3988 6344
435 316 548 380 255

1730 308 2088 370 ῡιοκῖδιυδ
2126 305 2446 367 EXIGUUS.

3615 314 3720 372 236

434 450 554 495 ctus
592 449 711 491 sum
753 431 1013 490 Dominus
1055 428 1195 483 Deus
1237 434 1421 483 vester
1487 424 1681 497 (Leuit.
1734 427 1865 497 xx)?
1915 425 2023 480 Cur
2054 428 2099 487 Α
2130 434 2253 489 tant,
2303 440 2405 478 non
2452 423 2771 475 meretricem
2818 420 3033 493 (Ezech.
3095 425 3262 497 κων).
3306 426 3462 492 Quod
3501 439 3722 484 secutus

435 528 598 582 etiam
653 537 783 593 proc
810 520 845 575 .l
887 536 918 573 a
970 518 1079 572 suis
1126 516 1377 572 domibus
1431 531 1575 572 anno
1619 515 1754 572 vicis
1799 531 1909 571 sua:
1969 517 2022 569 iu

437 614 639 684 templo
667 610 913 668 habitare
936 606 1069 677 jussi
1119 614 1243 661 sunt
1288 606 1605 664 sacerdotes
1629 603 1784 679 (Luc.
1818 604 1895 677 t)?
1924 606 2025 660 hac

441 703 693 760 videlicet
716 700 961 766 ratione,
986 712 1059 753 ne
1078 697 1165 754 vel
1193 713 1323 757 cum
1348 698 1614 755 uxoribus
1658 704 1882 769 possent
1907 711 2028 752 car-

445 794 563 849 nale
584 804 839 849 exemere
882 788 1288 853 commercium,
1320 794 1381 846 ut
1420 787 1767 844 conscientiae
1811 784 2031 853 integri-

444 898 555 945 tate
602 885 867 955 {lugentes
922 881 1255 953 acceptabile
1326 881 1445 937 Deo
1494 894 1692 935 munus
1747 876 2028 934 offerrent.

442 978 653 1046 Quibus
677 974 900 1046 explete
938 970 1322 1033 deservitionis
1348 985 1461 1027 sure
1500 978 1780 1039 tempore,
1810 968 2035 1024 uxorius

445 1082 572 1125 usus
592 1065 762 1125 solius
788 1062 1149 1123 successionis
1172 1075 1337 1119 causa
1368 1058 1545 1117 fuerat
1565 1058 1840 1116 relaxatus
1869 1074 1883 1111 :
1911 1056 2036 1127 quia

398 1200 418 1233 ,λ
448 1172 651 1217 none:
674 1157 799 1221 alia,
832 1155 937 1211 nisi
953 1168 1023 1210 ex
1042 1153 1186 1210 tribu
1214 1152 1374 1217 Levi,
1402 1151 1691 1221 quisquam
1721 1148 1793 1204 ad
1809 1149 1907 1203 Dei
1936 1148 2037 1203 mi-

400 1242 405 1263 ⁵
450 1248 726 1305 nisterittm
781 1242 959 1302 fuerat
1003 1251 1304 1315 praeceptus
1353 1240 1561 1300 admitti
1609 1238 1798 1311 (Num.
1858 1236 2032 1306 svnt).

455 1337 603 1394 Unde
628 1344 683 1393 et
710 1335 967 1393 Dominus
991 1332 1173 1397 locus.
1192 1348 1313 1390 cum
1341 1346 1441 1390 nos
1467 1345 1568 1388 suo
1596 1330 1924 1387 illustrassct
1945 1326 2041 1383 sd-

396 1416 400 1422 ’
448 1435 614 1487 ventu
633 1468 650 1494 ,
683 1428 737 1482 in
766 1424 1057 1494 Evangelio
1085 1430 1417 1494 protestetur
1452 1423 1577 1493 quia
1610 1422 1787 1490 legem
1833 1419 2042 1476 venerit

452 1517 677 1589 implere
696 1557 715 1582 ,
744 1530 855 1570 non
878 1514 1092 1571 solvere
1118 1511 1333 1584 (Matth.
1378 1510 1457 1577 ιι).
1491 1509 1557 1565 Et
1581 1510 1701 1566 ideo
1724 1507 2039 1571 Ecclesiam,

450 1609 603 1678 cujus
628 1622 859 1677 sponsus
879 1614 965 1661 est
991 1604 1271 1675 speciosus
1298 1601 1470 1659 forma
1501 1601 1717 1673 (Ephes.
1753 1599 1809 1671 v)
1829 1642 1843 1665 ,
1877 1599 2041 1655 casti-

457 1702 582 1756 tatis
608 1700 777 1756 voluit
807 1698 1097 1770 splendore
1118 1696 1331 1752 radiare
1362 1714 1375 1750 :
1409 1705 1467 1752 ut
1498 1697 1549 1751 in
1574 1696 1660 1750 die
1684 1696 1893 1767 judicii,
1921 1710 2043 1749 cum

2131 517 2416 586 Apostolus
2444 514 2500 588 (Ι
2568 514 2788 569 Timoth.
2826 516 2905 589 ιιι)
2954 532 3019 572 ex
3050 527 3399 588 persecutore
3445 519 3718 589 praedica-

2132 616 2239 673 tor,
2270 607 2432 661 unius
2459 607 2642 661 uxoris
2665 607 2841 660 virum
2871 615 2980 661 tam
3032 608 3371 663 sacerdotem
3412 616 3572 677 quam
3604 609 3721 663 dia-

2133 712 2333 754 conum
2381 696 2497 753 ﬁeri
2530 698 2734 752 debere
2757 697 3050 753 mandavit.
3081 698 3211 766 Quae
3257 700 3438 754 omnia
3470 700 3543 753 ita
3571 714 3602 754 a
3634 716 3725 755 ve-

2134 797 2367 845 strarum
2395 790 2674 858 regionum
2716 789 3092 860 despiciuntur
3137 791 3429 862 episcopis,
3484 792 3637 863 quasi
3669 793 3724 845 in

2137 882 2471 938 contrarium
2497 881 2670 950 magis
2695 880 2893 936 fuerint
2920 882 3235 936 constituta.
3255 880 3322 936 Et
3348 883 3473 952 quia
3506 898 3610 937 non
3642 892 3731 936 est

2142 971 2298 1026 nobis
2318 972 2386 1027 de
2410 971 2717 1041 huiusmodi
2743 971 3181 1041 usurpationibus
3207 969 3582 1040 negligendum
3610 1013 3625 1037 ,
3661 988 3733 1027 ne

2140 1076 2239 1118 nos
2280 1061 2609 1129 indignantis
2637 1062 2855 1117 Domini
2898 1077 3005 1117 vos
3028 1060 3174 1131 iusta
3197 1062 3475 1131 corripiat,
3503 1078 3623 1132 qua:
3647 1063 3733 1117 di-

2141 1152 2218 1208 cit
2249 1170 2262 1206 :
2303 1152 2524 1207 Videbat
2554 1154 2739 1224 furem,
2782 1161 2833 1206 et
2857 1152 3101 1207 canebas
3129 1169 3244 1206 cum
3276 1169 3339 1207 eo
3360 1188 3378 1217 ,
3427 1163 3476 1206 et
3503 1153 3731 1223 ponebas

2146 1252 2285 1299 tuam
2304 1259 2419 1298 cum
2439 1244 2687 1299 mutaris
2708 1247 2994 1314 portionem
3015 1244 3243 1315 (Psatm.
3273 1244 3424 1315 nix)
3448 1287 3465 1314 ,
3507 1244 3634 1315 quid
3664 1246 3736 1298 ab

2144 1335 2408 1391 universis
2454 1334 2697 1406 posthaec
2747 1334 3006 1391 Ecclesiis
3061 1336 3394 1406 sequendum
3440 1337 3543 1401 sit,
3605 1338 3736 1405 quid

2146 1427 2444 1492 vitandum,
2476 1427 2717 1495 generali
2746 1427 3184 1497 pronuntiatione
3210 1427 3568 1483 decernimus.

2528 1539 2607 1594 De
2628 1540 2929 1595 clericorum
2960 1542 3362 1594 conversatione.

2222 1631 2311 1685 IX.
2346 1630 2667 1701 Quicunque
2694 1630 2875 1699 itaque
2901 1645 2961 1686 se
2982 1630 3238 1685 Ecclesia:
3265 1632 3415 1686 vovit
3443 1631 3738 1701 obsequiis,

2155 1739 2185 1780 a
2214 1740 2309 1779 sua
2358 1723 2578 1778 infantia
2620 1730 2745 1778 ante
2792 1724 3090 1793 pubertatis
3130 1739 3300 1779 annos
3344 1724 3640 1795 baptizari,
3685 1732 3741 1777 et

456 1806 647 1847 mrsu“
673 1789 983 1884 advenemf
1032 1787 1151 1843 Si“
1178 1786 1389 1884 “ac?”
1414 1878 1426 1884 _
1455 1794 1510 1884 cf
1536 1798 1668 1854 mea
1710 1800 1829 1884 ea?“
1856 1792 2043 1884 “155"”
2082 1812 2127 1871 Β
2155 1816 2416 1871 lectorum
2461 1813 2623 1869 debet
2668 1808 2968 1869 ministerio
3007 1814 3223 1880 sociari,
3281 1816 3373 1884 qui
3416 1786 3490 1870 ab
3518 1830 3742 1870 accessu

454 1884 599 1937 sicut
632 1896 732 1951 per
772 1879 1075 1950 apostolum
1117 1892 1276 1932 suum
1304 1877 1568 1941 instituit,
1614 1875 1872 1946 reperire.
1903 1876 2049 1940 Qua-

465 1989 590 2030 rum
614 1971 955 2028 sauetionum
984 1983 1179 2025 mones
1215 1966 1534 2024 sacerdotes
1578 1976 1741 2036 atque
1769 1967 1945 2022 levitas
1974 1966 2050 2018 in-

461 2063 679 2119 solubili
706 2062 824 2131 tege
844 2059 1289 2129 comtringimur,
1315 2066 1374 2134 ut
1402 2072 1433 2112 a
1457 2058 1547 2112 die
1571 2056 1927 2112 ordinationis
1954 2069 2053 2108 no-

463 2163 589 2209 strae
618 2151 901 2208 sobrietati
938 2165 1003 2207 ac
1030 2149 1307 2219 pudicitia:
1343 2157 1401 2204 et
1439 2148 1600 2204 corda
1630 2155 1816 2204 nostra
1847 2146 2053 2200 manci-

466 2259 674 2316 pemus,
702 2250 759 2296 et
778 2254 1011 2310 corpora
1040 2258 1056 2292 :
1082 2238 1379 2296 dumnmdo
1406 2239 1705 2308 peremnia
1730 2237 1847 2293 Deo
1865 2244 2058 2292 nostro

477 2336 533 2390 in
588 2334 674 2389 his
726 2347 847 2403 quae
885 2331 1128 2401 quotidie
1183 2329 1457 2389 oferitnut
1527 2328 1806 2384 sacriﬁciis
1851 2327 2063 2396 [iacea-

477 2443 620 2481 mus.
650 2424 759 2491 Qui
801 2432 981 2479 autem
1016 2423 1072 2477 in
1118 2436 1285 2477 carne
1335 2427 1503 2485 sunt,
1529 2418 1745 2474 dicente
1781 2417 2063 2472 electionis

472 2518 611 2574 Vase
645 2514 825 2587 (Rom.
856 2517 999 2582 vni),
1040 2512 1154 2568 Deo
1202 2512 1417 2581 placere
1472 2525 1585 2565 non
1624 2514 1852 2578 possunt
1900 2525 1913 2560 :
1965 2521 2062 2561 vos

479 2617 658 2663 alitem
703 2605 819 2674 jam
862 2620 973 2658 non
1020 2603 1153 2657 estis
1204 2602 1260 2655 in
1302 2615 1495 2664 carne,
1554 2599 1650 2653 sed
1697 2598 1757 2655 in
1798 2596 1993 2668 spiritu
2042 2614 2055 2647 :

470 2700 522 2754 si
569 2706 750 2753 tamen
816 2694 1038 2764 spiritus
1092 2691 1195 2746 Dei
1238 2690 1447 2745 habitat
1496 2690 1551 2743 in
1604 2688 1817 2751 vobis;
1868 2693 1923 2741 et
1969 2685 2061 2740 ubi

476 2787 698 2858 poterit,
731 2785 835 2840 nisi
887 2784 941 2839 in
970 2781 1311 2852 corporibus,
1361 2780 1503 2835 sicut
1549 2779 1775 2847 legimus
1815 2776 1971 2849 (Sap.
1998 2778 2058 2843 ι),

477 2879 680 2935 sanctis
701 2877 799 2932 Del
824 2876 1045 2947 spiritus
1083 2873 1370 2930 habitam?
1413 2871 1481 2926 Et
1507 2872 1634 2942 quia
1662 2870 1966 2941 aliquanti,
1996 2868 2065 2924 de

474 2970 668 3040 quibus
688 2968 957 3038 loquimur
974 2968 1059 3037 (ut
1080 2973 1175 3024 tua
1193 2964 1453 3021 sanctitas
1477 2963 1706 3032 retulit),
1730 2960 2066 3033 ignoratione

477 3064 665 3133 lapsos
685 3074 811 3116 esse
833 3074 892 3114 se
912 3058 1139 3125 deﬂent,
1191 3057 1276 3112 his
1304 3056 1405 3111 hac
1424 3054 1737 3110 conditione
1763 3051 2068 3108 misericor-

478 3153 625 3208 diam
666 3151 897 3208 dicimus
938 3164 1050 3205 non
1076 3147 1402 3218 negandum,
1433 3153 1491 3200 ut
1531 3146 1648 3200 sine
1691 3144 1801 3201 ullo
1843 3142 2066 3200 honoris

480 3250 768 3312 augmento
796 3242 850 3296 in
878 3242 982 3297 hoc
1008 3256 1121 3310 quo
1147 3240 1347 3295 detecti
1375 3248 1519 3304 sunt,
1553 3238 1792 3308 quandiu
1810 3236 2063 3305 vixerint,

479 3332 661 3389 oﬂicio
699 3332 1083 3402 perseverent,
1127 3330 1173 3386 si
1219 3338 1398 3387 tamen
1439 3331 1676 3400 postth
1729 3329 2067 3385 tontinentes

480 3440 542 3481 se
566 3424 869 3480 studuerint
896 3423 1175 3478 exhibere.
1200 3421 1266 3477 Hi
1297 3438 1425 3478 vero
1460 3422 1553 3492 qui
1581 3421 1753 3476 illiciti
1802 3420 2068 3491 privilegii

482 3516 829 3572 excusatione
851 3514 1121 3579 nituntur,
1150 3521 1206 3568 et
1232 3512 1334 3568 sibi
1355 3520 1599 3568 asserunt
1627 3511 1798 3567 veteri
1821 3512 1923 3565 hoc
1950 3509 2069 3579 lege

482 3621 802 3663 concessum
827 3648 843 3675 ,
888 3606 1139 3662 noverint
1166 3619 1232 3661 se
1257 3606 1327 3660 ab
1375 3606 1520 3660 omni
1569 3603 1935 3659 ecclesiastico
1963 3603 2067 3657 ho-

483 3713 637 3764 nore,
662 3712 773 3767 quo
800 3697 1014 3765 indigne
1035 3698 1116 3751 nsi
1153 3704 1317 3758 sunt,
1359 3695 1670 3766 apostolica
1710 3695 1855 3751 sedis
1880 3703 2068 3749 aucto-

483 3789 646 3844 ritate
666 3788 925 3857 dejeetos,
960 3801 1060 3842 nec
1085 3801 1323 3856 unquam
1370 3801 1532 3857 posse
1570 3785 1873 3841 veneranda
1904 3791 2071 3838 attre-

487 3880 625 3935 ctari
654 3881 928 3951 mysteria,
961 3895 993 3934 a
1020 3880 1217 3951 quibus
1244 3893 1305 3935 se
1335 3879 1458 3949 ipsi,
1486 3878 1612 3933 dum
1635 3877 1883 3932 obscenis
1922 3874 2070 3946 cupi-

482 3971 737 4027 ditatibus
754 3970 979 4036 inhiant,
1020 3970 1389 4040 privaverunt.
1420 3966 1487 4022 Et
1511 3968 1636 4037 quia
1662 3966 1907 4038 exempla
1932 3982 2071 4037 prae-

481 4065 655 4119 sentia
678 4077 877 4119 cavere
922 4075 1023 4116 nos
1046 4066 1382 4130 praemonent
1428 4062 1483 4115 in
1535 4059 1794 4125 futurum,
1841 4058 2072 4128 quilibet

483 4157 773 4225 episcopus
792 4193 808 4218 ,
829 4153 1112 4224 presbyter
1157 4161 1323 4222 atque
1347 4151 1608 4207 diaconus
1637 4149 1803 4223 (quod
1833 4165 1943 4206 non
1972 4166 2073 4220 op-

486 4241 709 4315 tamus),
733 4242 779 4296 si
789 4241 1047 4312 deinceps
1058 4240 1219 4297 fuerit
1240 4242 1360 4297 talis
1381 4241 1651 4307 inventus,
1674 4240 1784 4311 jam
1807 4256 1949 4295 nunc
1970 4241 2071 4295 sibi

485 4348 701 4389 omnem
730 4349 829 4405 per
854 4348 953 4389 nos
983 4333 1323 4404 indulgentia:
1361 4333 1563 4388 aditum
1604 4333 1869 4403 intelligat
1915 4332 2073 4387 obse-

487 4430 698 4489 ratum,
743 4423 867 4493 quia
919 4422 1062 4478 ferro
1114 4438 1339 4479 necesse
1374 4432 1458 4478 est
1499 4422 1816 4478 excidantur
1851 4422 2073 4477 vulnera

486 4528 603 4583 qua!
633 4512 990 4570 fomentorum
1016 4530 1121 4569 non
1148 4514 1417 4571 senserint
1445 4514 1787 4569 medicinam.

698 4675 783 4730 De
804 4676 1005 4730 clericis
1036 4691 1053 4729 :
1080 4677 1256 4746 quatas
1287 4674 1501 4730 debeant
1537 4676 1854 4745 promoveri.

560 4792 689 4847 VIII.
736 4792 1028 4848 Didicimus
1055 4794 1219 4847 etiam
1261 4793 1489 4847 licenter
1535 4808 1597 4847 ac
1630 4792 1798 4848 libere
1826 4791 2074 4861 inexplo-

486 4894 621 4941 rata:
642 4887 764 4940 vita:
793 4886 1056 4949 homines,
1090 4887 1283 4955 quibus
1337 4886 1499 4940 etiam
1554 4884 1754 4940 fuerint
1784 4898 2073 4938 numerosa

486 4977 734 5046 coniugia
754 5018 767 5042 ,
801 4978 867 5032 ad
889 4977 1138 5048 pncfatas
1175 4977 1461 5047 dignitates
1489 4985 1651 5050 prout
1685 4974 1987 5044 cuicunque
2010 4974 2076 5028 li-

485 5068 665 5124 buerit
703 5069 942 5139 aspirare
969 5112 987 5137 ,
1014 5068 1157 5138 quod
1199 5085 1305 5124 non
1346 5076 1558 5124 tantum
1590 5068 1694 5126 illis
1741 5068 1830 5138 qui
1861 5066 1930 5121 ad
1959 5066 2076 5125 hzec

488 5159 841 5216 immoderata
869 5161 1161 5217 ambitione
1190 5163 1514 5233 perveniunt
1540 5204 1557 5230 ,
1585 5169 1844 5231 quantum
1874 5167 2001 5215 met:
2015 5174 2076 5214 o-

486 5252 740 5323 politanis
765 5253 1072 5324 specialiter
1089 5250 1431 5329 pontificibus
1456 5254 1803 5325 imputamus,
1823 5252 1915 5325 qui
1945 5250 2075 5309 dum

486 5343 727 5401 inhibitis
758 5344 978 5401 ausibus
1016 5340 1357 5409 conuivent,
1384 5346 1479 5400 Dei
1528 5346 1697 5401 nostri
1727 5352 1985 5416 quantum
2022 5345 2075 5398 iu

487 5449 547 5492 se
576 5445 659 5492 est
686 5445 958 5507 praecepta
989 5444 1364 5492 contemnunt.
1408 5435 1474 5493 Et
1513 5446 1571 5491 ut
1612 5445 1885 5492 taceamus
1920 5435 2068 5506 quod

489 5526 649 5583 altius
696 5528 1033 5598 suspicamur
1056 5567 1071 5592 ,
1115 5528 1203 5582 ubi
1254 5527 1383 5583 illud
1413 5536 1496 5584 est
1539 5528 1681 5599 quod
1719 5520 1861 5583 Deus
1888 5535 2072 5583 noster

488 5616 613 5671 data
627 5633 724 5688 per
739 5618 921 5675 Mosen
938 5619 1056 5687 lege
1082 5618 1381 5684 constituit,
1399 5617 1600 5686 dicens,
1635 5618 1942 5673 Sacerdotes
1974 5618 2074 5671 mei

489 5709 645 5761 semet
689 5710 884 5763 nubant
931 5706 1119 5779 (Leuit.
1168 5708 1318 5779 xxx)?
1361 5717 1417 5762 et
1462 5708 1570 5761 alio
1620 5708 1762 5772 loco,
1813 5708 2070 5762 Sacerdos

491 5813 705 5853 uxorem
742 5801 987 5869 uirginem
1026 5800 1279 5869 accipiat,
1314 5815 1414 5854 non
1442 5798 1644 5853 viduam
1665 5840 1681 5865 ,
1704 5814 1806 5852 non
1828 5798 2072 5863 repudia-

2158 1904 2535 1960 adolescentizc
2566 1919 2733 1974 usque
2761 1903 2827 1961 ad
2874 1903 3202 1959 tricesimum
3231 1906 3405 1961 aetatis
3431 1920 3627 1959 annum
3652 1945 3668 1969 ,
3698 1906 3741 1958 si

2157 1996 2505 2067 probabiliter
2530 1996 2761 2065 vixerit,
2795 2012 2899 2049 una
2931 2004 3161 2064 tantum,
3192 2004 3247 2050 et
3276 2011 3340 2051 ea
3382 2011 3543 2065 quam
3575 1996 3738 2063 virgi-

2162 2105 2282 2143 nem
2310 2088 2582 2144 communi
2606 2104 2701 2161 per
2728 2088 3063 2143 sacerdotem
3091 2088 3467 2144 benedictione
3492 2103 3743 2159 ρει-ροβε·

2160 2180 2250 2247 rit,
2282 2195 2449 2233 uxore
2481 2186 2799 2247 contentus,
2831 2178 3111 2249 acolythus
3137 2186 3193 2235 et
3219 2177 3580 2233 subdiaconus
3626 2193 3747 2233 esse

2160 2270 2397 2335 debebit,
2450 2279 2571 2343 post
2599 2285 2719 2341 qum
2746 2270 2812 2324 ad
2858 2270 3087 2326 diaconii
3116 2269 3358 2339 gradum,
3408 2271 3450 2325 si
3493 2286 3551 2326 se
3611 2271 3746 2339 ipse,

2158 2364 2406 2434 primitus
2428 2363 2754 2419 continentia
2782 2371 3077 2433 prtceuute,
3105 2361 3329 2430 dignum
3359 2362 3626 2433 probarit.
3662 2378 3747 2416 ac-

2162 2461 2333 2515 cedat.
2371 2450 2471 2514 Ubi
2502 2459 2545 2514 si
2579 2459 2720 2514 ultra
2762 2459 3001 2529 quinque
3045 2472 3217 2513 annos
3262 2456 3601 2513 laudabiliter
3641 2458 3747 2510 mi-

2165 2548 2509 2614 nistraverit,
2561 2562 2798 2617 congrue
2841 2545 3235 2618 presbyterium
3288 2553 3667 2613 consequetur,
3694 2554 3749 2599 et

2163 2639 2355 2695 exinde
2399 2647 2521 2709 post
2551 2636 2872 2691 decennium
2915 2635 3277 2707 episcopalem
3306 2632 3614 2688 cathedram
3648 2649 3749 2701 po-

2167 2727 2292 2781 terit
2320 2725 2540 2795 adipisci
2578 2743 2589 2779 :
2622 2726 2665 2779 si
2710 2733 2887 2779 tamen
2916 2740 3012 2797 per
3040 2725 3154 2780 haec
3202 2732 3443 2794 tempora
3470 2722 3752 2789 integritas

2164 2818 2283 2871 vita}
2304 2833 2366 2870 ac
2397 2816 2515 2869 li.lci
2546 2816 2660 2883 ejus
2691 2814 2848 2869 fuerit
2879 2814 3197 2886 approbata.

2755 2925 2833 2981 De
2860 2925 3176 2997 grandwvis.

2242 3020 2310 3075 Χ.
2325 3020 2424 3088 Qui
2437 3035 2567 3075 vero
2586 3019 2699 3090 jam
2724 3025 2885 3073 aetate
2898 3015 3215 3085 grandmvus
3238 3010 3753 3083 meliorispropositi

2171 3110 2579 3168 conversatione
2626 3115 2949 3178 provocatus
2977 3121 3045 3161 ex
3085 3104 3227 3161 laico
3253 3102 3319 3159 ad
3361 3117 3570 3158 sacram
3611 3101 3759 3155 mili-

2094 3174 2138 3238 δ
2171 3204 2296 3257 tiam
2328 3203 2612 3274 pervenire
2626 3174 2878 3265 ilestinat,
2944 3198 3197 3255 desiderii
3240 3197 3324 3254 sui
3374 3196 3604 3251 fructum
3641 3211 3755 3250 non

2170 3295 2326 3349 aliter
2380 3291 2683 3358 obtinebit,
2736 3290 2837 3345 nisi
2888 3305 2956 3346 eo
3000 3304 3108 3359 quo
3160 3288 3461 3359 baptizatur
3506 3295 3761 3354 tempore

2166 3386 2349 3442 statim
2379 3384 2642 3439 lectorum
2668 3390 2761 3437 aut
2788 3380 3177 3437 exorcistarum
3218 3393 3445 3433 numero
3471 3378 3710 3431 societur
3737 3392 3757 3429 :

2167 3478 2213 3533 si
2244 3485 2421 3530 tamen
2450 3488 2577 3530 eum
2607 3488 2771 3529 unam
2813 3472 3067 3527 habuisse
3106 3470 3195 3526 vel
3223 3470 3456 3533 habere,
3505 3477 3561 3522 et
3613 3468 3760 3521 hanc

2169 3566 2430 3637 virginem
2480 3567 2753 3637 accepisse
2802 3572 3012 3621 constet
3060 3575 3304 3619 uxorem.
3351 3560 3452 3627 Qui
3494 3559 3621 3613 dum
3653 3560 3761 3613 ini-

2170 3658 2334 3712 tiatus
2381 3655 2561 3722 fuerit,
2613 3655 2836 3726 expleto
2884 3654 3125 3721 biennio,
3185 3667 3284 3723 per
3325 3650 3758 3720 quinquennium

2170 3746 2317 3802 aliud
2347 3747 2631 3817 acolythus
2655 3753 2712 3802 et
2765 3744 3123 3800 subdiaconus
3172 3745 3266 3798 ttat
3286 3783 3303 3809 ,
3357 3749 3415 3797 et
3438 3741 3515 3796 sic
3540 3739 3605 3793 ad
3634 3738 3755 3793 dia-

2169 3846 2445 3905 conatum,
2464 3838 2510 3892 si
2541 3851 2639 3906 per
2659 3836 2775 3890 base
2802 3843 3051 3905 tempora
3067 3834 3259 3903 dignus
3274 3832 3542 3903 judicatus
3569 3828 3762 3897 fuerit,

2146 3931 2519 4002 provehatur.
2564 3927 2771 3984 Exinde
2788 3928 2903 3998 jam
2932 3941 3155 3981 accessu
3189 3933 3489 3996 temporum
3527 3922 3762 3992 presby-

2168 4022 2367 4078 terium
2395 4019 2481 4075 vel
2506 4019 2911 4089 episcopatum,
2937 4018 2984 4072 si
3022 4032 3145 4072 eum
3173 4017 3304 4072 cleri
3330 4031 3395 4069 ac
3425 4014 3594 4085 plebis
3623 4027 3762 4068 evo-

2170 4114 2313 4167 carit
2338 4110 2555 4175 electio,
2585 4124 2693 4165 non
2723 4108 2994 4164 immerito
3015 4108 3289 4163 sortietur.

2209 4223 2359 4289 Quod
2386 4222 2599 4279 clericus
2626 4202 2715 4293 qui
2746 4221 3022 4275 secundum
3062 4236 3275 4273 uxorem
3313 4218 3517 4271 duxerit
3555 4215 3725 4283 depo-

2876 4301 3048 4345 natur.

2243 4384 2335 4441 XI.
2372 4383 2625 4452 Quisquis
2650 4395 2781 4439 sane
2807 4381 3040 4438 clericus
3075 4389 3170 4435 aut
3207 4380 3420 4435 viduam
3439 4421 3459 4443 ,
3484 4386 3577 4434 aut
3598 4388 3765 4437 certe

2174 4492 2259 4531 set
2271 4475 2472 4530 undam
2494 4472 2779 4543 coniugem
2827 4471 3058 4536 duxerit,
3090 4471 3236 4527 onmi
3264 4469 3647 4526 ecclesiastica!
3678 4472 3729 4525 di
3748 4503 3766 4513 -

2174 4566 2395 4637 gnitatis
2424 4564 2708 4635 privilegio
2748 4577 2875 4617 mox
2915 4560 3167 4627 nudetur,
3216 4562 3349 4616 loica
3400 4569 3610 4615 tantum
3660 4562 3771 4616 sibi

2176 4655 2557 4713 communione
2583 4666 2858 4719 concessa,
2884 4667 3045 4723 quam
3072 4653 3145 4706 ita
3170 4652 3384 4707 domum
3415 4652 3615 4721 poterit
3637 4669 3773 4721 pos-

2175 4746 2445 4813 sidere,'si
2492 4744 2625 4801 nihil
2658 4753 2845 4815 postea
2871 4786 2888 4813 ,
2918 4754 3140 4816 propter
3165 4744 3311 4814 quod
3350 4745 3490 4799 banc
3536 4745 3773 4815 perdat,

2177 4837 2448 4893 admittat.
3792 4863 3799 4868 .

2462 4954 2591 5020 Qut:
2611 4955 2818 5026 femina:
2839 4968 2951 5008 cum
2994 4951 3194 5006 clericis
3220 4950 3468 5004 habitent.

2249 5045 2362 5101 ΧΗ.
2402 5045 2652 5102 Feminas
2677 5059 2809 5101 vero
2839 5058 2948 5099 non
2988 5042 3121 5096 alias
3148 5057 3267 5097 esse
3292 5042 3527 5112 patimur
3570 5042 3629 5096 in
3667 5042 3782 5098 do-

2177 5140 2352 5194 mibus
2394 5138 2715 5195 clericorum
2743 5180 2759 5203 ,
2809 5138 2914 5192 nisi
2962 5150 3056 5192 eas
3104 5143 3309 5189 tantum
3347 5148 3482 5203 quas
3537 5143 3784 5203 propter

2177 5230 2323 5286 solas
2370 5229 2829 5285 necessitudinum
2856 5241 3049 5283 causas
3094 5224 3341 5282 habitare
3381 5239 3507 5279 cum
3554 5224 3786 5281 eisdem

2178 5320 2414 5390 synodus
2438 5321 2659 5376 'Nictena
2689 5321 2951 5391 permisit.

2545 5434 2624 5489 De
2652 5434 3019 5489 monachorum
3042 5433 3381 5504 promotioue.

2253 5523 2386 5580 11111.
2416 5524 2709 5581 Monachus
2746 5539 2999 5594 quoque,
3023 5538 3161 5596 quos
3192 5532 3370 5577 tamen
3399 5536 3616 5577 morum
3644 5536 3793 5591 gra-

2179 5613 2335 5683 vitas,
2364 5624 2418 5669 et
2448 5616 2570 5670 vitm
2620 5631 2683 5670 ac
2712 5614 2833 5671 fidei
2888 5617 3151 5670 institutio
3178 5624 3362 5669 sancta
3394 5616 3792 5682 commendat,

2179 5707 2497 5762 clericorum
2526 5708 2715 5763 ciliciis
2741 5710 3017 5780 aggregari
3048 5717 3385 5778 etoptamus,
3412 5715 3465 5760 et
3484 5708 3793 5763 volumus:

2180 5800 2255 5853 ita
2281 5806 2335 5852 ut
2363 5799 2452 5861 qui
2476 5799 2611 5854 intra
2638 5801 2962 5855 tricesimum
2985 5802 3154 5856 aetatis
3184 5814 3383 5853 annum
3403 5805 3556 5853 sunt.
3591 5801 3645 5854 in
3672 5802 3797 5857 mi—
