3988 6344
250 212 354 273 $57

1279 203 1659 267 COLLECTIO
1691 199 2156 265 DECRETORUM
2194 203 2297 261 PP.
2341 203 2459 261 RR.

3416 203 3521 258 238

254 330 478 387 nor-'bzis
518 344 619 400 per
637 329 834 398 gradus
857 328 1096 398 singulos
1130 335 1410 382 crescente
1437 333 1682 395 tempore
1707 338 1837 393 pro-
1869 323 1915 383 Α
1942 330 2129 376 contra
2149 336 2387 376 canones
2407 327 2462 374 et
2485 316 2765 374 interdicta
2798 324 2979 374 nostra
3001 317 3367 388 provexerint.
3389 333 3519 374 con—

249 432 567 476 moveantur
622 418 902 478 ordinibus
918 461 933 483 ,
964 427 1019 473 ct
1037 418 1117 473 sic
1144 417 1215 475 ad
1235 417 1552 472 diaconatus
1575 415 1661 470 vel
1688 428 1837 484 pres-

250 513 442 585 byterii
473 511 701 582 insignia
734 518 958 565 matura:
986 511 1161 567 tetatis
1196 506 1607 565 consecratione
1643 520 1839 576 perve-

250 606 422 669 niant,
458 616 559 657 nec
581 601 763 656 statim
791 601 935 656 saltu
964 599 1031 654 ad
1060 600 1401 670 episcopatus
1422 597 1633 653 culmen
1654 610 1842 650 ascen-

251 695 417 760 dant,
462 692 565 748 nisi
597 692 655 748 in
696 691 787 747 his
835 691 1028 747 eadem
1057 704 1182 761 quas
1220 688 1443 757 singulis
1488 686 1841 757 dignitatibus

251 784 503 854 superius
529 780 881 853 prmﬁximus,
913 789 1160 851 tempora
1188 778 1387 835 fuerint
1408 776 1700 833 custodita.

580 886 731 954 Quod
751 890 1005 957 pauitans
1031 905 1133 943 non
1161 889 1259 960 ﬁat
1285 888 1518 944 clericus.

324 977 460 1037 XIV.
489 977 622 1033 illud
646 991 863 1048 quoque
892 992 993 1037 nos
1018 992 1118 1047 par
1144 977 1244 1037 fuit
1272 978 1560 1048 providere
1589 986 1669 1041 ut,
1701 978 1844 1035 sicut

252 1068 636 1141 pmnitentiam
674 1080 837 1135 agere
864 1067 1116 1136 cuiquam
1143 1083 1251 1128 non
1281 1068 1598 1127 conceditur
1615 1067 1846 1126 clerico-

252 1175 395 1225 rum,
454 1160 526 1212 ita
569 1166 624 1212 et
654 1165 778 1237 post
819 1156 1209 1225 paenitudinem
1253 1172 1319 1213 ac
1348 1157 1845 1216 reconciliationem

254 1250 390 1305 nulli
410 1263 641 1318 unquam
656 1236 804 1305 laico
830 1246 993 1303 liceat
1011 1247 1273 1307 honorem
1296 1247 1581 1303 clericatus
1602 1245 1846 1315 adipisci,

250 1344 387 1414 quia
427 1341 673 1413 quamvis
716 1340 827 1399 sint
869 1340 1110 1399 omnium
1136 1348 1484 1410 peccatorum
1524 1339 1847 1407 contagione

256 1433 525 1497 mundati,
559 1432 701 1489 nulla
725 1440 902 1489 tamen
925 1430 1122 1486 debent
1149 1431 1507 1499 gerendorum
1538 1446 1846 1491 sacramen-

257 1532 436 1579 torum
469 1521 825 1581 instrumeuta
847 1521 1144 1591 suscipere,
1165 1521 1258 1591 qui
1278 1521 1478 1581 dudum
1501 1522 1702 1583 fuerint
1720 1537 1848 1581 vasa

257 1613 536 1671 vitiorum.

260 1725 337 1781 Ut
363 1728 410 1780 si
446 1743 539 1794 per
585 1727 942 1798 ignorantimn
966 1727 1039 1798 uel
1069 1726 1348 1798 paenitens,
1370 1726 1447 1779 vel
1468 1708 1724 1796 dignatus,
1758 1735 1845 1779 aut
1881 1695 1924 1757 Β

330 1798 497 1853 sidut:
548 1796 768 1853 maritus
820 1796 994 1854 clerici
1043 1797 1167 1868 facti
1216 1796 1445 1867 fuerint,
1496 1812 1599 1850 non
1639 1812 1848 1867 promo-

330 1878 569 1921 reantur.

333 1956 447 2011 XV.
481 1956 550 2011 Et
576 1957 703 2027 quia
733 1957 817 2023 his
841 1955 1093 2015 omnibus
1116 1972 1236 2026 quae
1267 1957 1321 2015 in
1371 1958 1848 2032 reprehensionem

259 2048 486 2102 veniunt
509 2089 524 2113 ,
556 2047 670 2102 sola
698 2046 977 2104 excusatio
1007 2046 1358 2116 ignorationis
1386 2046 1698 2102 obtenditur
1721 2085 1735 2111 ,
1765 2049 1851 2102 cui

261 2153 363 2192 nos
394 2138 609 2192 interim
634 2136 801 2192 solius
819 2136 1035 2206 pietatis
1057 2136 1249 2191 intuitu
1270 2150 1491 2192 necesse
1512 2143 1594 2191 est
1617 2136 1853 2191 clemen-

263 2238 350 2284 ter
388 2228 671 2293 ignoscere
691 2269 706 2294 ,
758 2229 1064 2297 quicunque
1094 2228 1394 2297 pmnitens,
1427 2227 1739 2299 quicunque
1770 2228 1852 2283 di-

262 2336 453 2390 gamus
477 2363 494 2387 ,
525 2321 833 2391 quicunque
883 2320 1057 2374 vidua:
1096 2320 1320 2375 maritus
1359 2319 1427 2374 ad
1476 2335 1685 2375 sacram
1709 2321 1851 2375 mili-

261 2416 397 2468 tiam
437 2413 673 2469 indebite
716 2421 773 2467 et
823 2414 1252 2483 incompetenter
1300 2413 1555 2486 irrepsit,
1609 2413 1709 2469 hac
1754 2413 1853 2468 sibi

260 2504 580 2560 conditione
624 2521 653 2559 a
695 2504 853 2565 nobis
899 2505 1108 2559 veniam
1142 2505 1402 2573 intelligat
1431 2506 1745 2571 relaxatam,
1794 2514 1855 2560 ut

263 2596 321 2648 in
346 2607 546 2662 magno
590 2593 786 2649 debeat
824 2602 1141 2667 computare
1184 2594 1483 2660 beneficio,
1513 2595 1559 2649 si
1605 2595 1853 2666 adempta

261 2685 369 2739 sibi
398 2686 544 2740 omni
574 2699 669 2756 spe
694 2684 1069 2755 promotionis,
1096 2685 1148 2740 in
1170 2686 1274 2741 hoc
1302 2700 1409 2755 quo
1438 2686 1742 2742 invenietur
1765 2702 1856 2742 or-

262 2777 413 2841 dine,
444 2786 703 2851 perpetua
732 2777 1023 2832 stabilitate
1037 2784 1387 2848 permaneat:
1416 2776 1597 2832 scituri
1627 2779 1854 2847 posthac

266 2867 666 2938 [revinciarum
684 2868 923 2923 omnium
947 2868 1140 2924 summi
1161 2869 1446 2933 antistites,
1475 2869 1614 2939 quod
1637 2869 1689 2924 si
1712 2868 1851 2924 ultra

264 2958 339 3012 ad
381 2973 569 3014 sacros
595 2958 814 3013 ordines
840 2973 1165 3029 quemquam
1194 2958 1261 3013 de
1293 2958 1490 3013 talibus
1525 2957 1855 3013 crediderint

1944 427 2130 480 gruam
2161 416 2232 465 ab
2257 410 2553 481 apostolica
2582 409 2713 464 sedc
2756 409 3108 478 promean
3152 422 3273 463 esse
3298 416 3519 463 senten-

1945 503 2095 559 tiam.
2142 501 2530 571 Explicuimus,
2578 507 2637 557 ut
2684 499 2937 567 arbitror,
2989 498 3156 557 frater
3192 498 3523 561 cbarissitnc.

1945 591 2192 647 universa
2238 606 2358 659 qua:
2394 591 2595 658 digesta
2625 596 2749 646 sunt
2788 589 2839 643 in
2869 587 3144 656 querelam
3167 627 3181 654 ,
3214 595 3270 644 et
3316 590 3381 647 ad
3410 590 3524 647 sin-

1945 681 2097 750 gulas
2125 696 2314 738 causas
2338 722 2356 749 ,
2384 679 2450 737 de
2479 680 2671 749 quibus
2715 693 2811 751 per
2839 677 3003 738 lilium
3034 687 3274 736 nostrum
3318 678 3526 734 Bassia-

1947 785 2070 825 num
2084 768 2455 842 presbyterum
2478 768 2544 825 ad
2572 768 2873 823 Romanam
2895 766 3217 837 Ecclesiam,
3240 776 3300 822 ut
3316 776 3441 840 pote
3458 770 3528 824 ad

1944 866 2105 933 caput
2138 859 2212 917 tui
2242 858 2485 928 corporis
2507 899 2522 923 ,
2566 857 2797 913 retulisti
2820 897 2839 925 ,
2867 856 3181 912 sufﬁcientia
3207 898 3222 923 ,
3270 867 3527 930 quantum

1946 949 2159 1023 opinor,
2190 963 2447 1018 responsa
2478 947 2801 1005 reddidimus
2836 965 2848 1003 :
2876 961 3024 1005 nunc
3049 944 3397 1003 fraternitatis
3428 958 3530 1003 ture

1947 1039 2183 1093 animum
2213 1038 2279 1092 ad
2308 1038 2596 1094 servandos
2621 1052 2860 1093 canones
2887 1046 2944 1091 et
2978 1036 3212 1091 tenenda
3241 1037 3531 1092 decretalis

1948 1129 2242 1186 constituta
2281 1127 2451 1199 magis
2478 1140 2545 1181 ac
2564 1128 2733 1196 magis
2762 1126 3062 1185 incitamus.
3092 1123 3161 1181 Ut
3187 1126 3299 1181 haec
3326 1142 3444 1201 qua:
3465 1127 3533 1182 ad

1949 1228 2037 1273 tua
2058 1218 2303 1274 consulta
2324 1217 2713 1286 rescripsimus,
2751 1216 2802 1270 in
2829 1218 3063 1271 omnium
3089 1218 3531 1291 coepiscoporum

1951 1320 2257 1369 nostrorum
2306 1310 2533 1383 perferri
2579 1306 2744 1364 facias
2795 1308 3090 1373 notionem,
3139 1317 3196 1364 et
3227 1324 3333 1363 non
3358 1309 3531 1363 solum

1950 1416 2138 1457 eorum
2178 1402 2266 1469 qui
2298 1401 2349 1454 in
2382 1411 2469 1456 tua
2500 1408 2625 1454 sunt
2674 1399 2889 1458 dimcesi
2916 1400 3223 1467 constituti,
3252 1399 3346 1456 sed
3365 1401 3532 1455 etiam

1950 1493 2018 1548 ad
2072 1494 2356 1548 universos
2385 1491 2858 1560 Carthaginienses
2885 1507 2949 1546 ac
2976 1491 3222 1556 Baeticos,
3254 1491 3537 1547 Lusitanos

1951 1596 2115 1655 atque
2156 1584 2434 1657 Gallicos,
2476 1583 2560 1638 vel
2590 1599 2684 1639 eos
2724 1583 2815 1655 qui
2868 1583 3058 1638 vicinis
3088 1583 3182 1637 tibi
3218 1583 3538 1639 collimitant

1952 1676 2079 1730 hinc
2128 1674 2250 1729 inde
2300 1674 2585 1745 provinciis
2631 1674 2746 1729 hcce
2790 1687 2911 1743 qua:
2937 1688 2967 1728 a
3007 1673 3162 1729 nobis
3190 1683 3315 1728 sunt
3342 1674 3538 1730 salubri

1955 1766 2293 1821 ordinatione
2330 1765 2623 1833 disposita,
2662 1764 2760 1819 sub
2790 1765 3087 1819 litterarum
3116 1773 3322 1819 tuarum
3351 1780 3540 1836 prosc-

1954 1859 2170 1914 cutione
2192 1857 2493 1911 mittantur.
2523 1855 2590 1909 Et
2611 1870 2917 1925 quanquam
2940 1864 3139 1910 statuta
3159 1856 3303 1913 sedis
3330 1866 3543 1931 aposto-

1956 1949 2096 2014 licm,
2130 1949 2215 2003 vel
2235 1963 2502 2003 canonum
2532 1946 2857 2001 venerabilia
2888 1946 3103 2001 deiinita
3131 1947 3261 2001 nulli
3290 1948 3541 2002 sacerdo-

1954 2048 2067 2095 tum
2100 2038 2313 2094 Domini
2341 2026 2591 2106 ignorare
2616 2038 2686 2092 sit
2714 2036 2962 2104 liberum,
3022 2047 3081 2091 ut
3113 2038 3252 2095 illius
3283 2047 3460 2092 tamen
3488 2049 3541 2092 ct

1955 2145 2053 2199 pro
2081 2129 2403 2200 antiquitate
2431 2129 2719 2184 sacerdotii
2752 2128 2824 2182 tui
2856 2128 3131 2183 dilectioni
3162 2136 3264 2181 tua:
3294 2144 3412 2183 esse
3440 2129 3539 2183 ad-

1954 2221 2173 2275 modum
2204 2220 2402 2291 potcrit
2428 2221 2720 2289 gloriosum
2746 2263 2762 2287 ,
2819 2220 2863 2275 si
2890 2235 2955 2275 ea
2996 2234 3116 2289 quae
3145 2219 3211 2274 ad
3240 2228 3294 2274 te
3321 2221 3537 2289 speciali

1953 2312 2172 2367 nomine
2224 2312 2549 2380 generaliter
2587 2310 2785 2381 scripta
2840 2318 2982 2374 sunt,
3035 2325 3131 2378 per
3175 2311 3540 2366 unanimitatis

1951 2411 2059 2458 tum
2105 2402 2521 2457 sollicitudinem
2570 2402 2622 2456 in
2671 2402 3041 2456 universorum
3077 2400 3300 2461 fratrum
3329 2412 3541 2457 nostro-

1956 2509 2072 2548 rum
2101 2494 2347 2553 notitiam
2378 2490 2737 2562 perferantur,
2767 2499 3034 2559 quatenus
3080 2501 3137 2551 et
3174 2506 3301 2561 qua:
3324 2508 3356 2547 a
3387 2493 3540 2547 nobis

1958 2601 2063 2639 non
2107 2583 2445 2648 inconsulte,
2496 2582 2589 2637 sed
2634 2583 2857 2653 provide
2884 2582 2984 2637 sub
3014 2583 3177 2637 nimia
3227 2586 3437 2640 cautela
3486 2597 3540 2641 et

1956 2676 2348 2735 deliberatione
2376 2682 2503 2729 sunt
2545 2681 2600 2729 et
2645 2674 2931 2731 salubriter
2970 2676 3279 2741 constituta,
3308 2678 3539 2734 inteme-

1951 2777 2069 2823 rata
2100 2775 2477 2837 permaneant,
2502 2773 2556 2819 et
2583 2764 2832 2819 onmibus
2861 2765 2912 2819 in
2935 2774 3207 2835 posterum
3237 2771 3539 2826 excusatio-

1956 2860 2112 2914 nibus
2152 2856 2364 2921 aditus,
2391 2857 2483 2927 qui
2508 2854 2619 2926 jam
2645 2856 2771 2913 nulli
2803 2856 2941 2927 apud
2966 2870 3069 2911 nos
3097 2866 3283 2927 patere
3311 2862 3534 2930 poterit,

1955 2950 2282 3005 obstruetur.
2308 2948 2440 3002 Data
2466 2963 2524 3007 tu
2556 2946 2673 3007 idus
2694 2945 3005 3012 Februarii,
3036 2946 3267 3007 Arcadio
3281 2957 3344 3005 ct
3365 2949 3537 3007 [laute

262 3048 669 3117 assumendum,
718 3058 773 3105 et
818 3048 887 3104 de
938 3064 1037 3104 suo
1078 3057 1134 3104 et
1178 3048 1246 3104 de
1297 3063 1483 3104 eorum
1523 3056 1669 3103 statu
1715 3062 1851 3118 quos
1878 3060 1927 3124 ε
1956 3059 2040 3097 vv.
2074 3057 2155 3097 cc.
2183 3054 2359 3096 conss.
2384 3038 2510 3114 (An.
2532 3036 2724 3093 Christi
2750 3035 2902 3110 585.)

261 3201 3521 3227 -ὑ-ῇ--Ψῇ-ᾑ--ῇρ-ῇ-Ἥ

1312 3286 1683 3350 DECRETA
1731 3287 2188 3353 lNNOCENTil
2235 3289 2328 3350 PA
2343 3285 2483 3348 PE.

336 3493 684 3551 innocentius
716 3493 975 3551 Decentio
1012 3492 1271 3562 qtiscopo
1289 3490 1575 3560 Engobino
1600 3492 1848 3545 salutem.

341 3586 399 3639 Si
428 3584 666 3639 instituta
689 3582 1076 3647 ecclesiastica,
1110 3591 1166 3635 ut
1187 3591 1311 3635 sunt
1338 3598 1368 3634 a
1392 3582 1567 3637 beatis
1596 3581 1857 3651 apostolis

264 3677 505 3741 tradita,
536 3677 741 3744 integra
763 3675 964 3730 velitint
1010 3689 1228 3729 servare
1268 3673 1481 3727 Domini
1521 3673 1854 3736 sacerdotes,
1906 3684 1910 3688 '

264 3770 417 3824 nulla
445 3769 722 3824 diversitas
740 3806 759 3832 ,
785 3767 933 3822 nulla
958 3766 1189 3822 varietas
1218 3766 1271 3819 in
1301 3766 1430 3835 ipsis
1479 3764 1755 3819 ordinibus
1790 3778 1861 3820 ac

266 3860 772 3915 consecrationibus
810 3858 1121 3913 haberetur.
1164 3856 1274 3911 Sed
1299 3856 1426 3910 dum
1467 3855 1852 3926 unusquisque,

268 3966 383 4005 non
411 3951 555 4021 quod
603 3949 859 4005 traditum
903 3956 982 4005 est
1001 3987 1017 4013 ,
1046 3948 1138 4003 sed
1166 3949 1310 4016 quod
1336 3948 1436 4003 sibi
1463 3948 1634 4002 visum
1675 3947 1856 4015 fuerit,

267 4045 378 4097 hoc
402 4042 676 4097 existimat
703 4056 823 4099 esse
845 4041 1154 4105 tenendum,
1182 4042 1304 4095 inde
1326 4041 1538 4095 diversa
1561 4041 1614 4094 in
1636 4040 1860 4096 diversis

267 4135 407 4188 locis
435 4133 519 4188 vel
545 4132 804 4191 Eeelesiis
834 4141 927 4188 aut
966 4133 1139 4188 teneri
1181 4142 1273 4188 aut
1298 4132 1559 4188 celebrari
1588 4132 1859 4198 videntur,

264 4240 336 4278 ac
362 4224 423 4278 lit
443 4226 753 4279 scandalum
774 4225 1007 4295 populis,
1023 4226 1113 4293 qui
1134 4224 1261 4278 dum
1286 4224 1527 4279 nesciunt
1550 4223 1863 4279 traditiones

264 4316 523 4383 antiquas
562 4316 793 4369 humana
842 4316 1258 4386 praesumptione
1314 4325 1616 4386 corruptas,
1667 4323 1858 4386 putant

1959 3504 2120 3545 mana
2158 3488 2394 3544 custodit
2414 3528 2428 3553 ,
2469 3502 2498 3542 a
2527 3502 2635 3557 qua
2657 3502 2753 3542 eos
2777 3487 3097 3557 principium
3124 3492 3401 3560 accepisse
3427 3510 3535 3551 non

1957 3582 2178 3637 dubium
2222 3588 2325 3647 est,
2375 3593 2444 3633 ne
2490 3580 2616 3634 dum
2660 3578 2954 3647 peregrinis
2995 3582 3377 3637 assertionibus
3423 3596 3538 3641 stu-

1958 3673 2143 3739 deant,
2173 3678 2337 3740 caput
2357 3669 2751 3724 institutionum
2778 3668 3065 3724 videantur
3088 3672 3355 3727 omittere.
3380 3674 3535 3745 Smpe.

1961 3763 2300 3818 dilectionem
2332 3768 2476 3815 tuam
2523 3759 2588 3814 ad
2626 3760 2810 3813 urbem
2838 3759 3067 3826 venisse,
3094 3777 3159 3818 ac
3179 3764 3453 3820 nobiscum
3485 3768 3536 3821 in

1956 3851 2201 3908 Ecclesia
2226 3850 2543 3906 convenisse
2561 3864 2675 3904 non
2693 3848 2911 3903 dubium
2934 3856 3034 3916 est,
3064 3859 3120 3905 et
3146 3866 3304 3920 quem
3333 3870 3537 3911 morem

1960 3943 2046 3998 vel
2073 3943 2127 3997 in
2158 3940 2537 3998 consecrandis
2566 3940 2832 4014 mysteriis
2851 3985 2866 4009 ,
2896 3941 2984 3996 vel
3013 3939 3064 3997 in
3091 3946 3301 4001 czcteris
3321 3947 3541 4016 agendis

1959 4034 2170 4089 arcanis
2190 4040 2390 4098 teneat,
2422 4033 2737 4103 cognovisse
2755 4074 2768 4098 ,
2801 4032 2945 4105 quod
2973 4032 3222 4090 sufficere
3251 4038 3543 4093 arbitrarer

1964 4121 2030 4175 ad
2073 4121 2508 4179 informationem
2535 4120 2786 4177 Ecclesiae
2809 4129 2912 4176 tua:
2931 4161 2945 4185 ,
2972 4124 3057 4179 vel
3086 4124 3543 4198 reformationem,

1964 4215 2009 4272 si
2036 4216 2458 4285 prindeoessores
2494 4214 2569 4268 tui
2601 4214 2776 4269 minus
2816 4214 3013 4285 aliquid
3051 4226 3145 4271 aut
3179 4219 3337 4273 aliter
3363 4229 3545 4275 tenue—

1964 4308 2107 4372 rint,
2139 4308 2270 4362 satis
2311 4315 2517 4361 certum
2546 4306 2798 4360 haberem
2822 4348 2840 4375 ,
2882 4308 2981 4361 nisi
3010 4307 3077 4362 de
3106 4309 3371 4378 aliquibus
3415 4328 3545 4368 con-

265 4406 371 4461 sibi
401 4415 488 4459 aut
516 4404 768 4461 Ecclesiis
792 4422 899 4461 non
931 4408 1241 4471 convenire,
1271 4416 1361 4462 aut
1396 4409 1463 4462 ab
1496 4407 1756 4476 apostolis
1778 4409 1862 4462 vel
1892 4419 1943 4485 ι)
1966 4398 2221 4453 ευὶεηάοδ
2282 4410 2382 4451 ηοε
2427 4410 2547 4450 €558
2601 4395 2866 4450 dUXiSSGS-
2936 4396 3141 4461 Quibus
3205 4399 3404 4455 ideirco
3471 4418 3549 4457 re-

268 4495 583 4563 apostolicis
609 4496 737 4550 viris
758 4498 1199 4552 contrarietatem
1241 4498 1536 4552 inductam.
1568 4496 1698 4564 Quis
1721 4499 1861 4553 enim

270 4585 485 4639 neseiat
506 4626 523 4648 ,
570 4595 667 4638 aut
690 4601 800 4641 non
824 4586 1090 4649 advertat,
1145 4586 1200 4643 id
1226 4587 1373 4655 quod
1400 4602 1429 4641 a
1457 4587 1699 4657 principe
1732 4604 1863 4657 apo-

267 4678 532 4732 stoloruin
582 4677 742 4732 Petro
797 4677 1055 4734 Romanae
1100 4678 1351 4735 Ecclesiae
1380 4680 1633 4734 traditum
1668 4690 1770 4747 est,
1799 4697 1864 4735 ac

270 4782 423 4820 nunc
455 4782 623 4835 usque
650 4767 951 4821 custoditur
980 4809 994 4832 ,
1026 4770 1091 4823 ab
1132 4769 1383 4823 omnibus
1410 4768 1611 4824 debere
1639 4770 1860 4835 servari,

272 4875 377 4912 nec
405 4859 691 4927 superduci
720 4867 814 4912 aut
842 4859 1110 4915 introduci
1147 4860 1346 4929 aliquid
1400 4860 1545 4929 quod
1573 4870 1663 4915 aut
1692 4872 1870 4916 aucto-

272 4950 497 5002 ritatem
545 4964 653 5003 non
699 4950 915 5012 habeat,
970 4960 1063 5005 aut
1109 4950 1324 5005 aliunde
1348 4951 1598 5020 accipere
1624 4949 1870 5005 videatur

273 5038 625 5105 exemplum?
649 5037 951 5096 Praesertim
968 5054 1091 5093 cum
1120 5039 1192 5093 sit
1219 5038 1559 5095 manifezstum
1576 5039 1632 5093 in
1656 5056 1869 5095 omrtctu

276 5127 507 5193 Italiam,
531 5127 755 5197 Gallias,
776 5129 1082 5201 Hispanias,
1116 5129 1379 5195 Africam,
1414 5138 1575 5199 atque
1602 5130 1868 5195 Siciliam,

272 5222 586 5290 iusulasqae
608 5222 1008 5290 interiacentes.
1029 5222 1231 5276 nullum
1264 5222 1559 5277 instituisse
1582 5222 1870 5287 Eeclesias,

274 5312 377 5365 nisi
412 5325 511 5365 eos
562 5324 700 5379 quos
732 5312 1056 5367 venerabilis
1089 5313 1366 5381 apostolus
1408 5310 1599 5366 Petrus
1638 5320 1731 5366 aut
1759 5311 1874 5378 ejus

272 5416 625 5458 successores
663 5403 1045 5457 constituerint
1089 5405 1430 5473 sacerdotes,
1463 5416 1555 5457 aut
1580 5404 1776 5472 legant,
1827 5403 1871 5457 si

276 5496 329 5548 iu
360 5494 426 5548 iis
458 5494 749 5563 provinciis
777 5495 911 5548 alius
936 5496 1306 5564 apostolorum
1349 5496 1620 5553 invenitur
1652 5503 1746 5548 aut
1793 5495 1873 5548 lc-

276 5588 423 5653 gitnr
445 5584 710 5639 docuisse.
750 5584 851 5651 Qui
881 5584 926 5638 si
958 5600 1063 5639 non
1092 5586 1293 5665 legunt,
1323 5592 1449 5661 quia
1482 5602 1742 5656 nusquam
1786 5587 1869 5641 in-

282 5675 535 5738 veniunt,
578 5684 793 5746 oportet
836 5690 932 5730 eos
962 5676 1062 5731 hoc
1102 5686 1249 5758 sequi
1294 5682 1439 5758 quod
1474 5678 1713 5733 Ecclesia
1758 5677 1867 5732 lto-

1971 4487 2315 4560 Spondemus,
2365 4501 2473 4541 non
2512 4501 2620 4555 quo
2669 4496 2722 4541 te
2747 4486 2924 4555 aliqua
2957 4487 3205 4555 ignorare
3232 4491 3548 4562 credamus,

1969 4578 2063 4632 sed
2110 4586 2169 4631 ut
2204 4576 2397 4645 majori
2451 4575 2772 4630 auctoritate
2811 4574 2896 4628 vel
2946 4581 3069 4630 tuos
3124 4577 3371 4634 instituas
3398 4622 3415 4648 ,
3465 4587 3548 4638 vel

1970 4672 2015 4724 si
2068 4672 2157 4740 qui
2208 4686 2237 4723 a
2269 4669 2522 4724 Romana:
2577 4666 2831 4723 Ecclesia:
2880 4667 3303 4727 institutionibus
3347 4686 3547 4741 errant,

1973 4769 2033 4815 ut
2063 4774 2426 4825 commoneas,
2480 4767 2575 4811 aut
2620 4757 2857 4813 indicare
2904 4773 3009 4814 non
3059 4759 3300 4829 diil‘eras,
3334 4774 3390 4818 ut
3412 4767 3552 4823 scire

1973 4853 2247 4907 valeamus
2291 4852 2383 4921 qui
2428 4851 2535 4904 sint
2572 4849 2660 4920 qui
2710 4858 2801 4903 aut
2830 4850 3096 4906 novitates
3150 4852 3429 4923 inducunt,
3464 4869 3556 4912 aut

1973 4942 2191 4996 alterius
2213 4940 2476 5000 Eeelesim,
2508 4954 2667 5007 quam
2696 4938 2971 5007 Romamn,
2990 4942 3299 4999 existimant
3327 4962 3556 5003 consuc-

1975 5033 2209 5087 tudinem
2240 5045 2359 5087 esse
2384 5032 2717 5087 servandam.

2187 5192 2266 5249 De
2286 5211 2420 5264 pace
2444 5204 2559 5265 post
2587 5195 2822 5265 (σημεῖα
2852 5196 3098 5265 mysteria
3138 5198 3339 5253 danda.

2047 5310 2091 5363 l.
2143 5308 2336 5365 Pacem
2385 5310 2545 5378 igitur
2590 5310 2786 5363 asseris
2832 5318 2958 5363 ante
3002 5310 3250 5365 confecta
3298 5314 3553 5381 mysteria

1979 5402 2236 5472 quosdam
2267 5402 2476 5472 populis
2504 5403 2769 5471 imperare
2792 5441 2807 5466 ,
2835 5401 2918 5456 vel
2941 5402 3042 5458 sibi
3073 5402 3216 5456 inter
3248 5403 3556 5459 sacerdotes

1978 5494 2208 5555 tradere,
2232 5508 2351 5548 cum
2382 5500 2501 5561 post
2520 5492 2715 5552 omnia,
2739 5504 2858 5563 quae
2879 5490 3086 5560 aperire
3108 5504 3213 5543 non
3240 5490 3427 5554 debeo,
3453 5507 3555 5563 pax

1975 5586 2045 5640 sit
2072 5585 2376 5640 necessario
2402 5581 2702 5639 indicenda.
2751 5580 2855 5636 Per
2881 5596 3041 5651 quam
3063 5588 3274 5636 constet
3297 5584 3550 5655 populum

1976 5675 2042 5728 ad
2080 5676 2257 5729 omnia
2288 5690 2404 5745 qum
2438 5676 2487 5729 in
2520 5672 2788 5741 mysteriis
2812 5679 3055 5741 aguntur,
3090 5679 3251 5741 atque
3279 5675 3332 5730 in
3363 5674 3555 5730 Eccle-
