3988 6344
272 1320 296 1341 ο

406 319 513 373 εἶθ

1690 305 2041 361 DIONYSIUS
2083 304 2236 359 EXIC
2248 307 2397 361 UUS.

3566 302 3671 359 Ξιο

414 433 485 485 sia
511 429 853 484 celebrantur
875 463 890 487 ,
914 420 1200 493 prmhuisse
1228 430 1567 482 consensum,
1600 432 1664 472 ac
1697 416 1844 473 finita
1868 431 1987 473 esse
2018 430 2061 489 Α
2091 416 2238 482 dum,
2267 417 2359 471 sed
2381 416 2604 471 dicimus
2627 422 2681 469 et
2709 415 2933 470 sabbato
2966 414 3065 469 hoc
3096 409 3376 479 agendum,
3408 406 3533 477 quia
3559 424 3674 462 am-

414 521 557 591 paeis
584 515 954 574 concludentis
977 509 1255 581 signaculo
1284 508 1739 564 demonstrentur.

416 630 491 683 De
532 623 818 683 nominibus
854 629 975 676 ante
997 634 1198 690 precem
1237 617 1524 674 sacerdotis
1554 634 1657 673 non
1686 618 1991 673 recitandis.

482 744 545 797 ll.
580 743 653 798 De
679 737 981 795 nominibus
1008 747 1141 790 vero
1178 732 1499 798 recitandis,
1530 739 1818 801 antequam
1873 744 1996 800 pre-

415 854 531 893 cem
554 832 800 889 sacerdos
822 829 1001 896 faciat,
1025 834 1185 897 atque
1206 840 1392 881 eorum
1418 823 1743 888 oblationes,
1767 836 1995 890 quorum

416 928 629 982 nomina
672 920 950 979 recitanda
1000 926 1143 981 sunt,
1195 932 1293 972 sua
1344 916 1591 972 oratione
1634 912 1994 977 commendet,

416 1031 575 1086 quam
598 1010 925 1083 superﬂuunt
945 1009 1034 1075 sit,
1062 1014 1119 1063 et
1137 1008 1251 1077 ipse
1275 1021 1373 1077 pro
1402 1013 1497 1060 tua
1528 1003 1811 1075 prudentia
1844 1017 1999 1057 reco-

418 1106 652 1174 gnoscis,
697 1110 757 1158 ut
784 1101 934 1171 cujus
963 1099 1200 1154 hostiam
1229 1096 1457 1151 necdum
1489 1094 1599 1151 Deo
1621 1094 1815 1150 offeras
1839 1133 1855 1157 ,
1885 1095 2001 1161 ejus

368 1176 544 1252 iiante
573 1210 767 1251 nomen
809 1194 1083 1255 insinues;
1114 1189 1358 1259 quamvis
1388 1186 1464 1242 illi
1492 1186 1822 1255 incognitum
1868 1183 2001 1238 nihil

370 1272 509 1349 .'sit.
540 1285 693 1341 Prius
729 1298 858 1353 ergo
898 1281 1201 1337 oblationes
1243 1286 1371 1334 sunt
1416 1274 1894 1342 commcndandzn,
1937 1286 2002 1328 ac

408 1388 549 1433 tunc
571 1391 757 1431 eorum
776 1374 1012 1438 nomina,
1037 1386 1263 1442 quorum
1291 1377 1435 1437 sunt,
1460 1367 1743 1437 edicenda,
1771 1375 1829 1421 ut
1864 1367 2003 1420 inter

408 1482 571 1522 sacra
602 1465 853 1536 mysteria
878 1462 1239 1527 nominentur,
1271 1474 1381 1515 non
1409 1458 1549 1514 inter
1576 1458 1680 1512 alia
1732 1470 1852 1526 qua:
1881 1462 2005 1510 ante

411 1556 810 1628 praemittimus,
834 1563 893 1608 ut
920 1552 1048 1623 ipsis
1069 1549 1340 1623 mysteriis
1369 1548 1510 1604 viam
1539 1547 1731 1603 futuris
1756 1547 2005 1618 precibus

410 1647 745 1716 aperiamus.

461 1752 610 1818 Quod
650 1726 1014 1808 nomdebeant
1055 1751 1303 1834 baptizati
1330 1750 1433 1806 nisi
1472 1748 1535 1804 ab
1562 1749 1814 1820 episcopis
1844 1765 1970 1803 con-

1100 1838 1320 1892 signari.

498 1933 580 1989 lll.
600 1934 681 1989 De
702 1926 1076 2000 consignandis
1096 1946 1227 1987 vero
1254 1928 1544 1984 infantibus
1566 1928 1906 1985 manifestum
1928 1935 2009 1983 est

384 2024 387 2029 ’
429 2044 532 2081 non
564 2026 630 2079 ab
666 2023 771 2077 alio
792 2038 950 2093 quam
973 2022 1039 2076 ab
1064 2021 1315 2090 episcopo
1345 2019 1457 2074 ﬁeri
1486 2019 1670 2074 licere.
1703 2019 1834 2072 Nam
1856 2033 2008 2087 prcs-

428 2117 621 2191 bvteri,
654 2115 780 2168 licet
805 2113 911 2167 sint
955 2110 1286 2177 sacerdotes,
1318 2109 1657 2180 pontificatus
1688 2118 1864 2162 tamen
1895 2107 2010 2176 api-

432 2222 546 2263 cem
570 2221 678 2260 non
705 2202 923 2257 habent.
959 2199 1075 2256 lloc
1104 2210 1282 2254 autem
1315 2199 1656 2269 poutilicibus
1677 2197 1805 2254 solis
1826 2197 2009 2252 deberi

431 2310 488 2355 ut
516 2300 599 2354 vel
627 2298 961 2365 consignent,
994 2294 1077 2349 vel
1108 2294 1436 2365 paracletutn
1464 2292 1721 2363 Spiritum
1772 2291 2007 2355 tradant,

432 2408 535 2446 non
558 2390 729 2446 solum
757 2394 1018 2442 consuetu
1038 2386 1088 2439 lo
1120 2384 1481 2439 ecclesiastica
1519 2382 1884 2446 demonstrat,
1915 2396 2009 2435 vc-

431 2498 548 2537 rum
582 2491 636 2537 et
674 2480 764 2534 illa
793 2477 954 2532 lectio
981 2476 1210 2530 Actuum
1239 2473 1603 2544 apostolorum
1630 2473 1792 2539 ,‘quzc
1822 2468 2012 2525 asserit

428 2577 647 2630 Petrum
677 2580 731 2627 et
754 2570 1017 2625 Joannem
1045 2583 1164 2623 esse
1196 2566 1451 2631 directos,
1480 2565 1572 2634 qui
1596 2564 1706 2634 jam
1731 2563 2013 2634 baptizatis

435 2663 647 2719 tradant
692 2658 952 2730 Spiritum
1008 2664 1272 2712 sanctum.
1322 2653 1457 2708 Nam
1513 2653 1862 2724 presbyteris,
1916 2667 2013 2707 seu

436 2762 589 2809 extra
617 2751 928 2821 cpisc0pum
953 2786 966 2811 ,
997 2762 1090 2802 seu
1122 2753 1384 2815 praesente
1410 2744 1666 2815 episcopo
1703 2760 1825 2799 cum
1850 2744 2016 2811 bapti-

434 2853 575 2907 zant,
610 2843 897 2897 chrismate
925 2838 1222 2908 baptizatos
1244 2848 1442 2905 ungere
1472 2834 1624 2900 licet,
1655 2832 1749 2889 sed
1776 2832 1921 2903 quod
1948 2832 2015 2886 ab

435 2934 688 3002 episcopo
715 2929 871 2983 fuerit
900 2934 1295 2990 consecratum,
1340 2938 1449 2978 non
1489 2930 1666 2976 tamen
1696 2922 1925 2976 frontem
1949 2936 2017 2975 ex

437 3022 627 3077 eodem
669 3019 791 3073 oleo
837 3018 1067 3085 signare,
1111 3014 1256 3084 quod
1297 3013 1427 3068 solis
1462 3011 1688 3067 debetur
1726 3011 2012 3081 episcopis,

439 3131 561 3170 cum
587 3113 801 3167 tradunt
829 3109 1085 3181 Spiritum
1116 3105 1647 3178 paraclctum.Verba
1681 3122 1807 3161 vero
1838 3106 2018 3161 dicere

442 3223 548 3261 non
606 3219 862 3275 possum,
908 3216 975 3256 ne
1026 3199 1195 3267 magis
1239 3196 1466 3269 prodere
1511 3196 1713 3264 videar,
1763 3211 1924 3267 quam
1948 3196 2016 3252 ad

442 3294 889 3352 consultationem
934 3292 1279 3362 respondere.

739 3402 887 3467 Quod
914 3402 1009 3455 rite
1031 3401 1170 3455 omni
1198 3399 1408 3455 sabbato
1424 3398 1714 3471 jejunetur.

513 3495 598 3549 IV.
640 3494 877 3549 Sabbato
908 3507 1035 3547 vero
1062 3490 1411 3561 jejunandum
1441 3506 1562 3547 esse
1607 3490 1745 3545 ratio
1794 3490 2017 3546 eviden-

436 3587 643 3642 tissima
667 3586 1017 3639 demonstrat.
1050 3581 1180 3636 Nam
1210 3581 1253 3636 si
1279 3581 1420 3637 diem
1463 3580 1791 3637 dominicum
1832 3580 1903 3636 ob
1927 3595 2021 3635 ve-

444 3677 735 3733 nerabilem
762 3673 1212 3728 resurrectionem
1243 3671 1458 3727 Domini
1486 3672 1655 3727 nostri
1674 3670 1802 3727 Jesu
1821 3670 2020 3727 Christi

446 3783 555 3821 non
597 3764 769 3819 solani
818 3763 869 3817 in
900 3760 1105 3831 Pascha
1130 3761 1485 3827 celebramus,
1515 3777 1701 3817 verum
1732 3763 1895 3817 etiam
1926 3774 2023 3830 per

441 3852 678 3923 singulos
691 3851 920 3906 circulos
942 3847 1391 3904 hebdomadarum
1421 3849 1588 3920 ipsius
1608 3850 1712 3905 diei
1737 3850 2021 3917 imaginem

441 3947 864 4017 frequentamus,
914 3956 979 3995 ac
1025 3940 1070 3993 si
1116 3947 1269 3993 sexta
1314 3937 1446 3993 feria
1476 3950 1692 4009 propter
1716 3940 2020 4009 passionem

445 4036 653 4092 Domini
677 4034 1002 4104 jejunamus,
1030 4030 1313 4084 sabbatum
1345 4031 1757 4099 praetermittere
1790 4047 1895 4086 non
1927 4032 2021 4087 de-

441 4130 648 4187 bemus,
680 4123 822 4192 quod
848 4122 988 4175 inter
1020 4119 1288 4174 tristitiam
1318 4128 1479 4189 atque
1501 4120 1737 4177 laetitiam
1764 4124 2021 4192 temporis

443 4220 583 4273 illius
604 4213 812 4268 videtur
834 4210 1113 4265 inclusum.
1136 4209 1270 4265 Nam
1293 4210 1474 4280 utique
1494 4220 1707 4267 constat
1747 4217 2021 4284 apostolos

445 4306 607 4363 biduo
630 4305 733 4359 isto
762 4303 815 4357 in
844 4301 1057 4357 tris‘.itia
1104 4309 1157 4355 et
1179 4301 1230 4354 in
1251 4315 1488 4356 maerore
1512 4298 1696 4367 fuisse,
1722 4312 1776 4357 et
1799 4314 2021 4373 propter

444 4406 646 4453 metum
698 4393 1004 4449 Judteorum
1057 4406 1116 4446 se
1163 4391 1483 4446 occuluisse.
1526 4390 1680 4459 Quod
1712 4393 1892 4462 utique
1912 4409 2018 4449 non

446 4490 662 4545 dubium
692 4485 847 4541 estin
877 4492 1081 4537 tantum
1106 4496 1199 4536 eos
1214 4480 1488 4550 jejuuasse
1510 4481 1671 4538 biduo
1698 4494 2018 4549 memorato,

445 4592 504 4637 ut
550 4579 765 4635 traditio
801 4574 1054 4631 Ecclesia:
1098 4574 1294 4629 habeat
1332 4574 1434 4629 isto
1479 4574 1642 4629 biduo
1680 4585 2019 4631 sacramenta

443 4675 656 4744 penitus
679 4685 784 4725 non
832 4665 1114 4723 celebrari.
1146 4664 1276 4731 Quae
1307 4663 1478 4720 forma
1505 4664 1690 4735 utique
1710 4680 1806 4735 per
1833 4667 2016 4735 singu-

444 4764 522 4819 las
561 4759 789 4816 tenenda
836 4765 921 4812 est
945 4755 1331 4823 hebdomadas,
1360 4764 1583 4825 propter
1602 4755 1655 4810 id
1699 4756 1843 4826 quod
1866 4771 2017 4811 com-

441 4852 761 4909 memoratio
789 4848 894 4903 diei
924 4847 1065 4902 illius
1110 4861 1325 4916 semper
1369 4854 1450 4901 est
1494 4846 1834 4902 celebranda.
1863 4847 2018 4914 Quod

442 4944 487 4999 si
519 4948 708 5013 putant
731 4936 899 4993 semel
922 4945 1084 5007 atque
1108 4952 1216 4992 uno
1238 4937 1460 4993 sabbato
1482 4936 1855 5007 jejunandum,
1889 4944 2017 5007 ergo

443 5043 499 5090 et
550 5030 871 5087 dominicum
909 5035 965 5082 et
1010 5036 1163 5083 sexta
1215 5026 1347 5082 feria
1387 5028 1554 5083 semel
1584 5028 1634 5082 in
1662 5027 1866 5085 Pascha
1918 5029 2021 5083 erit

446 5125 630 5193 utique
662 5118 1000 5175 celebranda.
1029 5116 1087 5173 Si
1116 5127 1294 5173 autem
1336 5118 1587 5175 dominici
1629 5119 1735 5175 diei
1765 5136 1827 5175 ac
1856 5128 2020 5175 sextze

442 5214 591 5269 feriae
617 5227 714 5281 per
740 5209 975 5278 singulas
1001 5208 1364 5265 hebdomadas
1393 5212 1687 5280 reparanda
1719 5212 1892 5280 imago
1914 5220 2018 5279 est,

444 5302 710 5360 dementis
753 5309 857 5367 est,
904 5299 1054 5356 bidui
1107 5312 1268 5369 agere
1319 5300 1760 5356 consuetudinem
1797 5302 2021 5356 sabbato

442 5398 827 5469 pnetermisso,
859 5411 987 5451 cum,
1011 5411 1120 5450 nou
1161 5395 1428 5466 disparem
1458 5396 1652 5450 habeat
1700 5411 1937 5459 causam,
1990 5411 2019 5449 a

444 5504 595 5547 sexta
641 5490 889 5545 videlicet
936 5487 1087 5553 feria,
1146 5487 1197 5540 in
1246 5502 1350 5555 qua
1401 5487 1655 5541 Dominus
1704 5502 1895 5555 passus
1918 5497 2016 5550 est,

444 5581 658 5653 quando
708 5589 766 5635 et
816 5580 882 5634 ad
932 5577 1133 5632 inferos
1180 5576 1297 5642 fuit,
1354 5587 1412 5630 ut
1442 5577 1594 5631 tertia
1626 5577 1711 5631 die
1737 5591 2021 5643 resurgens

448 5672 693 5741 redderet
742 5670 982 5725 lzetitiam
1031 5677 1152 5735 post
1205 5666 1489 5721 biduanum
1523 5668 1789 5737 tristitiam
1822 5682 2020 5735 pl“.th-

447 5762 680 5816 dcntem.
710 5759 826 5815 Non
875 5772 1002 5829 ergo
1030 5773 1130 5829 nos
1159 5771 1413 5827 negamus
1441 5766 1588 5811 sexta
1623 5756 1748 5809 feria
1778 5756 2017 5826 jejnnan-

2093 510 2163 564 bo
2204 508 2320 563 dies
2374 507 2643 562 tristitiam
2695 506 2974 575 apostolis,
3017 503 3103 558 vel
3133 502 3217 555 his
3260 500 3351 568 qui
3403 499 3674 555 Christum

2093 599 2263 655 secuti
2285 607 2432 665 sunt,
2464 598 2806 659 induxerunt,
2865 595 2959 664 qui
3002 592 3091 649 die
3142 590 3414 647 dominico
3462 589 3677 643 hilarati

2094 706 2204 745 non
2263 691 2438 745 solum
2504 690 2677 760 ipsum
2741 684 3142 742 festivissimum
3199 696 3320 737 esse
3367 680 3676 743 volnerum,

2097 793 2284 833 verum
2312 779 2473 834 etiam
2498 793 2594 848 per
2616 791 2806 834 omnes
2832 772 3197 831 hebdomadas
3223 769 3669 840 frequentandum

2097 881 2215 921 csse
2239 866 2526 921 duxerunt.

2267 975 2345 1030 De
2374 978 2621 1048 fermento
2644 975 2864 1029 ciuitatis
2884 970 3193 1043 presbyteris
3220 968 3508 1041 dirigenda.

2172 1085 2235 1141 V.
2264 1087 2337 1141 De
2362 1086 2624 1141 fermento
2648 1100 2777 1140 vero
2804 1082 2949 1152 quod
2974 1082 3061 1136 die
3088 1080 3355 1136 dominica
3377 1094 3472 1149 per
3500 1076 3688 1131 titulos

2102 1177 2382 1240 mittimus,
2411 1173 2679 1245 superﬂue
2700 1188 2798 1227 nos
2824 1172 3110 1227 consulere
3137 1170 3371 1235 voluisti,
3402 1184 3521 1223 cum
3569 1183 3685 1220 om-

2105 1282 2203 1321 nes
2227 1265 2480 1321 Ecclesia:
2504 1275 2699 1320 nostra:
2742 1264 2879 1318 intra
2907 1264 3179 1318 civitatem
3208 1269 3313 1315 smt
3355 1260 3684 1322 constitutas,

2103 1372 2329 1427 quarum
2354 1356 2675 1429 presbyteri,
2698 1354 2822 1423 quia
2843 1355 2931 1408 die
2959 1353 3072 1423 ipsa
3102 1361 3322 1423 prop'er
3344 1350 3550 1420 plebem
3580 1350 3684 1402 sibi

2105 1449 2360 1505 creditam
2406 1448 2683 1503 nobiscum
2725 1445 3014 1502 convenire
3054 1459 3163 1497 non
3211 1441 3688 1512 possunt,~i!circo

2102 1541 2426 1595 fermentum
2476 1554 2508 1592 a
2550 1538 2704 1593 nobis
2746 1536 3049 1591 confectum
3098 1549 3193 1603 per
3235 1532 3513 1602 acolythos
3540 1530 3683 1583 acci-

2102 1632 2279 1702 piant,
2335 1637 2392 1683 ut
2437 1643 2497 1684 se
2542 1644 2572 1682 a
2603 1637 2784 1682 nostra
2812 1625 3194 1681 communione
3222 1622 3454 1677 maxime
3484 1620 3571 1673 illa
3604 1620 3692 1673 die

2111 1738 2216 1775 non
2234 1720 2473 1789 judicent
2514 1725 2815 1788 separatos,
2843 1715 2988 1785 quod
3016 1729 3114 1785 per
3138 1712 3422 1784 parochias
3451 1710 3563 1764 fieri
3594 1708 3691 1763 de—

2036 1802 2083 1862 B
2109 1810 2237 1864 bere
2261 1824 2367 1864 non
2398 1817 2547 1877 puto,
2569 1807 2698 1877 quia
2729 1821 2837 1860 non
2864 1804 3024 1874 longe
3054 1800 3319 1873 portanda
3347 1808 3473 1857 sunt
3500 1814 3682 1854 sacra-

2108 1906 2308 1964 menta,
2360 1911 2461 1952 nec
2504 1912 2606 1952 nos
2649 1910 2746 1966 per
2791 1894 3098 1950 cmmeteria
3142 1892 3352 1947 diversa
3382 1890 3692 1945 constitutis

2110 1988 2438 2060 presbyteris
2463 1987 2814 2050 destinamus,
2844 1994 2898 2040 et
2942 1981 3239 2054 presbyteri
3284 1995 3469 2035 eorum
3525 1977 3694 2034 conti—

2108 2076 2522 2147 cieudorumjus
2550 2076 2786 2131 habeant
2812 2083 2973 2145 atque
3001 2072 3292 2128 licentiam.

2512 2186 2591 2243 De
2611 2187 2965 2259 encrgumenis
2986 2184 3284 2256 baptizatis.

2182 2300 2268 2356 Vl.
2291 2301 2365 2357 De
2388 2302 2469 2356 bis
2496 2316 2623 2355 vero
2651 2298 2934 2369 baptizatis
2961 2298 3054 2369 qui
3077 2306 3262 2369 postea
3291 2294 3572 2358 daemonio,
3605 2305 3697 2350 aut

2112 2391 2243 2445 vitio
2291 2392 2491 2459 aliquo,
2522 2397 2616 2444 aut
2644 2397 2866 2460 peccato
2898 2387 3305 2451 interveniente,
3351 2386 3695 2457 arripiuntur,

2112 2483 2357 2552 quaesivit
2408 2482 2626 2538 dilectio
2676 2490 2787 2548 tua,
2837 2479 2883 2534 si
2930 2480 3301 2550 apresbytero
3328 2477 3413 2531 vel
3462 2476 3695 2530 diacono

2114 2572 2321 2645 possint
2362 2581 2456 2626 aut
2504 2570 2736 2626 debeant
2763 2568 3064 2636 consignari
3090 2586 3102 2621 :
3134 2567 3278 2637 quod
3302 2567 3424 2632 hoc,
3454 2564 3552 2619 nisi
3582 2565 3701 2634 epi-

2114 2677 2310 2732 scopus
2330 2660 2667 2732 praeceperit,
2698 2676 2805 2715 non
2855 2659 3020 2715 licet:
3053 2672 3177 2712 nam
3208 2657 3258 2711 ei
3303 2671 3491 2709 manus
3521 2655 3701 2723 impo-

2115 2753 2290 2809 nenda
2321 2754 2540 2807 omnino
2589 2769 2693 2807 non
2743 2760 2847 2817 est,
2895 2751 2993 2805 nisi
3019 2749 3301 2819 episcopus
3324 2746 3707 2801 auctoritamm

2116 2845 2322 2899 dederit
2345 2845 2394 2898 id
2417 2843 2700 2899 eﬂicicudi.
2755 2840 2823 2897 Ut
2852 2851 3030 2897 autem
3064 2842 3171 2903 fiat,
3203 2838 3438 2909 episc0pi
3468 2845 3551 2892 est
3600 2837 3704 2889 im-

2118 2949 2326 3006 perare,
2376 2942 2432 2988 ut
2484 2949 2672 2987 manus
2704 2933 2752 2986 ei
2802 2932 2941 2987 vela
2984 2932 3296 3002 presbytero
3323 2927 3466 2984 vela
3495 2928 3707 2983 ueteris

2118 3021 2328 3075 clericis
2356 3020 2680 3091 imponatur.
2714 3018 2846 3074 Nam
2869 3018 3143 3089 quomodo
3169 3018 3220 3072 id
3241 3017 3353 3072 fieri
3373 3017 3486 3072 sine
3507 3030 3707 3085 magno

2120 3112 2304 3167 labore
2333 3112 2548 3184 poterit,
2577 3122 2632 3167 ut
2661 3111 2819 3181 longe
2846 3111 3173 3167 consitutus
3216 3122 3608 3176 energumcnus
3638 3107 3708 3159 ad

2121 3205 2431 3275 episcopum
2460 3204 2791 3260 deducatur?
2814 3219 2935 3258 cum
2964 3203 3011 3257 si
3034 3203 3157 3257 talis
3176 3217 3331 3257 casus
3354 3199 3403 3255 ei
3426 3199 3482 3253 in
3513 3198 3643 3251 itine
3676 3214 3709 3251 ο

2118 3295 2392 3359 acciderit,
2417 3310 2515 3349 nec
2543 3294 2768 3364 perferri
2797 3293 2864 3348 ad
2885 3293 3214 3364 episcopum,
3247 3307 3345 3347 nec
3387 3290 3575 3345 referri
3622 3287 3695 3341 ad

2118 3399 2216 3437 sua
2247 3381 2401 3437 facile
2422 3383 2610 3452 possit.

2659 3490 2736 3545 De
2761 3490 3140 3563 pwnitentibtts.

2193 3583 2301 3638 Vll.
2322 3584 2397 3638 De
2413 3581 2790 3651 paenitentibus
2805 3591 2981 3636 autem
3006 3582 3124 3649 qui,
3142 3582 3253 3636 sive
3269 3596 3334 3636 ex
3363 3580 3703 3650 gravioribus

2121 3671 2444 3739 commissis,
2467 3672 2581 3725 sive
2601 3687 2668 3725 ex
2691 3670 2979 3725 levioribus
3003 3670 3368 3739 penitentiam
3408 3683 3622 3739 gerunt,
3659 3673 3705 3725 si

2123 3762 2268 3817 nulla
2299 3760 2623 3817 interveniat
2645 3761 2929 3828 (egritudo,
2959 3761 3142 3830 quinta
3167 3760 3297 3816 feria
3343 3770 3466 3815 ante
3498 3760 3708 3815 Pascha

2122 3850 2203 3905 eis
2228 3849 2631 3915 remittendum,
2680 3848 2934 3903 Romana:
2964 3850 3215 3905 Ecclesia:
3242 3852 3575 3909 consuetudo
3605 3854 3707 3907 de.

2118 3948 2406 4009 monstrat.
2422 3939 2687 3995 Caeterum
2710 3941 2777 3995 de
2798 3941 3034 4010 pondere
3052 3941 3366 3997 testimando
3385 3941 3707 3997 delictorum

2121 4029 2417 4087 sacerdotis
2436 4038 2518 4086 est
2537 4030 2779 4099 judicare
2804 4048 2817 4083 :
2850 4040 2908 4084 ut
2947 4030 3187 4086 attendat
3214 4031 3284 4086 ad
3305 4030 3706 4087 confessionem

2122 4122 2451 4193 pmuiteutis,
2475 4130 2530 4177 et
2571 4121 2639 4176 ad
2668 4120 2823 4177 ﬂetus
2873 4129 3035 4190 atque
3065 4122 3329 4194 lacrymas
3355 4124 3705 4192 corrigentis,

2122 4227 2187 4268 ac
2210 4221 2318 4267 tum
2335 4211 2526 4282 jubere
2569 4212 2782 4278 dimitti,
2815 4226 2937 4268 cum
2966 4211 3158 4267 viderit
3207 4228 3498 4283 congruam
3543 4216 3712 4269 satis-

2122 4300 2429 4361 factionem.
2454 4303 2597 4359 Sane
2624 4305 2671 4360 si
2708 4305 2829 4372 quis
2855 4305 2909 4359 in
2936 4305 3305 4373 mgritudinem
3338 4307 3599 4373 inciderit,
3626 4319 3714 4362 at-

2122 4407 2231 4463 que
2272 4409 2443 4464 usque
2496 4394 2564 4449 ad
2590 4393 3025 4464 desperationem
3052 4395 3348 4463 devenerit,
3400 4398 3718 4457 eiest'ante

2126 4494 2336 4557 tempus
2384 4485 2599 4541 Pascha:
2645 4486 3012 4552 relaxandum,
3062 4502 3131 4544 ne
3174 4488 3242 4544 de
3280 4490 3475 4544 smculo
3504 4492 3717 4561 absque

2125 4578 2502 4632 communione
2528 4576 2789 4633 discedat.

2122 4686 2201 4742 De
2219 4687 2435 4757 epistola
2461 4688 2629 4742 sancti
2651 4686 2834 4742 Jacobi
2862 4691 3099 4761 apostoli,
3129 4691 3184 4743 in
3209 4706 3309 4760 qua
3349 4706 3444 4761 pro
3473 4691 3706 4760 inﬁrmis

2669 4774 2820 4812 orare
2847 4760 3165 4829 pracipitur.

2196 4846 2326 4901 Vill.
2345 4842 2487 4902 Sane
2514 4848 2767 4916 quoniam
2787 4848 2854 4903 de
2882 4848 3005 4913 hoc,
3023 4850 3180 4906 sicuti
3202 4850 3490 4907 deemteris
3516 4867 3715 4909 censu.

2123 4938 2235 4992 lere
2252 4936 2419 4991 voluit
2446 4936 2663 4992 dilectio
2695 4946 2802 5003 tua,
2834 4937 3213 5007 adjeciLetiam
3238 4940 3375 4995 tilius
3402 4956 3558 4996 meus
3585 4943 3714 4997 Cre-

2128 5028 2353 5083 lestinus
2382 5026 2640 5082 diaconus
2665 5029 2717 5082 in
2739 5028 2963 5098 epistola
2987 5043 3081 5085 sua
3109 5043 3231 5084 esse
3247 5045 3276 5084 a
3306 5038 3397 5085 tua
3421 5031 3716 5089 dilectione

2128 5121 2359 5190 positum
2388 5119 2540 5188 illud,
2564 5119 2782 5190 quodin
2810 5120 2954 5177 beati
3001 5121 3229 5191 apostoli
3273 5118 3459 5177 Jacobi
3483 5124 3719 5192 cpistola

2128 5211 2490 5280 conscriptum
2514 5218 2633 5265 est:
2666 5211 2727 5265 Si
2756 5210 2993 5280 inﬁrmus
3022 5210 3208 5280 aliquis
3230 5211 3283 5264 in
3310 5210 3445 5265 vobis
3471 5222 3567 5276 est,
3624 5216 3716 5268 in»

2130 5300 2283 5355 ducat
2321 5302 2661 5371 presbyteros,
2692 5309 2740 5355 et
2768 5310 2915 5356 orent
2942 5318 3093 5371 super
3119 5318 3252 5366 cum,
3302 5313 3550 5373 augentes
3598 5324 3720 5359 eum

2130 5391 2239 5445 oleo
2268 5393 2320 5445 in
2342 5394 2547 5447 nomine
2570 5392 2796 5456 Domini,
2829 5401 2877 5445 et
2908 5392 3077 5445 oratio
3121 5391 3243 5458 ﬁdei
3282 5392 3502 5446 salvabit
3553 5396 3687 5463 in/ir

2125 5500 2281 5547 mum,
2331 5493 2377 5536 ct
2425 5483 2691 5536 suscitabit
2729 5483 2873 5535 illuni
2922 5481 3197 5545 Dominus,
3252 5493 3300 5535 et
3331 5485 3453 5535 siin
3485 5494 3723 5551 pet-mus

2125 5576 2299 5643 fuerit,
2330 5576 2650 5626 remittemur
2672 5575 2735 5627 ei.
2772 5573 2923 5639 Quod
2956 5589 3059 5626 non
3092 5574 3411 5628 cstdnbium
3434 5575 3501 5629 de
3534 5575 3718 5631 fideli-

2126 5667 2221 5719 bus
2267 5665 2648 5732 :cgrotantibus
2705 5665 2877 5734 accipi
2924 5665 3005 5719 vel
3056 5664 3276 5733 intelligi
3334 5666 3563 5732 deluere,
3622 5675 3723 5737 qui

2124 5765 2310 5810 smitrm
2333 5756 2452 5810 oleo
2477 5754 2781 5809 chrismatis
2813 5756 3032 5821 oerungi
3065 5769 3147 5822 po,
3166 5762 3309 5818 sunt,
3332 5755 3475 5823 quod
3504 5756 3573 5812 ab
3607 5764 3725 5825 epi-
