3988 6344
272 432 362 486 2i!

1339 427 1713 488 CULLECTIO
1755 425 2216 483 DECRETORUM
2260 425 2362 484 PP.
2404 424 2514 480 RR.

3427 425 3549 478 ‘2‘2

269 567 441 622 scopo
466 549 774 604 confectum
806 567 914 604 non
942 549 1115 604 solum
1143 548 1532 613 sacerdotibus,
1565 545 1658 602 sed
1689 545 1862 600 omni-
1896 551 1945 609 Α
1970 541 2250 611 postulasti
2274 549 2350 605 ut,
2385 542 2436 595 in
2468 540 2570 594 illis
2597 539 2838 609 partibus
2866 540 3184 608 istiusmodi,
3215 557 3372 611 quam
3406 550 3553 595 tenet

270 643 372 696 bus
400 643 475 696 uti
503 641 819 695 Clu-is;ianis
848 641 998 707 licet,
1032 641 1084 694 in
1111 656 1208 696 sua
1252 647 1344 693 aut
1395 638 1447 691 in
1500 653 1717 691 suorum
1767 650 1859 690 ne-

271 735 527 789 cessitate
555 732 883 802 ungendum.
910 730 1176 811 Caeterum
1205 730 1330 786 illud
1358 729 1684 802 superfluunt
1714 727 1861 780 vide-

270 841 391 878 mus
417 824 704 893 adjectum,
752 830 807 878 ut
827 822 894 878 de
923 823 1178 893 episcopo
1201 821 1502 890 ambigatur
1546 817 1689 888 quod
1720 831 1864 887 pres—

267 915 475 986 byteris
505 915 668 970 licere
695 930 802 969 non
830 913 1049 970 dubium
1079 921 1179 969 est.
1210 911 1342 967 Nam
1391 910 1588 990 ideirco
1635 909 1860 980 presby-

271 1003 404 1057 teris
442 1002 640 1057 dictant
667 1010 771 1068 est,
801 1002 927 1071 quia
971 1000 1210 1071 episcopi
1258 998 1703 1069 occupationibus
1744 995 1862 1050 aliis

270 1094 515 1164 impediti
545 1094 610 1150 ad
633 1110 821 1162 omnes
842 1093 1124 1163 languidos
1155 1095 1232 1148 ire
1263 1108 1371 1147 non
1414 1097 1659 1161 possunt.
1691 1088 1864 1145 Crete-

266 1201 390 1240 rum
443 1186 489 1241 si
543 1186 828 1256 episcopus
880 1194 971 1239 aut
1004 1192 1199 1255 potest,
1232 1189 1326 1237 aut
1350 1182 1567 1250 dignum
1593 1180 1740 1234 ducit
1766 1178 1861 1231 ali-

270 1295 433 1348 quem
484 1295 513 1332 a
561 1295 620 1332 se
663 1263 1006 1343 visitandum,
1059 1284 1115 1330 et
1164 1275 1482 1330 benedicere
1535 1281 1591 1328 et
1644 1281 1864 1339 tangere

273 1372 564 1426 chrismate
619 1371 734 1424 sine
755 1369 1098 1424 cunctatione
1127 1375 1330 1437 potest,
1364 1365 1514 1435 cujus
1559 1371 1641 1420 est
1689 1363 1862 1432 ipsum

275 1462 508 1515 chrisma
549 1460 836 1516 conficere.
879 1459 1009 1512 Nam
1059 1458 1445 1528 pmoitentibus
1477 1454 1618 1509 istud
1660 1451 1864 1506 infundi

247 1544 378 1612 tuon
410 1564 611 1628 potest,
643 1556 765 1624 quia
793 1570 961 1624 genus
983 1554 1066 1608 est
1094 1551 1439 1626 sacramenti.
1488 1548 1619 1602 Nam
1670 1545 1864 1615 quibus

269 1651 481 1719 reliqua
511 1657 848 1704 sacramenta
889 1655 1176 1714 negantur,
1207 1643 1480 1719 quomodo
1512 1657 1672 1696 unum
1697 1653 1864 1708 genus

268 1753 492 1813 putatur
515 1756 673 1812 posse
697 1713 1074 1799 concedi?llis
1125 1713 1304 1805 igitur,
1338 1731 1500 1786 frater
1527 1729 1862 1795 eharissime,

269 1835 545 1896 oninibus,
594 1846 715 1902 qua:
761 1839 851 1886 tua
891 1827 1110 1884 dilectio
1155 1824 1322 1881 voluit
1362 1837 1393 1876 a
1449 1819 1605 1875 nobis
1644 1817 1864 1888 exponi,

1965 636 2203 692 Ecclesia
2263 635 2502 690 Romana
2555 633 2724 688 forma
2774 642 3037 690 servetur.
3099 634 3216 690 Non
3244 633 3386 704 quod
3416 649 3551 687 nova

1963 739 2227 800 pnecepta
2256 729 2431 797 aliqua
2459 729 2813 797 imperentur,
2857 728 2951 783 sed
2980 743 3045 782 ea
3097 742 3216 797 qua:
3262 742 3362 798 per
3409 725 3554 781 desi-

1964 820 2104 875 diam
2134 820 2433 888 aliquorum
2463 818 2706 886 neglecta
2735 826 2879 884 sunt,
2912 817 2979 871 ab
3002 818 3252 873 omnibus
3271 815 3554 873 observari

1965 909 2240 979 cupiamus
2267 927 2280 960 :
2312 923 2430 978 qua:
2461 918 2642 962 tamen
2696 907 2995 978 apostolica
3025 916 3080 962 ct
3122 907 3335 961 Patrum
3390 904 3553 960 tradi-

1967 1001 2112 1055 tiOue
2133 1009 2258 1054 sunt
2285 999 2597 1054 constituta.
2621 996 2890 1067 Scriptum
2913 1007 2997 1054 est
3023 1011 3253 1068 namque
3292 998 3361 1052 ad
3387 996 3557 1051 Thes-

1965 1089 2328 1146 salonicenses
2356 1087 2520 1144 Paulo
2550 1096 2805 1143 monente
2836 1106 2848 1140 :
2886 1089 3058 1156 State,
3086 1098 3134 1142 et
3175 1097 3341 1142 tenete
3385 1087 3553 1141 tradi-

1967 1180 2132 1234 tiones
2177 1189 2403 1244 nostras,
2457 1179 2562 1232 sire
2615 1196 2708 1249 per
2760 1177 2983 1244 verbum,
3015 1181 3119 1234 sive
3160 1195 3254 1249 per
3282 1178 3556 1248 epistol..m

1969 1270 2054 1343 (11
2085 1270 2317 1326 ΤΙιεδδαι.
2344 1288 2398 1336 ιι,
2434 1259 2543 1338 i-l).
2569 1269 2704 1324 lllud
2730 1278 2875 1325 certe
2915 1277 3061 1323 tuam
3109 1269 3271 1324 debet
3318 1275 3553 1323 mentem

1966 1363 2336 1417 vehementius
2359 1362 2617 1426 excitare,
2648 1369 2706 1415 ut
2757 1361 2824 1416 ab
2854 1361 3001 1416 omni
3033 1360 3154 1416 labe
3181 1359 3362 1415 saaculi
3405 1358 3560 1413 istius

1966 1453 2218 1507 immunis
2239 1461 2364 1506 ante
2393 1451 2487 1506 Dei
2514 1457 3115 1520 conspectumsecurus
3145 1447 3553 1512 inveniaris,cui

1968 1545 2193 1599 multum
2219 1545 2360 1599 enim
2392 1543 2648 1609 creditur,
2680 1541 2800 1611 plus
2822 1542 2888 1596 ab
2919 1557 2984 1596 eo
3012 1539 3241 1610 exigitur
3269 1555 3428 1594 usura
3450 1555 3556 1609 pa:-

1967 1653 2178 1693 narum.
2211 1635 2351 1704 Ergo
2375 1634 2630 1704 quoniam
2661 1650 2763 1690 non
2789 1648 2887 1704 pro
2911 1631 3064 1688 nobis
3091 1639 3318 1694 tantum,
3348 1629 3445 1685 sed
3461 1646 3556 1700 pro

1969 1730 2167 1800 populo
2193 1726 2393 1783 Christi
2419 1727 2662 1796 cogimur
2689 1733 2946 1796 prmstare
2968 1724 3257 1788 rationem,
3280 1719 3554 1791 disciplina

1967 1820 2158 1877 deifica
2178 1819 2331 1893 [ϐοά.
2356 1836 2478 1884 ms.,
2506 1817 2862 1888 sanctificata]
2890 1815 3145 1887 populum
3167 1813 3379 1868 erudire
3404 1811 3571 1867 debe-

269 1933 433 1993 pront
467 1901 758 1993 potuimus,
792 1917 1120 1990 respondere
1164 1913 1468 1972 curavimus
1493 1929 1505 1963 :
1544 1919 1602 1964 ιιι
1625 1907 1862 1964 Ecclesia
1893 1920 1939 1981 Β
1967 1926 2106 1966 mus.
2136 1908 2469 1963 Exstiterunt
2487 1908 2632 1962 enim
2654 1906 2896 1961 nonnulli
2925 1905 3036 1975 qui,
3067 1912 3266 1958 statuta
3292 1901 3552 1969 majorum

270 2029 364 2074 tua
398 2018 699 2073 Romanam
731 2011 1194 2074 consuetudinem,
1221 2024 1250 2063 a
1275 2021 1384 2076 qua
1405 2003 1666 2073 originem
1694 2000 1860 2066 ducit,

270 2123 494 2168 servare
538 2107 718 2162 valeat
765 2114 928 2175 atque
981 2101 1291 2159 custodire:
1321 2097 1526 2166 reliqua
1565 2108 1713 2159 vero,
1745 2106 1866 2161 qua:

271 2199 437 2258 scribi
463 2196 541 2253 fas
569 2213 675 2252 non
699 2204 844 2261 erat,»
869 2210 990 2250 cum
1012 2191 1265 2256 adfueris,
1298 2185 1616 2255 interrogati
1664 2183 1867 2256 poteri-

271 2305 396 2347 mus
442 2289 674 2345 edicere.
734 2285 850 2341 Erit
879 2291 1059 2342 autem
1089 2281 1344 2353 potentia:
1383 2276 1596 2334 Domini
1618 2275 1782 2329 etiam
1810 2272 1866 2328 id

270 2395 572 2454 procurare
598 2420 613 2446 ,
663 2388 722 2434 ut
774 2388 830 2434 et
880 2385 1026 2432 tuam
1072 2373 1392 2438 Ecclesium,
1435 2379 1495 2426 et
1522 2367 1751 2426 clericos
1771 2381 1869 2420 no-

268 2481 439 2537 stt-os,
469 2471 560 2540 qui
587 2469 687 2525 sub
735 2476 828 2523 tuo
873 2463 1156 2536 pontificio
1180 2461 1375 2519 diVinis
1403 2457 1729 2514 famulantur
1751 2453 1870 2510 offi-

271 2563 395 2625 ciis,
445 2561 584 2616 bene
635 2559 904 2622 instituas,
954 2563 1011 2612 et
1057 2554 1177 2610 aliis
1200 2553 1426 2608 formam
1452 2549 1655 2604 tribuas
1707 2559 1871 2614 quam

269 2653 511 2708 debeant
540 2648 759 2705 imitari.
792 2649 926 2702 Data
948 2661 1038 2701 xw
1063 2645 1167 2699 cal.
1201 2641 1372 2712 April.
1404 2635 1706 2693 Theodosio
1733 2635 1867 2706 Aug.

270 2751 425 2797 vuet
447 2739 687 2795 Palladio
715 2756 765 2792 v.
799 2753 849 2794 c.
882 2752 1061 2793 conss.
1092 2735 1216 2808 (An.
1251 2731 1444 2787 Christi
1466 2727 1617 2795 416.)

348 2831 696 2888 innocentius
718 2827 982 2884 Victricio
1012 2826 1270 2897 episcopo
1288 2815 1709 2896 Rbotomagensi
1737 2815 1875 2872 salu-

272 2933 412 2978 tem.

350 3013 467 3069 Etsi
492 3013 609 3078 tibi,
641 3011 806 3067 frater
834 3007 1173 3074 cbarissime,
1203 3020 1302 3076 pro
1332 3002 1529 3059 merito
1583 3007 1640 3056 et
1667 3000 1874 3055 honore

271 3104 590 3170 sacerdotii,
621 3117 729 3172 quo
768 3100 1058 3172 plurimum
1088 3097 1279 3168 polles,
1308 3093 1521 3150 vivendi
1544 3103 1600 3149 et
1646 3089 1877 3147 docendi

271 3195 574 3254 secundum
600 3193 996 3250 ecclesiasticas
1016 3190 1228 3259 regulas
1247 3197 1379 3243 nota
1399 3195 1525 3242 sunt
1551 3184 1752 3251 omnia,
1777 3199 1876 3240 ne-

273 3301 389 3356 que
417 3293 500 3340 est
527 3283 728 3354 aliquid
759 3281 906 3354 quod
951 3280 1022 3336 de
1045 3278 1215 3335 sacris
1241 3276 1564 3333 lectionibus
1585 3275 1680 3331 tibi
1701 3275 1877 3329 minus
1904 3292 1949 3355 ρ

275 3376 566 3431 collectum
631 3388 751 3430 esse
805 3371 1049 3428 videatur
1091 3386 1104 3423 :
1157 3377 1339 3423 tamen
1409 3366 1536 3436 quia
1614 3365 1871 3420 Romana:

277 3467 541 3522 Ecclesia:
585 3480 828 3522 normam
910 3471 1072 3532 atque
1121 3459 1502 3516 auctoritatem
1549 3470 1876 3528 magnOpere

277 3556 591 3627 postulasti,
642 3553 903 3610 voluntati
960 3561 1065 3606 tua:
1111 3563 1317 3608 morem
1367 3545 1652 3603 admodum
1683 3561 1877 3616 gerens

280 3645 525 3714 digestas
551 3646 674 3700 vita:
721 3651 778 3700 et
797 3655 1009 3698 morum
1052 3638 1413 3710 probabilium
1441 3635 1750 3706 disciplinas
1777 3649 1876 3687 an-

281 3749 458 3789 nexus
483 3734 677 3788 litteris
700 3732 834 3788 meis
854 3731 996 3795 misi,
1029 3744 1126 3800 per
1145 3743 1280 3798 quas
1305 3725 1588 3782 advertant
1620 3725 1878 3780 ecclesia-

281 3840 408 3880 rum
430 3824 666 3893 regionis
690 3831 884 3878 vestrae
910 3819 1118 3892 populi,
1166 3818 1360 3888 quibus
1380 3817 1543 3872 rebus
1581 3824 1637 3872 et
1680 3813 1879 3883 regulis

281 3915 713 3970 Christianorum
763 3914 875 3968 vita
931 3912 984 3966 in
1030 3925 1126 3964 sua
1156 3908 1523 3980 cujuscunque
1545 3904 1880 3978 professione

281 4005 487 4062 debeat
510 4005 795 4072 contineri,
817 4003 1100 4074 qualisque
1138 4007 1384 4056 servetur
1411 3999 1467 4054 in
1495 3998 1643 4054 urbis
1691 3996 1879 4052 Roma:

283 4094 536 4151 ecclesiis
574 4093 877 4164 disciplina.
907 4091 1024 4146 Erit
1049 4089 1356 4146 dilectionis
1399 4097 1505 4144 tua:
1554 4102 1651 4158 per
1693 4087 1881 4157 plebes

285 4188 565 4252 finitimas,
595 4196 653 4242 et
680 4182 1100 4241 consacerdotes
1124 4189 1363 4249 nostros,
1385 4180 1478 4250 qui
1529 4180 1585 4234 in
1640 4179 1747 4234 illis
1796 4192 1882 4234 re-

285 4278 538 4347 gionibus
559 4277 796 4348 propriis
819 4272 1070 4332 Ecclesiis
1088 4271 1395 4344 praesident,
1419 4270 1722 4340 regularum
1739 4269 1883 4324 hunc

288 4370 489 4424 librum
539 4367 691 4440 quasi
718 4365 1104 4441 didascalieum
1155 4371 1317 4432 atque
1340 4362 1665 4417 monitorem
1691 4359 1883 4416 sedulo

289 4461 568 4516 insinuare
593 4478 606 4513 :
635 4467 693 4513 ut
717 4466 774 4514 et
793 4465 1010 4512 nostros
1032 4467 1380 4523 cognoscere,
1407 4461 1464 4508 et
1482 4452 1548 4507 ad
1573 4451 1731 4507 fidem
1753 4467 1884 4506 eou-

289 4551 573 4614 flucntium
603 4565 784 4606 mores
809 4548 1027 4603 valeant
1052 4545 1279 4601 docendi
1307 4544 1591 4601 sedulitate
1629 4542 1879 4598 formare.

1969 2015 2077 2056 non
2107 2007 2370 2062 tenentes,
2407 1998 2708 2053 castitatem
2738 1995 2996 2051 Ecclesia:
3017 2010 3113 2049 sua
3143 1992 3565 2064 praesumptione

1968 2089 2255 2155 violarent,
2290 2087 2473 2158 populi
2495 2085 2733 2141 favorem
2759 2091 3069 2155 sequentes,
3101 2090 3156 2138 et
3185 2083 3280 2138 Dei
3297 2081 3558 2151 judicium

1969 2198 2077 2237 non
2129 2182 2399 2236 timentes.
2452 2179 2592 2250 Ergo
2632 2194 2700 2235 ne
2726 2180 2944 2238 silentio
2975 2186 3160 2233 nostro
3189 2179 3560 2233 existimemur

1968 2273 2052 2328 his
2105 2272 2346 2342 praebere
2386 2286 2732 2336 consensum,
2780 2269 2993 2324 dicente
3036 2267 3281 2334 Domino,
3336 2267 3560 2323 Videbns

1972 2366 2156 2434 furem,
2189 2372 2239 2417 et
2267 2361 2510 2416 currebas
2538 2378 2651 2416 cum
2672 2379 2730 2416 eo
2762 2359 2934 2432 (Psal.
2969 2376 3116 2428 χιιι,
3150 2348 3408 2430 18),‘h:nc
3435 2367 3561 2414 sunt

1970 2466 2090 2522 qum
2110 2451 2362 2520 deinceps
2383 2450 2579 2505 intuitu
2605 2449 2768 2505 divini
2788 2447 2973 2518 judicii
2999 2463 3217 2505 omnem
3240 2447 3560 2505 catholicum

1972 2543 2283 2614 episcopum
2312 2540 2529 2612 expedit
2554 2539 2845 2595 custodire.

1977 2652 2128 2719 Quod
2156 2661 2304 2707 extra
2336 2652 2718 2732 conscientiam.
2751 2650 3133 2720 metropolitani
3163 2665 3266 2704 non
3294 2648 3565 2704 ordinetur

2637 2736 2923 2791 episcopus.

2047 2813 2133 2870 IX.
2177 2813 2442 2877 Primum,
2474 2820 2534 2866 ut
2560 2819 2712 2867 extra
2743 2809 3133 2866 conscientiam
3163 2810 3565 2880 metropolitani

1979 2904 2224 2976 episcOpi
2253 2903 2430 2959 nullus
2459 2901 2653 2956 audeat
2686 2900 2959 2966 ordinare,
2982 2899 3244 2970 integrum
3265 2899 3406 2954 enim
3427 2897 3565 2967 judi-

1977 2995 2120 3050 cium
2165 3001 2248 3049 est
2301 2991 2446 3062 quod
2485 2990 2839 3061 plurimorum
2877 2990 3158 3046 sententiis
3197 2989 3562 3055 confirmatur,

1979 3098 2082 3140 nec
2111 3098 2248 3138 unus
2275 3081 2562 3152 episcopus
2580 3078 2841 3134 ordinare
2867 3085 3188 3149 praesumat,
3219 3092 3288 3133 ne
3316 3077 3565 3133 furtivum

1979 3172 2300 3231 beneficium
2338 3171 2634 3242 pmstitum
2663 3171 2928 3225 videatur.
2978 3169 3093 3226 lloc
3133 3169 3276 3225 enim
3304 3169 3567 3241 a-synodo

1980 3262 2574 3321 Nicacnaeonstitutum
2603 3269 2687 3318 est
2713 3269 2874 3331 atque
2899 3260 3197 3316 definitum.

1979 3381 2092 3449 Qui.
2122 3383 2192 3437 ad
2219 3383 2412 3437 clerum
2438 3378 2632 3452 suscipi
2643 3395 2760 3452 Anon
2789 3378 2988 3452 possint
3012 3417 3028 3443 ,
3073 3387 3122 3431 et
3148 3371 3222 3452 at.
3263 3377 3563 3452 clericorum

2189 3469 2362 3508 causa:
2395 3469 2428 3506 a
2456 3448 2682 3523 propriis
2712 3448 3052 3504 terminentur
3080 3448 3350 3518 episcopis.

2049 3568 2114 3623 Χ.
2143 3569 2274 3622 Item
2303 3567 2349 3623 si
2377 3566 2498 3637 quis
2528 3572 2651 3636 post
2680 3561 3053 3618 remissionem
3077 3566 3424 3630 peccatorum
3457 3557 3567 3612 ein-

1976 3658 2156 3729 gulum
2189 3656 2392 3710 militizc
2417 3652 2689 3710 saecularis
2717 3649 2994 3712 habuerit,
3028 3649 3094 3703 ad
3123 3647 3438 3704 clericatum
3468 3647 3566 3699 ad-

1978 3749 2115 3804 mitti
2146 3747 2365 3808 omnino
2396 3759 2504 3800 non
2533 3742 2749 3797 debeat.
2797 3738 2854 3795 Si
2883 3753 3002 3808 qua:
3052 3747 3233 3793 autem
3262 3751 3438 3791 causa:
3476 3736 3563 3789 vel

1978 3839 2356 3897 contentiones
2404 3836 2545 3890 inter
2591 3833 2819 3889 clericos
2866 3838 2975 3886 tam
3018 3828 3314 3900 superioris
3367 3825 3571 3894 ordinis

1979 3946 2140 4001 quam
2169 3928 2331 3984 etiam
2362 3923 2630 3981 inferioris
2675 3921 2874 3978 fuerint
2900 3927 3144 3985 exortis,
3188 3924 3246 3972 ut
3274 3915 3568 3972 secundum

1979 4026 2241 4098 synodum
2287 4024 2558 4079 Nicmnam
2610 4017 2951 4091 congregatis
2997 4013 3235 4085 ejusdem
3277 4009 3570 4082 provincia:

1981 4117 2249 4190 episcopis
2271 4116 2504 4187 jurgium
2535 4113 2870 4174 terminetur,
2901 4124 3004 4165 nec
3037 4105 3196 4162 alicui
3225 4103 3425 4170 liceat,
3453 4101 3572 4156 sine

1983 4207 2294 4280 pratjudicio
2325 4215 2501 4261 tamen
2531 4203 2789 4272 Romana:
2817 4198 3090 4265 Ecclesim,
3121 4195 3324 4252 relictis
3374 4193 3458 4247 his
3483 4207 3571 4245 sa-

1984 4297 2294 4355 cerdotibus
2360 4295 2454 4364 qui
2509 4294 2563 4347 in
2605 4291 2795 4347 eadem
2825 4288 3104 4360 provincia
3146 4286 3240 4342 Dei
3267 4283 3570 4340 Ecclesiam

1987 4397 2118 4444 nutu
2141 4386 2323 4448 divino
2343 4385 2668 4454 gubernant,
2690 4382 2760 4437 ad
2780 4381 2914 4436 alias
2936 4378 3224 4435 convolare
3245 4375 3569 4447 provincias.

1990 4478 2143 4545 Quod
2170 4477 2216 4530 si
2244 4475 2364 4545 quis
2394 4471 2530 4528 forte
2560 4470 2998 4543 praesumpserit,
3030 4477 3085 4523 et
3121 4467 3188 4522 ab
3235 4459 3414 4521 officio
3442 4465 3572 4519 cleri

1991 4573 2270 4626 submotus
2289 4610 2306 4638 ,
2332 4577 2387 4623 et
2413 4565 2726 4635 iniuriarum
2755 4578 2881 4619 reus
2907 4562 2974 4616 ab
3003 4559 3252 4615 omnibus
3274 4556 3571 4626 judicctur.

293 4644 405 4697 AM
435 4643 576 4696 enim
599 4640 936 4711 proposuum
957 4651 1207 4728 suum,“
1236 4635 1339 4728 ΨΟ
1361 4643 1550 4728 ¹ᾖ⁰⁵ιηξ
1566 4633 1960 4728 θίξηθωθθιίύ
1984 4664 2039 4718 Si
2067 4671 2246 4716 autem
2276 4633 2512 4728 majores
2541 4671 2716 4710 causa:
2746 4655 2800 4709 in
2845 4651 3026 4707 medio
3052 4651 3250 4705 fuerint
3276 4649 3562 4714 devolutm,

293 4733 530 4787 lectione
578 4738 930 4799 cognoscent,
958 4736 1054 4782 aut
1093 4727 1139 4784 si
1163 4725 1289 4797 quid
1320 4724 1496 4780 adhuc
1519 4723 1876 4789 desideratur,

289 4825 457 4878 facile
486 4831 741 4894 poterunt
766 4837 832 4876 ex
855 4821 998 4876 bona
1028 4817 1331 4874 imitatione
1359 4814 1630 4886 supplere.
1662 4813 1882 4883 incipia-

294 4933 416 4972 mus
465 4917 641 4985 igitur,
693 4913 984 4983 adjuvante
1034 4916 1228 4965 saneto
1273 4907 1521 4978 apostolo
1578 4906 1756 4972 Petro,
1788 4919 1883 4974 per

292 5023 459 5077 quem
477 5006 886 5077 ctapostolatus
932 5013 989 5058 et
1017 5001 1362 5072 episcopatus
1385 5001 1438 5054 in
1485 4998 1700 5054 Christo
1740 4997 1884 5068 cepit

292 5097 581 5154 exordium
607 5114 619 5149 :
651 5106 709 5150 ut
735 5095 988 5165 quoniam
1019 5091 1202 5162 plures
1229 5105 1372 5162 saepe
1395 5096 1731 5145 emerserunt
1758 5103 1883 5144 cau-

292 5206 372 5246 sm
417 5204 538 5259 qum
588 5188 638 5241 in
661 5185 946 5256 aliquantis
967 5201 1074 5242 non
1105 5190 1260 5239 erant
1282 5195 1479 5248 causa),
1513 5178 1608 5235 sed
1636 5178 1880 5242 crimina,

295 5289 361 5335 ut
403 5280 472 5332 de
512 5288 712 5332 cmtero
757 5275 1067 5331 sollicitudo
1096 5274 1167 5328 sit
1197 5271 1486 5340 unicuique
1514 5268 1782 5324 sacerdoti
1830 5269 1883 5322 in

291 5388 394 5430 sua
425 5371 667 5426 Ecclesia
696 5385 882 5424 curam
913 5365 1232 5439 huiusmodi
1251 5366 1470 5428 habere,
1495 5364 1638 5419 sicut
1675 5372 1885 5433 aposto-

295 5476 383 5529 lus
413 5473 668 5545 praedicat
693 5471 909 5536 Paulus,
944 5471 1107 5526 talem
1137 5468 1432 5524 Ecclesium
1463 5466 1576 5521 Deo
1627 5461 1886 5518 exhiben-

291 5576 424 5630 dam
449 5587 556 5627 non
585 5570 872 5625 habentem
901 5567 1170 5624 maculam
1193 5575 1288 5621 aut
1312 5578 1496 5634 rugam
1527 5561 1688 5632 (Eph.
1715 5559 1791 5633 v),
1818 5575 1886 5616 ne

292 5660 531 5730 alicujus
549 5659 804 5714 morbida:
825 5659 942 5714 ovis
969 5655 1151 5711 aﬂlatu
1194 5652 1521 5710 conscientia
1545 5660 1727 5707 nostra
1754 5665 1889 5705 con-

295 5757 564 5810 taminata
605 5753 855 5808 violetur.
909 5750 1134 5823 Propter
1157 5768 1252 5810 eos
1301 5750 1458 5820 igitur
1483 5747 1575 5818 qui
1606 5747 1689 5802 vel
1736 5746 1887 5814 igno-

297 5847 502 5912 rantia,
529 5845 613 5898 vel
635 5844 835 5899 desidia
866 5860 970 5897 non
994 5851 1173 5903 tenent
1209 5840 1634 5902 ecclesiasticam
1655 5838 1889 5908 discipli-

297 5953 454 6003 nam,
507 5945 560 5994 et
609 5935 774 5992 multa
805 5951 911 5992 non
952 5939 1317 6005 prnsumcnda
1368 5941 1716 6006 prwsumunt,
1745 5941 1887 5988 recte

1986 4753 2053 4808 ad
2081 4751 2265 4807 sedem
2295 4746 2647 4819 apostolicam
2674 4786 2690 4813 ,
2719 4743 2858 4800 sicut
2906 4741 3139 4814 synodus
3182 4739 3402 4806 statuit',
3453 4750 3576 4810 post

1981 4841 2236 4913 judicium
2265 4835 2576 4908 episcopale
2605 4833 2924 4890 referantur.

2227 4949 2295 5004 Ut
2327 4949 2530 5004 viduam
2559 4946 2772 5000 clericus
2798 4959 2899 4996 non
2923 4943 3074 4996 ducat
3099 4957 3331 4995 tu‘orcm.

2063 5061 2151 5116 χι.
2206 5059 2274 5114 Ut
2303 5058 2514 5114 viduam
2545 5054 2772 5111 clericus
2800 5068 2911 5108 non
2951 5051 3114 5106 ducat
3143 5066 3362 5106 uxorem
3393 5091 3408 5115 ,
3449 5050 3574 5117 quia

1989 5155 2248 5224 scriptum
2293 5159 2429 5206 est:
2464 5147 2725 5203 Sacerdos
2772 5159 2992 5198 uxorem.
3034 5142 3284 5212 virginem
3328 5141 3570 5210 accipiat,

1992 5262 2094 5301 non
2124 5245 2348 5309 viduam,
2381 5257 2485 5296 non
2512 5240 2726 5311 ejectum
2757 5235 2944 5304 (Lerit.
2979 5250 3090 5296 XXI.
3121 5232 3228 5304 15).
3267 5232 3459 5300 Utique
3482 5231 3572 5300 qui

1991 5337 2058 5391 ad
2083 5333 2443 5390 sacerdotium
2475 5331 2657 5385 labore
2697 5343 2796 5382 suo
2824 5334 2879 5381 et
2906 5326 3026 5380 vita:
3055 5323 3321 5393 probitate
3348 5330 3574 5375 conten-

1992 5430 2089 5494 dit,
2122 5442 2316 5482 cavere
2345 5425 2505 5479 debet
2552 5437 2620 5476 ne
2649 5421 2752 5475 hoc
2801 5415 3109 5489 prmjudicio
3140 5413 3424 5485 impeditus
3449 5427 3575 5482 per.-

1993 5519 2176 5576 venire
2204 5533 2310 5573 non
2337 5515 2526 5588 possit.

2110 5629 2178 5685 Ut
2205 5629 2251 5684 si
2281 5627 2442 5682 laicus
2472 5625 2678 5681 viduam
2705 5621 2929 5686 duxerit,
2963 5617 3177 5672 clericus
3199 5630 3303 5670 tum
3331 5615 3445 5684 fiat.

1981 5759 1985 5762 ·
2058 5738 2173 5793 ΧΠ.
2209 5737 2276 5791 Ut
2325 5738 2369 5792 is
2393 5736 2483 5803 qui
2511 5733 2745 5792 viduam,
2767 5731 2900 5784 licet
2927 5727 3113 5791 laicus,
3145 5723 3571 5793 duxit-uxorem,

1990 5835 2102 5889 sive
2130 5839 2254 5885 ante
2285 5830 2641 5898 baptismum,
2673 5822 2788 5876 sive
2815 5830 2935 5892 post
2965 5818 3306 5886 baptismum,
3337 5834 3444 5874 non
3475 5818 3574 5870 ad-

1995 5929 2232 5986 mittatur
2263 5921 2327 5977 ad
2359 5919 2578 5984 (lerunt,
2613 5911 2734 5982 quia
2781 5913 2968 5973 eodem
2999 5909 3126 5967 vitio
3161 5908 3363 5966 violetur
3394 5907 3568 5965 exclu-
