3988 6344
399 440 505 498 253

1675 410 2032 473 DlONYSlLlS
2066 408 2384 473 EXIGUUS.

3565 397 3667 451 244

396 567 508 610 sus.
552 550 611 605 In
638 546 903 619 baptismo
928 542 1069 599 enim
1099 536 1325 595 crimina
1352 532 1712 594 dimittuntur,
1745 543 1851 582 non
1879 541 1971 581 ac-
2002 531 2050 591 Α
2078 537 2292 581 servare
2320 520 2589 586 debeant,
2630 519 2823 589 quibus
2852 516 2937 571 vel
2965 512 3326 570 sacerdotium
3367 511 3452 567 vel
3509 511 3665 566 mini-

399 650 569 715 ceptae
599 638 785 695 uxoris
810 632 1140 691 consortium
1170 627 1461 684 relaxatur.

422 782 491 838 Ut
516 780 602 852 qui
630 775 908 833 secundum
942 785 1163 829 uxorem
1200 766 1434 822 habuerit
1470 764 1687 818 clericus
1714 775 1819 814 non
1858 756 1948 814 ait.

468 890 604 949 XIII.
656 890 736 947 Ne
763 890 809 948 is
828 887 918 959 qui
946 883 1239 943 secundam
1266 877 1478 937 duxerit
1504 889 1727 933 uxorem
1755 870 1986 929 clericus

403 986 514 1052 fiat,
547 984 671 1054 quia
696 981 955 1051 scriptum
986 984 1070 1034 est
1094 989 1114 1034 :
1142 972 1306 1034 Unius
1334 969 1511 1023 uxoris
1538 969 1701 1021 virum
1730 962 1783 1033 (ι
1847 960 1983 1015 Tim.

400 1049 510 1148 tu)i
541 1049 596 1133 e-t
623 1049 824 1131 iterum
849 1090 864 1125 :
898 1068 1212 1126 Sacerdotes
1235 1064 1340 1118 mei
1363 1061 1517 1117 semel
1542 1057 1737 1113 nubant
1790 1049 1982 1121 (Lerit.

402 1145 569 1239 xit);
616 1177 671 1223 et
696 1164 824 1220 alibi
857 1182 871 1216 :
905 1160 1211 1218 Sacerdotes
1255 1156 1351 1209 mei
1393 1166 1497 1207 non
1537 1148 1735 1202 nubant
1764 1145 1995 1215 amplius,

404 1260 620 1331 (Επειδὴ.
651 1256 818 1326 xuv).
868 1250 936 1307 Et
961 1252 1005 1305 si
1051 1249 1118 1305 ab
1154 1244 1418 1315 aliquibus
1467 1240 1821 1300 existimatur,
1864 1242 1996 1289 ante

402 1328 728 1427 baptismum
756 1349 800 1407 si
846 1348 986 1404 forte
1016 1344 1136 1416 quis
1182 1340 1398 1410 accepit
1438 1347 1662 1396 uxorem
1685 1374 1707 1398 ,
1747 1337 1803 1387 et
1830 1340 1894 1386 ea
1923 1328 1993 1382 de

402 1422 605 1504 sicculo
655 1439 945 1498 recedente
973 1436 1195 1490 alteram
1223 1427 1457 1494 duxerit,
1487 1428 1542 1481 in
1570 1422 1840 1494 baptismo
1868 1432 1991 1479 esse

405 1535 683 1591 dimissum
709 1570 731 1598 ,
764 1529 893 1584 satis
919 1534 1068 1582 errat
1106 1536 1137 1579 a
1178 1522 1361 1589 regula
1385 1559 1401 1584 ,
1450 1517 1577 1587 quia
1620 1514 1677 1570 in
1722 1507 1993 1581 baptismo

404 1633 627 1697 peccata
646 1621 1015 1685 remittuntur,
1039 1630 1147 1670 non
1176 1617 1521 1681 acceptarum
1552 1616 1778 1661 uxorum
1807 1611 1993 1656 nume-

408 1694 499 1770 rus
531 1710 821 1775 aboletur,
866 1724 987 1765 cum
1035 1704 1222 1773 utique
1270 1710 1406 1754 uxor
1443 1708 1512 1752 ex
1559 1694 1693 1764 legis
1718 1699 2001 1762 prmeepto

409 1806 653 1871 ducatur,
684 1804 736 1857 in
769 1809 973 1856 tantum
1005 1802 1062 1852 ut
1110 1803 1164 1851 et
1193 1795 1246 1847 in
1274 1790 1524 1863 paradiso
1546 1825 1563 1851 ,
1591 1799 1715 1841 cum
1740 1788 1996 1853 parentes

2084 613 2306 669 sterium
2339 614 2455 668 sine
2483 610 2824 668 successione
2851 615 2966 671 est,
3003 622 3100 661 nec
3128 603 3366 675 praeterit
3393 602 3507 657 dies
3563 617 3668 673 qua

2084 704 2169 760 vel
2198 721 2229 759 a
2259 702 2532 761 sacrificiis
2572 700 2767 759 divinis
2802 697 2890 757 vel
2938 715 2969 754 a
2995 694 3332 768 baptismatis
3369 693 3547 750 ofﬁcio
3577 709 3670 747 va-

2084 797 2245 854 cent?
2292 795 2426 851 Nam
2466 795 2513 851 si
2554 792 2751 850 Paulus
2792 792 2859 849 ad
2888 790 3197 848 Corinthios
3225 786 3410 842 scribit
3438 785 3623 840 dicens
3655 802 3669 837 :

2087 889 2367 945 Abstinete
2393 903 2490 943 vos
2515 882 2584 942 ad
2615 895 2844 955 tempus,
2879 892 2939 938 ut
2966 881 3168 937 vacetis
3197 878 3431 935 orationi
3468 876 3519 951 (ι
3545 876 3669 931 Cor.

2086 981 2182 1049 vn)
2202 1019 2217 1046 ,
2246 987 2302 1034 et
2328 979 2436 1034 hoc
2461 978 2643 1047 utique
2678 971 2828 1030 laicis
2863 969 3150 1044 praecepit,
3197 970 3365 1024 multo
3392 966 3566 1038 magis
3587 982 3672 1022 sa-

2087 1071 2369 1136 cerdotes,
2398 1069 2591 1139 quibus
2627 1075 2682 1121 et
2707 1060 2895 1121 orandi
2934 1070 2990 1117 et
3040 1056 3375 1118 saerifteandi
3398 1057 3527 1128 juge
3554 1054 3672 1112 offi-

2088 1163 2231 1219 cium
2279 1169 2394 1226 est,
2423 1172 2638 1231 semper
2672 1156 2944 1213 debebunt
2971 1152 3039 1209 ab
3066 1146 3371 1222 bujusmodi
3397 1148 3673 1205 consortio

2090 1253 2362 1313 abstinere
2384 1291 2400 1317 ,
2432 1250 2523 1320 qui
2554 1248 2599 1305 si
2642 1240 2993 1303 contaminati
3023 1238 3219 1297 fuerint
3247 1238 3449 1295 carnali
3475 1252 3673 1292 concu-

2088 1346 2377 1417 piscentia,
2394 1359 2501 1412 quo
2530 1338 2734 1412 pudore
2762 1334 2847 1393 vel
2874 1324 3175 1392 sacrilicare
3204 1332 3424 1388 forsitan
3450 1344 3673 1398 usurpa-

2086 1436 2257 1501 bunt,
2288 1443 2381 1487 aut
2409 1444 2515 1502 qua
2546 1428 2895 1495 conscientia,
2925 1440 3101 1495 quove
3129 1423 3324 1478 merito
3352 1418 3594 1476 exaudiri
3617 1427 3675 1474 se

2092 1525 2355 1591 credunt,
2402 1538 2522 1578 cum
2572 1516 2773 1576 dictum
2824 1519 2895 1573 sit
2926 1534 2938 1547 ·
2967 1513 3155 1573 Omnia
3203 1513 3398 1567 munda
3439 1510 3675 1573 mundis,

2093 1612 2455 1681 coinquinatis
2479 1620 2657 1671 autem
2708 1613 2763 1663 et
2793 1604 3093 1662 intidelibus
3123 1603 3251 1658 nihil
3275 1601 3535 1657 mundum
3575 1599 3676 1667 (Ad

2094 1702 2200 1758 Tit.
2224 1702 2297 1775 t).?
2329 1700 2436 1758 Sed
2466 1701 2694 1763 fortasse
2721 1699 2886 1754 licere
2912 1696 3016 1751 hoc
3045 1692 3234 1760 credit,
3265 1692 3388 1761 quia
3418 1691 3676 1760 scriptum

2096 1807 2214 1851 est:
2243 1794 2411 1876 Unius
2439 1792 2622 1849 uxoris
2644 1788 2817 1845 virum
2848 1784 2900 1861 (ι
2926 1784 3060 1842 Tim.
3088 1784 3188 1855 tu),
3220 1799 3328 1839 non
3356 1794 3677 1853 permanen-

408 1897 627 1954 liumani
675 1893 887 1963 generis
934 1890 1387 1958 coniungerentur
1435 1880 1588 1952 (Gen.
1620 1878 1711 1944 tt),
1760 1872 1829 1931 ab
1875 1875 1992 1945 ipso

2109 1898 2205 1943 tem
2236 1887 2290 1943 in
2319 1872 2753 1956 concupiscentia
2791 1875 3081 1951 generandi
3119 1875 3284 1939 dixit,
3324 1873 3421 1929 sed
3457 1877 3678 1941 prOptcr

408 1991 516 2044 sint
568 1985 795 2042 Domino
841 1980 1147 2043 benedicti,
1194 1984 1250 2033 et
1296 1975 1556 2030 Salomon
1605 1971 1773 2035 dicat,
1802 1968 1847 2021 Α
1874 1964 1988 2046 Deo

408 2075 795 2151 praeparabitur
839 2070 956 2126 viro
1008 2082 1143 2123 uxor
1209 2068 1225 2134 (
1251 2063 1412 2119 Prov.
1440 2062 1612 2131 arx),
1668 2072 1827 2129 quam
1880 2054 1991 2111 for-

414 2145 549 2221 mam
576 2164 736 2220 etiam
765 2160 1081 2217 sacerdotes
1108 2166 1297 2212 omnes
1324 2162 1543 2208 servare
1596 2160 1722 2204 usus
1750 2148 1865 2217 ipse
1892 2145 1991 2201 de-

409 2265 671 2315 monstrat
691 2254 966 2309 Ecclesite.
1000 2250 1142 2305 Satis
1167 2248 1309 2304 enim
1330 2244 1619 2301 absurdum
1649 2246 1732 2296 est
1758 2239 1991 2309 aliquem

409 2350 649 2415 credere,
695 2358 922 2402 uxorem
969 2349 1095 2396 ante
1138 2326 1464 2408 baptismum
1531 2328 1820 2401 acceptam‘
1873 2334 1996 2398 post

406 2441 732 2511 baptismum
761 2448 867 2492 non
898 2429 1225 2503 computari,
1253 2442 1377 2485 cum
1403 2424 1711 2483 benedictio
1761 2434 1879 2491 qua:
1900 2432 1997 2489 per

410 2529 744 2588 sacerdotem
765 2542 928 2597 super
946 2527 1210 2580 nubentes
1238 2520 1549 2591 imponitur,
1579 2529 1685 2571 non
1714 2513 1995 2569 materiam

412 2619 754 2691 delinquendi
784 2616 1014 2681 dedisse,
1037 2614 1131 2669 sed
1160 2613 1387 2666 formam
1418 2607 1651 2663 tenuisse
1677 2604 1813 2672 legis
1834 2617 1864 2658 a
1888 2601 1998 2656 Deo

413 2712 704 2784 antiquitus
749 2692 1006 2764 instituta:
1046 2706 1325 2759 doceatur.
1381 2699 1537 2766 Quod
1564 2698 1611 2752 si
1642 2708 1751 2751 non
1777 2702 1999 2765 putatur

413 2821 549 2859 uxor
604 2817 723 2858 esse
777 2794 1138 2867 computanda
1185 2808 1304 2863 qua:
1333 2799 1459 2845 ante
1486 2789 1808 2859 baptismum
1840 2786 1998 2841 ducta

414 2902 515 2959 est,
546 2906 674 2960 ergo
728 2905 828 2945 nec
858 2888 949 2941 lilii
997 2885 1090 2956 qui
1135 2891 1261 2938 ante
1306 2879 1629 2951 baptismum
1660 2876 1827 2949 geniti
1854 2884 1996 2940 sunt,

415 2998 514 3053 pro
542 2979 663 3036 filiis
687 2976 977 3037 habentur.

420 3095 487 3157 Ut
512 3094 725 3148 alterius
762 3092 975 3145 clericos
1004 3087 1252 3147 ordinare
1280 3085 1451 3144 nullus
1473 3090 1684 3153 usurpet
1710 3080 1997 3151 episc0pus.

486 3204 629 3274 XIV.
658 3202 729 3258 Ut
750 3202 819 3257 de
847 3200 1018 3255 aliena
1048 3196 1291 3252 Ecclesia
1321 3194 1578 3253 clericum
1604 3190 1856 3246 ordinare
1882 3190 2002 3252 nut-

420 3300 502 3354 lus
528 3303 795 3366 usurpet,
832 3293 934 3348 nisi
963 3293 1083 3360 ejus
1116 3289 1407 3360 episcopus
1450 3285 1703 3356 precibus
1748 3289 2002 3338 exoratus

420 3387 720 3445 concedere
754 3384 1004 3440 voluerit.
1056 3380 1168 3435 Hoc
1215 3379 1377 3434 etiam
1414 3374 1650 3447 synodus
1686 3372 1873 3428 statuit
1912 3371 2004 3425 Ni-

421 3494 589 3543 caena,
612 3486 671 3534 ut
692 3475 962 3545 abjectum
987 3473 1054 3529 ab
1083 3471 1258 3526 altero
1284 3467 1543 3531 clericum
1570 3464 1739 3545 altera
1762 3461 2006 3529 Ecclesia

423 3584 531 3625 non
555 3566 803 3637 recipiat.
1702 3542 1705 3545 ’

426 3706 494 3763 Ut
522 3721 628 3761 non
678 3702 1059 3774 rebaptizentur
1087 3700 1174 3774 qui
1222 3699 1291 3774 od
1319 3695 1608 3774 Ecclesium
1634 3711 1667 3749 o
1695 3692 2008 3751 Novatinnit

865 3775 942 3827 rel
971 3768 1325 3837 Monlensihus
1354 3770 1579 3822 veniunt.

495 3889 613 3944 XV.
666 3886 736 3943 Ut
779 3887 1060 3943 venientes
1104 3901 1135 3938 a
1180 3882 1493 3938 Novatianis
1528 3880 1615 3935 vel
1644 3879 2010 3935 Montensibus

424 3997 522 4052 per
549 3994 740 4034 manus
790 3986 997 4031 tantum
1046 3974 1442 4043 impesitionem
1470 3970 1859 4039 suscipiantur,
1884 3970 2011 4037 quia

424 4071 671 4140 quamvis
697 4069 765 4123 ab
793 4066 1059 4122 hmreticis
1083 4102 1098 4128 ,
1148 4072 1329 4117 tamen
1355 4062 1410 4115 in
1438 4059 1636 4115 Christi
1668 4059 1885 4113 nomine
1912 4059 2010 4113 ba-

416 4160 612 4231 ‘ptizati
640 4168 785 4222 sunt,
841 4164 1037 4226 praeter
1064 4168 1160 4210 eos
1199 4153 1291 4224 qui
1317 4153 1362 4207 si
1393 4150 1530 4207 forte
1559 4165 1589 4205 a
1622 4148 1777 4205 nobis
1801 4149 1867 4203 ad
1894 4148 2014 4203 illos

428 4256 772 4305 transeuntes
817 4244 1134 4315 rebaptizati
1182 4252 1339 4309 sunt,
1370 4242 1425 4299 bi
1453 4242 1499 4297 si
1530 4242 1911 4311 resipiscentes
1958 4248 2015 4294 et

429 4342 639 4396 ruinam
668 4353 819 4394 suam
848 4338 1145 4407 cogitantes
1170 4336 1346 4391 redire
1371 4330 1698 4399 maluerint,
1731 4333 1828 4389 sub
1857 4333 2015 4401 longa

430 4430 758 4503 pmnitentite
784 4429 1156 4487 satisfactione
1184 4426 1500 4489 admittendi
1527 4434 1673 4482 sunt.

435 4571 584 4639 Quod
623 4571 921 4631 sacerdotes
943 4578 993 4625 et
1021 4569 1195 4693 levate?)
1235 4584 1352 4692 cur:
1390 4566 1687 4631 mulieribus
1726 4567 1864 4622 coire
1909 4583 2015 4623 non

1138 4657 1165 4693 e
1199 4656 1296 4693 ean
1324 4678 1339 4693 .

1138 4656 1339 4695 ευεαηι.

501 4754 641 4813 XVI.
672 4753 977 4818 Pneterea,
1004 4752 1149 4823 quod
1176 4751 1419 4821 dignum,
1449 4757 1505 4806 et
1534 4749 1809 4820 pudicum,
1841 4758 1897 4804 et
1924 4749 2020 4803 bo—

434 4859 645 4914 nestum
700 4858 781 4902 est
807 4888 823 4915 ,
870 4856 1055 4901 tenere
1096 4844 1337 4910 Ecclesia
1377 4841 1689 4898 omnimodo
1716 4840 1906 4908 debet,
1965 4848 2024 4893 ut

436 4937 745 4994 sacerdotes
781 4946 837 4991 et
890 4936 1065 4991 leviue
1093 4951 1215 4989 cum
1245 4934 1503 4999 uxoribus
1531 4934 1641 4988 suis
1671 4948 1776 4987 non
1807 4939 2020 4997 coeant,

436 5030 560 5098 quia
588 5027 871 5085 ministerii
891 5026 1188 5097 quotidiani
1212 5024 1622 5082 necessitatibus
1650 5030 1980 5092 oceupantur
2007 5040 2020 5075 :

437 5120 694 5190 scriptum
737 5127 820 5174 est
849 5119 992 5174 enim
1026 5134 1037 5170 :
1072 5117 1257 5172 Sancti
1287 5126 1494 5183 estote,
1543 5116 1799 5187 quoniam
1842 5123 1896 5170 et
1922 5129 2022 5183 ego

438 5218 658 5279 sanctus
712 5224 828 5263 sum
858 5208 1118 5264 Dominus
1146 5207 1290 5262 Deus
1328 5215 1524 5263 vester.
1582 5206 1714 5260 Nam
1752 5206 1796 5260 si
1834 5206 2024 5276 priscis

440 5299 773 5371 temporibus
799 5299 868 5356 de
897 5300 1095 5371 templo
1125 5294 1220 5354 Dei
1249 5298 1558 5355 sacerdotes
1583 5313 1726 5354 anno
1754 5298 1884 5353 vicis
1914 5313 2024 5352 sua:

441 5406 545 5445 non
575 5390 958 5457 discedebant,
998 5392 1136 5446 sicut
1173 5391 1240 5445 de
1270 5389 1530 5443 Zacharia
1561 5389 1785 5457 legimus
1872 5391 2021 5461 {Luc

446 5508 481 5554 ι,
505 5483 560 5552 8)
592 5524 606 5550 ,
644 5497 747 5538 nec
785 5482 1003 5537 domum
1044 5496 1193 5536 suam
1224 5482 1443 5536 omnino
1472 5480 1760 5548 tangebam
1786 5519 1798 5543 ,
1829 5479 2023 5547 quibus

443 5577 625 5639 utique
671 5581 893 5642 propter
940 5572 1141 5626 sobolis
1187 5570 1583 5627 successionem
1632 5568 1852 5622 uxorius
1894 5581 2022 5622 usus

444 5660 614 5716 fuerat
643 5664 946 5727 relaxatus,
977 5662 1101 5731 quia
1132 5676 1198 5716 ex
1255 5660 1355 5713 alia
1388 5658 1529 5712 tribu
1580 5666 1637 5711 et
1664 5665 2019 5726 prieterquam

443 5769 510 5807 ex
536 5754 739 5809 semine
769 5754 949 5809 Aaron
979 5752 1047 5807 ad
1077 5751 1442 5808 sacerdotium
1481 5749 1659 5805 nullus
1687 5748 1858 5803 fuerat
1884 5763 2021 5817 prte-

446 5852 634 5912 tcptus
654 5845 911 5900 accedere
934 5844 1118 5915 (Nam.
1146 5843 1292 5912 xvut)
1309 5884 1323 5909 ,
1356 5851 1559 5912 quanto
1580 5841 1750 5908 magis
1770 5840 1823 5894 hi
1844 5852 2023 5901 sacer-

451 5936 601 5991 dotes
629 5935 711 5991 vel
763 5936 936 5993 levita:
964 5936 1273 6007 pudicitiam
1309 5951 1376 5992 ex
1412 5935 1497 5993 die
1538 5932 1888 6017 ordinationis
1915 5945 2023 5988 sua:

2095 1976 2481 2036 conscientiam
2511 1976 2763 2030 futuram.
2800 1972 2984 2041 Neque
3014 1969 3156 2025 enim
3184 1968 3421 2035 integros
3448 1975 3680 2032 corpore

2097 2087 2203 2126 non
2233 2066 2481 2133 admisit,
2511 2064 2602 2135 qui
2630 2064 2704 2119 ait
2730 2082 2742 2117 :
2768 2061 2974 2118 Vellem
3005 2069 3183 2115 autem
3216 2067 3404 2114 omnes
3429 2057 3506 2111 sic
3533 2070 3676 2116 esse,

2095 2162 2233 2217 sicut
2254 2171 2307 2216 ct
2330 2174 2430 2229 ego
2458 2157 2512 2231 (Ι
2535 2157 2655 2212 Cor.
2681 2156 2795 2229 vn).
2829 2154 2895 2209 Et
2921 2153 3159 2225 apertius
3184 2151 3423 2210 declarat
3450 2148 3640 2204 dicens
3666 2167 3679 2201 :

2096 2252 2198 2322 Qui
2227 2265 2406 2309 autem
2436 2252 2489 2308 in
2515 2266 2679 2308 carne
2707 2257 2860 2314 sunt,
2890 2248 3002 2304 Deo
3031 2245 3245 2318 placere
3270 2260 3376 2299 non
3413 2251 3681 2313 possunt;

2097 2362 2195 2400 vos
2231 2355 2413 2399 autem
2439 2340 2550 2413 jam
2592 2358 2699 2397 non
2739 2340 2867 2396 estis
2915 2339 2968 2394 in
3018 2352 3181 2399 carne
3205 2378 3226 2406 ι
3264 2332 3363 2402 sed
3398 2334 3452 2389 in
3491 2332 3684 2404 spiritu

2099 2434 2276 2507 (Rom.
2311 2434 2447 2503 vm).

2100 2544 2251 2612 Quod
2278 2545 2558 2601 monac/ius
2576 2583 2592 2607 ,
2627 2544 2673 2597 si
2701 2543 2918 2597 clericus
2947 2543 3114 2612 [actus
3142 2539 3327 2611 fuerit,
3356 2537 3682 2608 propositum

2582 2630 2727 2668 suum
2757 2609 2957 2667 servare
2986 2609 3186 2665 debeat.

2170 2702 2330 2762 XVII.
2384 2706 2459 2762 De
2487 2702 2765 2760 monachis
2816 2703 2910 2773 qui
2966 2699 3059 2757 diu
3090 2707 3367 2756 morantes
3398 2699 3449 2753 in
3490 2713 3685 2752 [ηοω-τ

2099 2798 2278 2854 steriis
2297 2805 2485 2869 postea
2505 2794 2572 2850 ad
2598 2795 2881 2851 clericatus
2912 2790 3155 2848 ordinem
3182 2788 3547 2861 pervenerint,
3579 2803 3691 2840 non

2101 2890 2298 2945 debere
2320 2903 2415 2944 eos
2436 2903 2467 2941 a
2489 2887 2668 2957 priore
2688 2884 2967 2956 proposito
2991 2881 3226 2937 deviare.
3257 2879 3362 2933 Aut
3387 2878 3528 2931 enim
3551 2876 3692 2933 sicut

2102 2982 2156 3036 in
2186 2961 2517 3035 monasterio
2545 2976 2681 3042 fuit,
2715 2985 2769 3031 et
2796 2974 2938 3060 quod
2969 2973 3059 3028 diu
3088 2970 3359 3038 servavit,
3397 2970 3447 3022 in
3478 2968 3695 3022 meliori

2100 3073 2270 3143 gradu
2299 3072 2505 3141 positus
2536 3058 2811 3129 amittere
2830 3083 2938 3120 non
2968 3062 3150 3120 debet.
3197 3058 3303 3116 Aut
3331 3059 3373 3115 si
3404 3069 3697 3128 corruptus

2103 3171 2291 3233 postea
2321 3158 2621 3231 baptizatus
2653 3160 2703 3212 in
2737 3155 3064 3233 monasterio
3109 3146 3323 3219 sedens,
3354 3159 3408 3205 et
3434 3150 3502 3204 ad
3532 3149 3698 3204 cleri-

2032 3254 2076 3316 C
2107 3267 2257 3313 catus
2304 3252 2546 3311 ordinem
2593 3246 2854 3307 accedere
2902 3244 3172 3316 voluerit,
3217 3259 3439 3299 uxorem
3469 3241 3697 3298 omnino

2108 3344 2307 3402 habere
2346 3360 2456 3399 nou
2486 3342 2704 3415 poterit,
2760 3340 2886 3409 quia
2915 3354 3017 3393 nec
3054 3336 3299 3392 benedici
3331 3349 3453 3389 cum
3494 3349 3698 3403 sponsa

2108 3446 2287 3509 potest
2311 3432 2421 3505 jam
2452 3442 2577 3489 ante
2615 3440 2919 3502 corruptus.
2972 3428 3101 3497 Quae
3149 3429 3319 3481 forma
3364 3435 3610 3482 servatur
3642 3427 3699 3479 in

2109 3527 2319 3585 clericis
2348 3521 2615 3595 maxime,
2646 3540 2769 3579 eum
2817 3532 2967 3576 vetus
3010 3516 3191 3589 regula
3233 3516 3338 3573 hoc
3382 3516 3614 3581 habent,
3641 3526 3699 3569 ut

2109 3620 2337 3689 quisque
2366 3624 2651 3685 corruptus
2679 3612 2979 3682 baptizatus
3007 3610 3237 3666 clericus
3272 3622 3392 3662 esse
3418 3605 3700 3671 voluisset,

2110 3711 2401 3782 spondcrct
2427 3724 2486 3765 se
2518 3721 2739 3762 uxorem
2770 3704 2991 3760 omnino
3021 3718 3128 3756 non
3158 3701 3377 3755 ducere.

2115 3826 2183 3884 Ut
2209 3843 2275 3880 ex
2304 3824 2586 3880 curialibus
2615 3823 2831 3877 clericus
2872 3836 2977 3876 non
3005 3820 3133 3888 ﬁat,
3162 3827 3372 3887 propter
3416 3819 3706 3883 rolttptatea

2254 3913 2380 3968 quas
2408 3912 2440 3949 α
2467 3894 2672 3949 diabolo
2701 3894 2930 3946 inventas
2953 3889 3190 3944 exhibere
3218 3888 3556 3955 compellitur.

2184 3987 2366 4044 XVIII.
2414 3982 2683 4041 Przctcrea
2737 3980 3045 4052 frequenter
3081 3980 3297 4049 quidam
3342 3995 3406 4033 ex
3448 3977 3705 4031 fratribus

2114 4080 2312 4136 nostris
2352 4077 2614 4139 curiales,
2646 4074 2731 4129 vel
2768 4073 3035 4151 quoslibet
3077 4068 3303 4141 publicis
3343 4069 3707 4125 functionibus

2116 4177 2431 4239 occupatos,
2461 4165 2686 4220 clericos
2717 4163 2893 4218 facere
2921 4162 3271 4227 contendunt,
3298 4160 3487 4228 quibus
3515 4167 3706 4227 postea

2115 4259 2288 4329 major
2316 4258 2553 4322 tristitia,
2587 4271 2709 4310 cum
2735 4254 2800 4309 de
2826 4253 3145 4309 revocandis
3171 4252 3250 4306 eis
3277 4250 3475 4319 aliquid
3505 4251 3573 4304 ab
3603 4250 3709 4302 im-

2117 4359 2368 4420 peratore
2395 4346 2724 4418 prmcipitur,
2748 4358 2907 4414 quam
2932 4344 3101 4414 gratia
3126 4342 3360 4397 nascitur
3379 4341 3445 4396 de
3467 4341 3709 4395 adscitis.

2116 4436 2342 4496 Constat
2371 4436 2513 4493 enim
2543 4450 2638 4491 eos
2682 4436 2734 4489 in
2784 4434 2911 4504 ipsis
2957 4433 3153 4488 muniis
3199 4432 3504 4502 voluptates
3543 4431 3711 4485 etiam

2122 4528 2399 4592 exhibere,
2431 4542 2566 4598 quas
2589 4541 2622 4579 a
2652 4525 2866 4580 diabolo
2906 4524 3156 4579 inventas
3194 4538 3311 4579 esse
3350 4539 3457 4577 non
3487 4523 3709 4576 dubium

2047 4630 2100 4692 ι)
2123 4628 2236 4685 est,
2266 4626 2321 4672 et
2351 4616 2595 4671 ludorum
2626 4622 2719 4668 aut
2759 4628 3039 4668 munerum
3078 4611 3423 4683 apparatibus
3453 4620 3546 4665 aut
3570 4627 3709 4680 pne-

2123 4722 2242 4764 esse
2271 4715 2362 4760 aut
2390 4702 2612 4760 forsitan
2653 4704 2936 4759 interesse.
2986 4702 3068 4757 Sit
3114 4711 3263 4759 certe
3310 4703 3361 4757 in
3402 4704 3713 4772 exetuplunt

2123 4796 2429 4855 sollicitudo
2456 4804 2510 4850 et
2538 4794 2750 4850 tristitia
2773 4793 3016 4855 fratrum,
3040 4808 3202 4862 quam
3225 4808 3368 4862 saepe
3395 4784 3723 4861 pertulimus.

2125 4887 2450 4958 imperatore
2470 4896 2753 4957 praesente,
2776 4899 2896 4939 cum
2920 4899 3017 4954 pro
3047 4884 3130 4938 his
3156 4884 3349 4954 saepius
3376 4868 3727 4952 rogaremus,"

2124 4993 2283 5048 quam
2315 4978 2428 5049 ipse
2459 4976 2736 5031 nobiscum
2774 4976 2980 5045 positus
3021 4975 3353 5043 cognovisti,
3384 4976 3578 5044 quibus
3607 4992 3713 5030 non

2127 5070 2300 5125 solum
2332 5067 2613 5123 inferiores
2643 5067 2826 5122 clerici
2864 5082 2930 5121 ex
2973 5067 3293 5131 curialibus,
3324 5082 3512 5121 verum
3550 5067 3714 5122 etiam

2120 5156 2229 5226 jam
2262 5155 2315 5211 in
2344 5153 2647 5211 sacerdotio
2676 5154 2975 5220 constituti,
3008 5155 3191 5223 ingens
3221 5154 3466 5209 molestia
3502 5164 3559 5209 ut
3588 5155 3715 5211 red-

2124 5246 2380 5302 derentur
2410 5247 2663 5301 instabat.

2396 5358 2473 5412 De
2504 5357 2782 5428 virginibus
2818 5360 3017 5424 velatis,
3046 5360 3090 5412 si
3118 5358 3449 5413 deviaverint.

2194 5469 2331 5523 XIX.
2365 5470 2497 5525 Item
2527 5485 2645 5538 qua:
2673 5470 2887 5526 Christo
2913 5471 3227 5541 spiritaliter
3254 5481 3570 5542 nupserunt,
3600 5480 3658 5527 et
3684 5488 3717 5528 a

2120 5562 2406 5618 sacerdote
2436 5563 2679 5618 velantur
2700 5605 2715 5629 ,
2749 5564 2791 5618 si
2821 5573 3009 5632 postea
3052 5564 3138 5619 vel
3168 5564 3381 5633 publice
3409 5566 3714 5634 nupserim,

2125 5654 2209 5708 vel
2234 5670 2293 5709 se
2312 5654 2560 5709 clanculo
2583 5656 2944 5724 corruperint,
2968 5670 3073 5710 non
3098 5670 3191 5710 eas
3214 5654 3569 5710 admittendas
3589 5669 3719 5711 esse

2126 5745 2191 5799 ad
2220 5745 2479 5812 agendam
2512 5747 2909 5818 pmttitetttiam,
2970 5747 3069 5803 nisi
3101 5747 3145 5801 is
3186 5747 3272 5802 cui
3328 5764 3388 5803 se
3418 5747 3721 5816 jtutxerant

2127 5836 2195 5891 de
2237 5835 2435 5891 mundo
2477 5838 2782 5892 recesset-it.
2831 5838 2890 5893 Si
2938 5838 3081 5893 enim
3126 5837 3191 5893 de
3239 5838 3549 5893 hominibus
3598 5840 3724 5895 haec

2128 5927 2265 5984 ratio
2293 5926 2617 5997 custoditur,
2664 5938 2718 5983 ut
2748 5943 3078 6000 quaecunque
3127 5929 3339 5987 vivente
3386 5928 3503 5987 viro
3551 5927 3722 6001 alteri
