3988 6344
207 437 324 494 283

1245 427 1620 489 COLLECTIO
1659 425 2129 487 DECRETORUM
2169 427 2272 484 PP.
2318 428 2434 485 RR.

3409 433 3531 488 2&6-

210 549 477 622 nupscrit,
505 546 770 602 habeatur
796 545 1070 616 adultera,
1099 562 1200 603 nec
1227 547 1277 603 ei
1307 545 1526 616 agendae
1553 544 1818 616 poeniten—
1851 546 1897 606 A
1923 553 2196 610 varentur,
2229 556 2330 600 nec
2357 543 2708 602 admittantur
2735 545 2804 602 ad
2836 545 2941 602 tale
2967 537 3326 604 ministerium
3373 548 3533 620 quod.

214 644 301 695 the
332 639 545 699 licentia
575 637 942 704 concedatur,
985 637 1087 694 nisi
1127 652 1267 692 unus
1301 652 1368 692 ex
1409 635 1494 691 his
1523 634 1685 691 fuerit
1713 633 1809 689 de-

213 736 458 802 functus,
497 737 702 801 quanto
728 731 903 800 magis
928 729 996 786 de
1024 730 1114 785 illa
1145 729 1375 786 tenenda
1405 735 1489 784 est
1539 741 1659 797 quae
1687 736 1812 781 ante

212 823 508 880 immortali
550 836 611 878 se
649 836 853 892 sponso
881 821 1240 892 coniunxerat
1258 863 1275 892 ,
1305 828 1363 877 et
1399 828 1587 892 postea
1617 817 1683 875 ad
1712 819 1814 874 bu-

209 932 405 973 manas
435 917 657 987 nuptias
679 915 1120 986 transmigravit?

417 1025 497 1081 De
524 1026 812 1100 virginibus
842 1043 944 1082 non
975 1026 1152 1083 velatis
1171 1067 1186 1093 ,
1216 1027 1261 1081 si
1288 1026 1618 1081 devitaverint.

288 1135 403 1194 XX.
446 1138 544 1195 liae
569 1154 701 1196 vero
754 1153 876 1210 qua:
903 1138 1132 1196 necdum
1161 1153 1317 1195 sacro
1339 1139 1608 1196 velamine
1631 1148 1817 1213 tectae,

217 1245 406 1291 tamen
436 1232 491 1286 in
518 1231 803 1303 proposito
828 1229 1076 1300 virginali
1103 1244 1320 1301 semper
1345 1245 1406 1286 se
1432 1230 1821 1288 simulaverunt

218 1337 564 1397 pennanere,
594 1323 724 1379 licet
750 1322 942 1380 velatze
969 1337 1078 1379 non
1107 1323 1324 1390 fuerint,
1355 1323 1402 1378 si
1431 1323 1572 1380 forte
1611 1339 1814 1394 nupse-

215 1419 357 1485 rint,
414 1417 500 1472 his
527 1415 738 1484 agenda
765 1413 1043 1484 aliquanto
1080 1422 1326 1484 tempore
1356 1415 1673 1485 pmnitentia
1707 1424 1814 1484 est,

215 1508 348 1579 quia
379 1507 600 1578 sponsio
639 1520 827 1562 earum
871 1520 902 1560 a
937 1503 1171 1561 Domino
1219 1505 1524 1562 tenebatur.
1571 1505 1630 1562 Si
1675 1507 1819 1562 enirn

218 1599 368 1652 inter
396 1595 643 1652 homines
677 1595 820 1650 solet
857 1595 1015 1650 bonae
1050 1592 1173 1650 ﬁdei
1209 1602 1523 1650 contractus
1550 1596 1696 1650 nulla
1727 1611 1816 1651 ra-

219 1691 377 1745 tione
404 1686 660 1750 dissolvi,
698 1695 902 1756 quanto
943 1686 1115 1756 magis
1151 1686 1252 1741 ista
1307 1685 1626 1756 pollicitatio
1656 1696 1822 1755 quam

215 1795 347 1836 cum
377 1779 489 1834 Deo
518 1778 862 1849 pepigerunt,
891 1777 1028 1832 solvi
1047 1778 1165 1832 sine
1195 1776 1429 1833 vindicta
1457 1793 1566 1832 non
1591 1779 1821 1847 poterit?

221 1871 367 1928 Nam
397 1871 445 1928 si
473 1870 751 1942 apostolus
779 1867 978 1924 Paulus
1013 1883 1132 1939 qua:
1171 1883 1202 1923 a
1240 1869 1519 1940 proposito
1551 1868 1823 1924 viduitatis

214 1964 613 2024 discesserant,
650 1961 847 2016 dixerit
875 1974 968 2015 eas
997 1959 1201 2015 habere
1230 1957 1666 2028 damnationem,
1698 1959 1821 2030 quia

219 2057 458 2124 primatn
497 2053 658 2108 Iidem
697 2053 904 2106 irritam
947 2051 1189 2106 fecerunt
1236 2048 1290 2119 (1
1312 2046 1446 2104 Tim.
1471 2048 1525 2121 ν)
1549 2089 1565 2114 ,
1618 2059 1822 2121 quanto

221 2147 407 2218 potius
433 2146 688 2215 virgines,
719 2161 839 2216 qua:
869 2143 1064 2215 prioris
1089 2143 1464 2216 promissionis
1491 2141 1648 2201 ﬁdem
1675 2144 1821 2202 fran-

217 2253 355 2308 gere
380 2245 506 2292 sunt
532 2238 780 2293 conatae?

297 2328 424 2383 l-Irec
455 2329 640 2397 itaque
670 2325 851 2398 regula
871 2369 885 2393 ,
916 2326 1084 2382 frater
1113 2329 1455 2397 charissime,
1482 2328 1526 2382 si
1558 2327 1715 2398 plena
1743 2328 1824 2383 vi-

222 2419 450 2487 gilantia
490 2419 654 2474 fuerit
693 2418 760 2472 ab
799 2419 1051 2475 omnibus
1092 2419 1187 2475 Dei
1229 2418 1604 2475 sacerdotibus
1644 2419 1829 2474 obser-

225 2517 374 2574 vata,
408 2508 641 2564 cessabit
670 2507 916 2576 ambitio,
960 2497 1626 2580 dissenSio'conquiescet,
1658 2509 1831 2564 haere-

224 2615 316 2656 ses
346 2608 403 2656 et
430 2601 727 2656 schismata
772 2616 880 2656 non
929 2609 1231 2671 emergent,
1260 2599 1442 2658 locum
1471 2617 1580 2657 non
1607 2601 1833 2671 accipiet

225 2689 476 2748 diabolus
524 2690 816 2757 smviendi,
868 2691 1107 2747 manebit
1153 2692 1519 2759 unanimitas,
1574 2692 1832 2763 iniquitas

223 2790 486 2854 superata
516 2781 830 2847 calcabitur,
854 2784 1053 2838 veritas
1078 2783 1304 2854 spiritali
1333 2782 1546 2839 fervore
1567 2781 1832 2853 llagrabit,

231 2888 339 2942 pax
370 2870 664 2942 praedicata
682 2871 838 2928 labiis
863 2887 987 2927 cum
1016 2871 1294 2928 voluntate
1323 2873 1514 2932 anima:
1543 2872 1836 2928 concorda-

235 2963 343 3027 bit,
378 2960 695 3032 implebitur
723 2959 927 3016 dictum
979 2961 1245 3034 Apostoli,
1277 2968 1334 3018 ut
1362 2964 1642 3019 unanimes
1672 2978 1838 3018 unum

233 3052 537 3108 sentientes
566 3067 981 3123 permaneamus
1009 3053 1062 3108 in
1092 3053 1308 3110 Christo
1347 3053 1604 3126 (Philipp.
1642 3053 1721 3126 ιι),
1753 3053 1837 3108 ni-

234 3147 311 3200 hil
343 3161 444 3215 per
470 3146 877 3202 contentionem
922 3146 1112 3212 nobis,
1153 3164 1329 3218 neque
1359 3163 1456 3219 per
1480 3148 1696 3202 inanem
1726 3146 1842 3216 glo-

233 3237 374 3290 riam
415 3235 786 3300 vindicantes,
831 3253 940 3292 non
981 3237 1322 3303 hominibus,
1363 3237 1458 3291 sed
1504 3237 1615 3292 Deo
1658 3245 1843 3292 nostro

234 3329 494 3384 salvatori
537 3329 813 3399 placentes
847 3346 859 3381 :
891 3329 974 3383 cui
1015 3341 1099 3384 est
1139 3329 1314 3384 honor
1348 3339 1404 3384 et
1458 3329 1627 3398 gloria
1657 3329 1712 3384 in
1740 3345 1839 3383 sze-
1868 3307 1914 3371 Ο

236 3421 366 3476 cula
400 3421 744 3475 szcculontm.
781 3420 970 3474 Amen.
1001 3418 1136 3474 Data
1169 3437 1232 3474 vv
1262 3419 1364 3476 cal.
1399 3419 1570 3474 Martii
1600 3420 1838 3474 Ilonorio

237 3515 485 3582 Angusto
513 3529 564 3568 γι
596 3523 649 3567 et
679 3511 991 3568 Aristonem
1022 3529 1074 3565 v.
1109 3528 1156 3567 c.
1192 3528 1366 3568 conss.
1423 3511 1600 3583 (.lnn.
1649 3510 1838 3566 Christi

236 3605 371 3659 sos.
399 3605 417 3675 )

313 3696 662 3752 Innocentius
685 3694 956 3766 Exuperio
979 3696 1238 3768 episcopo
1261 3694 1530 3752 Tolosano
1552 3697 1800 3751 salutem.

314 3779 635 3842 Consulcnti
665 3787 783 3853 tibi,
815 3786 983 3842 frater
1010 3786 1324 3843 charissime
1345 3827 1358 3853 ,
1391 3785 1518 3858 quid
1547 3787 1614 3842 de
1643 3804 1840 3857 propo-

236 3882 348 3934 sita
377 3879 561 3950 specie
605 3892 929 3949 tmaquaque
957 3877 1234 3945 sentirem,
1295 3895 1396 3949 pro
1426 3889 1586 3948 captu
1641 3879 1838 3934 intelli-

238 3970 442 4038 gentia:
469 3983 605 4024 mea:
653 3983 770 4039 quae
799 3979 926 4023 sunt
971 3968 1084 4024 visa
1115 3968 1408 4040 respondi,
1442 3964 1567 4039 quid
1601 3983 1839 4039 sequen-

239 4062 397 4122 dum,
431 4058 516 4114 vel
561 4057 754 4114 docilis
801 4059 940 4115 ratio
987 4059 1377 4130 persuaderet,
1424 4059 1509 4114 vel
1551 4058 1842 4115 auctoritas

238 4148 497 4203 lectionis
526 4148 857 4213 ostenderet,
887 4148 976 4204 vel
1022 4150 1292 4205 custodita
1345 4150 1512 4205 series
1539 4159 1840 4219 temporum

241 4239 668 4294 demonstraret.
693 4236 956 4309 Equidem
979 4239 1197 4296 dilectio
1219 4249 1310 4296 tua
1330 4241 1634 4296 institutum
1655 4251 1841 4297 secuta

242 4331 592 4401 pruJentium
639 4329 707 4383 ad
755 4329 938 4385 sedem
987 4332 1339 4401 apostolicam
1386 4331 1588 4388 referre
1632 4330 1839 4400 maluit,

241 4419 373 4487 quid
403 4420 631 4474 deberet
659 4421 726 4475 de
762 4420 923 4475 rebus
949 4421 1124 4478 dubiis
1150 4423 1420 4478 custodire
1449 4425 1648 4494 potius,
1681 4439 1842 4493 quam

248 4510 602 4578 usurpatione
631 4522 955 4582 praesumpta
983 4527 1101 4582 quae
1127 4514 1228 4568 sibi
1253 4515 1565 4570 viderentur
1583 4557 1596 4579 ,
1641 4517 1708 4571 de
1734 4516 1844 4569 sitt-

243 4603 386 4671 gulis
415 4604 682 4658 obtinere.
713 4602 824 4658 Cur
849 4605 994 4660 enim
1032 4607 1202 4676 magis
1247 4606 1553 4676 pudendum
1594 4617 1844 4677 putemus

246 4692 465 4748 discere
491 4694 714 4763 aliquid,
743 4711 907 4764 quam
939 4697 1159 4752 omnino
1191 4697 1439 4752 nescire?
1469 4699 1594 4751 mihi
1624 4713 1842 4768 quoque
1875 4688 1922 4746 D

245 4785 350 4854 ipsi
397 4784 466 4838 de
509 4786 802 4842 collatione
847 4786 1097 4844 docilitas
1126 4788 1355 4856 accedit,
1393 4795 1452 4842 ut
1491 4790 1846 4859 perscrutatis

242 4877 552 4930 rationibus
575 4877 642 4931 ad
664 4879 940 4948 proposita
965 4879 1288 4949 respondere
1315 4883 1608 4950 compellar
1633 4902 1644 4935 :
1673 4897 1846 4952 COqllc

242 4967 309 5019 ﬁt
351 4975 409 5019 ut
448 4967 647 5036 aliquid
673 4984 891 5039 semper
915 4969 1178 5036 addiscat,
1211 4973 1297 5041 qui
1330 4972 1632 5040 postulatur
1661 4983 1719 5026 ut
1746 4974 1844 5029 d0=

238 5068 389 5112 ccat.
412 5057 719 5130 I’roponam
749 5061 911 5131 igitur
937 5059 1168 5130 sitrgula,
1200 5061 1592 5130 subjiciamque
1622 5077 1844 5133 respon-

239 5164 391 5204 sum.

416 5259 496 5315 De
525 5264 900 5318 incontinentia
930 5266 1256 5321 sacerdotum
1286 5265 1362 5320 vel
1391 5267 1679 5321 (eriterunt.

329 5371 466 5427 XXI.
510 5374 841 5446 Proposuisti
887 5378 1015 5447 quid
1070 5376 1138 5433 de
1187 5377 1269 5434 his
1329 5377 1605 5434 observari
1655 5377 1850 5434 debeat

235 5482 391 5536 quos
423 5465 476 5520 in
508 5465 740 5524 diaconii
771 5470 1070 5526 ministerio
1098 5479 1192 5525 aut
1245 5471 1297 5525 in
1328 5469 1508 5526 ollicio
1532 5470 1850 5542 presbyterii

234 5559 464 5629 positos
505 5559 900 5618 incontinentes
938 5577 1058 5618 esse
1119 5571 1211 5617 aut
1253 5562 1414 5619 fuisse
1456 5563 1698 5632 generati
1757 5562 1850 5619 ﬁlii

233 5649 627 5724 prodiderunt.
656 5650 728 5707 De
752 5653 836 5707 his
856 5662 910 5707 ct
931 5652 1233 5708 divinarum
1263 5654 1438 5724 legum
1465 5653 1746 5710 manifesta
1772 5665 1857 5712 est

231 5743 562 5812 disciplina,
587 5754 640 5798 et
663 5745 831 5799 beata:
854 5745 1246 5802 recordationis
1277 5747 1375 5800 viri
1405 5745 1580 5801 Siricii
1611 5747 1855 5819 episcopi

231 5837 462 5893 nmnita
495 5837 761 5893 evidentia
802 5850 1206 5905 commearunt,
1265 5845 1322 5895 ut
1365 5839 1760 5896 incontinentes
1799 5840 1854 5896 in

230 5923 454 5985 ofﬁciis
485 5926 678 5984 tatibus
705 5928 870 5999 positi
913 5930 1058 5987 omni
1098 5931 1302 5994 honore
1343 5931 1708 5993 ecclesiastico
1745 5937 1850 6003 pri-

1920 638 2036 694 sola
2066 637 2402 695 continentia
2433 645 2651 708 oportet
2677 639 2911 710 impleri.
2943 638 3036 695 Est
3063 640 3208 696 enim
3233 648 3391 697 vetus
3420 641 3518 696 ad-

1921 726 2138 782 modum
2166 741 2336 782 sacraa
2360 726 2492 797 legis
2519 728 2814 785 auctoritas
2842 728 2898 800 (ι
2921 727 3105 784 Paral.
3131 746 3267 796 xxv;
3298 729 3427 784 Luc.
3454 730 3516 799 ι),
3563 729 3566 736 ’

1915 812 2027 884 jam
2055 815 2180 871 inde
2208 815 2276 871 ab
2306 816 2460 872 initio
2497 816 2763 873 custodita
2789 859 2807 887 ,
2857 813 3002 888 quod
3042 819 3094 873 in
3132 816 3335 890 templo
3374 835 3519 875 anno

1923 905 2053 961 vicis
2079 919 2190 960 suae
2217 904 2464 962 habitare
2491 906 2748 978 praecepti
2775 914 2900 963 sunt
2930 908 3258 976 sacerdotes,
3316 918 3384 965 ut
3402 925 3516 966 ser-

1920 994 2130 1052 vientes
2167 995 2336 1051 sacris
2376 995 2741 1053 oblationibus
2796 1011 2965 1068 puros
2997 1007 3056 1053 et
3109 998 3178 1052 ab
3205 998 3363 1054 omni.
3398 997 3523 1055 labe

1923 1093 2181 1158 purgatos
2205 1086 2306 1143 sibi
2328 1087 2603 1144 vindicent
2625 1087 2806 1145 divina
2831 1089 3108 1162 mysteria,
3130 1103 3308 1159 neque
3329 1105 3425 1146 eos
3454 1091 3523 1145 ad

1922 1177 2190 1235 sacriﬁcia
2217 1179 2298 1236 fas
2323 1178 2394 1236 sit
2420 1179 2654 1250 admitti,
2681 1180 2774 1253 qui
2798 1189 3058 1239 exercent
3083 1180 3171 1237 vel
3198 1196 3321 1237 cum
3351 1197 3523 1237 uxore

1922 1272 2140 1329 carnale
2162 1274 2516 1342 consortium,
2539 1275 2666 1345 quia
2686 1274 2946 1347 scriptum
2967 1282 3052 1332 est
3074 1292 3087 1330 :
3111 1274 3296 1332 Sancti
3321 1283 3522 1343 estote,

1922 1366 2049 1436 quia
2069 1373 2123 1422 et
2143 1379 2244 1435 ego
2263 1375 2487 1423 sanctus
2507 1383 2625 1424 sum
2647 1367 2904 1424 Dominus
2925 1368 3068 1423 Deus
3097 1374 3278 1424 vester
3328 1365 3516 1439 (Levii.
3609 1423 3612 1426 λ

1921 1458 2035 1524 xx).
2088 1455 2294 1524 Quibus
2331 1458 2516 1528 utique
2559 1466 2785 1530 propter
2845 1459 3049 1516 sobolis
3113 1459 3518 1515 successionem

1923 1552 2214 1616 propterea
2241 1548 2464 1604 uxorius
2493 1563 2621 1605 usus
2647 1548 2822 1604 fuerat
2848 1549 3139 1614 relaxatus,
3171 1549 3296 1618 quia
3323 1563 3392 1605 ex
3416 1547 3520 1602 alia

1925 1635 2068 1691 tribu
2111 1635 2178 1691 ad
2235 1636 2598 1693 sacerdotium
2628 1638 2805 1694 nullus
2832 1638 3005 1694 fuerat
3037 1647 3340 1710 przeceptus
3369 1650 3523 1694 acet:-

1923 1725 2052 1784 dere
2085 1746 2098 1782 :
2130 1738 2334 1798 quanto
2363 1730 2533 1799 magis
2561 1729 2615 1785 hi
2641 1731 2950 1788 sacerdotes
2995 1731 3081 1787 vel
3109 1731 3285 1787 levita:
3311 1730 3518 1801 pudici-

1928 1819 2056 1874 tiam
2087 1835 2153 1874 ex
2180 1819 2268 1874 die
2296 1819 2655 1875 ordinationis
2681 1836 2793 1875 suae
2814 1835 3039 1876 servare
3064 1819 3262 1876 debent
3279 1861 3294 1887 ,
3326 1819 3520 1890 quibus

1856 1925 1900 1986 Β
1931 1913 2014 1966 vel
2078 1911 2440 1968 sacerdotium
2498 1913 2581 1967 vel
2625 1913 2980 1968 ministerium
3021 1913 3140 1968 sine
3177 1914 3522 1968 successione

1926 2014 2034 2070 est,
2097 2016 2215 2060 nec“
2252 2005 2488 2076 praeterit
2541 2003 2654 2060 dies
2689 2019 2793 2074 qua
2821 2003 2908 2060 vel
2946 2019 2979 2058 a
3015 2001 3292 2059 sacriﬁciis
3330 2001 3524 2060 divinis

1926 2095 2010 2152 vel
2039 2113 2068 2151 a
2099 2097 2438 2167 baptismatis
2477 2096 2659 2153 ofﬁcio
2701 2097 2938 2152 vacent?
2969 2096 3102 2150 Nam
3143 2095 3189 2152 si
3227 2095 3424 2151 Paulus
3440 2093 3519 2150 'ad

1926 2187 2240 2244 Corinthios
2276 2187 2465 2243 scribit
2492 2188 2678 2243 dicens
2708 2205 2721 2240 :
2754 2186 3036 2242 Abstinete
3067 2201 3164 2242 vos
3191 2185 3258 2240 ad
3289 2193 3522 2255 tempus,

1931 2287 1989 2333 ut
2025 2278 2229 2336 vacetis
2270 2279 2502 2335 orationi
2546 2280 2597 2349 (ι
2655 2277 2894 2334 Corinth.
2918 2278 3049 2348 vn),
3088 2286 3149 2333 et
3189 2278 3296 2334 hoc
3340 2277 3524 2346 utique

1930 2368 2080 2424 laicis
2116 2368 2404 2439 przccepit,
2447 2365 2618 2423 multo
2657 2367 2829 2437 magis
2866 2367 3212 2431 sacerdotes,
3249 2365 3443 2437 quibus
3471 2374 3527 2420 et

1931 2457 2122 2514 orandi
2183 2467 2240 2514 et
2286 2455 2626 2515 sacriﬁcandi
2667 2455 2795 2528 iuge
2847 2455 3085 2514 ofﬁcium
3129 2464 3251 2522 est,
3311 2470 3526 2525 semper

1933 2548 2202 2624 debebunt
2228 2551 2296 2605 ab
2335 2548 2647 2619 hujusmodi
2688 2548 2967 2604 consortio
3005 2545 3276 2602 abstinere
3314 2545 3443 2616 :qui
3478 2546 3522 2599 si

1934 2642 2329 2699 contaminatus
2358 2642 2518 2698 fuerit
2549 2641 2752 2698 carnali
2795 2639 3254 2710 concupiscentia,
3283 2654 3392 2710 quo
3428 2654 3527 2708 pu-

1937 2733 2070 2789 dore
2100 2733 2182 2788 vel
2209 2729 2514 2789 sacriﬁcare
2555 2731 2866 2801 usurpabit,
2914 2737 3010 2784 aut
3035 2745 3141 2800 qua
3173 2728 3526 2796 conscientia,

1937 2841 2116 2896 quove
2154 2825 2348 2880 merito
2387 2823 2633 2880 exaudiri
2672 2837 2732 2879 se
2772 2822 2982 2890 credit,
3021 2835 3142 2877 cum
3181 2819 3381 2876 dictum
3410 2819 3479 2875 sit
3511 2837 3522 2871 :

1938 2917 2130 2972 Oinnia
2155 2915 2354 2972 munda
2387 2915 2620 2982 mundis,
2645 2913 3008 2984 coinquinatis
3035 2920 3233 2977 autem,
3257 2919 3313 2967 et
3333 2910 3527 2966 inlide-

1941 3011 2081 3067 libus
2123 3010 2255 3066 nihil
2294 3009 2551 3066 mundum
2604 3008 2717 3081 (Ad
2745 3008 2849 3064 Tit.
2881 3008 2965 3080 1)?
3001 3006 3113 3064 Sed
3157 3006 3386 3062 fortasse
3423 3005 3529 3060 hoc

1940 3101 2105 3156 licere
2141 3097 2333 3164 credit,
2363 3100 2486 3168 quia
2526 3099 2787 3169 scriptum
2809 3105 2892 3153 est
2917 3113 2930 3151 :
2959 3095 3126 3152 Unius
3146 3095 3330 3150 uxoris
3355 3094 3529 3149 virum

1943 3191 2006 3262 (I
2043 3189 2176 3245 Tim.
2214 3191 2347 3261 m);
2397 3206 2504 3245 non
2552 3194 2958 3260 permanentem
3003 3187 3058 3242 in
3095 3184 3529 3256 concupiscentia

1943 3281 2236 3351 generandi
2266 3281 2373 3337 hoc
2395 3279 2562 3345 dixit,
2597 3279 2692 3335 sed
2721 3286 2943 3350 propter
2979 3276 3362 3334 continentiam
3391 3275 3531 3329 futu-

1944 3390 2079 3430 ram.
2124 3372 2312 3445 Neque
2344 3371 2486 3428 eniin
2516 3373 2756 3442 integros
2782 3385 3012 3441 corpore
3041 3384 3147 3425 non
3175 3367 3408 3433 admisit,
3441 3367 3532 3437 qui

1943 3468 2019 3521 ait
2062 3485 2074 3520 :
2121 3465 2328 3520 Vellem
2377 3472 2558 3520 autem
2612 3479 2803 3519 omnes
2841 3463 2920 3518 sic
2958 3476 3114 3528 esse,
3155 3461 3297 3516 sicut
3339 3469 3394 3516 et
3431 3473 3533 3527 ego

1944 3559 1998 3630 (1
2024 3561 2145 3616 Cor.
2170 3559 2304 3630 vn),
2336 3565 2392 3614 et
2429 3559 2665 3629 apertius
2685 3555 2947 3619 declarat,
2975 3553 3159 3609 dicens
3184 3570 3196 3604 :
3220 3550 3321 3617 Qui
3350 3558 3531 3603 autem

1943 3651 1996 3705 in
2021 3664 2184 3705 carne
2212 3657 2367 3715 sunt,
2399 3645 2513 3704 Deo
2543 3648 2757 3718 placere
2795 3662 2904 3700 non
2930 3648 3156 3714 possunt
3182 3659 3196 3709 ;
3231 3656 3325 3695 vos
3353 3649 3533 3694 autem

1940 3742 2051 3809 jam
2079 3751 2188 3793 non
2211 3738 2340 3792 estis
2365 3738 2419 3792 in
2448 3749 2634 3805 carne,
2657 3734 2751 3792 sed
2775 3736 2832 3790 in
2863 3734 3052 3806 Spiritu
3089 3728 3266 3802 (Rom.
3301 3729 3434 3801 vm).
3469 3727 3535 3784 Et

1943 3829 2230 3887 habentem
2266 3827 2404 3884 ﬁlios
2445 3827 2498 3898 (I
2524 3826 2656 3882 Tim.
2683 3827 2784 3896 ιιι),
2819 3841 2927 3881 non
2963 3831 3331 3896 generantem,
3352 3819 3530 3876 edixit.

1943 3921 2050 3979 Sed
2088 3937 2151 3978 ea
2182 3922 2343 3993 plane
2376 3919 2558 3992 dispar
2614 3928 2669 3977 et
2697 3919 2867 3975 divisa
2897 3917 3162 3974 sententia
3192 3924 3304 3982 est';
3338 3931 3462 3969 nam
3489 3917 3533 3969 si

1944 4015 2011 4068 ad
2067 4014 2279 4083 aliquos
2317 4011 2492 4068 forma
2525 4011 2615 4066 illa
2657 4009 3034 4068 ecclesiastica:
3073 4005 3196 4062 vitcc
3229 4006 3433 4076 pariter
3482 4015 3535 4059 et

1941 4108 2268 4177 disciplinae,
2323 4121 2442 4176 qua:
2482 4105 2550 4160 ab
2595 4100 2852 4176 episcopo
2894 4100 3088 4158 Siricio
3126 4097 3195 4154 ad
3232 4098 3536 4170 provincias

1945 4199 2271 4255 commcavit
2293 4241 2307 4266 ,
2338 4213 2447 4253 non
2478 4196 2796 4266 probabitur
2821 4194 3152 4264 pervenisse,
3213 4191 3296 4246 his
3325 4191 3536 4260 ignora-

1948 4291 2110 4346 tionis
2139 4290 2292 4345 venia
2319 4289 2647 4354 remittetur,
2676 4287 2750 4341 ita
2778 4294 2838 4340 ut
2857 4287 2925 4341 de
2945 4295 3142 4341 caetero
3164 4283 3378 4354 penitus
3405 4283 3536 4336 inci-

1946 4383 2096 4454 piant
2125 4381 2414 4446 ahstinere,
2443 4387 2499 4434 et
2532 4379 2603 4434 ita
2633 4379 2830 4448 gradus
2857 4393 2984 4433 suos
3008 4377 3060 4431 in
3091 4377 3284 4446 quibus
3334 4375 3533 4429 inventi

1946 4474 2141 4528 fuerint
2181 4473 2260 4528 sic
2315 4480 2583 4527 retentent
2609 4513 2622 4538 ,
2661 4479 2716 4525 ut
2745 4469 2824 4524 eis
2856 4484 2963 4523 non
3003 4468 3162 4522 liccat
3201 4465 3267 4520 ad
3325 4466 3534 4534 potiora

1949 4561 2322 4620 conscendere
2355 4580 2366 4614 :
2401 4561 2596 4630 quibus
2624 4561 2678 4614 in
2710 4558 2974 4614 beneﬁcio
2999 4571 3121 4612 esse
3157 4555 3350 4618 debet,
3393 4553 3534 4622 quod

1950 4656 2090 4709 hunc
2119 4655 2291 4722 ipsum
2320 4651 2493 4706 locum
2546 4666 2706 4720 quem
2747 4647 2981 4703 retinent
3035 4662 3140 4700 non
3172 4645 3437 4700 amittant.
3479 4645 3535 4699 Si

1949 4745 2038 4816 qui
2069 4753 2249 4799 autem
2280 4744 2446 4799 scisse
2490 4743 2718 4797 formam
2763 4739 2975 4794 vivendi
3021 4739 3236 4793 missam
3282 4753 3311 4791 a
3342 4737 3536 4793 Siricio

1947 4837 2290 4904 deteguntur,
2344 4850 2518 4904 neque
2563 4832 2742 4889 statim
2780 4829 3100 4903 cupiditates
3131 4829 3362 4886 libidinis
3388 4827 3536 4900 abje-

1951 4925 2112 4992 cisse,
2142 4926 2217 4979 illi
2246 4933 2371 4980 sunt
2401 4925 2577 4980 modis
2605 4922 2855 4979 omnibus
2899 4921 3270 4986 submovendi,
3299 4921 3388 4991 qui
3416 4931 3540 4992 post

1951 5019 2371 5074 admonitionem
2400 5019 2668 5087 cognitam
2699 5007 3117 5088 prrepoitendam
3145 5014 3390 5069 arbitrati
3415 5022 3541 5070 sunt

1954 5110 2306 5181 voluptatem.

2432 5271 2511 5326 De
2533 5272 2716 5326 ultima
2741 5271 3061 5343 pwnitentia.

2030 5386 2192 5442 XXII.
2239 5385 2309 5442 Et
2334 5387 2439 5443 hoc
2469 5388 2749 5460 quaesitum
2778 5393 2881 5454 est,
2910 5387 3037 5459 quid
3064 5386 3132 5444 de
3155 5387 3240 5443 Itis
3267 5385 3540 5442 observari

1957 5488 2240 5549 oporteat,
2267 5479 2357 5549 qui
2385 5486 2508 5550 post
2538 5479 2864 5550 baptismum
2894 5478 3042 5535 omni
3084 5487 3326 5548 tempore
3353 5477 3540 5531 ineun-

1961 5569 2198 5624 tinentia:
2246 5570 2614 5640 voluptatibus
2674 5569 2841 5626 dediti
2890 5571 2942 5625 in
2990 5581 3234 5624 extremo
3278 5569 3380 5622 line
3419 5565 3542 5620 vita:

1958 5673 2068 5714 sua:
2099 5659 2469 5730 pcenitentiam
2497 5660 2656 5716 simul
2687 5668 2742 5716 et
2772 5657 3266 5716 reconciliationem
3298 5672 3541 5712 conmm-

1959 5751 2136 5806 nionis
2191 5763 2505 5821 exposcunt.
2557 5750 2632 5804 De
2661 5750 2744 5804 Itis
2784 5747 3087 5806 observatio
3127 5747 3278 5820 prior
3337 5747 3538 5809 durior.

1959 5843 2229 5914 posterior
2266 5845 2654 5900 interveniente
2691 5840 3052 5898 misericordia
3084 5841 3387 5897 inclinatior
3416 5849 3497 5896 cst
3520 5880 3534 5901 .

1961 5950 2086 5993 nam
2130 5931 2460 5991 cettsuctudo
2501 5930 2649 5999 prior
2698 5932 2866 5988 tenuit
2892 5971 2907 5998 ,
2953 5941 3019 5986 ut‘
3049 5936 3436 5992 conchctctzn'
3470 5943 3543 5982 us
