3988 6344
472 356 571 409 ”-ἱ7

1743 368 2088 427 ιιιοὶςγδιυδ
2126 369 2446 425 EXIGUUS.

3619 374 3723 430 248

470 478 797 547 pmnitentia,
836 481 926 535 sed
948 483 1249 538 communio
1277 494 1578 552 negaretur.
1619 485 1749 540 Nam
1778 503 1899 542 cum
1929 489 2030 542 illis
2060 492 2103 547 A
2135 486 2463 539 tervcaientc
2493 485 2713 554 repudio
2743 486 2831 540 alii
2872 503 2929 541 se
2964 488 3307 545 matrimonio
3361 492 3709 562 copuiarunt,

471 569 799 638 temporibus
824 570 1022 625 crebra:
1053 573 1447 640 persecutiones
1476 586 1673 643 essent,
1697 593 1764 632 ne
1784 594 2031 633 commu-

471 660 640 715 nionis
668 678 920 718 concessa
959 662 1182 720 facilitas
1212 666 1456 723 homines
1484 670 1550 725 de
1587 673 2031 731 reconciliatione

467 764 686 806 securos
711 767 816 805 non
854 764 1134 810 revocaret
1167 771 1197 809 a
1227 756 1407 826 lapsu,
1442 760 1637 813 merito
1669 770 1859 828 negata
1889 778 2040 817 com-

468 839 650 895 munio
680 848 791 906 est,
831 858 1087 899 concessa
1126 845 1435 914 pmuitentia
1474 866 1489 901 :
1528 864 1597 904 ne
1626 857 1796 905 totum
1827 853 2040 920 penitus

466 939 775 995 negaretur,
807 939 863 986 ct
887 931 1154 989 duriorem
1198 936 1563 992 remissionem
1610 936 1738 994 fecit
1775 942 2037 1009 temporis

467 1018 623 1072 ratio.
654 1017 759 1073 Sed
788 1029 1067 1091 postquam
1118 1023 1372 1080 Dominus
1410 1036 1595 1083 noster
1622 1044 1809 1099 pacem
1845 1028 2035 1087 Eccle-

464 1107 555 1160 siis
581 1108 690 1162 suis
718 1111 963 1177 reddidit,
985 1112 1095 1181 jam
1123 1122 1327 1170 terrore
1354 1115 1577 1186 depulso
1602 1121 2032 1175 communionem

464 1197 576 1251 dari
600 1200 916 1257 abeuntibus
938 1203 1157 1273 placuit,
1178 1215 1230 1261 et
1252 1217 1471 1277 propter
1492 1207 1701 1265 Domini
1728 1212 2031 1268 misericor-

462 1289 602 1342 diam
622 1331 636 1355 ,
670 1293 819 1360 quasi
848 1294 1098 1350 viaticum
1128 1296 1480 1367 profecturis,
1514 1316 1581 1355 ne
1609 1301 1887 1357 Novatiani
1919 1302 2030 1357 ha:-

462 1380 613 1433 retici
640 1423 656 1448 ,
698 1386 940 1452 negantis
984 1389 1232 1454 veniam,
1280 1391 1620 1461 asperitatem
1679 1403 1733 1448 et
1785 1394 2033 1450 duritiam

463 1469 714 1539 subsequi
744 1474 1034 1529 videamur.
1083 1477 1367 1534 Tribuetur
1404 1495 1537 1549 ergo
1567 1500 1688 1538 cum
1718 1486 2029 1554 pmnitentia

461 1568 700 1615 extrema
742 1567 1086 1631 communio,
1129 1578 1185 1621 ut
1226 1569 1469 1626 homines
1510 1572 1811 1641 liujusmodi
1854 1575 1936 1630 vel
1978 1576 2029 1630 in

461 1651 722 1716 supremis
750 1653 887 1718 suis,
921 1657 1264 1723 permittente
1299 1659 1573 1717 Salvatore
1606 1673 1808 1731 nostro,
1846 1681 1874 1719 a
1905 1682 2030 1735 per-

462 1747 624 1806 petuo
653 1741 817 1797 exitio
843 1744 1201 1803 vindicentur.

914 1835 993 1889 De
1022 1839 1567 1898 administrationibus.

532 1917 713 1974 XXIII.
738 1922 1029 1987 Quaesitum
1058 1928 1217 1982 etiam
1246 1938 1329 1986 est
1354 1948 1516 2003 super
1544 1936 1626 1991 his
1668 1938 1759 2008 qui
1789 1946 1909 2008 post
1938 1940 2035 1995 ba-

458 2008 710 2075 ptismum
759 2014 1299 2089 administraverant,
1348 2031 1403 2078 et
1464 2034 1556 2080 aut
1603 2037 1870 2083 tormenta
1917 2032 2031 2086 sola

457 2113 835 2170 exercuerunt,
861 2114 952 2159 aut
975 2108 1132 2162 etiam
1160 2114 1442 2182 capitalem
1465 2118 1799 2186 protulerunt
1819 2132 2035 2179 senten-

460 2188 628 2256 tiam,
667 2191 733 2247 de
763 2193 845 2248 his
891 2196 1020 2251 nihil
1065 2199 1288 2270 legimus
1333 2220 1362 2258 a
1412 2207 1703 2276 majoribus
1753 2210 2031 2269 deﬁnitum

458 2281 475 2347 (
488 2278 638 2334 Rom.
679 2281 816 2353 xm).
865 2283 1217 2344 Meminerant
1248 2293 1384 2349 enim
1415 2311 1446 2350 a
1474 2295 1586 2353 Deo
1612 2307 1904 2368 potestates
1934 2304 2032 2359 has

456 2368 619 2425 fuisse
646 2387 947 2442 concessas,
973 2386 1027 2431 et
1051 2388 1269 2450 propter
1294 2385 1580 2442 vindictam
1611 2391 1892 2447 noxiorum
1922 2394 2035 2463 gla-

455 2459 599 2512 dium
628 2459 790 2517 fuisse
817 2467 1154 2537 permissum,
1178 2482 1231 2523 et
1260 2470 1353 2526 Dei
1384 2476 1683 2532 ministrum
1713 2494 1830 2535 esse
1850 2482 2030 2537 datum

456 2549 510 2601 in
536 2550 835 2619 hujusmodi
866 2556 1147 2612 vindicem.
1179 2559 1457 2631 Quomodo
1487 2566 1647 2634 igitur
1675 2572 2032 2639 reprehende-

457 2649 575 2696 rent
600 2641 797 2697 factum
827 2645 970 2713 quod
999 2658 1216 2704 auctore
1264 2650 1374 2707 Deo
1402 2654 1644 2711 viderent
1669 2673 1787 2715 esse
1813 2676 2033 2717 conces-

456 2733 611 2785 sum?
658 2731 734 2787 De
765 2733 845 2788 his
876 2749 1004 2803 ergo
1050 2738 1122 2791 ita
1152 2748 1209 2792 ut
1234 2740 1495 2798 hactenus
1523 2755 1791 2803 servatum
1821 2759 1925 2818 est,
1955 2753 2033 2808 sic

458 2822 752 2891 habemus,
799 2841 867 2881 ne
905 2836 998 2882 aut
1030 2829 1363 2901 disciplinam
1400 2844 1674 2905 evertere,
1714 2848 1806 2894 aut
1844 2852 2031 2897 contra

457 2917 833 2971 auctoritatem
870 2918 1081 2975 Domini
1120 2925 1302 2980 venire
1343 2926 1633 2985 videamur.
1684 2930 1815 3001 Ipsis
1853 2942 2030 2989 autem

457 3007 509 3060 in
538 3008 748 3065 ratione
770 3011 1058 3080 reddenda,
1087 3024 1235 3085 gesta
1265 3032 1357 3071 sua
1386 3020 1562 3075 omnia
1586 3025 1955 3080 servabuntur.

530 3119 681 3184 Quod
708 3124 800 3177 viri
821 3141 932 3179 cum
962 3127 1209 3183 adulteris
1236 3130 1481 3185 uxoribus
1510 3150 1611 3189 non
1634 3140 1957 3193 conveniant.

526 3210 714 3267 XXIV.
746 3213 811 3267 Et
839 3215 964 3271 illud
995 3216 1355 3274 desideratum
1388 3231 1471 3277 est
1499 3225 1643 3289 sciri,
1668 3241 1763 3281 cur
1790 3243 2031 3285 commu-

459 3306 696 3361 nicantes
716 3308 813 3362 viri
836 3324 954 3363 cum
984 3310 1236 3366 adulteris
1257 3315 1510 3371 uxoribus
1536 3333 1640 3371 non
1667 3321 2026 3386 conveniant,

456 3412 577 3451 cum
603 3406 787 3452 contra
812 3415 1005 3454 uxores
1035 3401 1086 3455 in
1110 3403 1381 3458 consortio
1402 3404 1764 3460 adulterorum
1795 3408 2027 3464 virorum

458 3502 675 3542 manere
696 3488 1005 3544 videantur?
1021 3490 1193 3563 Super
1211 3493 1314 3550 hoc
1341 3495 1641 3552 Christiana
1664 3497 1851 3568 religio
1879 3499 2032 3557 adulo

457 3580 648 3633 teriam
680 3581 731 3634 in
763 3588 989 3653 utroque
1015 3599 1146 3639 sexu
1184 3588 1300 3656 pari
1328 3590 1535 3645 ratione
1562 3592 1901 3657 condemnat,
1933 3595 2030 3652 sed

454 3669 599 3724 viros
621 3686 749 3725 suos
774 3672 1023 3728 mulieres
1050 3690 1157 3730 non
1185 3676 1341 3734 facile
1367 3679 1433 3735 de
1458 3680 1721 3738 adulterio
1750 3694 2024 3753 accusant,

454 3766 510 3811 et
536 3774 642 3812 non
669 3759 867 3815 habent
888 3761 1107 3816 latentia
1132 3776 1350 3834 peccata
1373 3769 1693 3835 vindictam;
1728 3773 1821 3827 viri
1848 3783 2026 3830 autem

454 3849 673 3904 liberius
711 3866 907 3907 uxores
948 3853 1220 3910 adulteras
1268 3860 1409 3927 apud
1461 3860 1770 3915 sacerdotes
1818 3861 2026 3919 deferre

452 3950 866 4004 consueverunt,
891 3949 947 3996 et
974 3941 1093 3996 ideo
1120 3944 1447 4011 mulieribus,
1474 3948 1687 4016 prodito
1716 3964 1897 4002 earum
1922 3952 2026 4005 eri-

452 4028 628 4095 mine,
658 4031 961 4085 communio
992 4031 1318 4099 denegatur,
1349 4034 1585 4089 virorum
1614 4045 1793 4090 autem
1823 4037 2025 4095 latente

450 4120 739 4173 commisso
762 4135 868 4172 non
889 4118 1043 4175 facile
1061 4121 1339 4192 quisquam
1361 4139 1428 4178 ex
1449 4126 1837 4195 suspicionibus
1861 4131 2027 4184 absti-

451 4214 640 4272 netur,
672 4208 761 4276 qui
802 4207 985 4277 utique
1028 4210 1470 4279 submovcbitur,
1513 4215 1557 4270 si
1607 4216 1723 4286 ejus
1764 4218 2021 4287 ﬂagitium

448 4296 745 4366 detegatur.
776 4297 909 4353 Cum
940 4316 1067 4370 ergo
1096 4317 1192 4371 par
1220 4318 1377 4359 causa
1405 4307 1494 4373 sit,
1524 4308 1789 4365 interdum
1827 4312 2021 4381 proba-

450 4387 596 4443 tione
623 4398 866 4446 cessante
892 4390 1141 4447 vindicta:
1165 4393 1302 4449 ratio
1334 4397 1681 4466 conquiescit.

448 4504 599 4571 Quod
641 4507 725 4578 qui
771 4523 947 4578 preces
993 4508 1068 4562 rei
1097 4509 1409 4590 .criminales
1456 4511 1692 4577 dictant,
1733 4514 2019 4570 habeantur

1090 4594 1360 4633 immunes.

513 4665 677 4721 XXV.
693 4667 821 4722 Illud
834 4668 993 4723 etiam
1006 4668 1265 4724 sciscitari
1281 4670 1512 4736 voluisti,
1528 4689 1594 4729 an
1611 4689 1798 4745 preces
1813 4678 2022 4733 dictan-

445 4758 586 4812 tibus
614 4758 839 4813 liberum
869 4759 1197 4815 concedatur
1218 4762 1401 4831 utique
1429 4774 1552 4833 post
1590 4766 1837 4836 baptismi
1868 4783 2019 4838 rcge-

440 4849 772 4902 nerationem
803 4863 830 4901 a
860 4850 1186 4921 principibus
1229 4868 1451 4922 poscere
1498 4864 1723 4910 mortem
1763 4859 2011 4929 alicujus,

438 4938 523 4992 vel
552 4938 864 5006 sanguinem
892 4939 958 4993 de
987 4950 1138 4996 reatu
1162 4942 1186 4997 ?
1236 4959 1395 5013 quam
1436 4961 1550 5001 rem
1581 4947 1847 5017 principes
1878 4968 2014 5006 nun-

436 5044 600 5099 quam
650 5029 766 5083 sine
808 5030 1115 5098 cognitione
1162 5035 1501 5101 concedunt,
1551 5036 1646 5091 sed
1700 5038 1763 5091 ad
1804 5039 2011 5106 judices

429 5119 718 5176 commissa
774 5119 887 5189 ipsa
934 5120 1022 5174 vel
1065 5122 1289 5176 crimina
1338 5139 1550 5196 semper
1590 5126 1905 5193 remittunt,
1954 5140 2011 5184 ut

428 5221 593 5261 causa
622 5207 833 5274 cognita
872 5208 1207 5265 vindicentur
1241 5228 1253 5264 :
1284 5228 1402 5283 qua:
1444 5230 1563 5268 cum
1592 5218 1861 5284 quresitori
1892 5218 2010 5273 fue-

427 5296 538 5350 rint
568 5295 833 5364 delegata,
861 5294 953 5352 ant
981 5299 1247 5355 absolutio
1302 5311 1396 5356 aut
1421 5303 1693 5359 damnatio
1718 5323 1817 5377 pro
1845 5324 2010 5377 nego-

429 5388 487 5442 tii
523 5386 781 5457 qualitate
809 5390 1117 5460 profertur,
1148 5399 1203 5447 et
1240 5392 1364 5447 dum
1414 5396 1588 5465 legum
1638 5399 1689 5452 in
1737 5400 2008 5469 improbos

424 5489 713 5537 mercetur
738 5483 1051 5548 auctoritas,
1084 5484 1185 5538 erit
1210 5485 1441 5541 dictator
1469 5488 1736 5545 immunis.

428 5588 579 5655 Quod
629 5593 681 5646 Ili
722 5597 809 5671 qui
835 5592 1178 5671 intercedente
1216 5599 1427 5667 repudio
1467 5601 1740 5657 divortium
1782 5607 2002 5671 pertule-

494 5672 651 5725 runt,
694 5666 909 5734 atrisque
953 5681 1007 5718 se
1052 5666 1322 5720 vinxerunt
1368 5671 1595 5737 nuptiis,
1644 5666 1868 5727 adulteri
1893 5693 2003 5730 esse

495 5741 859 5787 moustrzntur.

494 5819 674 5874 XXVI.
712 5821 784 5877 De
805 5823 887 5878 his
914 5826 1075 5880 etiam
1105 5829 1383 5895 requisivit
1414 5830 1630 5888 dilectio
1665 5842 1772 5896 tua.
1803 5837 1891 5907 qui
1921 5838 1998 5890 iu-

2046 4603 2098 4664 D

2137 595 2269 647 quos
2291 578 2342 631 in
2374 587 2596 646 utraque
2627 588 2777 647 parte
2805 580 3073 637 adulteros
3094 597 3211 637 esse
3239 584 3577 641 manifestum
3607 598 3713 641 est.

2138 669 2238 734 Qui
2288 684 2416 723 vero
2448 669 2530 724 vcl
2576 685 2743 724 uxore
2787 670 3041 737 vivente,
3072 674 3319 741 quamvis
3364 675 3715 729 dissociatum

2138 758 2379 814 videatur
2406 774 2525 814 esse
2562 758 2894 828 conjugium,
2929 760 2995 814 ad
3026 762 3185 815 aliam
3214 763 3461 832 copulam
3490 763 3718 819 festina-

2137 858 2293 915 runt,
2327 866 2498 919 neque
2528 862 2751 922 possunt
2778 852 3007 908 adulteri
3038 870 3144 909 non
3183 856 3382 922 videri,
3415 857 3465 910 in
3506 866 3715 911 tantum

2137 945 2381 999 utetiam
2430 947 2512 1001 hac
2563 962 2808 1017 persona
2846 948 3038 1018 quibus
3075 949 3209 1004 tales
3252 949 3527 1017 conjuncti
3567 961 3717 1019 sunt,

2136 1036 2299 1091 etiam
2331 1037 2457 1106 ipsa:
2488 1038 2806 1093 adulterium
2836 1041 3166 1096 commisisse
3188 1041 3487 1109 videantur,
3517 1058 3717 1097 secun-

2135 1126 2261 1181 dum
2292 1127 2421 1181 illud
2464 1128 2605 1197 quod
2636 1129 2860 1197 legimus
2890 1130 2943 1183 in
2976 1130 3262 1200 Evangelia
3288 1150 3301 1186 :
3328 1130 3431 1197 Qui
3457 1134 3716 1189 dimiserit

2134 1231 2346 1271 uxorem
2373 1233 2538 1279 suam,
2560 1227 2608 1271 et
2635 1219 2838 1272 duxerit
2864 1221 3043 1281 aliam,
3074 1221 3386 1285 moechatur;
3409 1223 3646 1277 similiter
3666 1233 3717 1276 ct

2134 1311 2219 1380 qui
2249 1310 2513 1364 dimissam
2539 1312 2761 1375 duxerit,
2790 1316 3070 1369 ma'chatur
3098 1315 3308 1385 (Matth.
3342 1317 3474 1389 xxx),
3507 1330 3560 1374 et
3591 1322 3714 1375 ideo

2135 1412 2320 1452 omnes
2347 1413 2376 1451 a
2413 1402 2790 1457 communione
2820 1403 3053 1458 lidelium
3085 1405 3450 1462 abstinendos.
3495 1408 3571 1463 De
3614 1426 3712 1478 pa-

2135 1487 2374 1542 rentibus
2401 1498 2579 1543 autem
2606 1498 2699 1544 aut
2728 1493 3039 1563 propinquis
3067 1508 3280 1562 eorum,
3308 1497 3438 1550 nihil
3469 1499 3576 1552 tale
3604 1512 3718 1553 sta-

2137 1576 2210 1629 tui
2241 1585 2450 1645 potest,
2484 1580 2585 1633 nisi
2616 1581 2660 1634 si
2704 1583 3013 1638 incentores
3041 1584 3211 1639 illiciti
3250 1588 3507 1642 consortii
3546 1588 3714 1645 fuisse

2134 1666 2474 1737 detegantur.

2471 1778 2571 1843 Qui
2593 1781 2709 1835 libri
2737 1782 2790 1835 in
2821 1800 3017 1855 canone
3046 1785 3375 1852 recipiantur.

2060 1862 2110 1921 Β
2209 1889 2413 1945 XXVII.
2431 1890 2530 1957 Qui
2549 1906 2676 1947 vero
2692 1893 2807 1947 libri
2829 1894 3155 1964 recipiantur
3177 1895 3227 1949 in
3248 1911 3453 1952 canone
3474 1897 3718 1969 Scriptu-

2139 2000 2317 2039 rarum
2349 1985 2528 2040 brevis
2557 2001 2796 2042 annexus
2828 1987 3082 2041 ostendit.
3122 1988 3243 2042 I!a:e
3272 1998 3396 2043 sunt
3435 2005 3564 2058 ergo
3597 2008 3718 2060 qua:

2137 2074 2435 2132 desiderata
2456 2072 2663 2132 moneri
2689 2093 2821 2134 voce
2849 2079 3062 2134 voluisti
3087 2097 3099 2132 :
3130 2078 3292 2135 Mosis
3312 2082 3431 2137 libri
3451 2084 3716 2153 quinque,

2137 2170 2190 2224 id
2216 2178 2298 2226 est
2326 2168 2569 2233 Genesis,
2599 2168 2834 2237 Exodus,
2866 2169 3159 2236 chiticus,
3185 2170 3422 2237 Numeri,
3450 2173 3717 2230 Demere-

2138 2261 2396 2325 nomium,
2419 2274 2639 2316 necnon
2653 2259 2846 2316 etJesu
2868 2261 3013 2316 Nave
3035 2277 3190 2327 unus,
3215 2271 3268 2317 et
3287 2260 3528 2317 Judicum
3555 2281 3715 2329 unus,

2135 2358 2191 2405 et
2219 2350 2523 2418 Regnorum
2577 2349 2696 2404 libri
2736 2350 2800 2415 4,
2831 2349 2990 2406 simul
3021 2358 3076 2404 et
3126 2350 3287 2404 Ruth.
3320 2349 3714 2421 Prophetarum

2135 2443 2255 2498 libri
2302 2442 2386 2509 16,
2419 2441 2731 2498 Salomonis
2754 2442 2871 2496 libri
2902 2442 2954 2509 5,
2988 2441 3325 2498 Psalterium.
3356 2443 3488 2499 Item
3539 2444 3715 2501 histo-

2135 2536 2333 2591 riarum
2360 2532 2459 2589 Job
2487 2534 2621 2588 liber
2640 2549 2796 2598 unus,
2825 2532 3003 2587 Tobiae
3032 2548 3187 2597 unus,
3210 2532 3406 2589 Esther
3436 2551 3592 2601 unus,
3618 2536 3716 2590 Ju—

2134 2628 2247 2683 dith
2280 2643 2432 2691 unus,
2465 2627 2889 2683 Machabtcorum
2916 2628 3046 2696 duo,
3072 2626 3251 2681 Esdme
3278 2627 3405 2694 duo,
3439 2626 3719 2698 Paralipo-

2134 2734 2331 2774 menon
2357 2719 2481 2773 duo.
2507 2719 2638 2773 Item
2669 2718 2803 2773 Novi
2825 2718 3153 2773 Testamenti
3176 2717 3584 2788 Evangeliorum
3618 2722 3714 2775 lib.

2134 2809 2199 2876 4;
2240 2810 2471 2880 apostoli
2500 2807 2648 2862 Pauli
2677 2807 2929 2878 Epistola:
2959 2806 3059 2873 IL;
3101 2807 3352 2878 Epistola:
3395 2808 3618 2865 Joannis
3651 2812 3717 2875 5;

2134 2899 2386 2970 Epistola:
2437 2898 2578 2954 Petri
2631 2898 2696 2965 2;
2724 2897 2962 2969 Epistola
2992 2897 3172 2965 Judte;
3215 2897 3453 2970 Epistola
3492 2899 3717 2965 Jacobi,

2137 2993 2301 3046 Actus
2337 2991 2725 3062 apostolorum,
2763 2989 3112 3060 Apocalypsis
3130 2988 3592 3044 Joannis.C.'etera
3626 3007 3699 3044 au

2136 3090 2264 3146 tem,
2294 3097 2410 3153 qua:
2435 3082 2517 3137 vel
2544 3082 2640 3137 sub
2680 3081 2897 3136 nomine
2935 3080 3189 3144 lllatthim,
3226 3082 3339 3139 sive
3380 3081 3563 3137 Jacobi
3612 3082 3718 3137 hli-

2136 3177 2302 3241 noris,
2332 3174 2416 3228 vel
2461 3172 2559 3228 sub
2589 3175 2803 3228 nomine
2832 3170 2974 3226 Petri
3015 3180 3071 3226 et
3098 3172 3340 3238 Joannis,
3370 3189 3488 3243 qua:
3515 3190 3547 3229 a
3574 3192 3717 3245 quo-

2058 3233 2104 3296 C
2133 3261 2257 3316 dam
2289 3233 2503 3317 .Leucio
2532 3264 2727 3333 scripta
2759 3271 2903 3328 sunt,
2937 3263 3018 3317 vel
3047 3264 3147 3318 sub
3197 3266 3411 3321 nomine
3461 3264 3715 3330 Androm,

2132 3366 2251 3422 qua:
2290 3368 2320 3407 a
2344 3352 2717 3408 Nexocharide
2755 3361 2809 3407 et
2854 3352 3089 3408 Leonide
3116 3353 3475 3424 philosOphis,
3503 3355 3585 3410 vel
3614 3358 3718 3411 sub

2133 3443 2349 3498 nomine
2368 3442 2585 3498 Thomte
2613 3444 2810 3514 scripta
2840 3453 2983 3510 sunt,
3015 3453 3069 3499 et
3106 3444 3149 3498 si
3174 3458 3277 3513 qua
3307 3455 3431 3500 sunt
3454 3445 3583 3514 alia,
3605 3462 3718 3503 non

2130 3534 2305 3590 solum
2346 3532 2692 3607 repudianda,
2730 3550 2917 3589 verum
2958 3534 3121 3590 etiam
3151 3536 3364 3591 noveris
3390 3551 3509 3592 esse
3556 3538 3715 3593 dam-

2132 3624 2481 3681 nanda.Data
2528 3641 2560 3680 ι
2589 3626 2693 3682 cal.
2726 3625 3062 3692 Martiarum;
3112 3624 3368 3683 Stilicone
3413 3642 3450 3682 ιι
3489 3635 3547 3683 et
3602 3629 3716 3683 An-

2131 3713 2333 3769 themio
2354 3728 2532 3769 conss.
2566 3714 2687 3784 (An.
2712 3713 2903 3768 Christi
2932 3711 3086 3784 405.)

2199 3825 2541 3882 Innocentius
2560 3827 2722 3883 Felici
2752 3828 3005 3898 episcopo
3025 3826 3325 3885 Nuceriano
3351 3830 3599 3888 salutem.

2198 3916 2377 3973 Mirari
2407 3934 2513 3973 non
2544 3934 2826 3987 possumus
2867 3919 3214 3975 dilectionem
3244 3930 3390 3975 tuam
3442 3923 3594 3991 sequi
3626 3924 3714 3979 in-

2126 4008 2313 4063 stituta
2336 4007 2619 4076 majorum,
2653 4009 2832 4062 omnia
2853 4023 3079 4078 quicque
3114 4020 3341 4081 possunt
3364 4012 3593 4081 aliquam
3621 4030 3711 4069 re-

2126 4100 2305 4169 cipere
2333 4098 2741 4163 dubitationem,
2783 4098 2848 4152 ad
2898 4115 2995 4153 nos
3015 4140 3031 4167 ,
3060 4100 3211 4168 quasi
3243 4100 3307 4155 ad
3338 4110 3496 4170 caput
3544 4111 3715 4171 atque

2125 4189 2195 4244 ad
2224 4190 2427 4261 apicem
2459 4188 2797 4260 episcopatus
2828 4189 3027 4244 referre
3057 4208 3069 4243 :
3096 4200 3154 4244 ut
3181 4193 3425 4246 consulta
3454 4194 3712 4250 videlicet

2124 4281 2279 4337 sedes
2319 4283 2614 4351 apostolica
2639 4299 2703 4336 ex
2730 4282 2856 4351 ipsis
2876 4282 3037 4337 rebus
3060 4283 3232 4337 dubiis
3254 4293 3460 4339 certum
3502 4286 3709 4355 aliquid

2125 4371 2528 4440 faciendumque
2560 4373 2887 4442 pronuntiet.
2919 4373 3061 4443 quod
3091 4391 3189 4430 nos
3229 4385 3284 4429 et
3314 4376 3543 4433 libenter
3560 4381 3711 4434 acci-

2120 4463 2313 4533 pimus,
2332 4463 2742 4518 etdilectionem
2771 4472 2916 4518 tuam
2940 4479 3232 4520 memorem
3260 4482 3525 4523 canonum
3546 4485 3704 4524 com-

2120 4554 2429 4626 probamus.
2460 4552 2726 4624 Scripsisti
2759 4556 2917 4623 igitur
2960 4556 3133 4627 quod,
3167 4558 3381 4615 fervore
3425 4559 3546 4615 ﬁdei
3596 4579 3708 4633 quo

2124 4643 2315 4715 polles,
2339 4652 2393 4698 ct
2413 4660 2597 4699 amore
2624 4654 2825 4700 sancta:
2850 4647 3020 4717 plebis
3046 4650 3129 4703 vel
3160 4652 3495 4723 reparaveris
3523 4651 3707 4710 Eccle-

2120 4736 2227 4792 sias
2257 4736 2371 4803 Dei,
2403 4737 2487 4791 vel
2529 4752 2695 4791 novas
2748 4752 2985 4807 quasque
3040 4743 3449 4797 construxeris:
3499 4744 3593 4799 sed
3650 4747 3703 4801 in

2119 4825 2201 4880 his
2237 4825 2459 4881 clericos
2488 4842 2622 4895 quos
2649 4828 2940 4882 constituas
2963 4845 3069 4884 non
3092 4830 3311 4897 habere,
3339 4833 3545 4901 aliquos
3572 4852 3703 4892 vero

2117 4916 2355 4979 mutilos,
2384 4917 2592 4987 aliquos
2647 4915 2890 4987 digamos
2933 4934 3071 4985 esse,
3122 4921 3190 4976 ad
3222 4923 3368 4991 quod
3394 4926 3703 4993 stupuimus

2115 5008 2431 5077 prudentem
2485 5009 2658 5062 virum
2707 5008 2775 5064 de
2824 5009 2906 5064 his
2933 5009 3167 5065 voluisse
3219 5012 3527 5079 consulere,
3580 5030 3705 5084 quae

2114 5098 2362 5153 omnibus
2390 5106 2513 5153 sunt
2534 5106 2679 5153 certa
2711 5099 2920 5154 ratione
2936 5108 3230 5169 comperta.
3247 5099 3387 5170 Ergo
3412 5119 3519 5157 non
3541 5106 3702 5173 quasi

2113 5190 2378 5257 ignoranti
2429 5189 2673 5256 dicimus,
2703 5189 2797 5245 sed
2848 5191 2899 5245 in
2951 5190 3071 5246 aliis
3124 5191 3345 5247 forsitan
3400 5207 3701 5267 occupatos

2112 5278 2253 5331 istud
2283 5277 2477 5332 oblitos
2506 5294 2624 5334 esse
2647 5294 2742 5333 vos
2774 5278 3017 5335 dicimus.

2113 5387 2173 5441 Si
2199 5388 2309 5458 quis
2333 5389 2504 5444 volens
2529 5400 2725 5459 partem
2754 5391 2851 5445 sibi
2880 5394 3109 5464 corporis
3138 5398 3497 5464 amputarerit,
3539 5401 3700 5457 cleri-

2288 5474 2375 5513 cus
2402 5475 2512 5513 esse
2536 5477 2637 5514 non
2667 5471 2832 5531 potest
2860 5478 2878 5515 :
2915 5463 3095 5517 nolens
3124 5463 3294 5519 autem
3321 5477 3510 5535 potest.

2182 5566 2411 5622 XXVIII.
2431 5569 2530 5634 Qui
2556 5572 2712 5638 igitur
2739 5581 2944 5642 partem
2971 5574 3257 5644 cujuslibet
3285 5578 3431 5649 digiti
3454 5581 3554 5634 sibi
3582 5583 3699 5652 ipse

2111 5658 2292 5714 volens
2322 5660 2565 5725 abscidit,
2595 5663 2735 5719 hunc
2764 5665 2827 5719 ad
2859 5666 3059 5721 clerum
3089 5683 3324 5724 canones
3354 5686 3460 5724 non
3495 5672 3697 5731 admit-

2110 5756 2226 5801 tunt
2256 5767 2266 5800 :
2300 5749 2384 5803 cui
2425 5767 2554 5805 vero
2601 5769 2726 5809 casu
2769 5756 2949 5823 aliquo
2977 5758 3218 5826 contigit,
3245 5759 3370 5815 dum
3411 5774 3509 5816 aut
3535 5769 3695 5835 operi

2108 5842 2303 5895 rustico
2334 5856 2515 5896 curam
2546 5844 2823 5915 impendit,
2867 5855 2955 5902 aut
2981 5848 3178 5918 aliquid
3221 5849 3424 5907 faciens
3467 5869 3525 5910 se
3577 5872 3687 5914 non
