3988 6344
160 303 272 359 259

1224 307 1594 364 COI.I.ECTIO
1633 311 2101 372 DECRETURUM
2143 313 2250 374 ΡΥ.
2296 319 2412 374 RR.

3319 323 3424 380 ἰὸο

163 421 362 484 sponte
381 415 646 484 percussit
672 435 684 469 :
711 415 1069 474 hos‘canones
1099 422 1414 491 praecipiunt
1439 432 1493 481 et
1521 423 1748 480 clericos
1781 436 1824 488 Α
1851 433 2122 498 querelam
2153 433 2424 499 detulerit,
2473 435 2633 490 libelli
2690 437 2805 506 ejus
2851 440 3019 495 series
3075 458 3283 496 annexa
3334 444 3428 498 de-

165 505 308 572 ﬁeri,
338 514 392 560 et
419 507 464 560 si
489 505 542 562 in
570 507 718 562 clero
747 509 943 562 fuerint
965 514 1181 580 reperti,
1219 530 1324 568 non
1348 516 1526 583 abjici.
1553 516 1608 568 In
1643 517 1747 572 illis

165 596 312 649 enim
339 595 586 652 voluntas
606 607 688 651 est
707 598 964 666 judicata,
996 617 1112 670 qua:
1141 603 1240 655 sibi
1270 620 1399 658 ausa
1425 605 1524 658 fuit
1547 605 1747 660 ferrum

164 685 409 752 injicere,
439 685 582 756 quod
628 689 834 743 scilicet
860 699 915 744 et
943 691 1032 746 alii
1060 691 1112 745 id
1143 691 1320 748 facere
1363 695 1612 750 dubitare
1641 713 1748 751 non

165 783 336 851 possit
365 801 378 835 :
407 783 461 837 in
493 783 606 839 istis
629 800 757 838 vero
783 800 942 840 casus
973 787 1179 840 veniam
1209 790 1426 844 meruit.

309 892 464 957 Quod
489 894 685 964 digami
711 896 782 948 ad
802 896 992 950 clerum
1019 897 1222 952 admitti
1251 916 1351 954 non
1373 901 1600 967 possint.

236 1006 430 1061 XXIX.
461 1007 538 1062 De
567 1006 794 1075 digamis
820 1017 996 1062 autem
1021 1025 1118 1063 nec
1141 1011 1347 1064 consuli
1370 1009 1554 1066 debuit
1579 1053 1596 1081 ,
1628 1029 1748 1067 cum

161 1099 453 1154 manifesta
477 1101 547 1153 sit
575 1100 734 1154 lectio
771 1100 1036 1169 Apostoli,
1070 1103 1223 1155 unius
1255 1103 1438 1157 uxoris
1470 1104 1640 1157 virum
1684 1104 1751 1158 ad

162 1192 528 1246 sacerdotium
571 1193 683 1246 sive
735 1193 800 1244 ad
852 1192 1162 1246 clericatum
1203 1194 1409 1248 admitti
1452 1195 1649 1250 debere
1680 1202 1695 1258 t
1725 1196 1753 1248 Ι

167 1281 358 1335 Timet.
387 1282 487 1352 ιιι).
521 1281 586 1334 Ει
612 1282 748 1337 hanc
771 1282 935 1351 ipsam
965 1291 1142 1336 tamen
1164 1285 1206 1337 si
1238 1285 1495 1353 virginem
1525 1288 1751 1356 accepit,

163 1389 288 1426 nam
339 1389 403 1427 ea
432 1389 550 1442 quzc
601 1374 846 1428 habuerit
892 1384 1019 1429 ante
1066 1376 1258 1438 virum,
1291 1377 1416 1431 licet
1467 1377 1753 1435 defunctus

162 1465 253 1528 sit,
289 1473 470 1519 tamen
493 1465 538 1518 si
568 1464 764 1519 clerico
788 1474 972 1534 postea
1002 1463 1162 1519 fuerit
1187 1467 1434 1535 copulata
1459 1511 1474 1535 ,
1526 1469 1754 1524 clericus

163 1554 254 1623 qui
303 1568 425 1606 eam
472 1554 740 1622 acceperit
795 1569 913 1608 esse
943 1570 1047 1609 non
1084 1556 1302 1623 poterit,
1353 1557 1477 1624 quia
1532 1557 1584 1610 in
1637 1558 1755 1628 lege

162 1653 384 1699 Cautum
415 1653 517 1708 est,
544 1643 666 1698 Non
697 1645 931 1710 viduam,
965 1663 1066 1699 non
1099 1646 1350 1716 abjectam
1381 1647 1570 1701 habere
1603 1664 1754 1717 posse

163 1737 442 1806 conjugem
466 1736 804 1790 sacerdotem.

257 1848 362 1904 ()ui
388 1848 450 1900 de
485 1849 634 1902 laici:
663 1850 732 1902 ad
753 1851 942 1904 clerum
973 1867 1075 1904 non
1097 1851 1313 1906 debeant
1341 1857 1649 1922 promoveri.

235 1935 406 1992 XXX.
433 1939 508 1994 De
532 1940 681 1994 laicis
711 1957 838 1994 vero
871 1942 1059 2010 religio
1082 1951 1172 1996 tua
1203 1946 1472 2000 consuluit
1499 1947 1644 2016 quod
1665 1964 1755 2002 ca-

165 2045 342 2084 nones
367 2031 618 2086 ordinare
648 2032 984 2102 prohibeant.
1017 2031 1234 2088 Certum
1264 2044 1347 2089 est
1385 2037 1602 2105 quidem
1651 2039 1756 2094 hoc

166 2121 384 2189 regulas
403 2122 797 2178 ecclesiasticas
823 2125 1106 2178 continere
1137 2143 1149 2177 :
1183 2124 1276 2180 sed
1320 2141 1428 2179 non
1459 2127 1531 2178 ita
1561 2126 1753 2181 deﬁni-

168 2221 278 2267 tqu
312 2225 396 2269 est
423 2221 484 2267 ut
517 2213 586 2268 de
626 2215 874 2269 omnibus
898 2216 968 2269 sit
997 2216 1148 2270 laicis
1177 2217 1546 2271 constitutum.
1574 2216 1754 2286 Neque

165 2307 313 2361 enim
335 2307 519 2362 clerici
547 2309 696 2364 nasci
737 2317 793 2364 et
822 2325 928 2364 non
954 2309 1068 2365 ﬁeri
1100 2318 1341 2379 possunt,
1362 2310 1456 2366 sed
1478 2311 1756 2378 designata

166 2406 296 2451 sunt
323 2411 522 2467 genera
547 2399 618 2454 de
644 2401 836 2468 quibus
869 2400 939 2454 ad
995 2401 1305 2457 clericatum
1335 2403 1617 2471 pervenire
1645 2419 1752 2458 non

169 2496 418 2556 possunt,
451 2489 502 2543 id
529 2497 633 2554 est,
661 2491 706 2546 si
735 2491 856 2559 quis
883 2492 1054 2547 ﬁdelis
1092 2493 1424 2561 militaverit,
1454 2495 1499 2549 si
1523 2495 1641 2563 quis
1690 2494 1754 2546 ﬁ-

167 2576 305 2630 delis
330 2592 522 2632 causas
546 2581 735 2646 egerit,
761 2580 863 2635 hoc
893 2589 977 2636 est
1007 2582 1380 2651 postulaverit,
1410 2583 1453 2638 si
1484 2584 1604 2653 quis
1628 2583 1757 2639 lide-

167 2670 235 2725 Iis
263 2669 742 2726 administraverit.
787 2673 864 2726 De
907 2674 1198 2727 curialibus
1253 2681 1430 2728 autem
1473 2675 1754 2730 manifesta

167 2759 315 2812 ratio
344 2766 457 2824 est,
500 2761 778 2828 quoniam.
825 2763 926 2816 etsi
954 2762 1296 2817 inveniantur
1323 2763 1625 2833 hujusmodi
1656 2765 1755 2819 viri

168 2847 262 2917 qui
295 2847 530 2901 debeant
549 2849 728 2903 clerici
755 2848 887 2913 ﬁeri,
917 2858 1095 2903 tamen
1122 2851 1315 2920 s:epius
1340 2839 1419 2905 ad
1448 2854 1649 2906 curiam
1678 2868 1758 2907 re-

168 2946 450 3006 petuntur,
478 2939 772 2992 cavendum
797 2939 864 2992 ab
887 2941 966 2993 his
987 2950 1070 2995 est
1103 2951 1321 3010 propter
1359 2943 1754 2998 tribulationem

167 3044 294 3096 qua:
322 3043 464 3098 sche
491 3029 560 3084 de
588 3029 670 3083 bis
691 3027 939 3084 Ecclesiae
967 3031 1232 3099 provenit.

169 3136 276 3201 Qui
323 3138 385 3190 de
410 3138 557 3192 laici:
592 3147 808 3209 possunt
833 3139 1183 3229 [ier'imclei-ici,
1217 3141 1296 3196 hic
1327 3152 1500 3214 aperte
1527 3144 1752 3199 concuba
1785 3168 1828 3229 ρ

811 3210 1125 3278 prohibetur.

245 3294 437 3355 XXXI.
469 3295 615 3354 [.aici
643 3313 773 3354 veto
824 3301 916 3368 qui
964 3301 1224 3356 habentes
1267 3317 1463 3356 uxores
1501 3303 1756 3374 baptizati

166 3398 338 3443 sunt.
364 3401 427 3442 ac
448 3387 527 3441 sic
563 3403 622 3442 se
648 3389 975 3442 instituerint
1014 3397 1071 3444 ut
1099 3389 1282 3459 opinio
1318 3406 1506 3445 eorum
1536 3393 1587 3445 in
1613 3395 1757 3451 nullo

169 3483 410 3551 vacillet,
436 3493 496 3539 ut
517 3493 608 3538 aut
622 3485 833 3540 clericis
847 3484 1018 3553 juncti
1041 3485 1168 3552 sint,
1191 3495 1283 3540 aut
1311 3487 1669 3553 monasteriis,
1693 3505 1758 3544 ex

170 3590 290 3644 quo
343 3575 598 3643 baptizati
644 3583 786 3641 sunt,
819 3575 1088 3642 laeserint,
1119 3576 1165 3631 si
1213 3592 1321 3631 non
1379 3579 1754 3645 concubinam,

174 3681 287 3719 non
322 3667 567 3735 pellicem
595 3669 858 3731 noverint,
891 3669 934 3722 si
965 3669 1018 3722 in
1047 3669 1297 3723 omnibus
1322 3668 1478 3725 bonis
1507 3671 1758 3741 operibus

173 3757 542 3826 vigilaverint,
575 3775 683 3814 non
735 3758 1087 3830 prohibentur
1111 3759 1415 3828 hujusmodi
1439 3759 1507 3815 ad
1537 3761 1760 3817 clerica-

173 3859 263 3906 ωε
289 3861 493 3908 sortem
520 3853 736 3909 assumi.

457 3987 535 4043 De
556 3989 861 4060 temporibus
887 3991 1226 4044 immorandis
1245 3991 1298 4043 in
1323 3989 1476 4044 clero.

247 4077 465 4133 XXXII.
515 4079 593 4135 Ita
633 4096 764 4135 sane
795 4089 851 4134 ut
880 4081 935 4136 in
983 4096 1078 4136 eos
1121 4089 1364 4150 tempora
1390 4095 1420 4134 a
1469 4079 1762 4149 majoribus

173 4172 478 4228 constituta
532 4181 816 4226 serventur
846 4190 860 4225 :
893 4187 994 4227 nec
1031 4172 1140 4227 cito
1169 4172 1394 4241 quilibet
1421 4171 1607 4237 lector,
1650 4172 1760 4226 cito

173 4261 488 4333 acolythus,
519 4264 628 4318 cito
668 4263 944 4326 diaconus,
987 4265 1094 4319 cito
1126 4265 1377 4320 sacerdos
1403 4264 1510 4318 ﬁat.
1545 4267 1679 4330 Quia
1709 4266 1759 4319 in

168 4356 480 4412 minoribus
508 4355 700 4410 ofﬁciis
736 4357 781 4411 si
821 4357 911 4411 diu
949 4356 1263 4426 perdurent,
1311 4366 1366 4411 et
1416 4358 1521 4411 vita
1575 4373 1760 4412 eorum

173 4448 384 4516 pariter
422 4456 478 4502 et
513 4447 766 4516 obsequia
796 4448 1241 4516 comprobantur,
1301 4455 1361 4501 ut
1402 4447 1470 4501 ad
1513 4449 1764 4503 sacerdo-

175 4540 312 4592 tium
363 4547 551 4609 postea
597 4541 820 4594 emersis
857 4539 1244 4608 stipendiorum
1286 4539 1492 4594 meritis
1520 4539 1759 4606 veniant,
1795 4537 1841 4594 ι)

175 4645 279 4686 nec
309 4629 619 4700 przeripiant
647 4628 790 4699 quod
837 4629 944 4683 vita
975 4629 1200 4698 probata
1227 4637 1465 4684 meretur
1491 4628 1754 4698 accipere.

174 4722 449 4788 Quoniam
475 4733 606 4789 ergo
643 4728 790 4775 certa
818 4719 1129 4775 deﬁnitione
1156 4728 1512 4775 monstratum
1541 4727 1626 4774 est
1666 4720 1756 4788 qui

173 4813 417 4866 debeant
465 4809 694 4872 admitti,
737 4811 828 4878 qui
855 4825 986 4866 vero
1013 4810 1310 4881 reprobari,
1366 4825 1433 4865 ex
1479 4810 1561 4864 his
1589 4810 1763 4864 omni-

177 4905 299 4969 bus,
330 4917 471 4974 quos
510 4903 655 4957 videt
681 4903 917 4972 dignatio
964 4911 1056 4958 tua
1095 4920 1202 4959 non
1255 4920 1416 4975 posse
1458 4904 1760 4973 reprobari,

178 4997 383 5063 eligere
413 4992 658 5062 debebis,
685 5008 822 5063 quos
847 4995 1078 5051 clericos
1107 4995 1289 5050 facias.
1321 4995 1378 5049 Si
1400 4997 1539 5050 enim
1563 4995 1762 5049 nullam

179 5086 411 5153 gratiam
447 5084 754 5140 hominibus
783 5094 873 5139 aut
895 5084 1212 5140 beneﬁcium
1243 5095 1500 5155 prtestare
1519 5087 1765 5154 velimus,

179 5177 320 5232 tales
357 5176 600 5232 invenire
621 5192 922 5247 possumus,
948 5178 1016 5232 de
1034 5192 1261 5246 quorum
1283 5180 1647 5249 assumptione
1672 5196 1770 5235 nec

183 5284 487 5333 Incurrere,
514 5284 617 5324 uec
635 5270 958 5324 erubescere
984 5269 1280 5324 valeamus.

252 5360 600 5415 Innocentius
616 5359 847 5415 Maximo
861 5370 916 5416 et
929 5360 1132 5417 Severo
1151 5363 1418 5433 episcopis
1435 5377 1530 5432 per
1539 5362 1773 5418 Brutios.

255 5449 761 5505 Ecclesiasticorum
807 5467 1074 5508 canonum
1133 5466 1316 5506 norma
1361 5453 1491 5506 nulli
1521 5469 1640 5507 esse
1689 5453 1776 5508 de-

185 5551 276 5605 bet.
300 5541 576 5610 incognita
608 5541 895 5608 sacerdoti,
917 5544 1044 5612 quia
1073 5544 1267 5599 nesciri
1310 5544 1422 5600 haec
1450 5561 1480 5599 a
1520 5544 1774 5614 pontiﬁce

182 5637 318 5690 suis
360 5642 449 5687 est
492 5633 803 5688 indecorum
838 5636 1107 5691 :maxime
1127 5652 1248 5690 cum
1271 5651 1300 5690 a
1344 5637 1493 5690 laicis
1513 5636 1774 5703 religiosis

185 5726 316 5778 tris
343 5733 404 5777 et
443 5723 662 5786 sciatur,
695 5733 750 5777 et
775 5724 1122 5780 custodienda
1169 5743 1286 5782 esse
1316 5727 1558 5782 ducatur.
1594 5726 1774 5796 Nuper

183 5812 590 5876 Maxiutilianus
617 5816 754 5873 libus
797 5826 978 5875 noster
1008 5835 1166 5890 agens
1206 5823 1261 5881 in
1283 5822 1441 5880 rebus
1474 5820 1770 5891 cujusiuodi

1851 523 2038 576 clarut.

1854 629 2004 694 Quod
2031 633 2081 685 hi
2120 634 2204 701 qui
2234 635 2286 686 in
2336 635 2651 711 presbyterio
2687 639 2825 711 [itios
2857 643 3143 711 genuerint,
3187 647 3435 697 removeri

2377 705 2440 757 ab
2457 707 2635 774 elﬁcio
2658 705 2896 763 debeant.

1924 810 2157 867 XXXIII.
2205 815 2304 880 Qui
2345 818 2461 870 zelo
2494 816 2616 872 ﬁdei
2650 835 2715 873 ac
2769 820 3066 891 disciplinre
3095 824 3288 879 ductus
3327 843 3435 880 non

1851 908 2053 975 patitur
2076 905 2365 961 Ecclesium
2398 908 2560 976 pollui
2583 911 2650 964 ab
2679 911 2910 978 indignis
2931 915 3275 984 presbyteris,
3301 933 3436 984 quos

1854 995 1906 1048 in
1937 997 2270 1064 presbyterio
2298 997 2433 1051 filios
2460 998 2652 1052 asserit
2679 1015 3018 1069 procreasse,
3055 1004 3197 1072 quod
3239 1020 3346 1058 non
3375 1004 3432 1056 li-

1855 1101 1980 1140 cere
2005 1101 2352 1156 exponerem,
2378 1090 2478 1142 nisi
2500 1105 2714 1146 nossem
2743 1101 2976 1146 vestram
3007 1095 3345 1163 prudentiam
3369 1095 3443 1150 le-

1854 1175 1934 1242 gis
1971 1175 2133 1228 totius
2173 1176 2370 1230 habere
2403 1180 2668 1232 notitiam.
2701 1179 2765 1233 Et
2794 1181 2933 1246 ideo,
2967 1182 3158 1238 fratres
3184 1185 3435 1240 charissi-

1855 1266 1950 1332 mi,
2006 1265 2166 1320 libelli
2195 1268 2285 1335 qui
2328 1269 2599 1336 subjectus
2647 1281 2728 1324 est
2785 1280 2970 1326 tenore
2999 1283 3302 1342 perspecto,
3347 1290 3443 1329 eos

1857 1354 1945 1422 qui
1988 1355 2114 1408 talia
2169 1365 2510 1424 perpetrasse
2551 1358 2800 1413 dicuntur
2849 1361 3106 1428 jubebitis
3152 1363 3206 1416 in
3259 1364 3440 1418 medio

1788 1460 1791 1461 '
1859 1445 2134 1510 collocari,
2168 1446 2530 1518 discussisque
2553 1449 2948 1518 objectionibus
2975 1467 3092 1519 quae
3121 1452 3250 1521 ipsis
3299 1469 3442 1522 pres-

1858 1533 2062 1602 byteris
2111 1536 2496 1605 impiaguntur,
2541 1539 2584 1593 si
2610 1541 2854 1595 convinci
2885 1543 3176 1610 potuerint,
3201 1557 3230 1595 a
3260 1558 3442 1597 saccr~

1859 1626 2026 1679 dotali
2052 1639 2430 1684 removeantur
2457 1631 2658 1687 ofﬁcio.
2689 1633 2823 1698 Quia
2846 1635 2936 1702 qui
2966 1635 3132 1689 sancti
3186 1651 3290 1690 non
3320 1645 3444 1690 sunt

1859 1725 2046 1771 saneta
2079 1727 2310 1774 tractare
2354 1736 2460 1774 non
2489 1733 2735 1792 possunt,
2768 1734 2927 1793 atque
2955 1725 3114 1779 alicui
3145 1723 3443 1780 efﬁciantur

1782 1799 1828 1856 Β
1854 1820 1884 1858 a
1933 1807 2230 1862 ministerio
2255 1811 2398 1876 quod
2429 1813 2658 1866 vivendo
2696 1814 2879 1868 illicite
2929 1815 3250 1882 polluerunt.
3282 1815 3440 1870 Mira-

1858 1914 1978 1952 mur
2006 1911 2183 1954 autem
2215 1902 2327 1956 lucc
2351 1918 2538 1958 eorum
2568 1905 2906 1961 dissimulare
2935 1908 3237 1977 episcopos,
3269 1918 3326 1962 ut
3351 1915 3444 1962 aut

1858 1990 2169 2056 conhibere,
2195 2002 2286 2046 aut
2314 1994 2524 2050 nescire
2549 2010 2668 2050 esse
2697 1996 2879 2052 illicita
2905 1997 3231 2066 judicentur.

1967 2102 2116 2169 Quod
2139 2115 2250 2176 post
2271 2109 2621 2232 poenitentia?
2657 2110 2828 2232 intuitus
2857 2113 3017 2182 possit
3046 2113 3115 2165 ad
3143 2113 3334 2166 clerum

2534 2195 2566 2232 a
2609 2196 2676 2232 nn
2721 2198 2759 2232 ι.

2534 2195 2759 2233 aamuu.

1927 2285 2165 2344 XXXIV.
2204 2288 2548 2346 Innocentius
2576 2291 2827 2362 Agapito,
2881 2292 3195 2348 Macedonio
3241 2305 3296 2349 et
3325 2293 3438 2348 bla-

1858 2375 2011 2431 riano
2041 2378 2308 2448 episcopis
2334 2379 2540 2448 Apulis.
3167 2434 3171 2437 _

1930 2469 2095 2523 Multa
2124 2470 2178 2524 in
2210 2471 2484 2539 provincia
2504 2480 2681 2525 vestra
2711 2481 2897 2527 contra
2919 2488 3157 2529 canones
3183 2476 3437 2529 ecclesia-

1855 2559 2021 2614 sticos
2047 2559 2368 2628 decretaque
2395 2559 2655 2629 majorum
2680 2563 2924 2630 usurpari
2954 2577 2983 2616 a
3008 2563 3248 2634 plurimis
3273 2573 3327 2618 et
3354 2581 3439 2619 rc-

1856 2649 2085 2704 Iationes
2106 2649 2459 2718 diversorum,
2491 2659 2548 2706 et
2592 2653 2964 2720 suggestiones
2994 2651 3263 2708 ﬁdissiune
3295 2664 3438 2708 retu-

1855 2741 2060 2811 lerunt,
2083 2757 2202 2812 qua:
2221 2742 2434 2811 quidem
2455 2743 2849 2812 possentfacile
2865 2746 3116 2811 resecari,
3140 2746 3182 2799 si
3202 2747 3436 2816 episcopi

1864 2830 1918 2884 in
1948 2831 2031 2886 his
2059 2847 2166 2886 non
2197 2831 2562 2886 invenirentur
2585 2841 2852 2888 auctores.
2893 2834 2996 2899 Qui
3021 2834 3145 2888 dum
3175 2847 3268 2888 aut
3292 2837 3429 2889 ami-

1856 2921 1973 2984 cis,
2023 2930 2117 2975 aut
2160 2921 2582 2991 obsequentibus
2620 2924 2844 2992 gratiam
2875 2933 3129 2993 praestare
3175 2926 3436 2990 nituntur,

1857 3011 2178 3079 religionem
2207 3013 2431 3078 violant,
2462 3014 2786 3084 ordinesque
2813 3024 3192 3085 corrumpunt,
3247 3032 3310 3071 ac
3363 3017 3442 3073 sic

1858 3105 2042 3158 evenit
2091 3112 2150 3158 ut
2178 3105 2379 3174 indigni
2399 3105 2599 3175 quique
2627 3106 2860 3162 honores
2878 3107 3170 3177 suscipiant
3188 3109 3440 3164 ecclesia-

1857 3195 2045 3259 sticos,
2075 3204 2130 3250 et
2149 3195 2500 3250 admittuntur
2523 3196 2591 3250 ad
2619 3195 2843 3261 clerum,
2866 3197 2956 3266 qui
2985 3213 3084 3252 nec
3112 3199 3249 3252 inter
3276 3199 3441 3254 laicus

1858 3287 2075 3356 quidem
2125 3287 2344 3355 dignum
2390 3288 2567 3342 locum
2619 3287 2820 3342 habere
2864 3297 3231 3352 mererentur,
3283 3289 3439 3344 sicuti

1859 3391 2001 3431 nunc
2029 3375 2156 3431 dato
2183 3375 2339 3432 nobis
2367 3375 2548 3431 libello
2588 3383 2944 3430 monstratum
2993 3386 3096 3443 est,
3141 3375 3438 3430 Modestum

1859 3467 2143 3536 quemdam
2171 3467 2348 3522 multis
2387 3467 2701 3522 criminibus
2727 3467 3022 3522 involutum
3042 3508 3057 3532 ,
3083 3478 3302 3539 propter
3321 3484 3439 3536 qum

1860 3557 2022 3612 etiam
2057 3557 2429 3624 pmoitentiam
2472 3557 2650 3624 egisse
2695 3556 2908 3620 dicitur,
2940 3571 3046 3609 non
3077 3557 3249 3609 solum
3279 3557 3437 3611 cleri-

1859 3659 1980 3698 cunl
2007 3642 2278 3711 cﬁ‘ectum,
2307 3643 2450 3713 quod
2476 3659 2584 3698 non
2611 3643 2754 3711 licet,
2800 3659 2985 3699 verum
3013 3644 3175 3699 etiam
3205 3645 3271 3700 ad
3313 3647 3432 3715 epi-

1858 3740 2112 3803 scepatus
2132 3733 2341 3802 apicem
2372 3732 2613 3797 tendere,
2640 3748 2760 3788 cum
2783 3748 3020 3788 canones
3039 3735 3190 3802 apud
3208 3734 3436 3790 Nicaram

1859 3823 2139 3879 constituti
2166 3823 2488 3893 pmnitentes
2507 3823 2668 3878 etiam
2692 3823 2760 3878 ab
2779 3823 2975 3878 inﬁmis
3003 3825 3194 3882 oﬂiciis
3221 3827 3440 3882 clerico-

1859 3929 1980 3968 rutn
2008 3913 2316 3970 excludant.
2343 3912 2409 3968 Et
2437 3914 2576 3979 ideo,
2609 3914 2801 3971 fratres
2819 3916 3137 3985 charissimi,
3159 3927 3442 3989 perspecto

1863 4013 2052 4059 tenore
2080 4003 2246 4060 libelli
2285 4018 2408 4059 eum
2432 4003 2688 4073 jubebitis
2735 4007 3074 4074 praesentari,
3108 4023 3172 4062 ac
3221 4009 3266 4062 si
3312 4023 3442 4064 vere

1861 4095 2162 4150 constiterit
2189 4094 2349 4150 talem
2377 4096 2591 4165 qualem
2621 4096 2831 4152 libellus
2868 4097 3114 4162 afﬁrmat,
3144 4117 3247 4155 non
3267 4102 3441 4156 solum

1865 4186 1933 4239 ab
1958 4186 2252 4242 ambitione
2281 4187 2640 4258 episcopatus,
2673 4188 2769 4245 sed
2797 4190 2959 4246 etiam
2990 4206 3019 4246 a
3045 4193 3329 4249 clericatus
3358 4210 3442 4249 rc—

1867 4285 2145 4332 tnoveatur
2168 4276 2366 4333 oﬁlcio.

1867 4388 1944 4441 De
1991 4387 2208 4463 Bubalio
2248 4401 2296 4443 et
2345 4391 2640 4460 Tauriana,
2673 4394 2932 4448 damnatis
2973 4413 3004 4448 a
3040 4395 3441 4463 provincialibus

1935 4461 2203 4529 cpiswpis,
2235 4476 2449 4540 quorum
2492 4465 2800 4518 sententiam
2850 4465 2993 4518 sedes
3042 4461 3324 4532 apostolica
3354 4483 3439 4520 re-

1936 4538 2157 4583 tractare
2187 4538 2400 4583 curarit.

1937 4639 2150 4694 XXXV.
2192 4639 2532 4696 Innocentius
2565 4641 2719 4707 Rufo,
2772 4641 3063 4711 Gerontio,
3113 4645 3440 4715 Sophronia,

1869 4730 2142 4795 Flaviano,
2167 4729 2496 4797 Macedonio,
2520 4729 2820 4799 Prosdotio,
2845 4742 2900 4788 et
2927 4734 3151 4789 Aristone
3174 4737 3440 4806 episcopis

1869 4838 1966 4892 per
2003 4821 2365 4876 Macedoniam
2422 4823 2742 4878 constitutis.
2794 4822 2942 4878 Mora
3001 4826 3444 4897 coepiscoporum

1871 4920 2175 4968 nostrorum
2221 4911 2526 4966 Maximiani
2556 4923 2610 4968 et
2635 4913 2878 4981 Eumeni,
2908 4915 2990 4970 vel
3019 4916 3196 4987 po:ius
3249 4917 3446 4988 impor-

1871 5002 2070 5057 tunitas
2098 5012 2396 5071 temporum
2426 5001 2552 5058 fecit
2586 5010 2644 5058 ut
2678 5020 2776 5059 vos
2821 5006 3085 5062 iteraretis
3124 5006 3190 5061 de
3224 5007 3448 5065 Bubalio

1870 5102 1925 5148 et
1952 5093 2220 5148 Tauriano
2249 5093 2657 5163 querimoniam,
2689 5104 2744 5150 et
2771 5112 2868 5151 nos
2896 5097 3088 5152 iterum
3120 5099 3170 5153 in
3202 5100 3449 5156 homines

1871 5182 2259 5252 perditissimus
2288 5183 2684 5252 insurgeremus
2721 5186 2815 5240 sed
2849 5197 2907 5240 ut
2935 5203 3150 5258 possum
3177 5190 3447 5259 pauciori-

1873 5275 1974 5330 bus
1995 5275 2172 5329 verbis
2193 5274 2455 5330 malorum
2479 5285 2748 5332 tantorum
2780 5277 3029 5333 imitabor
3049 5281 3444 5348 compendium,

1875 5374 1931 5420 et
1972 5365 2197 5420 strictim
2231 5380 2350 5434 qua:
2391 5365 2446 5420 in
2493 5367 2765 5422 volumine
2810 5368 3104 5423 litterarum
3152 5378 3448 5422 vestrarum

1878 5457 2246 5527 conspexerim
2268 5460 2591 5515 retractabo.
2616 5458 2790 5514 Grave
2814 5477 2921 5516 non
2943 5463 3112 5530 potuit
3134 5461 3301 5513 videri
3326 5461 3452 5528 piis-

1877 5547 2024 5602 simis
2052 5550 2322 5604 mentibus
2348 5551 2538 5605 vestris
2584 5551 2949 5619 cujuscunque
2996 5551 3274 5604 retractari
3301 5552 3448 5620 judi-

1879 5637 2179 5708 cium,quia
2203 5641 2398 5694 veritas
2427 5640 2691 5707 exagitata
2721 5643 2913 5709 sepius
2938 5641 3103 5706 magis
3128 5640 3456 5708 splendescit

1882 5728 1933 5781 iu
1985 5729 2121 5793 luce,
2171 5739 2225 5782 et
2279 5731 2541 5799 pernicies
2568 5740 2816 5782 revocata
2868 5729 2918 5782 in
2953 5727 3214 5796 judicium
3244 5735 3456 5800 gravius

1880 5826 1928 5873 et
1962 5821 2073 5877 sine
2104 5816 2417 5887 ptrniicnt'ia
2435 5817 2815 5875 condemnatur
2833 5837 2845 5888 ;
2870 5834 2990 5875 nam
3017 5819 3217 5878 [ιυιιυδ
3247 5825 3455 5884 divinus
