3988 6344
460 406 558 465 “liil

1739 394 2094 454 DIONYSIUS
2133 392 2340 450 EXIGU
2352 389 2456 448 US.

3630 385 3734 444 252

464 529 545 577 est
573 522 832 593 justitiam
854 535 1045 592 step-ius
1075 517 1364 583 recenseri,
1390 515 1580 569 fratres
1599 514 1914 569 charissimi.
1939 511 2041 567 Ve-
2072 515 2121 573 Α
2149 523 2398 566 recursus
2435 519 2634 560 vacuus
2671 504 2849 561 ofﬁcio
2879 513 3065 560 nostro
3085 519 3209 560 esse
3237 519 3346 559 non
3381 504 3567 562 debuit
3592 524 3606 572 ;
3635 519 3727 578 per

461 626 576 666 ium
617 612 746 669 illud
773 612 931 667 video
978 609 1211 664 movisse
1256 607 1464 660 animos
1509 612 1738 668 vestros,
1786 602 1934 670 quod
1989 601 2043 655 in

469 705 648 758 multis
667 702 920 757 Bubalius
946 713 1090 767 saepe
1113 696 1339 752 fallaciis
1367 695 1732 764 deprehensus
1779 691 2042 762 obiecerit

468 793 794 863 exemplaria
833 791 1076 846 fictarum
1111 788 1265 858 quasi
1309 803 1341 840 a
1367 785 1524 840 nobis
1552 785 1850 838 litterarum
1877 800 1890 836 :
1918 798 2042 839 cum

467 898 563 952 pro
585 879 974 937 consuetudine
1010 876 1246 935 hominis
1291 875 1424 930 nihil
1453 873 1596 944 quod
1631 873 1902 943 proferret
1929 873 2040 942 iam

468 972 574 1028 tide
619 971 988 1041 dignissimum
1028 968 1321 1025 videretur.
1351 966 1458 1022 Sed
1485 965 1704 1020 sileatur
1731 979 1892 1019 omne
1933 963 2044 1032 iam

465 1063 534 1118 de
565 1063 655 1117 tali
681 1062 900 1130 negotio
921 1076 1181 1124 murmur,
1213 1066 1268 1114 et
1295 1056 1526 1113 convicti
1554 1054 1753 1110 diaboli
1799 1053 1899 1136 ipsi
1943 1067 2045 1107 an-

468 1153 661 1208 helitus
689 1151 1129 1222 comprimantur.
1158 1147 1540 1217 Subiunximus
1569 1153 1751 1199 autem
1778 1143 1862 1198 his
1895 1142 2043 1213 prio-

444 1235 554 1298 ires
583 1245 808 1307 litteras,
832 1257 966 1312 quas
994 1256 1091 1312 per
1113 1247 1439 1295 memoratos
1463 1237 1745 1306 episcopos
1766 1235 2040 1290 miseram:

438 1311 449 1388 ἶ
467 1336 658 1402 quibus
687 1335 761 1388 ita
782 1311 1020 1404 plenaria
1039 1330 1306 1387 sententia
1339 1336 1646 1384 nostrorum
1670 1341 1923 1382 sensuum
1944 1323 2044 1379 de-

465 1429 672 1493 signata
693 1432 794 1489 est,
819 1433 880 1478 ut
907 1423 1034 1477 dum
1059 1421 1375 1489 relcgeritis,
1399 1419 1530 1474 nihil
1558 1417 1884 1486 ambiguum,
1911 1415 2042 1470 nihil

436 1492 440 1503 ’
466 1515 846 1583 requirendum
876 1514 928 1567 in
958 1514 1060 1568 hac
1085 1527 1247 1568 causa
1274 1511 1341 1566 de
1367 1518 1562 1565 caetero
1591 1508 1870 1579 repetatis.
1894 1507 2042 1561 Hanc

467 1612 648 1656 autem
699 1602 1006 1671 paginulain
1061 1613 1299 1656 nostram
1356 1599 1640 1655 sollicitius
1699 1597 2042 1652 credentibus

465 1693 734 1760 episcopis
763 1692 1100 1761 relegendam
1154 1692 1382 1756 mittite,
1426 1698 1484 1746 ut
1510 1689 1684 1745 sciant
1734 1689 2040 1759 plenissime

464 1782 592 1849 quid
617 1781 686 1835 sit
711 1782 778 1836 de
803 1782 1024 1837 Bubalio
1079 1791 1134 1838 et
1161 1782 1448 1846 Tauriana,
1468 1780 1792 1848 eseterisque
1818 1780 2038 1850 provin-

2149 603 2344 658 charos
2366 601 2513 656 enim
2539 599 2774 654 salutare
2815 598 3155 653 charissimos
3185 597 3430 652 naturale
3477 598 3720 668 quodam-

2150 694 2312 749 modo
2359 691 2515 748 nobis
2542 689 2756 745 videtur
2792 697 2851 743 et
2887 703 3246 758 consequens.
3275 685 3523 743 Gaudere
3562 688 3717 756 igitur

2149 788 2203 840 in
2233 785 2458 840 Domino
2487 788 2720 837 vestram
2749 781 3156 850 germanitatem
3198 779 3548 834 amantissimi
3579 783 3720 851 cupi-

2148 893 2286 939 mus,
2319 884 2374 931 et
2401 889 2500 946 pro
2526 874 2686 931 nobis
2732 873 2883 942 paria
2931 872 2999 927 ad
3043 872 3212 928 Deum
3249 881 3376 928 vota
3429 872 3717 944 rependere

2147 981 2450 1034 precamur,
2473 965 2620 1036 quia,
2646 973 2704 1019 ut
2727 964 2870 1019 bene
2896 963 3098 1029 nostis,
3147 963 3522 1020 communibus
3565 972 3620 1019 et
3644 964 3716 1018 al-

2149 1059 2315 1113 ternis
2362 1056 2480 1127 plus
2523 1055 2729 1125 agimus
2774 1054 3128 1121 orationibus,
3173 1069 3334 1125 quam
3373 1056 3720 1124 singularibus

2145 1158 2240 1202 aut
2269 1147 2504 1216 privatis.

2144 1259 2223 1312 Ad
2248 1259 2516 1313 Julianam
2544 1257 2766 1314 nobitem
2812 1259 3039 1341 ejusdem
3069 1275 3217 1330 papa:
3255 1261 3450 1330 scripta
3477 1261 3720 1316 exhorta-

2850 1340 3006 1384 torta.

2215 1417 2452 1472 XXXIX.
2493 1417 2776 1488 Singulare
2804 1419 3101 1474 membrum
3151 1419 3404 1476 Ecclesia:
3455 1429 3560 1476 tua:
3605 1421 3717 1477 reli-

2141 1511 2316 1579 gionis
2341 1511 2744 1580 amplitudinem
2773 1511 3025 1576 existere,
3057 1520 3115 1566 et
3142 1527 3170 1566 a
3198 1513 3355 1567 nobis
3399 1515 3717 1569 reverentis-

2138 1603 2277 1658 sime
2307 1602 2412 1658 coli
2453 1603 2582 1657 satis
2608 1612 2692 1657 est
2718 1603 2966 1658 omnibus
2991 1603 3350 1660 manifestum.
3383 1604 3438 1659 In
3469 1605 3718 1676 ipsoapi-

2143 1707 2205 1747 ce
2234 1693 2376 1746 enim
2404 1691 2699 1746 nobilitatis
2719 1692 2889 1747 multo
2919 1693 3234 1748 nobiliorem
3263 1693 3518 1749 Ecclesia:
3557 1695 3717 1752 devo-

2145 1784 2344 1836 tionem
2367 1783 2648 1854 impendis,
2669 1791 2726 1838 et
2751 1784 2920 1851 magis
2943 1784 3062 1837 beta
3088 1784 3285 1839 Christi
3307 1785 3576 1854 agnitione
3597 1803 3718 1856 pra:-

464 1870 692 1937 ciarum,
716 1879 774 1924 ut
800 1879 1034 1937 servent,
1063 1872 1155 1939 qui
1202 1871 1347 1938 digni
1375 1870 1739 1924 admonitione
1767 1879 1909 1937 sunt,
1950 1870 2115 1934 ca-’B
2145 1874 2316 1940 ceptis
2363 1872 2477 1942 eius
2523 1873 2886 1943 obtemperas,
2917 1883 2973 1928 et
2998 1875 3052 1928 in
3092 1872 3193 1928 fide
3242 1877 3420 1945 potius
3465 1878 3716 1943 exsultas,

463 1975 640 2016 verea
666 1961 876 2026 talibus,
909 1976 977 2015 ne
1007 1962 1131 2015 talia
1157 1961 1465 2016 sortiantur.

743 2073 822 2128 De
856 2074 1090 2128 terminis
1117 2075 1327 2128 minime
1354 2073 1746 2144 transferendis.

533 2183 761 2239 XXXVI.
808 2182 1150 2240 Innocentius
1177 2183 1454 2240 Florentio
1500 2183 1756 2254 episcopo
1799 2183 2035 2240 Tiburti-

461 2275 629 2328 ncnsi.

529 2364 646 2416 Non
676 2363 862 2429 semel,
893 2363 988 2418 sed
1016 2364 1303 2432 aliquoties
1330 2363 1528 2420 clamat
1557 2363 1830 2435 Scriptura
1854 2364 2033 2420 divina

458 2455 480 2524 (
512 2452 660 2506 Dent.
713 2470 802 2506 xix
832 2463 880 2508 et
928 2471 1106 2519 xxvii;
1147 2454 1388 2508 l’roverb.
1420 2456 1571 2524 χχιι)
1621 2455 1896 2514 transferri
1925 2471 2032 2511 non

463 2551 717 2612 oportere
759 2544 1024 2597 terminos
1064 2559 1093 2596 a
1125 2545 1364 2613 patribus
1393 2545 1717 2600 constitutos
1747 2565 1761 2598 :
1793 2547 1915 2616 quia
1938 2563 2034 2602 nc-

458 2633 538 2685 f'as
563 2639 646 2685 est
673 2631 888 2702 siquod
927 2632 1064 2686 alter
1107 2647 1323 2702 semper
1351 2635 1668 2702 possederit,
1699 2637 1838 2692 alter
1885 2637 2028 2692 inva-

457 2723 568 2790 ilat,
591 2699 746 2790 quod‘
762 2729 906 2776 tuam
937 2699 1242 2778 bonitatem'
1255 2699 1421 2779 frater
1447 2735 1502 2781 et
1551 2728 1902 2798 coepiscopus
1928 2744 2029 2783 no-

455 2819 567 2863 ster
587 2808 756 2864 Ursus
774 2811 964 2865 asserit
989 2822 1344 2881 perpetrasse.
1358 2813 1490 2867 Nam
1511 2814 1898 2870 Nomentanam
1919 2817 2031 2872 sive

458 2899 802 2954 Feliciensem
831 2901 1141 2968 parochiam
1170 2901 1234 2956 ad
1264 2918 1414 2958 suam
1442 2902 1714 2959 dimcesim
1762 2920 1793 2958 a
1820 2905 2032 2972 maiori-

455 2991 556 3045 bus
583 2991 935 3061 pertinentem
957 2994 1214 3048 invasisse
1244 3003 1314 3060 te,
1346 3003 1506 3063 atque
1534 2995 1645 3050 illic
1671 2996 1848 3050 divina
1883 2998 2028 3052 cele-

459 3085 644 3135 brasse
678 3082 930 3153 mysteria
963 3082 1266 3139 inconsulto
1284 3083 1477 3138 eodem
1507 3100 1572 3138 ac
1598 3086 1894 3154 nesciente,
1916 3102 2026 3142 non

453 3175 572 3225 sine
599 3171 786 3227 dolore
833 3181 1156 3242 conquestus
1197 3183 1298 3230 est.
1327 3173 1483 3240 Quod
1509 3175 1556 3231 si
1577 3191 1761 3231 verum
1782 3185 1883 3243 est,
1915 3194 2024 3234 non

2143 1981 2301 2033 quam
2333 1966 2466 2019 tanti
2493 1966 2703 2033 generis
2731 1965 2863 2020 Ilore
2887 1963 3125 2035 iactaris.
3150 1966 3381 2022 Summa:
3406 1969 3616 2024 virtutis
3639 1978 3716 2026 est

2141 2053 2329 2108 vicisse
2358 2053 2582 2122 gloriam
2613 2053 2808 2119 carnis,
2851 2061 2905 2108 ct
2938 2067 3145 2123 magna:
3175 2063 3257 2110 est
3304 2053 3500 2111 Christi
3539 2060 3713 2125 gratim

2141 2145 2476 2199 nobilitatem
2506 2145 2745 2200 moribus
2791 2159 3093 2216 superasse,
3140 2145 3356 2202 domina
3397 2147 3501 2202 filia
3531 2151 3718 2206 merito

2137 2233 2376 2290 illustris.
2403 2232 2563 2289 Certa
2594 2235 3019 2303 igiturexistens,
3052 2235 3716 2309 dilectissima,vit:ehuius

2137 2339 2469 2396 quaecunque
2527 2335 2655 2381 sunt
2699 2328 2868 2397 spatia
2921 2326 3138 2383 aeternis
3175 2329 3474 2399 divinisque
3529 2331 3715 2390 ofﬁciis

2138 2417 2406 2472 illustrare
2433 2419 2743 2500 contendq,’
2780 2430 2836 2474 ut
2885 2421 2975 2490 qui
3028 2421 3291 2490 insignem
3346 2432 3401 2478 te
3445 2426 3712 2496 prtcstitil,

2135 2507 2325 2562 reddat
2350 2508 2450 2563 sibi
2490 2522 2587 2578 per
2614 2509 2808 2564 siccula
2841 2510 3141 2565 clariorem.

2231 2618 2311 2670 Ad
2331 2616 2591 2672 Aurelium
2617 2621 2908 2689 episcopum
2934 2619 3264 2693 Carthaginis
3295 2625 3357 2679 de
3387 2625 3612 2682 Pascha.

2206 2705 2320 2763 XL.
2361 2705 2700 2764 Innocentius
2728 2710 2970 2765 Aurelio.

2205 2798 2495 2854 Charitatis
2520 2809 2719 2855 nostra:
2749 2801 2983 2856 cilicium
3015 2803 3162 2858 nullo
3202 2803 3483 2862 intervallo
3509 2809 3708 2865 dirimi-

2133 2896 2240 2955 tur,
2270 2889 2478 2944 etiamsi
2506 2890 2692 2945 charta
2738 2892 2912 2946 nullos
2961 2893 3140 2962 apices
3182 2894 3335 2951 ferat.
3381 2895 3522 2952 Vivit
3568 2902 3712 2956 enim

2131 2980 2385 3051 Spiritalis
2410 2982 2582 3049 gratia
2618 2983 2841 3039 alternis
2871 2985 2924 3038 in
2955 2985 3233 3054 cordibus,
3263 2997 3316 3044 et
3343 3006 3582 3048 amorem
3613 3010 3703 3049 no-

2130 3079 2299 3125 strum
2329 3070 2581 3126 confovet
2609 3072 2961 3128 sacerdotalis
2997 3075 3107 3146 ipsa
3138 3077 3387 3133 societas.
3422 3078 3554 3134 Cum
3579 3097 3708 3152 ergo

2129 3160 2401 3230 indignum
2427 3171 2509 3216 est
2533 3162 2790 3217 unitatem
2812 3163 3065 3221 Ecclesiae
3097 3183 3202 3223 non
3233 3170 3511 3236 custodiri,
3543 3172 3707 3225 idem-

456 3261 649 3316 leviter
672 3270 722 3316 te
746 3261 1037 3318 incurrisse
1066 3277 1381 3332 cognoscas,
1412 3266 1552 3321 unde
1577 3266 1624 3321 si
1649 3266 1920 3324 declinare
1939 3285 2022 3324 cu-

2133 3269 2234 3323 que
2278 3267 2466 3310 omnes
2505 3255 2708 3325 pariter
2752 3264 2807 3310 et
2845 3257 3136 3314 sentiamus
3178 3268 3233 3314 et
3276 3264 3705 3329 pronuntiemus,

453 3351 537 3420 pis
559 3358 718 3405 tanta:
739 3353 1101 3422 usurpationis
1123 3354 1391 3420 invidiam,
1416 3357 1614 3412 nostris
1632 3357 1824 3413 litteris
1838 3358 2026 3414 admo-

455 3443 624 3495 nitum
675 3451 728 3498 te
773 3444 1022 3498 convenit
1076 3445 1384 3500 abstinere:
1413 3457 1564 3503 certe
1609 3450 1653 3504 si
1700 3450 1898 3519 aliquid
1928 3451 2026 3506 tibi

451 3531 626 3586 credis
647 3531 867 3601 iustitiae
887 3535 1164 3605 suffragari
1209 3537 1426 3607 integris
1453 3540 1722 3607 omnibus,
1751 3553 1808 3597 et
1834 3543 1886 3597 in
1913 3543 2026 3613 pri;

450 3621 592 3676 stino
613 3629 756 3676 statu
783 3625 1141 3690 manentibus,
1174 3635 1297 3695 post
1322 3628 1436 3682 dies
1460 3631 1778 3686 venerabilis
1806 3631 2023 3688 Pascha:

449 3711 641 3768 adesse
685 3713 925 3779 debebis,
958 3727 1015 3770 ut
1060 3720 1372 3784 memoratis
1419 3721 1593 3790 possis
1641 3722 2024 3782 intentionibus

452 3801 796 3871 respondere,
826 3807 1169 3875 partibusque
1208 3808 1267 3861 iu
1319 3809 1499 3865 medio
1546 3812 1843 3880 collocatis,
1893 3815 2020 3883 quid

450 3889 740 3960 antiquitas
759 3900 852 3946 aut
880 3895 1076 3949 veritas
1103 3896 1297 3950 habeat
1324 3897 1671 3966 inquiramus.

451 3999 510 4054 Si
538 4002 683 4072 cujus
714 4019 847 4079 uxor
876 4007 1030 4075 fuerit
1075 4006 1294 4079 abducta
1332 4009 1385 4061 in
1417 4010 1782 4079 captivitatem,
1813 4023 1862 4066 et
1888 4016 2032 4069 alte-4

518 4088 644 4151 rant.
667 4075 883 4151 maritus
923 4076 1195 4151 acceperit,
1244 4075 1524 4132 reuertente
1569 4075 1774 4151 prima,
1796 4087 2020 4141 secunda

520 4142 703 4193 mulier
731 4141 878 4196 debet
902 4141 1129 4199 excludi.

521 4229 780 4285 XXXVII.
820 4233 1161 4294 Innocentius
1188 4239 1386 4295 Probo.

518 4321 869 4380 Conturbatio
884 4328 1132 4395 procellae
1151 4331 1443 4386 barbarica:
1471 4332 1708 4389 facultati
1739 4336 1914 4405 legum
1946 4338 2019 4392 in-

447 4413 567 4467 tulit
594 4428 796 4480 casum,
829 4429 950 4469 nam
980 4418 1118 4474 bene
1158 4421 1452 4478 constituto
1497 4424 1840 4481 matrimonio
1879 4427 2020 4482 inter

445 4503 759 4559 Fortunium
781 4514 835 4560 et
863 4504 1052 4562 Ursum
1067 4511 1399 4580 captivitatis
1425 4513 1667 4570 incursus
1697 4513 1894 4572 fecerat
1916 4533 2017 4572 nae-

2128 3344 2292 3400 f'rater
2320 3346 2651 3413 charissime,
2670 3345 2766 3402 has
2791 3361 2891 3416 ego
2914 3347 3120 3404 litteras
3139 3349 3208 3405 de
3227 3351 3436 3406 ratione
3464 3339 3704 3421 paschali

2126 3433 2366 3500 alterius,
2395 3433 2519 3491 dico
2549 3434 2710 3490 futuri
2741 3437 2889 3505 anni,
2920 3439 3228 3510 perscripsi.
3259 3439 3389 3494 Nam
3419 3458 3539 3496 cum
3581 3453 3706 3498 ante

2125 3522 2265 3577 diem
2299 3540 2350 3578 XI
2371 3525 2473 3578 cal.
2497 3524 2758 3596 Aprilium
2785 3541 2924 3598 pene
2952 3528 3076 3583 luna
3114 3529 3180 3582 16
3227 3531 3510 3600 colligatur
3558 3538 3704 3604 (nam

2124 3612 2396 3684 quippiam
2427 3616 2601 3670 minus
2629 3615 2760 3685 est),
2787 3616 3023 3688 itemque
3052 3619 3104 3674 in
3147 3629 3274 3676 ante
3325 3622 3465 3678 diem
3497 3641 3547 3679 tv
3601 3627 3704 3680 cal.

2123 3705 2435 3761 earumdem
2463 3709 2641 3762 veniat
2689 3708 2778 3776 9-5,
2811 3711 3111 3767 existimavi
3152 3729 3204 3766 XI
3251 3715 3351 3768 cal.
3384 3726 3704 3772 memorata-

2123 3814 2240 3852 rum
2271 3797 2356 3852 die
2385 3800 2521 3854 festa
2551 3802 2823 3870 paschalia
2855 3804 3175 3859 celebranda
3208 3824 3220 3858 :
3255 3809 3508 3874 quoniam
3539 3810 3593 3865 in
3633 3809 3706 3864 23

2123 3884 2247 3938 luna
2269 3886 2470 3941 nullum
2494 3885 2696 3944 Pascha
2723 3907 2954 3960 unquam
2985 3902 3108 3948 ante
3137 3895 3239 3950 hoc
3271 3893 3472 3951 Pascha
3505 3898 3705 3955 factum

2123 3989 2240 4030 esse
2287 3979 2678 4046 cognoscimus.
2745 3980 3036 4036 Sententiae
3083 3999 3215 4038 mea:
3261 3988 3484 4055 exposui
3537 3996 3705 4058 atque

2126 4065 2267 4119 edixi
2315 4075 2606 4134 tenorem;
2649 4069 2758 4137 iam
2807 4071 3101 4140 prudentia:
3145 4073 3248 4128 erit
3301 4082 3422 4134 tute,
3482 4092 3698 4131 censor.

2122 4157 2250 4210 mihi
2281 4157 2462 4224 frater,
2526 4175 2647 4213 cum
2677 4163 2946 4217 unanimis
2979 4171 3038 4217 et
3084 4165 3559 4221 consacerdotibu's
3606 4183 3710 4221 no-

2122 4247 2248 4302 stris
2275 4247 2417 4300 hauc
2445 4248 2614 4318 ipsam
2641 4265 2755 4305 rem
2786 4250 2838 4305 in
2867 4253 3076 4322 synodo
3102 4254 3502 4323 religiosissima
3530 4265 3709 4313 retra-

2123 4344 2292 4400 ctare,
2322 4345 2380 4390 ut
2407 4338 2453 4391 si
2481 4338 2613 4393 nihil
2657 4339 2995 4411 dispositioni
3026 4353 3223 4400 nostra:
3252 4347 3496 4411 resultat,
3549 4351 3713 4405 nobis

2119 4428 2425 4498 plenissime
2468 4441 2763 4502 aperteque
2827 4437 3128 4502 rescribas,
3185 4453 3292 4508 quo
3348 4440 3710 4497 deliberatam

2121 4520 2425 4590 paschalem
2456 4521 2596 4576 diem
2621 4524 2731 4592 iam
2763 4526 2954 4582 litteris
3003 4537 3129 4584 ante
3175 4541 3234 4585 ut
3261 4533 3424 4588 moris
3452 4545 3538 4589 est
3590 4551 3710 4592 ser-

443 4611 589 4662 vum,
631 4596 733 4651 nisi
761 4599 1248 4669 sancta/religionis
1276 4611 1473 4658 statuta
1495 4603 1858 4673 providerent.
1881 4606 2014 4662 Cum
2046 4612 2093 4671 D
2121 4611 2348 4666 vandam
2400 4629 2498 4669 suo
2547 4625 2787 4687 tempore
2833 4621 3261 4688 prmscribamus.
3295 4623 3710 4700 Compresbyte-

401 4742 405 4746 _
439 4684 583 4736 υιςίιη
615 4684 668 4738 in
710 4687 1020 4754 captivitate
1048 4690 1303 4759 praedicta
1336 4691 1467 4748 Ursa
1495 4695 1685 4750 mulier
1716 4705 2009 4764 teneretur,

439 4774 581 4827 aliud
605 4775 910 4845 coniugium
935 4795 1056 4856 cum
1086 4781 1349 4838 Restitute
1370 4784 1657 4840 Fortunius
1684 4797 2013 4844 memoratus

438 4863 602 4918 inisse
635 4867 997 4935 cognoscitur.
1043 4870 1154 4927 Sed
1176 4872 1358 4930 favore
1386 4875 1595 4932 Domini
1624 4893 1840 4934 reversa
1872 4878 2010 4935 Ursa

435 4967 539 5010 nos
568 4952 718 5020 adiit,
743 4962 796 5008 et
817 4957 963 5012 nullo
982 4957 1242 5016 dillitente
1262 4979 1482 5019 uxorem
1503 4980 1562 5020 sc
1589 4969 1872 5023 memorati
1891 4985 2012 5026 esse

436 5041 742 5110 perdocuit.
775 5043 970 5114 Quare,
1001 5049 1215 5106 domine
1245 5053 1315 5108 fili
1343 5055 1535 5112 merito
1561 5055 1802 5126 illustris,
1829 5061 2014 5120 statui-

439 5145 584 5200 mus,
614 5130 716 5188 ﬁde
743 5135 1007 5192 catholica
1027 5139 1349 5211 sutl‘ragante
1388 5145 1515 5200 illud
1542 5163 1661 5203 esse
1681 5149 2008 5220 coniugium,

434 5222 583 5292 quod
602 5232 723 5279 erat
749 5225 994 5296 primitus
1031 5233 1202 5300 gratia
1237 5234 1416 5290 divina
1463 5238 1740 5296 fundatum
1774 5258 2010 5300 conven-

437 5321 660 5382 tumque
687 5317 937 5372 secunda:
960 5321 1220 5390 mulieris,
1251 5327 1430 5396 priore
1455 5333 1743 5399 superstite
1759 5375 1775 5402 ,
1808 5350 1908 5391 nec
1929 5337 2010 5392 di-

438 5407 613 5463 vortio
627 5407 818 5477 eiecta,
835 5411 982 5467 nullo
1003 5424 1161 5484 pacto
1189 5432 1347 5488 posse
1374 5435 1493 5476 esse
1513 5422 1828 5491 legitimum.

434 5522 519 5578 Ad
545 5521 807 5578 Aurelium
833 5523 1330 5625 Carthaginiensem,
1345 5542 1412 5625 let
1438 5534 1780 5625 {iugastii‘mm
1813 5539 2008 5625 Hippo-

505 5609 712 5712 ;ielnsem
759 5596 1236 5668 episcopos‘scripta
1275 5596 1583 5659 salutatoria
1627 5607 1783 5677 plena
1831 5596 2006 5668 diari-

528 5678 556 5711 (Ι
581 5679 626 5712 Β.

528 5678 626 5714 (ηε.

504 5748 787 5808 XXXVIII.
841 5755 1182 5816 Innocentius
1203 5761 1425 5820 Aurelio
1475 5777 1529 5821 et
1556 5768 1851 5839 Augustino
1895 5778 2002 5844 epi-

430 5844 627 5914 scopis.
643 5845 1012 5919 Acceptissimi
1041 5854 1169 5911 mihi
1198 5852 1449 5917 Germani
1469 5866 1891 5940 comprcsbytcri
1911 5870 2000 5932 ille

2117 4717 2235 4755 rum
2265 4710 2446 4757 autem
2467 4704 2870 4775 Archidamum,
2898 4713 3145 4780 quamvis
3187 4717 3428 4771 noverim
3458 4721 3612 4788 quod
3652 4722 3712 4776 Ii.

2112 4791 2428 4848 beatissime
2467 4810 2533 4850 ac
2578 4811 2730 4852 more
2775 4801 3038 4872 suscipias
3091 4816 3370 4870 consueto,
3419 4816 3610 4865 tamen
3635 4827 3703 4868 ex

2113 4881 2506 4940 abundantibus
2551 4887 2766 4957 postulo
2829 4898 2889 4944 ut
2951 4906 3075 4946 cum
3121 4895 3265 4950 inter
3323 4905 3448 4954 tuos
3495 4900 3711 4960 habere

2112 4969 2366 5042 digneris.

2531 5069 2612 5124 De
2631 5072 2949 5128 Antiochum
2978 5075 3230 5133 Ecclesia.
3257 5110 3262 5115 -

2188 5153 2325 5210 XLI.
2360 5155 2704 5216 Innocentius
2737 5161 3017 5221 Bonifacio
3040 5169 3375 5239 presbytero.

2183 5242 2424 5302 Ecclesia
2453 5247 2820 5318 Autiochena,
2851 5269 3010 5323 quam
3050 5259 3358 5328 priusquam
3405 5264 3472 5318 ad
3503 5268 3704 5325 urbem

2111 5335 2417 5403 perveniret
2436 5337 2663 5394 Romam
2688 5342 2878 5399 beatus
2918 5347 3194 5416 apostolus
3221 5347 3416 5407 Petrus
3439 5370 3546 5410 sua
3568 5373 3706 5429 prie-

2112 5425 2286 5480 sentia
2328 5427 2632 5496 illustravit,
2658 5434 2804 5490 velut
2830 5449 3081 5504 germana
3111 5439 3366 5499 Ecclesiae
3397 5425 3667 5506 Romana:
3687 5495 3702 5517 ,

2111 5514 2202 5570 diu
2225 5533 2284 5572 se
2312 5521 2380 5576 ab
2409 5523 2596 5578 eadem
2627 5526 2856 5582 alienam
2902 5545 3022 5586 esse
3070 5549 3175 5588 non
3207 5551 3361 5604 passa
3411 5550 3532 5607 est;
3573 5561 3703 5601 nam

2108 5605 2283 5696 missis
2311 5608 2500 5680 legatis
2529 5613 2598 5666 ita
2629 5631 2816 5686 pacem
2863 5621 3152 5689 postulavit
3185 5633 3242 5679 et
3298 5605 3526 5696 meruit,
3553 5644 3612 5689 ut
3645 5646 3707 5690 et

2106 5691 2437 5764 Evagrianos
2459 5702 2566 5757 suis
2593 5705 2889 5774 ordinibus,
2917 5725 2984 5765 ae
3011 5712 3144 5768 locis
3183 5716 3505 5775 intemerata
3548 5725 3706 5780 enli-

2105 5787 2322 5843 natione
2369 5806 2529 5859 quam
2597 5811 2923 5869 acceperant
2990 5819 3018 5858 a
3083 5818 3385 5867 memorato
3445 5819 3701 5888 suscipe

2105 5888 2245 5948 rent,
2283 5890 2341 5959 ct
2373 5883 2593 5947 Joannis
2629 5903 2828 5950 sanctae
2862 5898 3137 5956 mcmorim
3189 5902 3278 5981 vet
3311 5903 3553 5966 clericos
3600 5883 3704 5972 vel
