3988 6344
166 412 270 467 253

1178 396 1550 457 COLLECTIO
1587 390 2058 450 DECRETOIKUM
2107 392 2208 448 PP.
2253 391 2368 447 RR.

3324 396 3393 451 25
3400 399 3435 454 ξι

165 529 330 582 laicos
376 524 429 578 in
462 537 627 577 unum
663 519 942 587 colligeret
984 526 1143 588 atque
1190 520 1565 584 congregaret.
1621 509 1744 563 Pro-
1772 508 1819 569 Α
1850 514 1931 561 ter
1950 506 2217 563 destinata
2242 506 2344 561 sibi
2386 504 2695 573 rogaverint
2720 504 3009 560 redhiberi.
3040 506 3429 576 ExSpectamus

162 621 377 674 mittens
400 615 562 684 ipsius
581 610 814 668 civitatis
828 609 1137 680 episcopus,
1154 606 1319 660 frater
1342 620 1493 659 meus
1514 602 1741 657 Alexan-

161 716 283 778 der,
310 707 522 764 etiamsi
566 705 689 775 quis
718 702 855 759 forte
900 701 984 756 vel
1026 716 1056 754 a
1086 698 1239 753 nobis
1284 696 1371 753 vel
1407 694 1622 750 aliunde
1651 707 1744 762 po-

160 800 403 858 sterioris
429 794 788 853 ordinationis
814 792 883 849 ad
909 789 1136 847 eosdem
1182 786 1461 843 advenerit
1477 826 1492 850 ,
1540 798 1601 839 se
1628 783 1744 837 sine

162 891 529 950 conu'oversia
551 895 917 958 recepturum,
950 898 1016 939 ac
1042 897 1238 939 nomen
1265 878 1507 951 episc0pi
1534 890 1744 931 memo-

160 985 262 1040 rati
289 984 436 1038 inter
458 981 805 1050 quiescentes
821 989 1108 1045 episcopos
1136 973 1485 1028 recitaturum
1512 988 1525 1022 :
1556 968 1642 1024 cui
1661 966 1745 1024 rei

160 1091 259 1130 nos
302 1072 514 1127 noverit
560 1068 839 1124 tradidisse
866 1078 1076 1130 manus,
1128 1061 1292 1117 frater
1328 1060 1660 1125 charissime,
1690 1066 1746 1113 et

161 1182 255 1221 eos
286 1167 341 1220 in
366 1172 551 1219 nostra
574 1161 781 1215 viscera
810 1155 1096 1228 recepisse,
1146 1169 1215 1209 ne
1244 1154 1336 1208 diu
1365 1153 1603 1208 membra
1625 1165 1744 1219 qua)

162 1256 557 1327 requisiverant
603 1250 918 1313 sanitatem,
951 1248 1018 1302 ab
1065 1246 1273 1301 unitate
1300 1244 1544 1313 corporis
1574 1242 1744 1296 habe-

162 1357 353 1402 rentur
400 1345 594 1399 aliena.
641 1340 829 1394 Omnia
879 1352 1006 1391 vero
1030 1350 1154 1404 quae
1183 1349 1277 1403 per
1304 1332 1547 1388 ordinem
1592 1336 1743 1398 gesta

160 1447 286 1495 sunt
336 1436 477 1489 tilias
531 1447 682 1486 meus
724 1430 983 1483 diaconus
1036 1424 1254 1490 Paulus,
1312 1424 1503 1478 barum
1538 1421 1745 1476 scilicet

162 1529 396 1601 portitor
423 1527 744 1589 litterarum,
777 1530 879 1576 tua:
916 1517 1193 1574 dilectioni
1219 1516 1422 1587 poterit
1448 1527 1740 1569 enarrare:

163 1632 219 1676 ut
246 1635 305 1676 et
330 1618 583 1688 gaudium
626 1628 913 1671 commune
960 1611 1236 1666 nobiscum
1269 1608 1488 1672 habeas,
1544 1614 1601 1659 et
1648 1618 1744 1659 eos

163 1712 422 1767 informes
456 1710 549 1779 qui
586 1722 683 1778 pro
714 1704 873 1760 Attici
902 1702 1145 1774 partibus
1175 1698 1500 1756 intervenire
1525 1708 1746 1752 consue-

163 1810 377 1859 verunt.

214 1916 295 1968 Ad
322 1910 677 1968 Alexandrum
705 1906 1079 1962 Antiochenam
1108 1903 1402 1972 episcopum
1434 1900 1495 1954 de
1522 1912 1666 1969 pace.

234 2025 395 2080 XLII.
435 2021 778 2078 Innocentius
805 2014 1109 2073 Alexandro
1131 2016 1406 2084 episcopo.

232 2117 409 2181 Quam
436 2121 589 2182 grata
623 2110 773 2174 mihi,
801 2122 963 2179 quam
1002 2107 1111 2176 pia,
1141 2120 1303 2173 quam
1350 2100 1652 2158 necessaria
1681 2100 1749 2154 le-

162 2208 308 2276 gatiu
334 2223 365 2259 a
398 2214 489 2259 tua
519 2202 827 2270 sanctitate,
875 2198 1043 2254 frater
1072 2194 1407 2263 charissime,
1442 2193 1510 2249 ad
1548 2207 1649 2248 nos
1677 2191 1750 2245 di-

164 2309 309 2353 recta
344 2299 524 2361 fuerit,
563 2302 838 2363 gestorum
880 2292 1119 2363 ipsorum
1157 2289 1508 2360 replicatione
1541 2301 1747 2354 cogno-

165 2405 309 2445 secs.
328 2388 507 2445 Voluit
527 2387 669 2444 enim
697 2380 1103 2456 comprcsbytcr
1120 2387 1302 2438 noster
1312 2378 1597 2436 Cassianus
1614 2380 1750 2435 hanc

164 2482 523 2541 amicitiarum
552 2491 856 2535 nostrarum
881 2478 1188 2548 paginulam
1216 2492 1312 2545 per
1341 2472 1746 2543 compresbyte-

165 2591 287 2631 rum
334 2584 580 2631 nostrum
609 2570 864 2635 Paulum,
897 2568 1176 2624 Nicolaum
1205 2566 1523 2632 diaconum,
1556 2572 1610 2618 et
1658 2560 1752 2616 Pe-

166 2678 311 2721 trum
359 2664 779 2727 subdiaconum,
814 2660 952 2717 ﬁlios
1000 2670 1239 2723 nostros,
1287 2657 1440 2727 quasi
1490 2654 1750 2725 primitias

168 2757 317 2826 pacis
365 2763 564 2809 nostra:
592 2753 879 2808 conscribi.
906 2751 1091 2806 Saluto
1120 2752 1304 2818 itaque
1343 2754 1399 2803 ct
1432 2756 1573 2800 tuam
1621 2744 1750 2799 mihi

168 2851 219 2903 in
240 2848 461 2902 Christo
489 2845 918 2915 germanitatem,
942 2852 997 2898 et
1021 2857 1239 2898 onmem
1262 2841 1406 2894 illam
1430 2853 1549 2907 quae
1574 2847 1748 2891 tecum

167 2948 276 2990 tam
317 2938 457 2991 bene
506 2936 669 2990 sentit
714 2933 1029 2997 Ecclesium,
1069 2947 1294 3000 nosque,
1342 2920 1403 2984 ut
1454 2928 1653 2990 facitis,
1696 2937 1751 2981 et

168 3027 518 3097 alloquamini
548 3035 675 3096 peto
721 3025 961 3079 crebrius
990 3024 1204 3089 litteris,
1247 3032 1300 3076 et
1327 3021 1659 3089 frequentius
1685 3019 1751 3072 de

170 3128 343 3171 vestra
376 3117 552 3171 salute
580 3115 878 3172 Imtilieetis.
911 3115 1067 3169 Dabit
1094 3116 1234 3169 enim
1270 3116 1349 3181 (ut
1377 3110 1612 3180 conﬁdo)
1640 3111 1746 3167 Do-

169 3209 344 3261 minus
377 3209 665 3261 latiusnos
694 3206 950 3275 praeteriti
982 3205 1235 3274 temporis
1263 3203 1540 3273 dispendia
1569 3218 1749 3257 aman-
1775 3228 1823 3292 ο

170 3301 378 3353 tissime
398 3300 699 3353 litterarum
723 3298 989 3366 colloquio
1018 3310 1321 3365 repensare.

390 3412 469 3467 De
493 3413 662 3468 Attico
688 3411 1256 3481 Constantinopolitano
1280 3411 1535 3481 episcOpo.

242 3525 421 3578 XLIII.
461 3524 806 3579 Innocentius
837 3524 1159 3578 Maximiano
1190 3523 1465 3592 episcopo.

243 3616 504 3669 Miramur
524 3615 859 3684 prudentiam
888 3623 1033 3667 tuam
1063 3614 1261 3683 scripta
1291 3613 1355 3668 ad
1381 3613 1615 3667 Atticum
1644 3615 1752 3683 epi-

172 3722 397 3776 scopum
447 3705 1055 3774 Constantinopolitanae
1083 3703 1228 3758 urbis
1267 3720 1297 3756 a
1328 3704 1481 3759 nobis
1501 3712 1553 3757 et
1574 3719 1755 3774 prosc-

174 3799 391 3850 cutioue
422 3796 659 3865 propria,
694 3803 748 3850 et
777 3795 905 3848 dato
937 3795 1137 3857 libello,
1170 3793 1261 3862 qui
1308 3793 1490 3846 subter
1511 3806 1753 3847 annexus

174 3898 273 3947 est,
303 3888 581 3955 postulare
613 3905 625 3939 :
650 3902 678 3939 a
702 3902 809 3955 quo
838 3902 937 3940 nec
968 3886 1155 3940 missas
1179 3884 1312 3939 ullas
1340 3885 1527 3939 saltem
1558 3885 1755 3952 episto-

175 3979 250 4032 las
271 3980 337 4030 ad
364 3993 465 4033 nos
494 3978 576 4031 vel
606 3977 670 4030 ad
701 3984 933 4031 vestram
956 3976 1219 4047 synodum
1256 3976 1436 4044 utique
1465 3974 1750 4046 pertulisti,

175 4070 334 4139 idun
386 4085 495 4124 non
551 4068 751 4138 petenti
781 4069 1011 4122 aestimes
1060 4068 1443 4121 tribuendum:
1496 4066 1636 4135 quod
1668 4066 1755 4121 dc-

172 4161 302 4212 beas
348 4158 821 4227 deprecationihus
876 4156 1130 4211 discussa.
1167 4157 1377 4212 ratione
1415 4170 1749 4222 concessum,

171 4249 613 4302 communionem
682 4263 941 4317 suspensa
1008 4248 1311 4303 restituitur
1364 4247 1753 4302 demonstranti

172 4354 365 4395 causas
405 4339 602 4409 quibus
623 4338 673 4393 id
704 4339 921 4393 cederat
940 4338 1049 4408 jam
1077 4352 1197 4393 esse
1219 4339 1479 4403 detersus,
1517 4346 1571 4392 et
1598 4339 1752 4408 profi-

174 4434 305 4486 tenti
333 4430 679 4486 conditiones
704 4432 851 4500 pacis
878 4429 1143 4499 impletas.
1195 4428 1346 4494 Quod
1401 4443 1574 4497 neque
1612 4429 1749 4498 apud

169 4538 285 4584 vos,
344 4534 523 4589 neque
553 4520 692 4591 apud
720 4536 840 4587 nos,
873 4528 928 4575 ut
950 4519 1188 4589 prmdixi,
1222 4519 1429 4574 Atticus
1458 4520 1632 4573 missis
1660 4518 1751 4571 ali-

1772 1863 1822 1922 B

1842 611 1972 665 ergo
2019 606 2073 651 et
2102 594 2489 667 professionem
2532 597 2817 650 memorati
2849 595 2917 650 de
2947 597 3229 666 completis
3258 601 3431 653 omni~

1842 687 1942 743 bus
1955 687 2376 755 conditionibus,
2399 700 2533 753 quas
2560 685 2788 741 diversis
2819 687 3153 757 temporibus
3180 688 3430 757 prtediri-

1842 794 1982 844 mus,
2007 787 2060 832 et
2078 778 2393 848 petitionem
2415 776 2841 831 communionis:
2868 784 2926 830 ut
2953 785 3102 832 recte
3134 786 3191 832 et
3218 780 3424 848 petenti

1843 878 1899 923 et
1947 868 2194 939 probanti
2250 882 2311 922 se
2366 867 2608 922 eamdem
2662 867 2859 922 mereri
2914 867 3229 935 reddamus,
3263 867 3429 922 frater

1843 958 2175 1029 eharissirpe.
2198 957 2332 1012 Nam
2356 957 2425 1011 de
2453 956 2701 1012 omnibus
2727 956 3066 1026 plenissimas
3093 957 3159 1011 ad
3186 966 3423 1013 sanctam

1841 1048 2069 1103 fratrum
2117 1055 2432 1103 nostrorum
2480 1046 2745 1117 synodum
2784 1045 2985 1101 dudum
3043 1046 3250 1102 litteras
3304 1062 3429 1117 per-

1843 1139 2050 1209 cepisti.
3228 1142 3265 1159 "

1967 1248 2097 1303 Item
2126 1249 2424 1305 Alexandro
2450 1250 2688 1319 episcopo
2708 1250 3029 1305 Autiocheno
3057 1250 3121 1304 de
3147 1267 3294 1321 pace.

1915 1358 2097 1412 XLIV.
2122 1357 2415 1428 Apostolici
2444 1358 2642 1415 favoris
2669 1360 2838 1428 gratia
2860 1372 3055 1429 magno
3082 1360 3229 1428 pacis
3258 1374 3425 1429 usque

1845 1450 1915 1504 ad
1956 1465 2054 1505 nos
2083 1450 2278 1504 decore
2307 1449 2663 1518 resplenduit,
2695 1458 3009 1519 tantumque
3041 1450 3172 1504 lucis
3199 1451 3425 1517 gaudio-

1844 1552 1981 1607 rum,
2013 1556 2129 1611 qua:
2154 1540 2355 1595 infulsit
2385 1539 2625 1595 ﬁdelibus
2652 1558 2664 1593 :
2693 1549 2748 1593 ut
2776 1540 3015 1596 dicentes
3036 1541 3147 1595 Deo
3166 1542 3427 1594 maximas

1844 1629 2032 1685 laudes
2072 1633 2302 1700 majores
2332 1648 2429 1685 nos
2458 1632 2654 1686 debere
2682 1632 2963 1698 fateamur,
2996 1631 3220 1701 plusque
3243 1646 3273 1684 a
3316 1631 3427 1685 Deo

1839 1721 2120 1789 jocundati
2169 1737 2375 1787 sumus,
2420 1723 2561 1790 quod
2605 1723 2857 1777 discussis
2887 1723 3135 1777 omnibus
3175 1722 3430 1776 lateribus

1848 1812 2117 1867 actionum
2149 1822 2252 1866 tua:
2282 1810 2657 1876 fraternitatis,
2701 1813 2772 1866 ita
2803 1821 2974 1867 totum
2998 1813 3198 1882 pietate
3244 1829 3306 1868 ac
3335 1828 3428 1883 pa-

1850 1905 2035 1959 tientia
2063 1913 2268 1972 gestum
2298 1904 2667 1972 cognovimus,
2704 1913 2762 1957 ut
2790 1905 2843 1958 in
2866 1904 3115 1960 omnibus
3146 1904 3427 1959 Dominum

1848 1994 2220 2058 laudarcmus,
2278 2010 2693 2065 successumque
2739 1995 2913 2065 ipsum
2962 1995 3084 2050 ideo
3132 1996 3428 2065 przestitum

1849 2087 1955 2141 tuis
1998 2086 2270 2141 laboribus
2322 2087 2640 2152 videamus,
2693 2086 2837 2156 quod
2886 2093 2999 2141 tota
3042 2086 3238 2140 virtute
3282 2086 3428 2155 pacis

1848 2187 2060 2232 amator
2087 2179 2323 2233 existens
2350 2190 2473 2232 eam
2500 2178 2814 2248 requisitam
2844 2177 3132 2242 inveneris,
3159 2185 3215 2231 et
3241 2192 3427 2246 reper-

1850 2278 1958 2324 tam
1985 2285 2192 2324 summa
2219 2270 2484 2324 charitate
2526 2270 2852 2333 servaveris,
2896 2284 3016 2323 cum
3064 2284 3191 2338 erga
3221 2284 3427 2332 omnes,

1853 2368 1960 2418 tum
1982 2360 2248 2433 pratcipue
2271 2360 2418 2417 circa
2441 2358 2559 2417 illos
2583 2358 2673 2431 qui
2722 2356 2988 2430 quondam
3019 2355 3225 2414 Paulini
3269 2366 3430 2429 atque

1850 2454 2064 2524 Evagrii
2105 2456 2479 2525 episcoporum
2505 2454 2698 2510 ccnsiti
2744 2454 2953 2507 fuerant
2982 2455 3213 2507 nomine.
3246 2452 3430 2508 llabeo

1851 2562 2113 2602 summam
2147 2557 2393 2603 votorum
2422 2563 2695 2616 meorum,
2742 2563 2863 2603 cum
2908 2548 3113 2616 antiqui
3144 2547 3277 2601 nwvi
3306 2560 3432 2616 pur-

1851 2643 1998 2712 gatio
2053 2643 2159 2698 tuis
2203 2640 2531 2712 temporibus
2582 2643 2795 2713 tuisque
2841 2642 3047 2697 meritis
3090 2649 3429 2711 prorogatur.

1855 2733 2096 2799 Quorum
2136 2734 2298 2788 etiam
2327 2734 2448 2789 illos
2501 2732 2737 2803 ejusdem
2778 2734 3008 2788 nominis
3052 2734 3142 2801 qui
3190 2734 3240 2787 in
3283 2730 3432 2787 Italia

1854 2825 2045 2879 merita
2087 2826 2370 2880 clericatus
2413 2833 2768 2895 acceperant,
2819 2826 3002 2881 censui
3047 2824 3193 2879 bono
3236 2824 3434 2893 quietis

1854 2918 2080 2986 gratiam
2124 2918 2357 2973 retinere
2400 2926 2724 2986 susceptam.
2773 2916 2842 2970 Et
2885 2917 3010 2987 quia
3054 2925 3239 2971 noster
3283 2930 3433 2970 com-

1855 3007 2135 3077 presbyter
2146 3005 2434 3062 Cassianus
2455 3014 2664 3074 gratum
2682 3007 2815 3061 dixit
2838 3015 2939 3060 tua:
2960 3005 3076 3060 fore
3108 3005 3432 3075 dignationi,

1855 3095 1901 3149 si
1930 3111 2051 3150 meo
2082 3095 2306 3151 consilio
2335 3097 2389 3150 in
2418 3097 2636 3151 civitate
2663 3105 2838 3150 vestra
2881 3096 3163 3150 clericatus
3191 3095 3433 3150 ordinem

1856 3187 2051 3243 ducere
2102 3196 2491 3255 censerentur,
2540 3189 2702 3242 statui
2750 3197 2971 3257 propter
3004 3186 3433 3243 benevolentiam

1854 3284 2025 3341 tuam,
2055 3278 2428 3345 promissaque
2447 3275 2749 3340 memorati,
2774 3285 2835 3329 ut
2856 3276 2994 3331 inter
3013 3284 3239 3331 caeteros
3267 3290 3437 3330 sacer-

1855 3367 2014 3423 dotes
2044 3366 2426 3434 ministrosque
2451 3366 2543 3434 qui
2586 3365 2638 3418 in
2669 3366 2889 3420 civitate
2909 3375 3051 3429 sunt,
3080 3380 3437 3420 annumercn-

1855 3467 1961 3521 tur,
1988 3457 2154 3513 frater
2172 3457 2506 3511 charissime.
2531 3454 2787 3510 Libenter
2804 3464 3061 3525 prteterea
3082 3456 3149 3509 de
3169 3456 3439 3524 episcopis

1853 3547 2064 3618 Elpidio
2119 3555 2281 3616 atque
2312 3545 2494 3616 Pappo
2521 3545 2770 3614 cognovi,
2818 3544 2961 3613 quod
2991 3545 3107 3597 sine
3141 3545 3439 3612 quaestione

1852 3650 1977 3692 suas
2018 3636 2286 3691 Ecclesias
2315 3634 2772 3704 recuperaverint,
2807 3642 2861 3687 et
2900 3632 3126 3686 multum
3169 3634 3220 3686 in
3250 3636 3437 3700 gestis,

1856 3734 1914 3782 ut
1960 3726 2200 3795 subjecta
2250 3732 2557 3791 testantur,
2615 3722 2879 3780 sollicitus
2930 3721 3208 3791 inquisivi,
3260 3732 3437 3777 utrum

1853 3816 2104 3871 omnibus
2147 3823 2295 3870 esset
2344 3808 2742 3870 conditionibus
2785 3812 3118 3867 satisfactum
3168 3814 3220 3866 in
3274 3828 3435 3867 causa

1852 3906 1996 3962 beati
2043 3914 2098 3960 et
2142 3920 2271 3961 vere
2298 3901 2409 3961 Deo
2438 3904 2581 3974 digni
2623 3902 2917 3970 sacerdotis
2945 3896 3184 3955 Joannis.
3222 3900 3436 3956 Etcum

1853 4011 1950 4067 per
1968 3996 2175 4065 singula
2205 3996 2432 4051 assertio
2462 3996 2761 4064 legatorum
2780 4009 2850 4048 ex
2876 4000 3003 4047 voto
3027 3992 3291 4060 completa
3318 4006 3436 4045 esse

1856 4088 2133 4154 fateretur,
2156 4088 2355 4155 gratias
2380 4097 2541 4154 agens
2571 4085 2796 4138 Domino
2818 4081 3246 4138 communionem
3264 4079 3439 4135 Eccle-

1854 4182 1947 4234 sia:
1989 4189 2183 4235 vestra:
2212 4181 2283 4233 ita
2313 4178 2516 4247 recepi,
2562 4184 2621 4230 ut
2647 4189 2757 4245 prce
2786 4190 2886 4229 .me
2937 4172 3101 4228 feram
3129 4171 3439 4243 apostolica:

1853 4270 1993 4324 sedis
2021 4269 2416 4337 condiscipulos
2444 4267 2647 4336 primos
2674 4265 2887 4320 dedisse
2922 4264 3133 4319 ueteris
3175 4264 3315 4317 viam
3346 4276 3441 4331 pa-

1852 4361 1930 4416 cis
1964 4378 1976 4413 :
2008 4361 2191 4428 inqua
2223 4357 2459 4412 firmatos
2488 4368 2585 4411 vos
2622 4362 2827 4424 nosque
2867 4354 3077 4407 Domini
3116 4352 3318 4407 Christi
3358 4354 3432 4406 ita

1852 4450 2156 4519 benignitas
2185 4448 2600 4518 amplexabitur,
2628 4454 2793 4516 utque
2814 4444 3140 4505 communio,
3185 4452 3347 4511 atque
3378 4452 3439 4497 ut

1852 4543 2001 4598 nullo
2029 4542 2096 4596 de
2122 4548 2315 4595 cetero
2347 4537 2707 4602 tilillamento,
2737 4535 2822 4589 vel
2844 4535 2947 4588 levi
2970 4532 3284 4601 cujusquam
3309 4547 3438 4586 con~

169 4610 366 4681 ‘l‘m’us
417 4628 633 4669 suom“
666 4613 751 4667 "el
802 4613 982 4667 dicere
1030 4613 1214 4677 "01"“,
1248 4612 1331 4667 "cl
1385 4610 1752 4700 ἀειηρηδιηιτθ
1780 4594 1830 4653 D
1858 4631 2112 4688 tentionis
2139 4629 2343 4700 pudore
2372 4627 2632 4698 pulsetur.
2663 4625 2875 4693 Scripta
2905 4633 3082 4679 autem
3112 4623 3289 4677 Acacii
3317 4623 3432 4691 epi-

168 4705 528 4774 eomplctum.
578 4702 1038 4769 Quemadmodum
1102 4703 1449 4757 Antiochense
1498 4699 1752 4755 Ecclesire

166 4798 341 4851 frater
373 4803 433 4849 et
470 4795 827 4865 coepiscopus
865 4802 1052 4849 noster
1080 4791 1383 4848 Alexander
1409 4790 1566 4860 digna
1617 4791 1757 4859 lega-

166 4890 317 4942 tione
345 4896 407 4941 et
428 4894 745 4955 prosecutus
770 4894 870 4949 est,
896 4892 949 4939 et
977 4886 1238 4954 probavit,
1272 4883 1467 4953 quibus
1508 4882 1756 4938 omnibus

166 4981 356 5049 utiun
386 4979 652 5031 interesse
680 4977 929 5047 dignatus
956 4977 1276 5047 cognovisti,
1306 4972 1755 5045 quemadmodum

165 5072 510 5140 singillatim,
528 5069 703 5123 omnia
720 5072 1049 5139 scriptorum
1077 5077 1385 5123 nostrorum
1418 5075 1541 5121 ante
1572 5068 1669 5121 hac
1691 5064 1757 5120 de

164 5179 330 5215 causa
359 5160 660 5215 beatissimi
679 5158 920 5226 Joannis,
946 5160 1214 5229 quondam
1242 5159 1542 5228 eoepiscopi
1569 5158 1757 5221 nostri,

164 5251 549 5307 discusserim.
582 5262 746 5320 utque
774 5250 848 5307 illi
899 5251 952 5307 in
1003 5251 1253 5307 omnibus
1302 5250 1431 5305 satis
1486 5249 1759 5304 evidenter

167 5342 605 5399 inonstraverint
649 5342 896 5397 universa
935 5357 1055 5411 qua:
1102 5342 1240 5411 apud
1271 5341 1612 5395 Antiochiam
1643 5339 1759 5396 fieri

167 5434 485 5500 debuerint,
520 5432 681 5490 fuisse
733 5434 1021 5506 completa.
1067 5434 1307 5501 Quorum
1356 5432 1642 5503 amplexati
1672 5448 1759 5502 pa-

171 5544 290 5583 trem
318 5527 513 5596 utique
540 5525 695 5579 fidem
726 5524 971 5589 fecimus,
998 5535 1051 5579 et
1082 5539 1329 5595 magnum
1361 5524 1626 5578 tramitem
1650 5538 1760 5577 om-

174 5624 331 5674 nibus
392 5615 644 5670 eamdem
693 5616 1042 5686 postulaturis
1090 5614 1459 5670 ostendimus:
1503 5613 1547 5667 si
1600 5612 1759 5668 modo

172 5726 289 5778 quae
315 5711 567 5765 discussa
596 5717 719 5763 sunt
745 5718 910 5776 atque
935 5713 1223 5777 completa,
1252 5710 1414 5763 etiam
1446 5707 1548 5777 ipsi
1578 5722 1635 5761 sc
1662 5723 1758 5776 pro

176 5820 271 5857 suo
300 5802 431 5857 loco
460 5798 654 5854 fecisse
680 5797 766 5853 vel
816 5799 1111 5866 complesse
1161 5797 1446 5867 aliquando
1489 5805 1758 5849 monstra-

180 5897 377 5966 κήαι,
414 5893 975 5963 commury’pnemque,
1006 5900 1065 5948 ut
1092 5892 1179 5951 isti
1208 5890 1475 5964 legatione
1505 5887 1761 5945 solemni-

1858 4723 2029 4793 scopi,
2061 4721 2314 4791 quoniam
2344 4733 2465 4777 eum
2496 4718 2691 4774 vestris
2728 4725 2853 4771 sunt
2880 4724 3159 4785 porrecta,
3198 4717 3438 4785 suscepi-

1859 4831 1977 4869 mus
2010 4831 2023 4867 :
2052 4828 2120 4869 ne
2146 4828 2241 4883 per
2270 4819 2504 4867 vestram
2538 4809 2785 4879 injuriam
2813 4808 2923 4873 ille,
2953 4808 3045 4877 qui
3075 4807 3201 4862 olim
3224 4820 3255 4861 a
3286 4806 3443 4862 nobis

1859 4921 2152 4976 suspensus
2171 4904 2367 4971 fuerat,
2388 4901 2781 4972 repudiaretur,
2806 4906 2861 4952 ct
2879 4906 3054 4952 tamen
3084 4898 3214 4953 satis
3230 4898 3444 4953 abunch

1862 4998 1915 5051 in
1945 4996 2077 5053 actis
2103 4995 2403 5056 statuimus,
2427 4990 2583 5047 sicuti
2609 4989 2893 5059 dignanter
2919 4988 3160 5057 relegere
3189 5003 3445 5059 procura-.

1862 5085 1965 5151 bis,
1993 5084 2120 5153 quid
2151 5084 2205 5137 in
2234 5081 2349 5151 ejus
2372 5092 2599 5150 persona
2639 5079 2834 5133 debeat
2875 5076 3159 5141 custodiri,
3195 5085 3251 5130 ut
3278 5077 3321 5131 si
3345 5091 3441 5145 per

1864 5174 2042 5229 omnia
2068 5174 2255 5228 vestris
2280 5172 2521 5228 consiliis
2553 5171 2865 5240 actibusqne
2893 5178 3000 5222 tam
3030 5169 3231 5223 sanctis
3261 5184 3319 5223 se
3350 5185 3442 5221 ro-

1864 5265 2069 5335 gaverit
2109 5278 2228 5320 esse
2265 5275 2627 5329 communem,
2677 5267 2961 5331 praestetur
2989 5260 3102 5315 seni
3134 5260 3316 5315 favore
3347 5274 3439 5313 ve»

1864 5366 1996 5420 stro,
2044 5364 2337 5425 nostroque
2361 5354 2566 5424 judicio
2595 5352 3019 5408 communionis.
3053 5367 3115 5404 ac
3144 5351 3444 5404 litterarum

1866 5465 1895 5502 a
1925 5447 2080 5525 qobis
2108 5446 2275 5517 gratia
2301 5452 2607 5516 prorogata.
2639 5442 3082 5512 Subscripserunt
3110 5439 3174 5492 20
3206 5439 3442 5507 episcopi

1866 5538 2050 5592 Italiae.

2105 5629 2236 5683 Item
2266 5629 2561 5683 Alexandro
2588 5630 2824 5695 episcopo
2854 5625 3184 5677 Antiochcno.

1871 5720 2020 5783 Quod
2052 5721 2217 5790 prima
2248 5720 2389 5774 sedes
2421 5720 2554 5773 beati
2594 5716 2734 5769 Petri
2782 5716 2917 5777 apud
2964 5711 3283 5764 Antiochiam
3334 5727 3443 5764 csse

2492 5796 2816 5841 memoratur.

1945 5884 2101 5943 XLV.
2136 5880 2211 5957 lit
2241 5898 2375 5940 onus
2422 5890 2473 5939 ct
2504 5880 2675 5934 honor
2720 5878 2874 5935 nobis
2929 5892 2959 5929 a
2989 5881 3078 5928 tua
3109 5872 3444 5933 fraternitate
