3970 6338
521 418 626 472 255

521 534 802 604 impositus
832 529 1113 586 necessarii
1147 537 1405 583 tractatus
1444 541 1632 582 causas
1674 527 1879 580 induxit
1923 542 1934 576 :

523 624 734 691 litteris,
765 623 847 676 vel
878 619 1290 675 commonitorio
1320 628 1522 686 vestro,
1571 625 1629 670 ut
1658 617 1750 669 dat
1776 615 1944 668 sancti
1973 614 2095 680 Spi-

525 715 655 768 ri:us
679 713 880 780 gratia,
929 709 1260 780 respondere
1289 710 1576 778 possimus.
1611 706 1966 760 Revolventes
1994 703 2096 756 ita-

521 819 625 871 que
647 801 1023 856 auctoritatem
1052 799 1278 855 Niczeua:
1298 800 1508 870 synodi,
1530 812 1648 868 qua:
1668 811 1827 851 unam
1858 793 2098 848 omnium

521 909 618 962 per
647 893 833 947 orbem
881 899 1144 944 terrarum
1175 898 1411 944 mentem
1461 889 1694 958 explicat
1731 884 2092 950 sacerdotum,

519 997 638 1052 quae
667 982 874 1036 censuit
903 980 970 1035 de
1001 981 1332 1036 Antiochena
1350 979 1585 1036 Ecclesia
1607 978 1812 1034 eunetis
1834 975 2095 1038 ﬁdelibus,

520 1088 590 1126 ne
619 1071 846 1125 dixerim
875 1070 1243 1124 sacerdotibus
1270 1084 1387 1125 esse
1417 1068 1776 1122 necessarium
1805 1063 2094 1129 custodire,

504 1155 511 1226 ξ
522 1178 628 1230 qua
658 1178 816 1231 super
856 1160 1131 1216 dioecesim
1166 1176 1315 1214 suam
1344 1159 1648 1228 pmdictam
1673 1157 1962 1213 Ecclesium
1991 1169 2097 1209 non

507 1231 686 1320 3super
724 1251 958 1319 aliquam
1006 1249 1336 1317 provinciam
1373 1246 1808 1314 recognoscimus
1837 1244 2101 1299 constitu-

526 1350 656 1395 tum.
695 1337 844 1394 Unde
874 1339 1200 1392 advertimus
1231 1355 1338 1392 non
1366 1346 1474 1390 tam
1509 1353 1605 1406 pro
1645 1337 1878 1392 civitatis
1897 1335 2103 1403 magni-

525 1432 734 1487 ficentia
777 1432 879 1485 hoc
925 1430 1096 1484 eidem
1131 1431 1486 1491 attributum,
1535 1443 1696 1496 quam
1742 1427 1886 1495 quod
1930 1427 2102 1496 prima

524 1522 680 1591 primi
717 1521 947 1590 apostoli
979 1519 1134 1574 sedes
1163 1534 1282 1573 esse
1311 1526 1640 1571 monstretur
1659 1557 1674 1581 ,
1705 1516 1794 1570 ubi
1823 1525 1877 1569 et
1907 1531 2105 1581 nomen

525 1611 736 1681 accepit
780 1610 967 1679 religio
996 1609 1302 1665 Christiana
1326 1650 1341 1676 ,
1387 1617 1441 1662 et
1468 1623 1587 1677 quze
1617 1616 1937 1661 conventum
1967 1622 2102 1676 apo-

524 1703 783 1756 stolorum
805 1701 944 1770 apud
974 1718 1033 1755 se
1063 1701 1174 1754 fieri
1197 1700 1604 1755 celeberrimum
1635 1699 1848 1762 meruit,
1879 1712 2104 1767 quicque

527 1794 672 1848 urbis
689 1793 872 1847 ltomze
899 1793 1010 1848 sedi
1043 1810 1148 1848 non
1166 1793 1402 1859 cederet,
1431 1792 1533 1846 nisi
1558 1791 1699 1860 quod
1732 1791 1821 1844 illa
1850 1791 1901 1843 in
1931 1801 2102 1844 trans-

526 1883 602 1938 itu
634 1885 860 1947 meruit,
895 1883 994 1936 ista
1042 1892 1351 1956 susceptum
1381 1882 1520 1952 apud
1549 1897 1608 1936 se
1647 1891 2100 1936 eonsummatum-
2135 1877 2175 1933 ll

524 1990 629 2043 que
655 1976 868 2042 gaudet.
899 1975 1084 2042 Itaque
1113 1974 1460 2040 arbitramur,
1491 1971 1655 2028 frater
1677 1973 2008 2036 charissime,
2043 1982 2101 2026 ut

523 2068 663 2122 sicut
699 2067 1148 2136 metropolitanos
1191 2066 1515 2120 auctoritate
1551 2065 1767 2120 ordinas
1814 2066 2098 2133 singulari,

522 2160 601 2214 sic
628 2168 682 2214 et
709 2167 936 2213 emteros
971 2173 1076 2212 non
1104 2159 1222 2212 sine
1249 2158 1516 2228 permissu
1546 2158 1984 2225 conscientiaque
2011 2166 2100 2210 tua

521 2251 667 2306 sinas
695 2250 978 2320 episcopos
1006 2247 1319 2317 procreari,
1371 2248 1422 2301 in
1463 2247 1656 2316 quibus
1698 2248 1837 2301 hunc
1883 2247 2100 2302 modum

443 2343 463 2360 ⁸
522 2350 669 2397 recte
696 2341 958 2406 servabis,
983 2350 1036 2393 ut
1067 2340 1222 2408 longe
1247 2343 1456 2409 posltos
1483 2339 1675 2395 litteris
1699 2339 1838 2394 datis
1859 2339 2099 2394 ordinari

522 2447 745 2487 censeas
780 2432 846 2485 ab
891 2413 972 2484 his
1016 2430 1106 2498 qui
1150 2445 1292 2484 nunc
1330 2445 1424 2484 eos
1464 2445 1563 2484 suo
1606 2437 1812 2483 tantum
1851 2429 2102 2483 ordinant

524 2521 815 2586 arbitratu;
844 2521 1050 2575 vicinos
1071 2529 1274 2585 autem,
1299 2520 1343 2573 si
1366 2521 1600 2574 aestimas
1621 2519 1687 2572 ad
1710 2533 1900 2574 manus
1931 2520 2098 2588 impo-

523 2611 773 2668 sitionem
804 2619 906 2664 tum
930 2611 1112 2678 gratire
1135 2619 1341 2664 statuas
1362 2611 1644 2679 pervenire
1672 2627 1684 2661 :
1712 2625 1938 2678 quorum
1957 2610 2096 2664 enim

525 2711 581 2757 te
621 2702 853 2754 maxima
882 2709 1157 2770 exspectat
1184 2716 1311 2756 cura
1337 2741 1351 2766 ,
1401 2700 1668 2771 prtecipue
1712 2707 1857 2754 tuum
1904 2699 2101 2755 debent

523 2793 720 2847 mereri
745 2789 1028 2860 judicium.

525 2905 675 2971 Quod
710 2923 812 2960 non
829 2913 1074 2977 reportent
1102 2905 1380 2958 secundum
1415 2907 1692 2959 constituta
1736 2907 2100 2977 imperatorum

802 2976 928 3029 duos
954 2993 1063 3030 esse
1084 2976 1504 3045 metropolitanos
1535 2976 1816 3047 epierpos.

595 3065 775 3121 XLVI.
806 3065 937 3120 Nam
969 3065 1115 3136 quod
1156 3066 1476 3130 sciscitaris,
1508 3076 1686 3121 utrum
1717 3068 1900 3122 divisis
1929 3069 2098 3138 impe-

524 3158 643 3212 riali
661 3157 863 3227 judicio
895 3156 1199 3224 provinciis,
1233 3163 1291 3209 ut
1322 3155 1438 3210 duae
1466 3158 1794 3228 metropolcs
1825 3159 1974 3224 liant,
2021 3161 2100 3216 sic

524 3248 634 3303 duo
663 3224 1061 3316 metropolitani
1107 3246 1346 3317 episcopi
1375 3248 1609 3302 debeant
1643 3224 1910 3304 nominari
1938 3269 1951 3304 :
1988 3268 2096 3307 non
2124 3246 2170 3308 C
2199 3226 2343 3280 enim
2386 3225 2500 3279 hmc
2549 3224 2708 3279 “oms

523 3355 654 3409 ergo
679 3340 851 3395 visum
880 3347 964 3394 est
990 3341 1055 3394 ad
1088 3341 1436 3395 mobilitatem
1465 3343 1844 3398 necessitatum
1875 3347 2099 3401 munda-

524 3446 712 3486 narum
735 3430 828 3486 Dei
851 3429 1142 3485 Ecclesium
1167 3431 1505 3498 commutari,
1530 3432 1870 3502 honoresque
1898 3445 1994 3490 aut
2018 3437 2102 3492 di-

525 3523 756 3577 visiones
777 3520 980 3590 perpeti
1001 3561 1015 3586 ,
1039 3536 1173 3590 quas
1194 3536 1292 3590 pro
1313 3521 1423 3575 suis
1449 3521 1626 3576 causis
1647 3521 1920 3579 faciendas
1939 3525 2104 3582 duxe-

523 3613 594 3666 rit
639 3613 931 3681 imperator
981 3624 1157 3678 :ergo
1206 3611 1504 3665 secundum
1547 3612 1831 3682 pristinum
1877 3616 2098 3684 provin-

522 3702 724 3756 ciarum
773 3715 978 3755 morem
1021 3701 1471 3770 metropolztanos
1515 3704 1802 3775 episcopos
1848 3708 2099 3762 convenit

525 3793 813 3848 numerari.
845 3792 1070 3864 Cyprios
1097 3809 1226 3849 sane
1256 3795 1470 3862 asseris,
1503 3798 1631 3852 olim
1672 3799 1882 3854 Arianae
1909 3801 2099 3870 impie-

525 3885 650 3940 tatis
674 3886 913 3955 potentia
945 3886 1194 3954 fatigatos
1211 3926 1228 3952 ,
1258 3903 1378 3964 non
1409 3891 1645 3946 tenuisse
1671 3891 1912 3948 Nicenos
1935 3907 2099 3949 cano-

523 3991 620 4030 nes
675 3977 727 4030 in
775 3975 1087 4031 ordinandis
1133 3976 1236 4032 sibi
1285 3979 1586 4048 episcopis,
1637 3989 1692 4037 et
1720 3997 1888 4051 usque
1923 3983 2098 4038 adhuc

525 4065 723 4120 habere
752 4074 1152 4135 praesumptum,
1192 4073 1252 4120 ut
1277 4082 1376 4121 suo
1411 4068 1672 4122 arbitratu
1697 4071 1964 4137 ordinent,
1998 4089 2096 4128 ne-

525 4157 724 4210 minem
753 4156 1094 4211 consulentes
1125 4176 1138 4210 :
1171 4159 1424 4227 quocirca
1462 4161 1851 4228 persuademus
1892 4165 1990 4231 eis,
2038 4176 2098 4221 ut

527 4245 880 4314 curentjuxta
902 4261 1166 4301 canonum
1191 4247 1346 4302 fidem
1368 4237 1690 4305 catholicam
1720 4267 1910 4322 sapere
1936 4263 2098 4324 atque

528 4350 692 4388 unum
739 4350 862 4390 eum
905 4337 1113 4391 ueteris
1139 4338 1338 4393 sentire
1378 4340 1698 4410 provinciis,
1741 4351 1799 4397 ut
1841 4355 2100 4414 appareat

526 4425 755 4494 Spiritus
782 4426 955 4480 sancti
983 4427 1152 4496 gratia
1195 4429 1340 4498 ipsos
1368 4444 1582 4500 quoque
1615 4440 1674 4487 ut
1701 4447 1891 4490 omnes
1918 4434 2099 4492 Eccle-

527 4518 634 4572 sias
654 4516 961 4585 gubernari.

530 4628 682 4710 Quod
717 4631 1041 4710 .{Irianormn
1080 4637 1252 4690 clerici
1281 4653 1382 4710 non
1421 4639 1528 4710 sint
1565 4641 1876 4710 suscipiendi
1914 4645 1969 4697 in
1996 4645 2104 4700 suis

595 4700 794 4781 olﬁciis,
823 4705 1052 4781 quamvis
1088 4721 1262 4781 eorum
1289 4707 1570 4781 baptisma,
1612 4700 1748 4781 quod
1796 4713 2104 4769 catholicum

599 4780 818 4835 constat,
845 4773 1112 4841 conﬁrmet
1133 4773 1388 4830 Ecclesia.

600 4875 806 4931 XLVII.
823 4879 946 4933 Aria
954 4895 1050 4935 nos
1067 4893 1345 4950 prieterea,
1359 4897 1688 4958 eteterasque
1703 4889 1941 4958 ejusdem
1957 4893 2103 4949 modi

530 4974 731 5036 pestes,
779 4967 903 5035 quia
950 4983 1136 5024 eorum
1185 4971 1352 5028 Iaieos
1391 4990 1683 5032 conversos
1712 4979 1778 5033 ad
1818 4980 2102 5037 Dominum

531 5055 632 5110 sub
661 5056 890 5125 imagine
941 5060 1270 5128 paenitentiae
1325 5079 1390 5119 ac
1434 5068 1604 5122 sancti
1634 5067 1867 5138 Spiritus
1905 5074 2106 5128 sancti-

536 5145 784 5203 licatione
818 5162 915 5216 per
955 5163 1144 5204 manus
1171 5150 1568 5220 impositionem
1613 5159 1964 5228 suscipimus,
1995 5178 2104 5217 non

533 5233 750 5290 videtur
767 5235 990 5292 clericos
1010 5253 1196 5294 eorum
1226 5257 1348 5296 cum
1379 5245 1664 5300 sacerdotii
1695 5256 1789 5302 aut
1825 5251 2108 5307 ministerii

535 5327 832 5398 cuiuspiam
848 5329 1120 5398 suscipere
1138 5331 1398 5400 dignitate
1415 5352 1428 5387 :
1452 5336 1704 5403 quoniam
1727 5338 1920 5407 quibus
1935 5340 2107 5396 solum

532 5420 797 5490 baptisma
826 5425 999 5473 ratum
1028 5435 1147 5476 esse
1189 5425 1583 5494 permittimus,
1637 5428 1782 5496 quod
1828 5430 2012 5498 utique
2053 5431 2108 5486 in

535 5511 751 5565 nomine
781 5508 972 5574 Patris,
1016 5520 1071 5566 et
1099 5511 1236 5580 Filii,
1269 5522 1324 5568 et
1351 5513 1583 5585 Spiritus
1604 5519 1773 5573 sancti
1799 5519 2106 5589 perﬁcitur;

533 5615 635 5654 nec
654 5609 896 5656 sanctum
923 5599 1179 5671 Spiritum
1201 5618 1296 5659 eos
1320 5605 1521 5661 habere
1550 5621 1617 5662 ex
1645 5608 1735 5663 illo
1763 5609 2102 5679 baptismate,

535 5687 743 5757 illisque
770 5692 1040 5762 mysteriis
1061 5694 1407 5763 arbitramur,
1436 5697 1687 5766 quoniam
1716 5714 1837 5753 cum
1869 5714 1900 5753 a
1922 5701 2109 5756 catho-

538 5780 636 5833 lica
671 5782 770 5836 lide
798 5800 986 5838 eorum
1025 5796 1272 5841 auctores
1301 5786 1691 5854 desciscerent,
1723 5789 2108 5858 perfectionem

540 5871 766 5941 Spiritus
805 5891 964 5943 quam
987 5887 1302 5948 acceperant
1338 5880 1658 5948 amiserunt,
1700 5898 1797 5940 nec
1841 5882 1964 5939 dare
1997 5883 2110 5952 ejus

1789 409 1806 463 1
1837 408 2138 465 IONYSIUS
2179 405 2496 460 EXIGUUS.

1985 540 2092 593 quo
2121 523 2166 580 A
2199 517 2582 589 plenitudinem
2614 523 2858 584 poswut,
2885 530 3004 584 qua:
3030 515 3260 568 maxime
3282 515 3332 568 in
3357 516 3788 571 ordinationibus

3682 401 3791 458 250

2200 615 2481 676 operatur,
2515 621 2674 674 quam
2707 620 2801 674 per
2830 605 3121 673 impietatis
3144 620 3254 658 sua:
3286 607 3562 674 perfidiam
3606 609 3787 676 potius

2197 715 2358 768 quam
2402 697 2557 752 ﬁdem
2597 697 2863 759 dixerim,
2918 697 3283 768 perdiderunt.
3333 699 3615 765 Quomodo
3669 700 3785 755 ﬁeri

2200 799 2402 861 potest,
2432 799 2492 845 ut
2523 805 2717 864 eorum
2748 790 3004 859 profanos
3031 790 3342 844 sacerdotes
3368 791 3559 859 dignos
3587 791 3788 847 Christi

2198 883 2498 939 honoribus
2549 882 2892 948 arbitremur,
2934 896 3162 949 quorum
3209 881 3372 935 laicos
3417 882 3787 951 imperfectos,

2201 985 2260 1032 ut
2281 975 2410 1040 dixi,
2444 975 2508 1030 ad
2536 975 2706 1030 sancti
2735 974 2969 1043 Spiritus
2999 973 3392 1043 percipiendam
3413 974 3641 1040 gratiam
3664 989 3787 1028 cum

2196 1065 2523 1136 paenitentia:
2553 1064 2779 1131 imagine
2808 1063 3170 1132 recipiamus?
3193 1062 3437 1116 Gravitas
3464 1063 3646 1132 itaque
3697 1072 3786 1119 tua

2201 1155 2318 1210 inec
2341 1155 2407 1209 ad
2432 1153 2678 1208 notitiam
2706 1154 3156 1221 eoepiscoporum
3187 1153 3271 1206 vel
3296 1167 3392 1220 per
3413 1153 3674 1223 synodum
3695 1195 3711 1216 ,
3741 1154 3785 1208 si

2201 1252 2407 1314 potest,
2440 1244 2524 1296 vel
2554 1258 2648 1312 per
2675 1242 2862 1296 harum
2891 1242 3262 1296 recitationem
3291 1241 3452 1295 faciat
3479 1242 3784 1310 pervenire,

2203 1344 2264 1388 ut
2290 1349 2409 1402 qua:
2434 1334 2547 1403 ipse
2588 1341 2694 1386 tam
2736 1333 3042 1386 necessario
3082 1340 3428 1400 percontatus
3459 1346 3548 1398 es,
3589 1340 3646 1385 et
3687 1347 3786 1385 nos

2204 1424 2424 1479 climate
2463 1421 2869 1492 respondimus,
2919 1422 3191 1476 communi
3231 1422 3466 1476 omnium
3513 1436 3783 1476 consensu

2205 1515 2492 1584 studioque
2520 1522 2823 1570 serventur.
2880 1521 2889 1528 ‘

2217 1646 2219 1648 ’
2289 1653 2366 1708 De.
2393 1663 2572 1708 sancto
2602 1654 2806 1708 Joanne
2836 1651 3408 1722 Constantinopolitano
3430 1653 3688 1723 episcopo.

2277 1766 2506 1821 XLVIII.
2533 1766 2874 1821 Innocentius
2897 1765 3116 1832 Acacio,
3146 1763 3350 1819 Beroea:
3377 1765 3656 1832 episcopo.

2278 1855 2596 1926 Adgaudere
2645 1856 2838 1910 litteris
2891 1855 3279 1909 fraternitatem
3329 1863 3476 1907 tuam
3519 1854 3584 1909 de
3627 1869 3784 1910 rece-

2205 1950 2308 2020 ptis
2373 1947 2582 2002 Paulini
2676 1947 2761 2002 vel
2829 1945 3040 2016 Evagrii
3097 1947 3472 2016 episcoporum
3534 1945 3784 2014 clericis,

2202 2041 2565 2112 populisque,
2618 2048 2676 2095 et
2737 2039 2805 2094 de
2849 2038 3108 2094 restitutis
3160 2036 3368 2107 Elpidio
3427 2043 3590 2105 atque
3648 2035 3784 2106 Pap-

2202 2148 2274 2202 po
2313 2132 2651 2200 coepiscopis
2687 2130 3112 2201 percensuimus,
3148 2137 3204 2182 et
3248 2127 3332 2183 vel
3380 2143 3500 2183 sero
3545 2138 3784 2197 recepta:

2203 2224 2351 2292 pacis
2376 2224 2602 2290 gratiam
2632 2229 2687 2276 te
2717 2221 2902 2277 fovere
2929 2221 3227 2290 postposita
3257 2220 3403 2275 omni
3437 2221 3784 2275 contentione

2201 2315 2551 2387 pervitlimus.
2603 2311 2756 2368 Unde
2785 2313 2882 2367 has
2910 2311 2977 2366 ad
3021 2311 3517 2382 praestantissimum
3562 2309 3783 2365 fratrem

2199 2415 2255 2459 (ιι
2295 2405 2675 2475 coepiscopum
2701 2411 2945 2457 nostrum
2972 2401 3332 2456 Alexandrum
3352 2399 3650 2457 reddendas
3678 2409 3785 2455 tua!

2204 2495 2595 2550 transmisimus
2623 2493 2980 2559 unanimitati,
3012 2491 3260 2548 videlicet
3294 2498 3354 2544 ut
3387 2489 3432 2544 si
3466 2505 3652 2545 omnes
3681 2491 3783 2544 iui-

2200 2586 2438 2651 micitite,
2463 2589 2638 2642 omnis
2660 2587 2934 2642 :emulatio
2957 2592 3064 2639 tam
3093 2583 3161 2639 de
3186 2584 3403 2639 nomine
3429 2583 3602 2638 sancti
3625 2581 3797 2636 Joan-

2201 2679 2286 2732 nis
2311 2677 2538 2731 mirandi
2562 2677 2825 2747 episcopi,
2847 2691 3005 2745 quam
3027 2675 3094 2730 de
3113 2673 3361 2731 omnibus
3380 2673 3616 2742 ejusdem
3638 2686 3783 2727 com-

2200 2768 2469 2823 munionis
2523 2766 2870 2837 participibus
2909 2780 2941 2818 a
2983 2747 3071 2819 tua
3127 2761 3468 2818 animositate
3512 2760 3783 2827 discessit,

2200 2862 2297 2916 has
2325 2868 2522 2916 nostra:
2551 2858 2824 2914 societatis
2864 2857 3091 2926 recipias
3129 2855 3352 2919 litteras,
3387 2853 3550 2908 frater
3575 2853 3784 2908 charis-

2198 2953 2352 3016 sime,
2399 2949 2559 3004 modo
2607 2957 2666 3002 ut
2692 2947 2872 3001 omnia
2914 2961 3033 3016 qua:
3061 2945 3148 2999 hic
3193 2943 3328 2997 actis
3380 2943 3586 2996 llrmata
3630 2949 3781 3008 sunt,

2200 3041 2339 3112 apud
2370 3040 2719 3095 mediatorem
2745 3046 2989 3093 nostrum
3006 3035 3288 3090 amabilem
3304 3033 3662 3090 Alexandrum
3679 3047 3784 3087 ore

2199 3135 2438 3205 proprio,
2491 3139 2550 3186 ut
2573 3131 3057 3187 communicantem
3087 3130 3374 3192 convenit,
3421 3124 3658 3179 fatearis.
3712 3123 3785 3178 Ut

2752 3219 3119 3277 unanimitatis
3183 3219 3565 3285 charitatisque
3611 3231 3780 3270 causa

2201 3318 2528 3375 venerabilis
2555 3324 2669 3380 est,
2713 3316 2790 3370 sic
2834 3315 3060 3369 inhaeret
3084 3311 3312 3369 sollicita
3331 3352 3345 3378 ε
3389 3325 3457 3364 ne
3481 3308 3606 3377 quid
3632 3308 3777 3362 obli-

2202 3424 2386 3479 quum,
2427 3416 2519 3462 aut
2562 3406 2887 3462 subsicivum
2920 3405 2974 3458 in
3001 3416 3269 3473 quoquam
3303 3400 3541 3456 residere
3576 3413 3776 3454 nosca-

2203 3507 2309 3554 tur.

2316 3635 2394 3690 De
2428 3635 2748 3701 Bonosiacis,
2778 3635 2912 3706 quod
2929 3633 3131 3688 Iudaeis
3160 3633 3262 3686 sint
3290 3629 3648 3701 comparandi.

2270 3749 2453 3806 XLIX.
2503 3748 2849 3806 Innocentius
2890 3745 3182 3802 Laurentio
3223 3745 3477 3815 episcopo
3505 3741 3771 3797 Seniensi.

2271 3841 2370 3897 Diu
2420 3842 2599 3896 mirati
2645 3857 2828 3897 sumus
2872 3839 3172 3896 dilectionis
3217 3845 3322 3892 tua:
3378 3837 3568 3890 litteris
3619 3836 3775 3890 lectis

2199 3932 2482 3988 bmreticos
2511 3932 2725 3987 Pliotini
2752 3946 2957 3986 venena
2985 3938 3254 3984 sectantes
3281 3928 3334 3981 in
3383 3926 3654 3982 territorio
3691 3925 3777 3979 di-

2200 4022 2446 4079 lectionis
2476 4031 2580 4077 tua:
2606 4038 2715 4077 non
2744 4021 2916 4077 solum
2947 4035 3085 4085 esse,
3109 4018 3203 4074 sed
3226 4026 3280 4074 et
3301 4018 3512 4088 publice
3530 4016 3630 4071 sibi
3652 4033 3782 4072 eon-

2199 4113 2466 4168 veuticula
2520 4113 2573 4166 iu
2621 4113 2918 4182 aliquorum
2975 4107 3398 4180 possessionibus
3448 4122 3779 4176 pmparare,

2200 4225 2322 4265 cum
2346 4209 2413 4264 de
2452 4217 2566 4263 toto
2591 4222 2729 4278 pene
2785 4205 2917 4263 orbe
2958 4219 3218 4273 nusquam
3267 4212 3374 4256 tam
3427 4201 3580 4255 multi
3615 4217 3780 4271 quam

2201 4299 2272 4352 ad
2294 4314 2390 4354 vos
2409 4298 2710 4366 delegerint
2729 4297 2990 4352 habitare.
3007 4295 3247 4362 Quorum
3275 4294 3532 4348 doctrina:
3561 4293 3783 4347 nefaria:

2202 4397 2393 4444 auctor
2441 4387 2654 4445 Marcus
2693 4387 2892 4443 dudum
2937 4386 3006 4441 de
3052 4387 3185 4441 urbe
3233 4386 3416 4455 pulsus
3465 4385 3787 4440 temeritatis

2204 4484 2365 4532 tantae
2409 4485 2491 4532 est
2517 4476 2710 4534 ductus
2743 4477 2990 4542 audacia,
3041 4484 3099 4530 ut
3121 4475 3349 4546 primum
3379 4475 3478 4528 sibi
3519 4474 3659 4529 inter
3686 4491 3786 4530 eos

2136 4609 2184 4668 Β
2207 4568 2445 4625 vindicet
2469 4569 2668 4634 locum,
2692 4569 2785 4624 sed
2815 4584 2883 4624 ne
2906 4568 3128 4623 ulterius
3155 4567 3522 4622 debaecliandi
3547 4566 3786 4622 habeant

2205 4654 2546 4728 facultatem,
2594 4668 2652 4716 et
2691 4661 2898 4716 animas
2923 4660 3246 4730 simplicium
3296 4676 3361 4715 ac
3388 4661 3785 4716 rusticanorum

2208 4763 2391 4804 secum
2438 4749 2492 4804 in
2539 4751 2879 4819 gehennam,
2925 4751 3012 4805 cui
3039 4749 3289 4806 destinati
3316 4760 3473 4818 sunt,
3520 4753 3781 4807 trahant:

2209 4846 2390 4894 aetum
2415 4849 2498 4894 est
2526 4840 2783 4897 adversus
2809 4857 2905 4898 eos
2929 4857 2962 4895 a
2985 4841 3353 4897 defensoribus
3392 4840 3644 4897 Ecclesite
3685 4861 3790 4898 no-

2207 4939 2362 4998 sti-.e,
2413 4933 2557 5002 quod
2596 4948 2691 4989 eos
2718 4934 2925 5003 possint
2953 4935 3246 5004 expellere,
3291 4937 3465 5004 utqui
3512 4935 3790 4992 Christum

2209 5024 2377 5079 Deum
2403 5039 2473 5079 ex
2501 5023 2673 5079 Patris
2705 5026 3002 5080 substantia
3028 5034 3153 5080 ante
3180 5025 3370 5081 saecula
3398 5035 3598 5094 negant
3634 5007 3790 5096 geni-

2168 5146 2170 5148 -
2211 5122 2324 5168 tum
2344 5156 2358 5180 ,
2403 5115 2457 5169 lii
2486 5130 2606 5170 cum
2634 5113 2862 5182 Iudaeis,
2893 5116 3128 5186 quicum
3156 5115 3407 5170 deitatem
3435 5129 3790 5187 negaverunt,

2213 5212 2270 5259 et
2298 5220 2439 5259 nunc
2467 5221 2634 5274 usque
2668 5213 2895 5273 negant,
2941 5205 3278 5275 participium
3305 5205 3539 5260 habeant
3562 5207 3790 5261 damna-

2212 5293 2394 5347 tionis.
2426 5293 2595 5347 Tuuiu
2625 5300 2726 5360 est,
2777 5293 2946 5348 frater
2988 5293 3332 5362 charissime,
3375 5309 3495 5362 qum
3521 5305 3792 5364 punet-pta

2212 5391 2336 5436 sunt
2365 5399 2471 5438 non
2494 5384 2709 5454 segnius
2729 5396 2909 5453 agere,
2940 5400 3008 5439 ne
3036 5385 3248 5454 plebem
3278 5384 3371 5438 tibi
3402 5385 3657 5441 creditam
3681 5387 3793 5440 dis—

2211 5471 2555 5529 simulatione
2595 5474 2894 5544 deperdas,
2944 5489 2998 5532 et
3044 5475 3269 5544 incipias
3305 5474 3417 5531 Deo
3455 5476 3523 5532 de
3563 5479 3796 5547 perditis

2210 5567 2438 5630 reddere
2460 5568 2743 5622 rationem.

2214 5704 2360 5759 Idem
2383 5723 2518 5775 papa
2541 5708 2961 5779 desuscipiendis
2981 5709 3202 5776 clericis,
3223 5726 3346 5779 quos
3373 5708 3624 5772 Bonosus,
3649 5722 3790 5766 ante

2388 5793 2538 5844 quam
2577 5777 2936 5845 damnaretur,
2961 5777 3244 5833 ordinasse
3259 5782 3605 5849 cognoscitur.

2287 5885 2346 5942 L.
2378 5885 2716 5944 Innocentius
2743 5886 3005 5946 Martiano
3036 5890 3288 5961 episc0po
3319 5888 3646 5948 Naissitano.
