3970 6338
177 290 291 346 257

1269 297 1644 352 .C()I.I.ECTIO
1684 299 2147 357 DECRETORUM
2185 304 2285 358 PP.
2329 305 2444 362 RR.

3353 314 3460 372 253

251 396 534 473 διιρέιὶονὶ
567 413 835 474 tempore,
868 405 911 459 si
954 411 1130 459 tamen
1163 414 1310 459 recte
1340 407 1630 472 recordor,
1660 424 1773 463 me-
1808 422 1841 473 λ
1880 410 1948 464 Ut
1997 413 2054 489 si
2080 416 2320 489 sacerdos
2345 487 2352 489 _
2376 418 2454 489 vel
2503 419 2714 489 quilibet
2739 440 2805 477 ea:
2831 426 2969 480 clero
3002 427 3205 481 viduam
3251 445 3464 486 uxorem

174 496 312 549 mini
344 511 455 563 me,
485 504 593 550 tam
621 497 688 551 ad
724 497 1064 551 dilectionem
1103 506 1247 551 tuam
1283 514 1440 567 quam
1483 499 1550 552 ad
1584 501 1775 557 fratres

173 596 236 642 et
259 588 620 659 coepiscopos
648 596 896 655 nostros,
937 589 1161 654 Rufum,
1196 591 1482 646 Eusebium
1513 601 1568 647 et
1615 602 1776 649 carto—

174 693 290 742 ros,
317 678 628 748 hujusmodi
652 679 857 734 litteras
885 680 953 735 de
974 681 1182 734 clericis
1203 681 1572 737 Naissensibus
1601 693 1774 739 trans-

172 767 412 820 misisse.
475 766 571 823 llis
624 769 876 825 videlicet
937 770 1028 838 qui
1099 784 1158 823 se
1202 780 1328 824 ante
1371 770 1773 827 damnationem

174 854 378 910 Bonosi
409 867 721 912 assererem
748 859 815 913 ab
845 859 1036 914 eodem
1085 868 1193 914 tam
1223 863 1565 932 presbyteros
1611 881 1771 935 quam

169 948 446 1002 diaconos
466 948 744 1004 ordinatos
769 968 783 1002 ε
811 959 868 1004 ut
890 951 934 1005 si
964 953 1153 1007 relicto
1193 962 1354 1023 atque
1383 954 1637 1012 damnato
1656 958 1773 1026 ejus

175 1055 367 1094 errore
382 1041 586 1095 vellent
597 1040 846 1095 Ecelesim
861 1042 1122 1111 copulari,
1143 1043 1369 1098 libenter
1384 1046 1768 1116 reciperentur.

178 1131 253 1183 Ne
277 1131 418 1184 forte
442 1132 741 1199 quiessent
767 1131 912 1199 digni
952 1124 1331 1201 recuperandae
1353 1134 1564 1201 salutis,
1596 1135 1648 1189 in
1677 1152 1773 1190 eo-

173 1223 296 1274 dem
320 1221 653 1291 deperirent.
687 1220 888 1274 Verum
919 1236 1058 1274 nunc
1081 1222 1130 1275 in
1155 1221 1457 1278 Ravennati
1485 1225 1616 1278 urbe
1638 1227 1766 1279 mihi

174 1312 480 1367 constituto
490 1319 711 1381 propter
725 1309 951 1364 Romani
971 1312 1151 1381 populi
1171 1314 1517 1368 necessitates
1542 1315 1768 1369 creber-

174 1405 342 1459 rimas
356 1403 674 1470 Germanio,
690 1402 780 1472 qui
801 1417 860 1457 se
875 1403 1194 1460 asseritesse
1203 1407 1594 1476 presbyterum,
1609 1417 1771 1478 atque

173 1493 499 1563 Lupentius,
531 1493 622 1562 qui
651 1508 710 1548 se
739 1492 1025 1548 diaconum
1054 1493 1207 1561 dicit,
1239 1498 1530 1551 multorum
1561 1499 1764 1564 talium,

170 1587 330 1656 quasi
360 1585 632 1655 legatione
659 1595 912 1655 suscepta
942 1602 1104 1656 prece
1132 1587 1246 1642 fusa
1278 1588 1495 1645 dolores
1521 1592 1769 1661 proprios

172 1680 489 1748 exprimere
526 1677 887 1746 gestiverunt,
919 1687 1224 1734 asserentes
1249 1695 1308 1734 se
1335 1681 1550 1751 quidem
1578 1681 1766 1738 Eccle—

2019 483 2246 551 duxerit,
2276 487 2352 539 vel
2377 483 2652 558 abjeétam,
2675 508 2821 546 suum
2846 496 3033 563 perdat
3059 499 3305 566 ofﬁcium;

1950 571 2032 625 LI.
2089 572 2195 629 Eos
2233 576 2323 644 qui
2349 576 2534 632 viduas
2556 582 2832 650 accepisse
2861 596 3215 653 suggeruntur
3244 603 3460 651 uxores.

1878 679 1983 716 non
2010 665 2185 719 solum
2215 667 2442 724 clericos
2471 669 2693 725 clTectos
2723 675 2950 740 agnovi,
2983 691 3169 730 verum
3201 679 3362 732 etiam
3393 679 3461 733 ad

1877 751 2071 810 infulas
2117 757 2310 812 summi
2348 760 2635 816 sacerdotii
2681 767 3030 836 pervenisse,
3077 771 3220 839 quod
3272 783 3460 828 contra

1877 842 2008 910 legis
2030 861 2148 900 csse
2171 857 2441 918 praecepta
2473 851 2648 906 nullus
2679 854 2908 921 ignorat.
2933 859 3063 912 Nam
3096 877 3216 914 eum
3248 861 3460 933 Moyses

1876 933 2151 1000 lcgislator
2178 937 2416 993 clamitet
2449 959 2460 992 :
2491 939 2754 998 Sacerdos
2777 961 2999 1000 uxorem
3030 948 3288 1014 virginem
3315 953 3460 1004 acci-

1873 1024 2008 1094 piat,
2039 1041 2102 1081 ac
2131 1043 2198 1082 ne
2224 1028 2277 1082 in
2307 1028 2413 1084 hoc
2441 1042 2712 1102 prmcepto
2741 1036 2943 1104 aliquid
2972 1047 3256 1106 putaretur
3287 1042 3459 1094 ambi-

1874 1129 2057 1184 guum,
2089 1118 2290 1173 addidit
2320 1138 2331 1173 :
2362 1120 2477 1176 Non
2511 1123 2747 1192 viduam,
2777 1141 2954 1195 neque
2978 1128 3227 1195 ejectam.
3259 1128 3458 1184 Contra

1873 1207 2016 1274 quod
2064 1221 2388 1280 przeceptum
2414 1213 2592 1269 divina
2627 1219 2948 1274 auctoritate
2979 1221 3265 1276 subnixum
3313 1224 3458 1279 nulla

1873 1296 2395 1356 defensiomandati
2442 1305 2668 1360 alterius
2709 1310 3004 1377 opponitur
3037 1329 3048 1362 :
3085 1312 3186 1366 nisi
3229 1329 3459 1374 consue-

1874 1387 2002 1442 tudo
2033 1399 2209 1444 vestra
2230 1431 2243 1455 ,
2270 1407 2390 1461 qum
2418 1395 2498 1466 (ut
2527 1395 2627 1465 ipsi
2655 1395 2917 1469 fatemini)
2951 1416 3017 1454 ex
3049 1402 3370 1470 ignorantia,
3401 1412 3458 1458 et

1873 1487 1932 1532 ut
1962 1482 2314 1538 verecundius
2338 1483 2544 1552 dicam,
2587 1504 2694 1541 non
2725 1503 2791 1542 ex
2833 1492 3128 1558 apostolica
3169 1494 3457 1549 traditione

1872 1578 1928 1625 et
1956 1573 2167 1628 ratione
2188 1576 2398 1644 integra
2428 1579 2719 1633 constituta
2749 1590 2851 1635 est.
2876 1581 2984 1636 Nos
3011 1585 3208 1650 autem,
3239 1602 3428 1640 omnes
3451 1616 3458 1626 ι

1870 1676 1975 1731 que
2002 1677 2100 1733 per
2119 1663 2392 1721 Orientem
2444 1665 2897 1741 Occidentemque
2924 1670 3212 1739 Ecclesias,
3244 1677 3455 1730 noverit

170 1772 280 1826 sias
311 1772 367 1825 in
397 1771 701 1826 dilectionis
732 1780 836 1826 tua:
863 1772 1183 1827 constitutas
1214 1776 1485 1843 parochiis
1510 1777 1764 1849 retinere,
1799 1790 1846 1848 Β
1870 1764 2048 1849 “sua
2079 1755 2297 1812 δηθθῑίο
2327 1758 2439 1813 hmo
2469 1761 2684 1830 Ροηίιυδ
2714 1778 2821 1818 “0"
2873 1763 3186 1832 imminere,
3241 1783 3339 1821 "CC
3387 1768 3455 1822 “d

170 1862 268 1918 sed
294 1871 443 1916 tuam
468 1861 902 1917 communionem
933 1879 1038 1917 non
1061 1864 1302 1934 potuisse
1328 1867 1523 1920 mereri
1552 1885 1563 1919 :
1595 1883 1657 1921 ea
1688 1869 1768 1923 vi-

172 1951 382 2004 delicet
430 1950 640 2006 ratione
666 1965 771 2020 qua
795 1951 1057 2006 Rustitius
1088 1953 1303 2023 quidam
1332 1955 1548 2011 nomine
1577 1957 1766 2013 iterata

171 2043 520 2097 ordinatione
542 2042 933 2113 presbyterium
954 2045 1300 2114 suscepisset.
1318 2044 1383 2100 Et
1405 2063 1512 2101 non
1539 2049 1640 2103 levi
1668 2050 1767 2104 im-

173 2135 488 2204 pedimento
510 2133 586 2198 lit,
610 2133 738 2188 dum
759 2143 850 2190 aut
874 2133 948 2189 illi
972 2135 1159 2191 dolent
1174 2136 1477 2206 hujusmodi
1494 2139 1764 2195 hominem

173 2226 228 2278 in
261 2223 508 2279 Ecclesia
556 2223 776 2280 retineri
803 2265 819 2290 ,
863 2233 956 2278 aut
987 2224 1075 2279 ille
1103 2224 1184 2279 sic
1225 2240 1455 2295 peccare
1483 2225 1681 2282 debere
1712 2228 1765 2282 in

173 2318 316 2371 alios
348 2315 649 2382 arbitretur,
697 2315 869 2385 quiin
909 2329 969 2370 se
996 2315 1242 2384 agnoscit
1288 2329 1409 2370 esse
1455 2324 1762 2386 peccatum.

175 2408 244 2462 Et
272 2407 519 2478 quamvis
542 2407 610 2462 de
637 2406 825 2462 eadem
853 2421 914 2462 re
940 2406 1153 2476 plenius
1180 2407 1373 2462 litterae
1413 2422 1548 2463 mea:
1587 2409 1766 2464 conti-

175 2508 379 2563 neant,
421 2514 556 2569 quas
578 2498 827 2569 superius
854 2499 1181 2566 memoravi,
1220 2507 1404 2554 tamen
1430 2500 1592 2555 etiam
1622 2515 1766 2556 nunc

173 2591 574 2648 aduionendam
594 2591 842 2646 duximus
869 2590 1259 2648 fraternitatem
1288 2599 1455 2658 tuam,
1481 2601 1542 2647 ut
1568 2593 1613 2647 si
1636 2607 1764 2648 vere

174 2689 399 2736 constat
427 2681 635 2749 aliquos
663 2689 788 2735 ante
813 2679 1215 2736 damnationem
1243 2680 1443 2737 Βοηθεί
1471 2681 1540 2736 ab
1571 2680 1764 2737 eodem

174 2773 462 2828 ordinatos
489 2778 677 2841 postea
704 2763 967 2840 voluisse,
982 2771 1070 2827 vel
1087 2786 1231 2826 nunc
1258 2771 1397 2827 velle
1422 2771 1643 2836 reverti,
1669 2787 1767 2828 eos

173 2865 522 2936 recipiendos
546 2879 665 2921 esse
693 2879 976 2921 censemus
1017 2881 1031 2918 :
1063 2865 1297 2920 maxime
1325 2880 1447 2920 cum
1478 2865 1764 2921 memorati

173 2966 430 3016 asseram
472 2972 534 3012 se
573 2958 628 3012 in
657 2964 862 3010 tantum
888 2955 1146 3010 anteriori
1176 2962 1423 3025 tempore
1463 2954 1762 3022 ordinatos,

175 3061 235 3102 nt
257 3029 880 3102 sancte-recordationis
906 3045 1080 3100 virum
1109 3045 1417 3100 Cornelium
1449 3045 1765 3115 episcopum

1871 1848 2114 1902 ultimum
2145 1851 2496 1906 ecclesiastici
2533 1853 2735 1908 ordinis
2770 1855 2951 1910 locum
2977 1856 3110 1912 tales
3136 1873 3410 1913 assmnere
3435 1897 3450 1920 ,

1866 1946 1921 1991 et
1945 1938 1990 1993 si
2020 1941 2222 2011 reperti
2254 1942 2478 2010 fuerint,
2501 1944 2846 2000 submovere.

1869 2051 1938 2106 Ut
1964 2054 2009 2106 si
2033 2054 2150 2132 guis
2180 2056 2568 2132 eatea/iumentis
2592 2057 2827 2112 habuerit
2850 2077 3063 2115 uxorem
3079 2103 3095 2128 ,
3123 2073 3173 2116 et
3199 2065 3447 2132 (ieiuni-ta

1933 2140 1993 2176 ea
2015 2124 2131 2194 jam
2159 2133 2272 2194 post
2312 2125 2619 2205 (raptismum
2660 2132 2916 2198 acceperit
2953 2124 3202 2196 alteram,
3234 2124 3449 2189 clericus

1936 2209 2046 2247 esse
2074 2209 2176 2247 non
2198 2203 2381 2264 possit.

1936 2303 2042 2358 Lll.
2077 2304 2281 2361 Deinde
2321 2307 2567 2377 ponitur,
2623 2326 2730 2366 non
2760 2311 2865 2366 dici
2901 2322 3154 2384 oportere
3181 2316 3451 2385 digamum

1865 2408 1988 2448 eum
2019 2395 2110 2464 qui
2138 2398 2560 2452 catechumenos
2581 2399 2846 2466 habuerit,
2863 2409 3024 2472 atque
3052 2405 3294 2460 amiserit
3320 2424 3452 2462 uxo-

1864 2501 2002 2549 rem,
2057 2487 2102 2541 si
2131 2494 2254 2558 post
2277 2489 2600 2559 baptismum
2631 2490 2791 2546 fuerit
2830 2494 2990 2548 aliam
3020 2499 3270 2565 sortitus,
3301 2515 3450 2554 eam-

1863 2592 1972 2648 que
2011 2579 2236 2649 primam
2273 2579 2444 2636 videri
2489 2596 2608 2650 qua:
2651 2599 2793 2638 novo
2836 2585 3040 2640 homini
3079 2591 3329 2658 copulata
3359 2593 3450 2659 sit,

1864 2669 1990 2740 quia
2021 2669 2148 2724 illud
2176 2669 2482 2741 coniugium
2507 2688 2604 2742 per
2625 2673 2877 2742 baptismi
2907 2689 3300 2733 sacramentum
3324 2697 3448 2736 cum

1866 2762 2076 2816 caneris
2104 2760 2418 2817 criminibus
2445 2763 2515 2817 sit
2561 2763 2834 2830 ablatum,
2889 2767 3031 2836 quod
3063 2784 3186 2822 cum
3233 2770 3304 2825 de
3348 2788 3452 2827 una

1867 2851 2052 2919 utique
2083 2851 2298 2919 dicitur,
2323 2861 2471 2908 certe
2502 2853 2546 2908 si
2577 2861 2684 2908 tres
2712 2854 2960 2910 habuerit
2982 2857 3034 2912 in
3056 2861 3224 2913 veteri
3247 2863 3452 2930 positus

1867 2938 2084 2993 homine
2116 2955 2330 3005 uxores,
2364 2940 2467 2994 erit
2496 2943 2564 3007 ei,
2598 2957 2717 3011 qua:
2759 2952 2880 3014 post
2909 2945 3231 3016 baptismum
3263 2960 3453 3019 quarta

1868 3039 1970 3097 cst,
1995 3033 2074 3087 sic
2102 3033 2578 3103 interpretantibus
2607 3036 2799 3105 prima,
2833 3037 3051 3107 virginis
3077 3055 3231 3109 aeque
3259 3059 3453 3098 nomen

174 3138 490 3194 Sirmiensis
518 3137 684 3200 urbis,
724 3152 826 3191 nec
852 3151 958 3190 non
987 3143 1044 3190 et
1071 3135 1290 3191 fratrem
1320 3143 1562 3190 nostrum
1605 3135 1767 3190 Nice-

1874 3121 2120 3192 accipiet,
2145 3139 2264 3193 qua:
2292 3133 2486 3192 quarto
2514 3123 2673 3180 ducta
2703 3135 2787 3181 est
2815 3127 2956 3183 loco.
2987 3130 3138 3196 Quis,
3161 3148 3282 3196 oro,
3313 3134 3454 3189 istud

178 3241 317 3295 tam,
350 3229 586 3297 aliosque
608 3225 893 3282 nonnullos
920 3227 1085 3282 fuisse
1113 3235 1426 3296 praesentes,
1452 3241 1572 3280 cum
1597 3226 1768 3280 hono-

176 3302 355 3386 ribus,
387 3336 521 3391 quos
547 3334 604 3375 se
633 3319 833 3375 habere
858 3326 1181 3386 memorant,
1212 3328 1558 3386 augerentur.
1593 3315 1764 3384 Unde,

177 3412 356 3467 frater
394 3411 738 3474 charissime,
784 3409 830 3464 si
862 3425 1048 3464 eorum
1079 3409 1308 3464 assertio
1359 3406 1516 3462 ﬁdem
1572 3409 1766 3478 recipit

179 3505 326 3563 veri,
358 3501 725 3570 suscipiendos
753 3514 874 3554 esse
903 3499 1174 3570 ambigere
1220 3515 1328 3554 non
1375 3498 1541 3553 debes
1565 3537 1580 3562 ,
1629 3513 1766 3565 quos

180 3595 371 3648 tandiu
396 3591 662 3646 Ecclesias
683 3589 782 3646 sibi
813 3589 1043 3644 creditas
1063 3603 1251 3660 passus
1280 3603 1340 3643 es
1361 3589 1616 3644 retinere.

251 3732 597 3788 lnnocentius
625 3731 784 3798 Rufo,
823 3740 878 3785 ct
903 3728 1156 3794 Eusebio,
1186 3738 1241 3785 et
1263 3729 1474 3784 cmtcris
1495 3729 1767 3798 episcopis

183 3822 586 3890 Macedonibus,
615 3829 671 3877 et
696 3819 1011 3876 diaconibus
1038 3819 1090 3874 in
1121 3819 1350 3875 Domino
1379 3818 1629 3874 salutem.

253 3962 448 4030 Magna
487 3976 572 4016 me
599 3961 886 4030 gratulatio
926 3959 1132 4026 habuit,
1165 3974 1286 4014 cum
1316 3967 1440 4029 post
1469 3965 1550 4014 tot
1574 3957 1765 4012 discri-

183 4055 330 4108 mina
360 4053 526 4107 totius
555 4055 648 4121 (ut
674 4052 748 4106 ita
777 4051 1041 4122 dixerim)
1073 4049 1257 4104 mundi
1291 4048 1476 4104 Vitalis
1502 4047 1769 4104 archidia-

183 4161 358 4202 conus
395 4151 696 4199 vestrarum
722 4142 951 4212 portitor
976 4142 1274 4196 litterarum
1303 4155 1368 4194 ex
1397 4139 1500 4194 illis
1527 4137 1770 4209 partibus

185 4237 251 4292 ad
279 4252 383 4292 nos
408 4250 574 4304 usque
599 4234 833 4290 directus
856 4232 1090 4298 advenit,
1119 4245 1280 4302 quem
1302 4245 1426 4285 cum
1446 4229 1769 4284 vidissemus

188 4328 367 4389 illico,
403 4334 460 4379 ut
499 4324 816 4394 Oportebat,
859 4322 1160 4394 percontati
1196 4322 1264 4376 de
1291 4329 1471 4376 vestro
1512 4327 1656 4374 statu
1681 4335 1771 4374 su-

187 4434 324 4474 mus.
369 4415 567 4471 Verum
593 4416 682 4469 ubi
711 4416 1008 4486 reperimus
1037 4429 1133 4469 vos
1167 4429 1234 4469 ex
1261 4413 1529 4468 sententia
1550 4411 1767 4480 degere,

187 4510 418 4564 Domino
458 4506 571 4562 Deo
602 4514 786 4562 nostro
813 4506 1005 4562 uberes
1028 4505 1229 4574 gratias
1263 4504 1576 4565 retulimus.
1623 4500 1768 4571 quod

189 4616 285 4657 vos
313 4599 544 4656 famulos
566 4614 710 4663 suos,
742 4597 960 4667 suisque
1002 4595 1260 4651 altaribus
1288 4594 1586 4649 servientes
1621 4601 1675 4646 et
1714 4592 1767 4646 in

189 4691 430 4747 adversis
456 4697 689 4755 tueatur,
713 4696 768 4744 et
789 4689 842 4744 in
870 4688 1145 4759 prosperis
1171 4687 1472 4757 gubernare
1495 4686 1763 4755 dignetur.

190 4782 290 4850 Qui
322 4796 446 4836 cum
477 4779 780 4835 tradidisset
809 4779 1068 4849 epistolas
1097 4793 1207 4842 eas,
1239 4776 1472 4847 praacepi
1505 4775 1648 4828 illico
1680 4789 1769 4829 re-

190 4873 438 4938 censeri,
492 4873 544 4926 in
571 4872 765 4941 quibus
804 4870 968 4924 multa
998 4869 1172 4939 posita
1203 4884 1322 4923 esse
1364 4867 1601 4938 pervidi,
1649 4881 1769 4935 qua:

189 4975 466 5034 stuporem
512 4964 778 5018 mentibus
816 4962 1010 5017 nostris
1051 4961 1332 5030 injicerent
1357 5001 1372 5026 ,
1419 4960 1766 5027 facerentque

190 5072 287 5110 nos
316 5070 426 5109 non
455 5053 725 5108 modicum
753 5051 999 5107 dubitare
1018 5059 1196 5105 utrum
1225 5050 1382 5104 aliter
1421 5057 1760 5118 putaremus,

191 5161 256 5198 an
279 5146 351 5198 ita
373 5144 463 5197 illa
488 5150 668 5197 essent
687 5142 881 5212 posita,
908 5140 1356 5212 quemadmodum
1380 5140 1760 5210 personabant.

193 5235 317 5302 Qua:
347 5250 472 5290 cum
501 5235 696 5303 saepius
721 5234 892 5302 repeti
914 5233 1188 5296 fecissem,
1219 5230 1457 5297 adverti,
1488 5230 1600 5284 sedi
1631 5245 1765 5300 apo-

193 5325 413 5387 stoiicm,
439 5323 503 5377 ad
533 5336 692 5393 quam
715 5322 923 5388 relatio,
953 5321 1105 5390 quasi
1131 5317 1198 5373 ad
1221 5328 1380 5388 caput
1407 5316 1766 5372 Ecclesiarum

196 5415 349 5469 missa
373 5413 888 5480 currebat,aliquam
912 5410 1024 5466 ﬁeri
1053 5409 1318 5480 injuriam,
1338 5408 1490 5477 cujus
1518 5407 1690 5461 adhuc
1714 5407 1768 5461 in

195 5507 500 5576 ambiguum
529 5504 794 5559 sententia
823 5503 1128 5557 duceretur.
1170 5499 1320 5554 Unde
1348 5499 1414 5553 de
1441 5499 1631 5566 quibus
1656 5496 1767 5567 jam

195 5598 387 5652 dudum
417 5597 698 5668 scripsisse
724 5595 976 5662 memini,
1025 5608 1166 5650 nunc
1197 5594 1392 5647 iterare
1422 5591 1644 5645 formam
1679 5607 1765 5645 ar-

195 5692 456 5760 sumentis
495 5689 915 5745 evidentioribus
955 5687 1229 5744 relationis
1264 5694 1454 5740 vestrm
1498 5683 1766 5752 geminata

196 5785 532 5853 percontatio
559 5783 850 5853 compellit.

1873 3227 1980 3268 non
2008 3213 2185 3268 videat
2206 3224 2392 3269 contra
2419 3215 2665 3286 Apostoli
2691 3234 2810 3274 esse
2840 3231 3198 3290 pnnceplum,
3229 3226 3320 3294 qui
3343 3227 3453 3293 ait,

1872 3305 2028 3359 unius
2055 3306 2235 3360 uxoris
2262 3307 2434 3360 virum
2464 3317 2723 3378 oportere
2754 3310 2866 3366 fieri
2892 3313 3232 3370 sacerdotem
3281 3316 3334 3387 (1
3369 3317 3454 3372 Τίς

1868 3397 2025 3449 molli.
2058 3396 2182 3464 tu)?
2227 3396 2333 3452 Sed
2380 3398 2635 3468 objicitur
2682 3403 2827 3470 quod
2878 3403 2930 3457 in
2975 3405 3242 3474 baptismo
3283 3417 3455 3464 totum

1867 3485 2124 3554 quidquid
2153 3488 2207 3542 in
2240 3490 2410 3544 veteri
2442 3489 2661 3546 homine
2699 3501 2910 3561 gestum
2955 3505 3056 3560 est,
3106 3497 3175 3550 sit
3199 3498 3452 3554 solutum.

1867 3577 2041 3633 Dicite
2061 3579 2192 3632 mihi
2215 3581 2358 3651 (cum
2381 3591 2715 3652 pace'veslra
2737 3585 2978 3655 loquor),
3005 3587 3228 3641 crimina
3248 3597 3452 3644 tantum

1867 3668 2206 3723 dimittuntur
2235 3671 2288 3723 in
2347 3670 2643 3741 baptismo,
2677 3687 2746 3726 an
2774 3681 2830 3727 et
2867 3675 2955 3728 illa
2989 3689 3107 3744 quin
3158 3679 3450 3734 secundum

1867 3757 2079 3814 Domini
2109 3769 2374 3831 prmcepta
2422 3778 2487 3817 ac
2510 3763 2604 3818 Dei
2626 3764 2869 3820 instituta
2895 3767 3277 3836 complentur?
3311 3769 3453 3825 Uxo-

1867 3864 1980 3903 rem
2009 3849 2208 3905 ducere
2234 3852 2439 3906 crimen
2467 3861 2568 3916 est,
2603 3862 2696 3908 aut
2722 3869 2830 3910 non
2860 3863 2942 3911 est
2969 3857 3171 3912 crimen
3195 3861 3218 3912 ?
3265 3860 3319 3914 Si
3349 3863 3453 3914 cri-

1867 3957 1991 3998 men
2014 3952 2116 4009 est,
2149 3957 2300 4013 ergo,
2331 3945 2548 4016 praefata
2575 3948 2731 4002 venia
2754 3948 3014 4015 dixerim,
3047 3952 3151 4006 erit
3178 3962 3370 4008 auctor
3399 3957 3452 4010 in

1869 4035 2047 4105 culpa,
2106 4035 2198 4103 qui
2231 4044 2289 4090 ut
2318 4037 2543 4092 crimina
2569 4040 3038 4096 committerentur
3081 4043 3134 4097 in
3182 4047 3452 4114 paradiso,

1869 4136 1990 4177 cum
2018 4124 2132 4192 ipse
2161 4139 2256 4179 eos
2279 4125 2564 4195 jungeret,
2597 4128 2877 4182 benedixit
2905 4130 3069 4197 (Gen.
3102 4133 3196 4200 ιι).
3229 4133 3285 4189 Si
3329 4152 3456 4189 vero

1870 4227 1977 4267 non
2007 4223 2092 4268 est
2115 4215 2340 4280 crimen,
2368 4216 2494 4286 quia
2524 4216 2668 4286 quod
2696 4217 2838 4272 Deus
2859 4215 3042 4285 junxit
3065 4221 3288 4292 (Matth.
3322 4228 3453 4292 xix).

1872 4304 2020 4361 nefas
2047 4307 2117 4359 sit
2142 4306 2347 4361 crimen
2387 4307 2682 4377 appellari,
2713 4315 2769 4363 et
2795 4309 3051 4364 Salomon
3082 4314 3288 4369 addidit
3321 4334 3332 4368 :
3367 4315 3456 4370 lit-

1871 4396 2011 4450 cnim
2041 4411 2070 4449 a
2103 4396 2213 4452 Deo
2236 4407 2572 4468 przeparatur
2629 4401 2743 4455 viro
2785 4417 2922 4456 uxor
2970 4402 3256 4472 (Praverb.
3293 4422 3379 4458 xix
3409 4410 3452 4473 ),

1874 4486 2142 4556 quomodo
2168 4489 2408 4541 creditur
2429 4488 2570 4542 inter
2586 4489 2810 4543 crimina
2838 4505 2957 4544 esse
2988 4492 3284 4555 dimissum,
3313 4495 3459 4561 quod

1874 4578 1982 4631 Deo
2009 4585 2230 4633 auctore
2262 4578 2458 4645 legitur
2484 4588 2915 4634 consummatum
2940 4582 2962 4633 ?
3010 4580 3146 4646 Quid
3181 4583 3246 4636 de
3271 4585 3455 4639 talium

1873 4669 1991 4724 [iliis
2021 4669 2410 4739 percensetur?
2451 4669 2702 4740 Nunquid
2730 4685 2840 4725 non
2869 4678 3026 4725 erunt
3055 4671 3367 4727 ailrr-ittendi
3403 4676 3452 4729 in

1872 4759 2196 4814 haereditatis
2225 4761 2520 4822 consortio,
2552 4760 2646 4828 qui
2675 4775 2741 4815 ex
2772 4775 2834 4814 ea
2887 4761 3124 4829 suscepti
3169 4771 3292 4816 sunt
3337 4779 3455 4831 qua:

1870 4862 1995 4906 ante
2021 4853 2345 4922 baptismum
2375 4852 2474 4906 fuit
2501 4868 2670 4916 uxor,
2712 4861 2977 4922 eruntque
3018 4854 3322 4922 appellandi
3373 4855 3456 4911 vel

1871 4947 2164 5009 naturales,
2200 4945 2284 5000 vel
2313 4945 2500 5015 spurii,
2535 4946 2657 5014 quia
2691 4961 2798 5000 non
2829 4953 2912 5000 est
2941 4946 3237 5014 legitimum
3268 4949 3457 5002 matri-

1872 5036 2111 5090 monium
2130 5077 2144 5103 ,
2177 5036 2279 5090 nisi
2312 5035 2441 5104 illud
2467 5036 2548 5105 (nt
2576 5035 2728 5089 vobis
2759 5034 2993 5107 videtur)
3039 5037 3182 5105 quod
3208 5047 3330 5106 post
3359 5039 3454 5092 ba-

1870 5129 2122 5198 ptismum
2151 5126 2481 5182 assumitur?
2508 5125 2626 5196 ipse
2651 5125 2929 5191 Dominus,
2953 5142 3077 5180 cum
3101 5127 3457 5194 interrogare-

1874 5228 1960 5272 tur
1988 5233 2018 5272 a
2045 5217 2258 5282 Judagis,
2293 5219 2336 5273 si
2365 5218 2551 5272 liceret
2579 5216 2849 5270 dimittere
2873 5231 3127 5279 uxorem,
3171 5224 3332 5286 atque
3364 5233 3456 5271 ex-

1873 5320 2099 5380 poneret
2129 5310 2242 5364 licri
2275 5326 2379 5365 non
2410 5310 2628 5377 debere,
2659 5308 2865 5363 addidit
2898 5328 2908 5361 :
2942 5308 3098 5375 Quod
3142 5323 3270 5377 ergo
3317 5309 3456 5363 Deus

1868 5399 2063 5468 juuxit,
2091 5400 2251 5453 homo
2275 5415 2380 5454 non
2411 5405 2622 5468 separet
2651 5395 2864 5468 (Matth.
2895 5399 3007 5468 XIX)
3035 5415 3048 5464 ;
3092 5413 3157 5452 ac
3191 5412 3260 5452 ne
3283 5397 3347 5450 de
3373 5398 3456 5448 his

1873 5493 2076 5560 copulis
2107 5491 2315 5544 locutus
2345 5506 2462 5544 esse
2491 5489 2764 5558 credatur,
2812 5504 2932 5556 qua:
2960 5496 3084 5558 post
3132 5487 3452 5557 baptismum

1872 5582 2184 5646 sortiuntur,
2211 5581 2553 5634 n‘ieininerint
2574 5581 2677 5640 hoc
2699 5587 2754 5634 et
2777 5595 2805 5633 τι
2827 5577 3021 5632 Judasis
3044 5579 3452 5644 interrogatmn,

1873 5673 2128 5729 etJudaris
2146 5689 2264 5729 esse
2286 5689 2621 5743 reSponsum.
2650 5673 2862 5738 Qiizcro,
2888 5681 2941 5725 et
2964 5670 3228 5725 sollicitus
3248 5684 3450 5739 quaero,

1872 5770 1916 5825 si
1945 5785 2046 5824 una
2069 5767 2367 5839 eademque
2396 5768 2463 5823 sit
2491 5784 2625 5823 uxor
2673 5765 2788 5833 ejus
2816 5763 2906 5833 qui
2933 5770 3057 5817 ante
3107 5761 3451 5818 catechume-
