3988 6344
448 327 554 384 *ὶῧθ

1724 309 2076 370 DIONYSIUS
2114 306 2432 365 EXIGUUS.

3604 303 3710 358 9.60

448 455 568 503 nus,
598 445 788 509 postea
815 435 885 489 sit
915 431 1104 496 fidelis,
1145 429 1393 498 filiosque
1417 443 1484 484 ex
1515 441 1576 484 ea
1606 441 1729 483 cum
1759 433 1902 482 esset
1930 440 2025 480 ca-
2055 431 2100 488 Α
2132 432 2387 493 praestare
2415 419 2712 476 consuevit.
2727 419 2933 474 Nostrae
2959 433 3087 475 vero
3109 418 3197 473 lex
3217 425 3302 474 est
3321 416 3599 483 Ecclesiae,
3626 433 3707 471 vc»

450 531 799 587 technmenus
819 522 1138 592 susceperit,
1169 535 1234 576 ac
1261 528 1450 591 postea
1498 518 1654 583 alios,
1685 532 1805 573 cum
1837 514 2030 584 fidelis,

448 632 626 680 utrum
653 621 761 676 sint
779 619 970 672 fratres
991 612 1297 685 appellandi
1319 626 1387 665 an
1410 611 1559 664 non?
1590 609 1824 664 habeant
1843 615 2030 678 postea

451 711 699 768 defuncto
753 717 907 779 patre
941 703 1273 761 erciscunda:
1316 700 1648 756 beereditatis
1675 699 2031 761 consortium,

448 804 642 874 quibus
670 800 897 854 ﬁliorum
927 809 1124 852 nomen
1154 792 1493 862 regeneratio
1519 790 1777 862 spiritalis
1797 788 2034 847 creditur

449 892 767 949 abstulisse?
793 887 948 955 Quod
973 900 1094 941 cum
1125 884 1196 938 ita
1222 882 1425 938 sentire
1476 889 1640 954 atque
1664 879 1906 951 judicare
1933 878 2032 933 ab-

448 984 668 1040 surdum
697 989 798 1047 cst,
849 993 970 1050 qua:
1004 973 1246 1048 (malum)
1290 973 1430 1028 ratio
1457 981 1541 1028 est
1586 973 1690 1028 hoc
1715 969 1948 1036 defendi,
1980 977 2035 1025 et

449 1088 623 1128 vacua
637 1070 804 1139 magis
822 1063 1300 1138 opinionejactari,
1324 1077 1486 1130 quam
1507 1062 1684 1131 aliqua
1706 1060 2029 1117 auctoritate

449 1163 742 1220 roborari?
790 1175 910 1216 cum
959 1174 1066 1212 non
1104 1156 1278 1226 possit
1325 1153 1466 1208 inter
1492 1161 1714 1223 peccata
1760 1150 2028 1224 deputari,

449 1256 593 1328 quod
625 1256 708 1309 lex
749 1251 1036 1323 praecepit,
1066 1255 1122 1303 et
1160 1247 1304 1301 Deus
1341 1245 1537 1315 jungit.
1568 1243 1816 1314 Nunquid
1843 1243 1887 1298 si
1916 1242 2037 1311 quis

451 1346 870 1401 catechumenus
891 1339 1176 1394 virtutibus
1195 1336 1480 1402 studuerit,
1505 1335 1859 1390 humilitatem
1882 1349 2036 1388 secu—

452 1447 537 1492 tus
576 1435 752 1498 fuerit,
784 1430 1099 1504 patientiam
1131 1427 1384 1491 tenuerit,
1416 1426 1791 1496 cleemosynas
1825 1423 2033 1489 fecerit,

450 1525 612 1580 morti
643 1523 938 1578 destinatos
963 1518 1204 1589 qualibet
1231 1516 1444 1570 ratione
1469 1512 1747 1583 eripuerit,
1773 1512 2036 1567 adulteria

451 1615 814 1679 exhorruerit,
841 1613 1144 1669 castitatem
1175 1610 1432 1673 tenuerit,
1459 1623 1642 1678 qumro
1671 1609 1718 1664 si
1747 1607 1883 1671 hazc,
1917 1622 2038 1662 cum

451 1706 624 1759 factus
651 1703 811 1758 fuerit
842 1701 1032 1767 fidelis,
1058 1701 1276 1766 amittit,
1327 1699 1453 1769 quia
1482 1713 1580 1768 per
1607 1699 1933 1768 baptismum
1963 1704 2043 1753 to-

2135 515 2405 571 nientibus
2429 514 2498 569 ab
2524 510 2812 578 haereticis,
2831 512 2921 582 qui
2944 520 3123 568 tamen
3153 511 3263 566 illic
3283 510 3542 580 baptizati
3567 517 3707 572 sunt,

2133 621 2233 676 per
2281 618 2478 659 manus
2527 603 2949 672 impositionem,
2998 602 3194 657 l—aicam
3225 609 3450 655 tantum.
3481 601 3714 659 tribuere

2135 696 2593 762 communionem,
2622 708 2724 750 nec
2746 708 2815 748 ex
2833 693 2920 748 his
2946 691 3178 762 aliquem
3199 693 3254 747 in
3294 691 3582 746 clericatus
3617 690 3715 745 ho—

2134 798 2322 839 norem
2347 784 2434 839 vel
2460 784 2710 853 exiguum
2738 782 3052 852 subrogare.

2137 877 2289 961 Quod
2317 896 2371 950 hi
2409 896 2496 967 qui
2521 913 2553 949 a
2583 895 2784 950 Bonam
2811 895 3052 967 Itan-elice
3077 893 3309 948 ordinati
3333 905 3453 967 sunt
3503 901 3711 967 propte-

2205 983 2295 1021 νεα
2323 963 2649 1034 εἰηέγεσεριί,
2664 981 2728 1020 ne
2749 964 3052 1020 scandalum
3076 974 3364 1018 remaneret
3385 963 3649 1019 Ecclesia.

2208 1074 2317 1130 LV.
2351 1075 2421 1130 At
2449 1090 2578 1130 vero
2611 1075 2704 1146 qui
2741 1087 2772 1128 a
2809 1072 3078 1129 catholica
3115 1071 3182 1128 ad
3216 1072 3461 1127 hairesim
3489 1071 3713 1128 transie-

2137 1175 2280 1232 runt,
2313 1181 2450 1235 quos
2495 1183 2604 1220 non
2628 1166 2786 1220 aliter
2825 1171 3043 1234 oportet
3084 1163 3184 1218 nisi
3223 1176 3321 1232 per
3349 1163 3713 1232 paenitentiam

2139 1258 2362 1328 suscipi,
2380 1257 2521 1334 apud
2545 1272 2639 1312 vos
2668 1271 2775 1311 non
2801 1255 2974 1310 solum
3005 1253 3373 1324 pmnitentiam
3402 1269 3507 1308 non
3532 1262 3714 1322 agunt,

2139 1364 2324 1405 verum
2353 1350 2514 1402 etiam
2563 1347 2770 1401 honore
2799 1345 3161 1400 cumulantur.
3191 1343 3300 1400 Sed
3333 1345 3500 1400 Anisi-i
3542 1345 3716 1399 fratris

2123 1440 2412 1512 .quondam
2440 1438 2632 1501 nostri,
2665 1437 3003 1506 aliorumque
3043 1435 3486 1490 consacerdotum
3513 1451 3718 1490 summa

2169 1529 2490 1586 deliberatio
2518 1529 2631 1582 lucc
2655 1525 2777 1594 fuit,
2825 1535 2885 1581 ut
2912 1541 3050 1595 quos
3079 1527 3321 1582 Bonosus
3359 1525 3719 1587 ordinaverat,

2142 1634 2210 1674 ne
2239 1633 2360 1673 cum
2405 1618 2595 1673 eodem
2622 1625 2984 1682 remanerent,
3019 1633 3084 1672 ac
3133 1617 3281 1672 ﬁeret
3314 1632 3417 1671 non
3450 1617 3719 1672 mediocre

2142 1709 2474 1776 scandalum,
2499 1709 2541 1763 si
2563 1707 2793 1764 ordinati
2821 1709 3222 1778 reciperentur;
3252 1708 3497 1775 vicimus,
3523 1719 3579 1762 ut
3605 1710 3720 1778 opi-

452 1803 563 1848 ‘um
607 1795 751 1863 (11³οά
797 1803 954 1850 vetus
1001 1794 1166 1848 homo
1220 1800 1465 1860 80559"at
1515 1799 1736 1861 Ρυῐθῑιπ
1787 1790 1983 1846 auferri
2012 1791 2036 1844 ?
2067 1803 2114 1862 Β
2143 1815 2261 1864 nor,
2293 1799 2561 1867 ambigua.
2595 1797 2714 1852 Jam
2755 1812 2886 1866 ergo
2942 1797 3088 1866 quod
3115 1813 3214 1867 pro
3240 1797 3479 1852 remedio
3537 1812 3600 1851 ac
3627 1813 3722 1852 ne»

453 1887 787 1956 Aspiciamus
801 1887 1053 1955 gentilem
1075 1885 1350 1938 hominem
1369 1881 1679 1937 Cornelium
1701 1882 2038 1939 orationibus

453 1989 614 2047 atque
643 1978 1002 2050 clcemosynis
1027 1984 1338 2040 vacantem,
1370 1990 1470 2045 per
1502 1975 1893 2029 revelationem
1941 1989 2039 2028 an-

450 2071 629 2138 gelum
670 2067 999 2138 Petrumque
1056 2067 1228 2136 ipsum
1283 2065 1502 2127 vidisse,
1552 2065 1790 2134 nunquid
1819 2077 1918 2134 per
1945 2063 2041 2118 ba-

451 2162 703 2230 ptismum
733 2161 847 2214 haec
877 2160 950 2214 illi
975 2160 1150 2214 ablata
1175 2166 1319 2224 sunt,
1346 2164 1568 2228 propter
1594 2172 1713 2230 quae
1754 2157 1803 2213 ei
1831 2156 2038 2228 baptis-

452 2266 598 2304 mum
643 2250 856 2305 videtur
897 2265 1017 2305 esse
1047 2251 1410 2305 concessum?
1439 2247 1495 2302 Si
1527 2248 1598 2302 ita
1624 2248 1879 2312 creditur,
1912 2247 2039 2304 mihi

450 2342 685 2405 credite,
729 2357 838 2396 non
869 2341 1140 2395 modicum
1173 2349 1417 2408 erratur,
1464 2340 1590 2410 quia
1621 2340 1878 2409 quidquid
1903 2339 2042 2394 bene

450 2438 658 2496 gestum
676 2430 854 2495 fuerit,
875 2440 931 2486 et
949 2429 1244 2486 secundum
1259 2429 1391 2499 legis
1405 2438 1672 2500 praecepta
1691 2430 2043 2500 custoditum,

455 2540 562 2578 non
615 2533 794 2594 potest
847 2524 1170 2579 facientibus
1220 2524 1488 2593 deperire.
1549 2523 1866 2593 Nuptiarum
1912 2539 2042 2595 ergo

452 2617 666 2686 copula,
693 2617 816 2686 quia
848 2616 943 2670 Dei
972 2615 1227 2670 mandato
1251 2613 1557 2684 perficitur,
1591 2630 1698 2670 non
1729 2622 1908 2684 potest
1936 2615 2040 2670 dici

456 2715 775 2778 peccatum,
824 2715 880 2768 et
907 2706 1048 2775 quod
1077 2715 1360 2776 peccatum
1409 2714 1665 2770 nonest,
1715 2705 1854 2762 solvi
1902 2705 2044 2761 inter

453 2807 679 2866 peccata
710 2799 856 2853 credi
889 2799 1109 2852 omnino
1156 2814 1261 2854 non
1292 2798 1454 2852 debet
1487 2816 1498 2850 :
1533 2798 1743 2869 eritque
1774 2799 2042 2868 integrum

453 2890 721 2944 aestimare
766 2889 971 2944 aboleri
1012 2904 1118 2944 non
1167 2905 1328 2959 posse
1367 2889 1564 2960 prioris
1606 2906 1800 2945 nomen
1835 2892 2039 2960 uxoris,

457 2999 578 3039 cum
622 2997 728 3037 non
760 2980 1042 3036 dimissum
1072 2983 1141 3035 sit
1172 2996 1270 3050 pro
1301 2989 1562 3051 peccato,
1595 2981 1720 3051 quia
1749 2997 1815 3036 ex
1847 2982 1942 3038 Dei
1973 2983 2044 3038 sit

454 3075 736 3129 voluntate
766 3071 1116 3141 completum.

489 3211 644 3278 Quod
674 3230 777 3268 non
805 3213 1147 3268 admittuntur
1175 3214 1350 3268 clerici
1377 3214 1442 3271 ab
1471 3214 1728 3270 htereticis
1755 3216 2003 3270 ordinati.

533 3327 660 3382 LIII.
693 3327 921 3382 Ventum
951 3335 1032 3382 est
1059 3327 1126 3382 ad
1163 3330 1373 3383 tertiam
1403 3327 1777 3399 qumstionem,
1802 3343 1921 3399 qua:
1947 3343 2044 3399 pro

455 3419 537 3473 sui
561 3417 877 3472 difficultate
923 3416 1219 3487 longiorem
1261 3420 1430 3487 exigit
1456 3419 1896 3489 disputationem,
1922 3433 2044 3474 cum

457 3526 556 3566 nos
582 3510 826 3565 dicamus
865 3509 933 3563 ab
961 3510 1226 3566 bmreticis
1255 3511 1532 3567 ordinatos
1559 3512 1898 3566 vulneratum
1949 3526 2048 3581 per

456 3602 598 3656 illam
629 3616 819 3655 manus
849 3601 1246 3671 impositioncm
1277 3601 1476 3656 habere
1505 3610 1685 3672 caput.
1722 3600 1823 3656 Ubi
1851 3601 2048 3655 vulnus

457 3691 676 3747 infixum
707 3701 808 3758 est,
840 3692 1105 3747 medicina
1157 3703 1239 3748 est
1262 3693 1581 3759 adhibenda,
1613 3703 1671 3748 ut
1714 3693 1882 3763 possit
1910 3692 2048 3747 reci-

455 3798 587 3853 pere
615 3784 902 3839 sanitatem
929 3802 941 3836 :
973 3799 1092 3854 quae
1117 3786 1323 3840 sanitas
1348 3793 1471 3854 post
1501 3786 1691 3840 vulnus
1719 3794 1906 3839 secuta
1932 3783 2048 3839 sine

454 3874 712 3929 cicatrice
734 3890 852 3930 esse
875 3891 980 3930 non
1030 3875 1249 3946 poterit,
1297 3883 1458 3944 atque
1488 3874 1576 3928 ubi
1603 3873 1938 3944 pmnitcntize
1964 3887 2049 3927 rc-

455 3969 691 4023 medium
723 3969 1088 4024 necessarium
1110 3975 1210 4029 est,
1251 3967 1360 4019 illic
1409 3965 1761 4021 ordinationis
1788 3967 2044 4019 honorem

454 4056 636 4111 locum
659 4057 860 4110 habere
891 4071 997 4110 non
1024 4070 1202 4124 posse.
1229 4053 1358 4107 Nam
1389 4055 1454 4120 si,
1477 4063 1535 4107 ut
1563 4052 1755 4122 legitur
1782 4052 1965 4124 (Leuit.
1999 4071 2044 4117 I;

463 4144 621 4198 Nam.
641 4147 775 4211 χιχ),
798 4143 942 4212 quod
965 4143 1198 4212 tetigerit
1221 4144 1544 4211 immundus,
1563 4144 1890 4199 immundum
1921 4147 2045 4210 erit,

455 4233 733 4302 quomodo
762 4233 812 4286 id
853 4233 902 4286 ei
934 4233 1217 4299 tribuetur,
1253 4233 1396 4303 quod
1426 4233 1682 4287 munditia
1737 4249 1802 4288 ac
1841 4237 2047 4304 puritas

460 4325 740 4378 consuevit
794 4324 1094 4392 accipere?|
1140 4324 1233 4378 sed
1275 4331 1464 4378 contra
1495 4326 1752 4379 asseritur
1777 4340 1918 4389 eum,
1953 4328 2044 4394 qui

459 4417 720 4470 honorem
749 4415 947 4475 amisit,
982 4415 1242 4469 honorem
1265 4415 1392 4468 dare
1423 4430 1528 4469 non
1556 4431 1747 4485 posse:
1775 4431 1876 4471 nec
1895 4418 2044 4470 illum

2143 1889 2396 1944 cessitate
2421 1888 2680 1958 temporis
2700 1896 2956 1942 statutum
2981 1895 3084 1954 est,
3111 1895 3323 1942 constat
3346 1888 3590 1956 primitus
3614 1904 3718 1942 non

2143 1981 2328 2043 fuisse,
2349 1996 2414 2035 ac
2444 1981 2608 2036 fuisse
2633 1981 2842 2049 regulas
2855 1990 3084 2044 veteres,
3101 1996 3235 2050 quas
3258 1982 3325 2035 ab
3347 1981 3602 2051 apostolis
3631 1990 3721 2034 aut

2143 2072 2454 2142 apostolicrs
2472 2071 2601 2126 viris
2618 2072 2838 2126 traditas
2851 2071 3091 2125 Ecclesia
3111 2072 3347 2126 Romana
3365 2074 3615 2138 custodit,
3631 2088 3722 2126 cu-

2143 2162 2559 2231 Stodiendasque
2595 2162 2814 2217 mandat
2843 2164 2925 2217 his
2956 2163 3046 2231 qui
3070 2179 3187 2216 eam
3210 2163 3396 2216 audire
3425 2178 3719 2217 consueve-

2145 2261 2289 2315 runt,
2323 2253 2415 2308 scd
2448 2251 2740 2308 necessitas
2771 2254 3027 2323 temporis
3047 2253 3102 2308 id
3125 2252 3239 2307 ﬁeri
3277 2267 3602 2322 magnopere
3629 2267 3721 2322 po-

2145 2342 2399 2398 stulabat.
2431 2341 2572 2412 Ergo
2601 2343 2744 2412 quod
2780 2343 3073 2398 necessitas
3115 2358 3214 2412 pro
3243 2342 3481 2397 remedio
3503 2344 3718 2411 reperit,

2145 2442 2392 2488 cessante
2441 2434 2762 2489 necessitate
2811 2433 2972 2488 debet
3024 2434 3208 2502 utique
3237 2448 3451 2488 cessare
3501 2433 3718 2503 pariter,

2145 2525 2288 2596 quod
2316 2524 2558 2593 urgebat,
2583 2525 2708 2594 quia
2731 2524 2867 2578 alius
2883 2531 2964 2579 est
2986 2524 3120 2580 ordo
3147 2523 3436 2594 legitimus,
3455 2523 3556 2577 alia
3581 2539 3724 2576 usur~

2145 2615 2313 2686 patio,
2364 2629 2525 2686 quam
2572 2614 2638 2668 ad
2670 2628 2903 2684 praesens
2959 2611 3075 2667 fieri
3105 2621 3314 2682 tempus
3343 2611 3586 2682 impellit.
3620 2609 3726 2666 Sed

2146 2720 2385 2760 canones
2421 2705 2565 2776 apud
2607 2705 2840 2758 Nicaeam
2875 2703 3150 2770 constituti
3179 2703 3246 2758 de
3277 2702 3585 2756 Novatianis
3613 2701 3726 2757 ﬁeri

2145 2797 2522 2868 permiserunt,
2567 2796 2714 2866 prius
2759 2795 2849 2850 ille
2879 2810 3053 2850 canon
3100 2810 3129 2848 a
3158 2793 3407 2848 Pati-ibus
3450 2793 3728 2847 institutus

2147 2887 2429 2956 ponendus
2465 2895 2576 2954 est,
2626 2894 2684 2941 ut
2723 2887 2988 2956 possimus
3021 2885 3302 2940 advertere
3348 2885 3434 2939 vel
3469 2883 3597 2952 quid
3637 2884 3726 2938 vet

2146 2979 2383 3046 qualiter
2433 2980 2500 3032 ab
2536 2978 2736 3033 eisdem
2783 2992 2998 3032 sensum
3039 2977 3108 3031 sit
3145 2975 3230 3030 vel
3262 2983 3607 3045 praeceptum.
3650 2974 3729 3029 De

2147 3072 2248 3137 his,
2277 3071 2467 3141 inquit,
2519 3071 2609 3139 qui
2667 3071 2945 3124 nominant
2983 3069 3190 3139 scipsos
3231 3070 3508 3133 catharos,
3560 3070 3609 3122 id
3647 3081 3732 3124 cst

2071 3175 2116 3237 ρ
2151 3161 2397 3225 ntundos,
2428 3168 2485 3214 et
2514 3159 2803 3230 aliquando
2832 3160 3058 3213 veniunt
3087 3159 3152 3212 ad
3182 3158 3502 3213 catholicam
3545 3156 3732 3212 Eccle-

2148 3254 2305 3322 sium,
2345 3253 2545 3324 placuit
2571 3262 2772 3306 sancta:
2820 3260 2876 3306 et
2919 3265 3126 3318 magnae
3149 3250 3376 3323 synodo,
3423 3258 3482 3305 ut
3509 3258 3732 3320 accepta

2146 3357 2337 3399 manus
2364 3343 2709 3414 impositione
2737 3343 2816 3396 sic
2843 3349 3096 3395 maneant
3134 3341 3186 3395 in
3215 3341 3383 3396 clero.

2221 3433 2516 3490 Possumus
2541 3448 2671 3488 vero
2692 3431 2872 3486 dicere
2897 3429 2964 3484 de
2992 3431 3121 3485 solis
3147 3431 3250 3485 hoc
3279 3429 3588 3484 Novatianis
3611 3443 3733 3484 esse

2147 3531 2496 3596 praeceptum,
2529 3537 2630 3577 nec
2658 3522 2723 3576 ad
2753 3522 2976 3576 aliarum
3009 3522 3269 3575 luerosum
3303 3520 3529 3574 clericos
3558 3521 3731 3589 perti-

2149 3631 2302 3681 nere;
2335 3630 2460 3669 nam
2488 3614 2530 3669 si
2563 3613 2748 3682 utique
2768 3613 2836 3667 de
2863 3611 3116 3667 omnibus
3147 3611 3221 3664 ita
3249 3608 3550 3673 delinirent,
3583 3609 3732 3663 addi-

2148 3709 2354 3763 dissent
2396 3722 2427 3760 a
2467 3704 2782 3762 Novatianis
2813 3706 3041 3776 aliisque
3083 3703 3351 3759 luereticis
3398 3711 3736 3759 revertentes

2150 3800 2351 3862 debere
2380 3799 2434 3853 in
2479 3813 2635 3853 suum
2681 3798 2923 3852 ordinem
2955 3797 3124 3866 recipi
3161 3815 3175 3849 :
3208 3796 3351 3864 quod
3378 3797 3420 3850 si
3465 3795 3539 3850 ita
3567 3805 3732 3855 esset,

2149 3891 2310 3945 etiam
2333 3888 2465 3948 illud
2496 3888 2748 3953 maxime,
2774 3888 2918 3957 quod
2946 3887 3013 3942 de
3038 3886 3376 3940 Paulianistis
3400 3886 3605 3940 dictum
3631 3897 3733 3948 est,

2149 3980 2348 4051 poterit
2377 3979 2718 4043 confirmare,
2767 3992 2797 4031 a
2823 3978 3016 4047 quibus
3044 3977 3325 4031 venientes
3367 3977 3527 4030 etiam
3559 3977 3736 4046 bapti-

2150 4071 2258 4125 zari
2308 4069 2644 4140 prtecipiuut.
2678 4067 3051 4137 Nunquiduam
3101 4083 3222 4122 cum
3272 4066 3342 4121 de
3389 4065 3739 4122 Paulianistis

2145 4159 2368 4229 jubent,
2414 4172 2604 4213 omnes
2645 4157 2738 4226 qui
2783 4159 2852 4212 ab
2879 4157 3146 4212 haereticis
3169 4163 3534 4224 revertuntur,
3576 4169 3740 4212 erunt

2149 4253 2256 4307 hoc
2297 4251 2545 4321 exemplo
2592 4249 2944 4322 baptizandi?
2971 4248 3114 4317 quod
3159 4262 3280 4303 cum
3330 4248 3508 4302 nullus
3535 4248 3740 4302 audeat

2150 4340 2346 4404 facere,
2377 4341 2444 4394 de
2489 4339 2618 4409 ipsis
2663 4346 2872 4393 tantum
2923 4353 3045 4393 esse
3080 4347 3407 4408 prmeeptum
3449 4339 3594 4392 ratio
3623 4340 3739 4408 ipsa

2149 4431 2505 4485 demonstrat.
2553 4428 2795 4498 Denique
2840 4429 3138 4498 baptizatos
3178 4431 3279 4483 rite
3308 4429 3376 4482 ab
3403 4431 3738 4498 evangelista

458 4507 659 4576 aliquid
684 4508 976 4576 accepisse,
1007 4506 1129 4575 quia
1181 4506 1310 4560 nihil
1339 4506 1391 4560 in
1414 4506 1576 4561 dante
1598 4516 1731 4573 erat,
1763 4508 1908 4576 quod
1956 4509 2039 4564 ille

2152 4521 2400 4591 Philippo
2430 4521 2618 4577 Petrus
2648 4527 2701 4576 et
2729 4513 3105 4576 Joannes‘sola
3151 4535 3341 4574 manus
3391 4520 3738 4590 impositione

459 4607 641 4668 posset
667 4599 948 4669 accipere,
1001 4597 1425 4667 acquiescimus,
1456 4606 1510 4652 et
1539 4613 1722 4653 verum
1767 4608 1849 4654 cst
1879 4609 2043 4666 certe,

454 4693 582 4762 quia
614 4691 756 4762 quod
780 4707 885 4745 non
913 4690 1116 4754 habuit,
1140 4689 1270 4744 dare
1294 4706 1398 4744 non
1427 4689 1618 4758 potuit.
1639 4688 2045 4746 Damnationem

460 4783 842 4850 utique,quam
856 4780 1046 4833 habuit
1072 4795 1172 4849 per
1185 4795 1406 4849 pravam
1434 4795 1624 4834 manus
1650 4780 2046 4850 impositioncm

456 4871 625 4935 dedit,
657 4880 710 4926 et
745 4872 835 4940 qui
859 4871 1129 4942 particeps
1157 4871 1328 4927 factus
1351 4887 1434 4928 εει
1473 4871 1747 4939 danmato,
1774 4874 2048 4942 quomodo

455 4963 656 5017 debeat
679 4962 940 5017 honorem
963 4963 1230 5034 accipere,
1265 4962 1507 5019 invenire
1537 4979 1644 5018 non
1672 4978 1909 5034 possum.
1940 4963 2047 5019 Sed

455 5053 658 5107 dicitur
685 5067 812 5106 vera
865 5050 1091 5121 acjusta
1139 5052 1364 5121 legitimi
1410 5051 1713 5116 sacerdotis
1741 5052 2046 5107 benedictio

459 5139 675 5197 auferre
703 5156 863 5196 omne
885 5143 1094 5209 vitium,
1112 5141 1258 5212 quod
1281 5158 1309 5196 a
1332 5142 1527 5198 vitioso
1558 5143 1733 5197 fuerat
1764 5143 2040 5212 injectum.

494 5254 652 5320 Quod
689 5256 745 5309 in
771 5254 1183 5312 ordinationibus
1213 5257 1432 5308 crimina
1479 5256 1556 5309 vel
1581 5255 1707 5310 vitia
1748 5271 1852 5309 non
1884 5255 2008 5309 bene

993 5325 1273 5380 credantur
1300 5327 1516 5395 auferri.

530 5436 664 5492 LIV.
687 5436 849 5506 Ergo,
878 5437 923 5492 si
947 5437 1019 5491 ita
1045 5443 1146 5501 est,
1179 5435 1518 5507 applicentur
1557 5435 1625 5490 ad
1649 5435 2044 5490 ordinationem

454 5529 730 5596 sacrilegi,
753 5528 1008 5596 adulteri,
1039 5536 1203 5596 atque
1221 5527 1460 5583 omnium
1484 5527 1767 5582 criminum
1796 5528 1895 5591 rei,
1921 5528 2044 5596 quia

458 5632 560 5685 per
615 5618 1047 5674 benedictionem
1105 5619 1458 5676 ordinationis
1509 5619 1732 5673 crimina
1789 5619 1875 5675 vel
1919 5619 2046 5674 vitia

460 5715 720 5776 putantur
749 5708 968 5765 auferri.
1000 5710 1187 5766 Nullus
1231 5711 1300 5766 sit
1343 5711 1672 5782 ptenitentire
1719 5711 1888 5777 locus,
1918 5702 2044 5783 quia

463 5797 516 5851 id
543 5805 722 5867 potest
763 5810 1019 5870 praestare
1047 5801 1334 5868 ordinatio,
1388 5802 1534 5872 quod
1562 5803 1718 5874 longa
1747 5801 2042 5859 satisfactio

2152 4621 2528 4668 consummant
2568 4612 2704 4674 (Act.
2743 4626 2895 4681 vin):
2954 4611 3075 4666 illos
3123 4625 3254 4666 vero
3293 4624 3431 4679 quos
3459 4611 3736 4680 apostolus

2152 4702 2348 4759 Paulus
2383 4701 2610 4759 Joannis
2647 4704 2970 4773 baptismate
3010 4703 3310 4772 baptizatos
3359 4703 3566 4772 reperit
3598 4703 3733 4772 (Λευ.

2151 4793 2284 4867 xxx),
2318 4793 2771 4864 interrogavitque
2816 4809 2882 4846 an
2910 4792 3168 4862 Spiritum
3189 4800 3436 4846 sanctum
3465 4794 3736 4862 suscepis-

2151 4896 2288 4953 sent,
2322 4886 2716 4956 fatentibusque
2739 4901 2796 4940 se
2825 4886 2952 4940 illud
2987 4900 3056 4940 ne
3083 4885 3300 4955 quidem
3323 4899 3524 4940 nomen
3557 4886 3741 4939 audis—

2149 4993 2228 5045 se,
2252 4978 2412 5048 jussit
2441 4993 2535 5036 cos
2560 4977 2841 5049 baptizari.
2871 4975 3233 5044 Videtis'ergo
3261 4976 3364 5030 rite
3410 4976 3737 5046 baptizatos,

2150 5071 2242 5126 illo
2270 5071 2412 5126 dono
2443 5071 2625 5126 iterari
2653 5085 2760 5125 non
2792 5081 2952 5139 posse
2977 5087 2989 5122 :
3019 5078 3074 5123 et
3101 5068 3258 5122 aliter
3277 5065 3391 5122 sola
3421 5081 3571 5136 aqua
3598 5067 3742 5120 lotos

2144 5161 2408 5232 baptizari
2463 5163 2517 5217 in
2567 5163 2782 5217 nomine
2830 5159 3034 5226 Patris,
3081 5167 3137 5216 et
3189 5158 3345 5225 Filii,
3395 5168 3459 5216 et
3505 5160 3742 5230 Spiritus

2147 5252 2318 5307 sancti
2370 5251 2733 5307 necessarium
2765 5252 3052 5322 pervideri.
3080 5251 3154 5306 Ita
3203 5259 3256 5306 et
3303 5249 3371 5304 de
3420 5249 3744 5304 Novatiauis

2146 5351 2353 5398 tantum
2379 5342 2585 5412 jussum
2613 5358 2732 5400 esse
2755 5344 2929 5400 lucida
2951 5343 3388 5399 manifestatione
3419 5344 3744 5414 perlegitur,

2146 5432 2288 5504 quod
2319 5433 2519 5489 idcirco
2547 5435 2856 5492 distinctum
2888 5449 3007 5490 esse
3056 5434 3184 5504 ipsis
3207 5435 3416 5490 duabus
3441 5435 3747 5490 bmrcsibus

2156 5527 2294 5580 ratio
2319 5525 2598 5581 manifesta
2627 5524 2884 5587 declarat,
2916 5525 3040 5594 quia
3070 5523 3412 5578 Paulianistac
3435 5525 3490 5578 in
3521 5525 3751 5579 nomine

2154 5616 2348 5685 Patris,
2380 5627 2435 5672 ct
2460 5616 2597 5683 Filii,
2627 5627 2684 5672 et
2711 5617 2942 5687 Spiritus
2983 5618 3158 5673 sancti
3187 5617 3408 5672 minime
3435 5617 3750 5688 baptizant.

2152 5709 2218 5766 Et
2245 5709 2526 5765 Novatiani
2557 5711 2744 5766 iisdem
2773 5711 3078 5765 nominibus
3122 5709 3415 5765 tremendis
3472 5724 3756 5762 venerat»

2149 5803 2334 5875 disque
2355 5801 2650 5873 bapti-zant,
2683 5817 2783 5859 nec
2812 5801 2952 5872 apud
3003 5802 3133 5858 istos
3163 5801 3228 5882 de
3257 5800 3467 5854 unitate
3497 5807 3760 5870 potesta-
