3988 6344
231 239 332 297 ΞΜ

1264 254 1640 313 COLLECTIO
1676 259 2141 327 DECRETORUH
2192 271 2296 329 PP.
2339 275 2460 330 RR.

3410 300 3517 357 ‘262

238 356 309 408 tis
330 352 548 421 divinae,
570 353 673 410 hoc
703 367 788 414 est
811 357 1003 428 Patris,
1028 370 1085 416 et
1112 362 1251 431 Filii,
1281 374 1340 423 et
1364 366 1595 438 Spiritus
1614 376 1814 445 sancti,
1851 385 1900 443 Α
1926 381 2104 452 priora
2143 400 2274 457 ergo
2300 389 2618 451 dimittenda
2641 394 2768 456 dico
2801 368 2906 458 ‘Dei
2932 404 3136 475 judicio
3161 426 3173 474 ;
3205 410 3273 467 de
3303 413 3509 485 reliquo

238 446 467 485 ηικοειςη
486 446 776 485 summm».
803 460 1071 485 οηιηηιη...
1103 464 1181 485 ηρ.
1236 466 1285 485 η.
1332 461 1447 485 HA-
1482 464 1538 485 ι-
1574 481 1651 485 ,μ
1701 468 1733 485 ..
2057 475 2068 485 .
2346 482 2356 485 _
2440 482 2451 485 _

235 446 467 514 qumstio
486 446 776 518 aliquando
803 460 1075 508 commota
1101 464 1205 525 est,
1233 466 1288 512 et
1329 461 1451 516 Meo
1474 464 1542 519 de
1568 468 1821 529 omnibus

234 539 531 606 segregans
578 539 694 596 lucc
741 541 858 597 sola
883 543 1060 603 electa
1089 557 1197 615 est,
1240 552 1323 605 cui
1373 552 1514 612 istud
1540 559 1825 619 crederent

234 627 661 693 concedendum,
686 632 811 701 quia
842 634 973 688 nihil
998 637 1053 690 in
1079 635 1271 708 Patris,
1289 649 1342 696 et
1362 642 1572 713 Filii,et
1591 647 1824 719 Spiritus

234 721 409 773 sancti
440 732 782 779 sacramento
810 738 1117 797 pcccarent.
1142 732 1464 802 Siquisvero
1478 738 1545 794 de
1558 742 1823 799 catholica

233 809 298 865 ad
343 810 587 865 haeresim
620 815 907 880 transiens,
938 827 1033 873 aut
1077 819 1246 877 ﬁdelis
1275 824 1343 879 ad
1381 831 1704 896 apostasiam
1734 849 1821 889 re-

233 912 455 957 vertens
484 904 809 974 resipiscens
854 909 1032 966 redire
1058 914 1319 982 voluerit,
1364 922 1602 990 nunquid
1633 926 1823 1003 eadem

228 994 445 1048 ratione
474 997 675 1065 poterit
719 998 787 1053 ad
842 1000 1045 1057 clerum
1074 1008 1362 1075 permitti?
1405 1011 1642 1078 Quorum
1672 1000 1823 1073 com-

230 1082 457 1136 missum
511 1100 619 1139 non
670 1087 771 1143 nisi
816 1090 971 1160 longa
1002 1096 1314 1165 pmnitentia
1365 1106 1565 1170 poterit
1592 1107 1819 1175 aboleri,

230 1190 334 1229 nec
364 1185 488 1247 post
509 1181 882 1249 paenitentiam
905 1187 1160 1244 clericum
1190 1192 1305 1250 licri
1332 1196 1430 1267 ipsi
1460 1214 1697 1258 canones
1721 1220 1820 1261 sua

229 1268 560 1323 auctoritate
586 1273 921 1343 permittunt.
946 1274 1097 1333 Unde
1125 1293 1366 1349 constat,
1400 1290 1489 1357 qui
1517 1290 1584 1345 de
1631 1295 1819 1350 catho-

227 1357 330 1413 lica
362 1361 430 1415 ad
460 1362 733 1420 Bonosum
781 1369 1112 1427 transierunt
1163 1374 1473 1434 damnatum
1498 1420 1514 1445 ,
1570 1395 1733 1454 atque
1760 1403 1820 1444 se

223 1452 372 1521 passi
412 1462 538 1509 sunt
587 1456 672 1511 vel
725 1460 1011 1530 cupierunt
1059 1466 1125 1520 ab
1166 1469 1357 1524 eodem
1394 1474 1652 1544 ordinari,
1709 1496 1818 1538 non

222 1546 535 1615 oportuisse
582 1549 939 1611 ordinationis
980 1558 1358 1618 ecclesiastica:
1414 1568 1688 1639 suscipere
1733 1571 1817 1627 di-

219 1640 505 1705 gnitatem,
540 1644 629 1711 qui
684 1660 969 1703 commune
1024 1652 1267 1708 omnium
1306 1655 1670 1715 Ecclesiarum
1720 1662 1812 1732 ju-

1926 475 2159 532 maxima
2187 480 2547 542 sollicitudine
2572 494 3002 558 praecavendum.

1926 582 2079 677 Quod
2106 590 2399 676 subreptum
2429 598 2583 666 fuerit
2610 604 2908 677 apostolica
2924 608 3057 677 sedi,
3076 620 3126 663 et
3154 630 3300 669 suam
3327 616 3380 671 in
3410 633 3513 673 me-

1996 659 2097 747 lius
2123 659 2796 747 βριειέηιὶᾳπιξροηωιίηανὶε
2821 712 2836 738 ,
2869 659 3094 747 quando

1996 726 2211 785 Photini
2234 736 2501 790 rescindit.

1998 819 2222 878 Veniam
2252 841 2395 881 nunc
2422 830 2490 883 ad
2526 832 2817 890 maximum
2843 841 2996 907 quasi
3023 844 3296 911 quoddam
3327 849 3509 909 thema

1925 909 2232 979 Photinum,
2262 924 2316 970 et
2346 920 2488 988 quod
2512 921 2641 977 mihi
2668 926 2889 982 anxium
2910 940 2993 987 est
3023 909 3086 988 ac
3114 934 3506 1004 dil‘licillimum,

1923 1001 2187 1071 majorum
2208 1022 2450 1064 meorum
2472 1015 2743 1071 revolvam
2772 1024 3087 1080 sententias.
3109 1024 3304 1081 Fuerat
3324 1029 3391 1086 de
3416 1031 3508 1086 illo

1922 1103 2140 1162 quoquo
2169 1105 2350 1167 pacto,
2383 1108 2443 1154 ut
2470 1103 2632 1159 etiam
2678 1107 2778 1177 ipsi
2820 1114 3282 1183 commeministis,
3308 1119 3507 1191 aliquid

1923 1181 2106 1253 utique
2151 1188 2367 1257 gravius
2403 1194 2752 1253 constitutum
2780 1214 2794 1264 ;
2822 1216 3006 1257 verum
3044 1207 3303 1273 quoniam
3330 1210 3383 1266 id
3411 1227 3508 1281 per

1921 1288 2193 1332 rumorem
2222 1279 2431 1346 falsum,
2447 1294 2505 1339 ut
2520 1289 2782 1358 asseritis,
2804 1293 3117 1366 subreptum
3148 1298 3276 1356 huic
3304 1302 3505 1367 sedi,et

1922 1365 2158 1421 elicitum
2187 1385 2283 1438 per
2308 1372 2530 1430 insidias
2576 1365 2984 1451 demonstratis,
3010 1388 3135 1454 quia
3158 1405 3245 1444 res
3270 1391 3337 1445 ad
3364 1394 3503 1447 salu-

1921 1459 2030 1509 tem
2076 1460 2254 1526 rediit,
2284 1466 2497 1520 veniam
2528 1484 2627 1525 uos
2675 1473 2813 1529 banc
2840 1475 2894 1531 in
2945 1485 3150 1533 tantum
3178 1483 3328 1538 vobis
3352 1486 3503 1539 adni-

1920 1548 2156 1604 tentibus
2193 1562 2314 1622 post
2336 1556 2842 1619 condemnationem
2875 1583 3030 1623 more
3054 1573 3353 1639 apostolico
3379 1577 3501 1631 sub-

1917 1650 2207 1709 rogamus,
2253 1647 2523 1717 tantisque
2568 1654 2759 1709 vestris
2797 1659 3203 1728 assertionibus,
3249 1665 3501 1736 vobisque

221 1727 427 1784 (“dum
458 1730 795 1801 deserentes,
833 1752 986 1795 suam
1009 1744 1354 1811 peculiariter
1397 1749 1448 1804 in
1479 1749 1697 1809 Bonam
1719 1727 1814 1809 ᾖ,
1848 1760 1890 1818 Β
1920 1734 2025 1818 tam
2056 1729 2230 1797 bonis,
2265 1746 2370 1789 tam
2400 1738 2577 1795 charis
2595 1757 2702 1797 non
2728 1744 2859 1801 dare
2887 1764 3228 1817 consensum,
3255 1757 3501 1811 erunibus

222 1823 448 1879 nitatem
479 1827 811 1895 sequendam
840 1845 957 1887 esse
982 1833 1281 1905 duxerunt;
1313 1840 1408 1895 sed
1435 1842 1632 1901 multos
1681 1862 1815 1904 con-

221 1922 334 1968 stat
355 1917 467 1971 vim
488 1933 695 1990 passos,
721 1930 883 1993 atque
911 1924 1107 1983 invitos
1133 1937 1392 1987 attractos
1422 1947 1810 2005 repugnantes-

219 2020 330 2074 que
355 2008 425 2061 ab
453 2010 642 2065 eodem
674 2014 967 2071 ordinatos.
998 2018 1152 2075 Dicat
1198 2023 1348 2090 mihi,
1379 2027 1523 2093 volo,
1566 2031 1812 2099 quisquis

221 2094 327 2151 hoc
357 2098 546 2162 credit,
568 2101 614 2155 si
639 2118 748 2167 non
776 2114 898 2175 post
919 2107 1314 2167 ordinationem
1330 2113 1523 2171 Βοηῡεί
1549 2119 1806 2188 interfuit,

218 2200 343 2241 cum
374 2189 667 2245 conliceret
693 2204 1050 2263 sacramenta,
1081 2201 1126 2257 si
1151 2206 1515 2261 communioni
1540 2208 1656 2277 ejus
1684 2227 1808 2281 paro

221 2272 474 2345 ticipatus
498 2294 604 2334 non
626 2291 726 2348 est,
758 2283 803 2338 si
829 2287 1009 2342 statim
1035 2288 1437 2353 discedentibus
1459 2296 1529 2353 de
1556 2272 1811 2371 ejus-pes-

214 2366 358 2421 simo
396 2370 756 2430 conciliabula
811 2375 881 2433 ad
908 2377 1204 2437 Ecclesiam
1252 2384 1431 2452 rediit,
1456 2397 1511 2443 et
1558 2366 1658 2445 iste
1687 2366 1807 2450 talis

212 2467 397 2526 potest
413 2460 614 2517 habere
633 2464 871 2523 colorem
893 2469 1121 2539 aliquem
1140 2477 1523 2533 excusationis.
1538 2479 1805 2539 Craterum

212 2552 304 2605 alii
326 2554 417 2621 qui
440 2555 523 2609 vel
550 2566 669 2625 post
691 2573 889 2613 annum
925 2570 1018 2616 aut
1046 2579 1287 2620 mensem
1315 2568 1381 2623 ad
1394 2568 1684 2627 Ecclesium
1714 2588 1804 2630 re.-

213 2638 442 2696 dierunt
505 2645 819 2719 intelligitur
860 2664 958 2704 cos
998 2653 1092 2721 qui
1144 2654 1201 2709 in
1237 2659 1499 2715 catholica
1539 2673 1805 2719 noverunt

208 2744 271 2787 se
287 2742 513 2803 propter
526 2736 653 2790 vitia
676 2752 772 2796 sua
789 2754 895 2793 non
919 2756 1081 2810 posse
1093 2746 1367 2816 suscipere
1382 2751 1799 2822 ordinationem,

208 2820 421 2877 idcirco
469 2823 536 2878 ad
560 2824 708 2881 illum
750 2832 1073 2899 perrexisse,
1104 2837 1198 2905 qui
1228 2839 1428 2907 passim
1475 2844 1666 2899 ctsino
1694 2846 1800 2901 ulla

204 2913 549 2973 discussione
575 2919 945 2979 ordinationes
966 2926 1179 2983 illicitas
1208 2929 1436 2989 faciebat
1470 2952 1485 2989 :
1514 2936 1802 2998 credentes

200 3018 265 3059 se
297 3019 461 3074 posse
510 3024 610 3077 per
658 3011 817 3067 istam
854 3015 1244 3076 institutionem
1275 3022 1448 3079 locum
1480 3026 1530 3081 in
1558 3027 1796 3087 Ecclesia

1917 1816 2063 1875 duris
2085 1823 2246 1879 rebus
2274 1825 2463 1884 durius
2492 1833 2835 1891 arbitramur.
2862 1838 2966 1895 Pro
2989 1852 3167 1899 vestra
3197 1861 3326 1915 ergo
3356 1849 3498 1903 arbi-

1915 1911 2168 1982 tratione,
2197 1913 2387 1975 fratres
2415 1921 2737 1995 cbarissimi,
2760 1932 3029 1987 sententia
3056 1951 3118 1990 ac
3140 1911 3500 2005 postulatione

1911 2001 2225 2075 episcopum
2243 2008 2532 2068 Photinum
2557 2015 2813 2074 habetote
2839 2021 3039 2078 licitum
3060 2001 3497 2092 ita-constituere,

1911 2101 1971 2147 ut
1999 2094 2708 2168 deprecamini,etnostram
2731 2110 2783 2163 in
2806 2113 2995 2168 melius
3024 2131 3343 2173 conversam
3372 2136 3496 2175 sen-

1912 2188 2133 2243 tentiam
2171 2190 2357 2249 labore
2396 2194 2482 2251 vel
2511 2199 2821 2256 testimonio
2864 2214 3044 2261 vestro
3064 2220 3343 2281 compotes
3382 2214 3497 2267 voti

1908 2280 2181 2349 suscipite.
2210 2283 2388 2352 IEque
2435 2283 2775 2345 Eustathium
2817 2308 2847 2347 a
2903 2311 2990 2350 me
3021 2280 3315 2367 smpissime
3347 2317 3497 2356 coma

1908 2369 2193 2437 probatum
2222 2375 2390 2430 nolite
2415 2388 2822 2448 exspectare,ut
2844 2383 3074 2441 diaconii
3101 2389 3275 2455 gratia
3298 2405 3495 2461 exspo~

1908 2459 2103 2515 lietur:
2153 2464 2416 2521 sollicitos
2441 2468 2586 2523 enim
2612 2486 2710 2526 vos
2730 2488 2831 2542 pro
2852 2475 3025 2531 salute
3055 2477 3284 2534 libenter
3312 2459 3494 2549 audio,

1907 2560 2097 2607 contra
2125 2564 2286 2625 caput
2305 2559 2491 2623 etiam,
2514 2562 2561 2615 si
2581 2561 2883 2620 iaciendum
2905 2576 3130 2632 est,non
3153 2572 3381 2631 libenter
3399 2578 3490 2631 ad-

1906 2641 2081 2709 mitto,
2124 2645 2210 2701 cui
2249 2661 2467 2704 manum
2507 2652 2797 2721 porrigitis,
2830 2657 3108 2714 vobiscum
3136 2663 3374 2731 porrigo,
3403 2668 3492 2724 cui

1904 2734 2143 2802 porrigo,
2174 2751 2384 2794 mecum
2422 2742 2702 2811 porrigite.
2732 2744 2858 2803 H330
2882 2749 3029 2803 enim
3068 2751 3135 2804 ad
3180 2754 3491 2813 Corinthios

1904 2826 2201 2893 apostolica
2234 2836 2319 2885 est
2342 2831 2615 2889 declarata
2663 2834 2966 2905 benignitas
3007 2839 3062 2911 (Ι
3108 2841 3307 2898 Corint.
3342 2844 3403 2916 ι),
3435 2858 3491 2903 ut

1903 2912 1957 2966 iu
1988 2930 2096 2971 uno
2123 2918 2313 2986 spiritu
2363 2920 2577 2977 ductam
2608 2938 2673 2979 ac
2698 2927 2972 2984 reductam
3012 2934 3333 2988 sententiam
3360 2912 3490 2992 boni

1900 3016 2117 3073 semper
2164 3006 2529 3068 indifferenter
2580 3025 2895 3084 sequantur.
2944 3019 3075 3074 Nam
3125 3023 3327 3091 fateor,
3375 3026 3489 3083 lucc

204 3095 480 3153 catholica
534 3102 805 3171 reperire,
858 3104 927 3161 de
978 3122 1089 3177 quo
1139 3120 1298 3169 antea
1349 3114 1787 3186 desperaverunt.
1823 3124 1868 3186 ρ
1901 3108 1988 3147 ine
2012 3094 2245 3164 primum
2288 3114 2376 3156 res
2412 3102 2549 3158 bene
2582 3103 2747 3160 habet
2781 3122 2906 3177 erga
2940 3108 3277 3168 Enstatbium
3304 3115 3486 3171 diaco-

202 3185 364 3243 Βιωο
408 3189 540 3246 illud
587 3195 731 3261 quod
759 3210 1004 3267 superest
1042 3202 1335 3274 interrogo,
1368 3185 1462 3277 qui
1492 3222 1616 3280 post
1642 3230 1796 3274 men-

196 3293 323 3334 sem
380 3290 473 3335 aut
497 3286 729 3355 amplius
765 3290 947 3357 rediit,
989 3309 1113 3350 cum
1141 3311 1202 3353 se
1231 3302 1600 3372 presbyterum
1628 3322 1662 3362 a
1690 3308 1797 3364 Bo-

196 3384 346 3425 noso
369 3372 667 3431 conﬁderet
690 3379 1017 3447 ordinatum,
1047 3385 1092 3443 si
1114 3401 1223 3442 non
1241 3401 1583 3451 sacramenta
1607 3397 1792 3453 conlc-

194 3462 303 3525 cit,
322 3463 367 3517 si
387 3479 497 3520 non
526 3469 737 3537 populis
757 3470 1048 3545 distribuit,
1074 3477 1121 3533 si
1139 3492 1249 3535 non
1278 3481 1470 3539 missas
1493 3487 1789 3544 secundum

192 3557 649 3615 consuetude
703 3564 1039 3643 complevit:
1097 3569 1224 3638 quid
1275 3571 1345 3627 de
1373 3574 1456 3629 bis
1493 3579 1783 3643 censeatis,

190 3657 389 3712 Quae
424 3650 683 3715 promotis
723 3654 1014 3721 apertius?
1062 3657 1146 3713 Ad
1194 3675 1460 3718 summam
1499 3677 1668 3731 certe,
1692 3671 1784 3739 qui

190 3733 332 3790 nihil
358 3750 393 3789 a
421 3734 636 3795 Bonoso
656 3754 1002 3812 acceperunt,
1034 3747 1114 3805 rei
1154 3760 1282 3806 sunt
1310 3763 1577 3825 usurpatae
1605 3733 1782 3828 digni-

186 3826 360 3889 tatis,
388 3829 483 3896 qui
507 3830 969 3891 conﬁciendorum
1010 3851 1473 3913 sacramentorum
1509 3848 1616 3903 sibi
1662 3826 1782 3906 vin-

182 3912 516 3971 dicaverunt
541 3926 635 3975 aut
660 3934 769 3977 non
797 3922 1207 3986 vindicaverunt
1254 3912 1665 4004 auctoritatem,
1697 3947 1781 3994 at.

183 4015 300 4071 que
320 4002 374 4057 id
396 4019 455 4059 se
477 4015 801 4075 putaverunt
826 4027 970 4083 esse,
995 4018 1144 4087 quod
1186 4019 1270 4076 bis
1316 4023 1461 4080 nulla
1490 4002 1667 4084 fuerat
1685 4046 1775 4088 re-

181 4093 361 4163 gulari
386 4098 595 4158 ratium:
622 4116 966 4163 concessum.

256 4252 412 4317 Quod
436 4259 489 4314 in
520 4259 756 4321 Ecclesia
794 4280 1062 4393 paeonium
1083 4278 1267 4354 populi
1293 4279 1513 4334 inultum
1534 4284 1699 4338 soleat

840 4354 949 4393 vra:
974 4360 1116 4393 erm.

839 4354 1116 4410 prwterm.

1899 3197 2047 3248 mnu,
2073 3186 2215 3253 quod
2239 3202 2342 3243 nec
2362 3198 2551 3246 contra
2574 3192 2730 3249 tidem
2760 3212 2995 3266 unquam
3020 3202 3313 3271 quidquam
3339 3204 3486 3262 locu-

1900 3280 1982 3327 tus
2003 3274 2091 3341 sit,
2124 3290 2223 3332 nec
2245 3276 2553 3348 loquentem
2584 3284 2881 3353 admiserit,
2914 3305 3013 3346 nec
3040 3291 3109 3347 ad
3137 3305 3366 3350 mortem
3388 3299 3485 3351 cri-

1893 3378 2019 3419 men
2040 3366 2258 3436 aliquod
2296 3373 2653 3441 commisisse,
2698 3378 2783 3434 vel
2803 3379 3070 3448 jactatum
3099 3400 3353 3455 unquam,
3397 3398 3483 3450 νιιι

1893 3455 2079 3514 lictum
2109 3459 2179 3515 de
2203 3476 2271 3516 eo
2298 3468 2724 3534 recognoverim.
2755 3467 2821 3525 Et
2866 3474 2957 3541 qui
2985 3474 3038 3529 in
3068 3476 3152 3532 his
3171 3480 3352 3538 salvus
3372 3496 3478 3554 est,

1888 3548 1937 3605 si
1962 3563 2073 3617 quo
2098 3562 2259 3619 pacto
2287 3558 2729 3615 conversationcs
2759 3564 3021 3621 amabiles
3045 3583 3156 3623 non
3179 3570 3364 3642 habet,
3390 3548 3479 3633 bav-

1886 3642 2095 3700 bendus
2122 3653 2227 3713 est,
2282 3655 2339 3702 ut
2370 3649 2549 3705 minus
2575 3667 2678 3721 pro
2716 3660 2963 3725 tempore
2985 3659 3231 3731 dilectus,
3283 3683 3394 3724 non
3422 3683 3479 3727 ut

1885 3734 2133 3793 inimicus
2160 3738 2478 3806 aestimatus,
2493 3741 2714 3800 diabolo
2735 3745 2789 3799 in
2818 3759 3137 3820 perpetuum
3160 3759 3476 3829 mancipari.

1883 3824 2004 3884 dus.
2028 3828 2309 3900 Cognosce
2329 3832 2479 3887 illum
2496 3834 2638 3890 inter
2657 3836 2774 3893 illas
2792 3841 3093 3901 simultates
3125 3863 3191 3904 ac
3213 3824 3473 3918 turbines.

1881 3925 2070 3977 contra
2105 3922 2397 3977 multorum
2441 3924 2639 3993 studia,
2692 3945 2801 3984 non
2851 3931 2976 3989 dico
3022 3940 3225 4006 qualia,
3260 3944 3471 4001 diversa

1878 4008 2132 4076 sensisse,
2161 4019 2355 4067 etcum
2384 4013 2511 4070 hinc
2551 4031 2644 4081 res
2670 4019 3111 4096 calamitatesque
3134 4030 3263 4100 ipsa:
3287 4049 3472 4091 emcn.

1878 4101 2021 4158 datre
2059 4105 2190 4173 sint,
2220 4105 2394 4163 adhuc
2422 4107 2702 4165 Dizoniani
2754 4120 2811 4169 et
2855 4113 3065 4189 Cyriaci
3108 4125 3471 4183 subdiaconu-

1876 4209 1999 4249 rum
2044 4212 2154 4251 non
2202 4198 2447 4266 potuisse
2494 4200 2638 4270 apud
2668 4217 2764 4259 vos
2811 4209 3245 4269 emendationem
3276 4219 3469 4273 revivi-

1875 4301 2044 4341 scere.
2071 4284 2433 4357 Compescite,
2452 4304 2656 4360 quaeso,
2687 4294 2757 4348 ab
2784 4294 2877 4351 illo
2902 4302 3299 4374 prmdictisque,
3330 4325 3467 4377 quo-

1873 4391 2206 4445 rumcunque
2252 4378 2442 4435 videtis
2470 4382 2701 4451 animos,
2729 4398 2794 4440 ac
2830 4401 2938 4443 non
2963 4387 3137 4457 justas
3164 4398 3468 4455 mmnlatio-

250 4436 388 4493 LV’l.
414 4438 701 4503 Pervidcat
740 4462 870 4519 ergo
902 4450 1122 4509 dilectio
1141 4468 1322 4514 vestra
1350 4460 1611 4521 hactenus
1642 4466 1768 4522 talia
1798 4492 1850 4551 D
1874 4481 1989 4528 nes,
2014 4477 2071 4523 ut
2099 4468 2214 4537 ipse
2242 4469 2383 4539 apud
2423 4472 2773 4543 nosinteger,
2807 4477 2947 4546 apud
2975 4496 3071 4535 vos
3098 4500 3218 4537 cum
3241 4487 3352 4542 suis
3377 4505 3463 4544 rc-

175 4531 462 4601 transisse,
487 4544 541 4590 et
562 4536 827 4595 advertite
844 4544 1010 4611 quod,
1048 4553 1107 4601 ut
1126 4546 1327 4615 dicitis,
1348 4555 1644 4611 necessitas
1667 4556 1766 4611 im-

172 4624 393 4692 peravit
418 4625 473 4681 in
503 4642 638 4699 pace
664 4630 777 4701 jam
802 4631 1073 4693 Ecclesias
1112 4642 1439 4701 constitutas
1469 4662 1575 4702 non
1605 4664 1767 4717 passo

116 4770 123 4773 4
170 4726 542 4783 ρηεωηειιιεε
574 4720 689 4785 sed,
714 4732 774 4779 ut
820 4738 965 4797 saepe
990 4730 1216 4799 accidit,
1246 4736 1513 4802 quotiesa
1552 4739 1765 4808 populis

168 4815 269 4861 aut
294 4824 327 4863 a
358 4810 515 4867 turba
537 4825 810 4884 peccatur,
834 4821 959 4889 quia
988 4823 1041 4879 in
1069 4839 1259 4883 ornnes
1279 4838 1501 4899 propter
1528 4831 1765 4888 multitu-

164 4898 356 4955 dinem
382 4916 491 4957 non
520 4915 697 4975 potest
721 4910 1002 4980 vindicari,
1026 4916 1255 4971 inultum
1283 4898 1457 4977 sulcat
1487 4922 1716 4978 transire
1740 4942 1754 4976 :

647 5026 829 5039 ’ῆ-

1400 5037 1565 5050 1-

1875 4567 2096 4628 paratus
2116 4568 2396 4617 mereatur
2421 4576 2629 4631 pacem,
2676 4581 2783 4621 non
2814 4568 2993 4623 ﬁctam
3024 4576 3311 4640 pervidens
3332 4580 3461 4635 cha~

1873 4649 2107 4705 nitatem.
2137 4647 2394 4708 Omnibus
2426 4652 2588 4720 igitur
2609 4655 2761 4711 vobis
2785 4671 2850 4711 ac
2873 4658 3182 4727 singillatim
3207 4680 3458 4725 occurrat

1869 4738 2127 4804 charitas,
2166 4748 2219 4796 et
2251 4741 2478 4797 vinculis
2502 4758 2623 4812 quas
2663 4745 2821 4801 nullis
2850 4750 3077 4807 modisa
3103 4752 3319 4811 Christo
3348 4763 3455 4814 sol-

1868 4838 2087 4900 vuntur,
2113 4831 2387 4887 vobiscum
2419 4833 2619 4901 pariter
2647 4834 2704 4892 in
2729 4847 3049 4908 perpetuum
3077 4858 3340 4914 connexa,
3374 4848 3456 4904 la:-

1871 4932 2011 4983 tetur
2037 4924 2092 4979 in
2121 4924 2371 5011 Domino.

1570 5037 3449 5074 mm

1332 5121 1697 5186 DECRETA
1743 5127 2011 5192 ZOSIMI
2055 5133 2150 5193 PA
2160 5134 2303 5195 PIE.

156 5291 319 5361 Quod
342 5300 591 5380 monachi
614 5303 695 5380 uel
721 5301 865 5370 laici,
886 5304 988 5358 nisi
1013 5321 1104 5375 per
1121 5308 1325 5380 gradus
1353 5309 1617 5380 Ecclesia,
1642 5332 1747 5371 non

316 5367 537 5421 debeant
564 5371 633 5422 ad
658 5367 911 5427 summum
945 5367 1288 5432 sacerdotium
1315 5367 1595 5448 pervenire.

220 5478 264 5535 ι.
310 5478 562 5535 Zosimus
587 5482 873 5553 episcopus
902 5485 1048 5540 urbis
1090 5486 1274 5544 Romae
1317 5490 1587 5565 Hesychia
1626 5496 1746 5565 epi-

142 5586 324 5640 scopo
348 5569 689 5627 Salonitano.
712 5572 905 5643 Exegit
920 5576 1137 5634 dilectio
1156 5589 1243 5638 tua
1264 5592 1590 5655 praeceptum
1616 5601 1743 5657 apo-

142 5662 360 5718 stolicm
391 5662 554 5730 sedis,
587 5665 637 5718 in
664 5680 771 5735 quo
795 5666 1019 5726 Patrum
1045 5672 1260 5738 decreta
1280 5679 1649 5747 consentiunt,
1679 5688 1735 5737 et

1856 5318 2125 5387 signiﬁcas
2153 5327 2438 5383 nonnullos
2470 5345 2535 5385 ex
2568 5335 2959 5392 monachorum
3007 5351 3169 5411 coam,
3212 5361 3447 5416 quorum

1853 5412 2653 5492 solitudoquamvisl'requentia
2672 5427 2844 5496 major
2869 5441 2972 5499 est,
2995 5434 3090 5488 sed
3108 5444 3163 5491 et
3187 5412 3351 5494 laicos
3374 5432 3445 5495 ad

1851 5504 2209 5562 sacerdotium
2241 5507 2513 5567 festinare.
2546 5512 2661 5569 Hoc
2688 5527 2867 5573 autem
2896 5525 3218 5591 specialiter,
3259 5538 3310 5582 ct
3340 5532 3443 5585 sub

1850 5593 2335 5660 przedecessoribus
2356 5604 2572 5670 nostris,
2598 5613 2653 5658 et
2674 5623 2843 5676 nuper
2865 5626 2893 5663 a
2918 5613 3071 5667 nobis
3093 5615 3437 5674 interdictum

1848 5696 2083 5760 constat,
2115 5689 2305 5749 litteris
2353 5694 2419 5748 ad
2440 5692 2645 5752 Gallias
2671 5696 3057 5770 Hispaniasqm:
3085 5710 3433 5775 transmissis,
