3988 6344
408 350 514 404 ε’.Οό

1672 328 2027 385 ῡιδκγςιυε
2070 327 2271 382 Εχιδυ
2287 328 2386 383 US.

3564 318 3670 373 26$

411 466 463 518 in
491 463 681 532 quibus
718 458 1019 529 regionibus
1052 452 1323 508 familiaris
1349 458 1435 505 est
1463 451 1563 504 ista
1594 444 1937 518 pnesumptio
1966 462 1977 495 :
2014 453 2060 509 Α
2090 442 2334 496 bitetsibi
2364 454 2469 493 non
2492 444 2740 493 constare
2760 436 3043 499 rationem,
3071 433 3115 488 si
3146 433 3250 487 hoc
3274 441 3424 502 putat
3444 439 3566 503 post
3594 441 3675 485 tot

413 554 653 625 quamvis
699 566 797 604 nec
837 548 1008 601 Africa
1045 558 1206 613 super
1246 544 1349 597 hac
1393 540 1760 595 admonitione
1808 545 1989 590 nostra

414 644 678 698 habeatur
704 639 894 701 aliena,
921 650 987 689 ne
1008 635 1128 702 quis
1157 632 1367 703 penitus
1395 637 1583 684 contra
1613 626 1830 680 Patrum
1852 638 1992 694 prm—

419 742 595 803 cepta,
622 730 712 798 qui
752 725 1123 782 ecclesiasticis
1150 721 1441 791 disciplinis
1470 719 1701 773 imbutus
1728 732 1824 785 per
1852 715 1995 769 ordi-

420 838 541 876 nem
588 834 692 873 non
738 816 945 882 fuisset,
984 824 1039 869 et
1079 813 1339 882 temporis
1377 809 1765 880 approbatione
1803 805 1997 860 divinis

420 910 697 982 stipendiis
724 908 981 969 eruditus,
1006 917 1341 974 nequaquam
1365 902 1431 954 ad
1454 912 1719 953 summum
1746 895 1999 951 Ecclesia:

423 1000 783 1058 sacerdotium
813 996 1047 1066 aspiraze
1087 999 1453 1063 praesumeret,
1484 997 1539 1044 et
1581 1004 1689 1042 non
1731 987 1903 1041 solum
1948 986 2001 1039 in

427 1112 492 1146 eo
524 1091 745 1145 ambitio
771 1086 1016 1142 inefﬁcax
1045 1085 1351 1147 haberetur,
1375 1096 1560 1136 verum
1586 1080 1747 1134 etiam
1778 1079 1829 1131 in
1861 1077 2005 1132 ordi-

2091 534 2480 606 prohibitiones
2500 533 2716 601 impune
2735 543 2897 599 posse
2917 527 3113 583 tentari
3137 544 3149 578 :
3175 525 3511 580 contumelia:
3531 524 3676 579 enim

2093 624 2270 680 studio
2302 623 2362 676 fit
2386 621 2643 692 quidquid
2672 620 3013 675 interdictum
3042 616 3203 672 toties
3233 623 3541 684 usurpatur.

2133 732 2261 797 Qua:
2279 734 2331 787 in
2358 734 2575 803 singulis
2598 732 2718 785 cieri
2747 730 2991 800 gradibus
3015 739 3246 800 tempora
3273 728 3377 782 sint
3401 727 3642 797 praeﬁxa.

2170 822 2257 878 Ill.
2301 822 2426 878 llase
2456 831 2633 877 autem
2656 821 2879 891 singulis
2910 820 3163 890 gradibus
3193 818 3525 874 observanda
3559 823 3688 872 sun'.

2102 924 2342 983 tempora
2360 931 2370 965 :
2385 911 2442 966 Si
2454 912 2520 965 ab
2534 912 2752 965 infantia
2765 908 3143 965 ecclesiasticis
3158 907 3467 961 ministeriis
3482 921 3680 960 nomen

2101 1002 2332 1068 dederit,
2379 1003 2520 1056 inter
2563 1002 2793 1056 lectores
2834 1014 3007 1067 usque
3048 998 3114 1052 ad
3152 997 3465 1051 vicesimum
3512 995 3690 1049 :ctatis

2105 1110 2305 1151 annum
2350 1095 2660 1151 continuata
2692 1093 3072 1149 observatione
3116 1092 3389 1161 perduret.
3427 1089 3484 1144 Si
3513 1090 3691 1159 major

432 1195 647 1239 uiatores
667 1181 800 1251 ejus,
826 1188 885 1233 ut
903 1184 1151 1232 carerent
1180 1190 1246 1229 eo
1274 1173 1462 1228 ordine
1485 1185 1645 1240 quem
1673 1170 1789 1223 sine
1818 1167 2006 1223 ordine
2102 1189 2213 1258 jam
2272 1196 2327 1243 et
2385 1186 2694 1255 grandmvus
2747 1184 3073 1252 accesserit,
3119 1183 3191 1237 ita
3239 1190 3415 1236 tamen
3466 1189 3522 1234 ιη
3565 1189 3691 1250 post

434 1283 619 1328 contra
650 1277 913 1341 pnecepta
943 1267 1161 1321 Patrum
1191 1264 1527 1319 crediderant
1554 1260 2003 1333 pncsumcndum.

440 1364 589 1418 Unde
636 1363 892 1415 miramur
922 1358 989 1411 ad
1015 1357 1358 1412 dilectionem
1387 1362 1531 1407 tuam
1561 1361 1760 1407 statuta
1789 1358 2008 1420 aposto»

440 1452 553 1505 lica:
580 1450 722 1504 sedis
751 1464 857 1501 non
896 1446 1058 1500 fuisse
1092 1445 1318 1514 perlata.
1352 1442 1653 1497 Laudamus
1691 1442 1853 1511 igitur
1880 1454 2009 1509 pro-

439 1543 669 1611 positum
700 1540 1013 1594 constantia:
1040 1546 1164 1605 tum,
1195 1536 1360 1590 frater
1383 1535 1713 1600 cbarissime,
1743 1549 1843 1588 nec
1870 1529 2014 1586 aliud

437 1633 506 1687 de
551 1630 805 1701 pentilicii
847 1644 1072 1683 censura
1111 1626 1309 1681 veteris
1350 1624 1685 1680 auctoritatis
1724 1637 1893 1691 genus
1919 1636 2016 1676 ex-

441 1721 789 1790 spectandum
832 1717 949 1782 fuit,
981 1730 1140 1786 quam
1186 1724 1247 1771 ut
1292 1715 1487 1769 talibus
1515 1710 1893 1789 ambitionibus
1918 1710 2016 1782 pro

2109 1282 2430 1351 baptismum
2457 1278 2637 1333 statim
2666 1290 2724 1333 se
2752 1276 2943 1329 divina:
2967 1275 3164 1328 militiae
3192 1272 3458 1327 desideret
3484 1271 3693 1325 manciv

2110 1372 2247 1442 pari,
2278 1371 2392 1425 sive
2421 1372 2561 1423 inter
2603 1367 2855 1429 lectores,
2883 1365 2994 1421 sive
3034 1364 3175 1418 inter
3194 1364 3491 1417 exorcistas
3526 1362 3690 1429 quin-

2112 1463 2348 1532 quennio
2377 1469 2640 1525 teneatur,
2671 1458 2866 1513 exinde
2894 1457 3174 1527 acolythus
3204 1456 3292 1509 vel
3334 1454 3696 1509 subdiaconus

2113 1562 2347 1631 quatuor
2376 1552 2549 1617 annis,
2579 1558 2633 1605 et
2660 1550 2737 1605 sic
2775 1549 2843 1625 ad
2878 1548 3309 1602 benedictionem
3352 1547 3696 1608 diaconatus,

2115 1645 2162 1699 si
2184 1638 2441 1719 meretur,
2474 1636 2713 1719 accedat,
2745 1641 2798 1695 in
2827 1655 2935 1709 quo
2965 1640 3153 1695 ordine
3187 1638 3419 1708 quinque
3447 1638 3622 1701 annis,
3652 1636 3700 1691 si

2119 1717 2390 1803 inculpate
2414 1748 2473 1787 se
2498 1717 2742 1809 gesserit,
2762 1730 2965 1784 hzcrere
2998 1729 3229 1784 debebit.
3250 1727 3473 1792 Exinde,
3500 1726 3698 1781 suffra-

444 1810 726 1880 Ρπθθθνίίδ
762 1808 977 1862 Ρ³ίτ¹¹¹¹¹
1008 1808 1059 1862 in
1104 1806 1388 1876 Ρνθείηθίθ
1425 1804 1546 1859 ﬁdei
1574 1798 2018 1895 commuws'oc;
2050 1813 2093 1871 Β
2120 1798 2366 1895 gantibus
2391 1798 2687 1894 stipendiis,
2716 1837 2814 1892 per
2840 1830 2918 1876 tot
2940 1820 3135 1890 gradus
3156 1819 3294 1874 datis
3317 1817 3545 1889 proprize
3574 1815 3701 1870 fidei

446 1914 708 1954 curreres.
735 1897 897 1966 Igitur
916 1897 958 1950 si
981 1895 1110 1964 quid
1133 1894 1438 1949 auctoritati
1466 1902 1585 1957 tum,
1614 1893 1756 1961 quod
1785 1907 1884 1946 nos
1914 1892 2020 1944 non

448 1991 748 2059 cpinamur,
765 1988 999 2041 aestimas
1024 1985 1278 2051 defuisse,
1300 1984 1631 2053 supplemus.
1656 1968 1908 2037 Obsistite
1939 1974 2020 2034 ta;

452 2082 587 2135 libus
621 2077 1045 2133 ordinationibus
1065 2114 1079 2140 ,
1110 2074 1358 2129 obsistite
1394 2064 1654 2143 superbiae
1674 2080 1742 2127 et
1769 2084 2024 2139 arrogam

452 2171 539 2225 tia:
561 2168 809 2223 venienti.
834 2165 1032 2220 Tecum
1064 2164 1264 2217 faciunt
1289 2154 1823 2234 prtecepta'l’alrum,
1848 2169 2023 2215 tecum

453 2258 759 2331 apostolica:
781 2256 921 2310 sedis
946 2254 1258 2308 auctoritas.
1289 2252 1347 2307 Si
1377 2252 1519 2306 enim
1547 2250 1721 2306 officia
1750 2250 2027 2305 smeularia

455 2350 746 2422 principem
777 2347 973 2410 locum,
1008 2358 1113 2399 non
1146 2343 1465 2399 vestibulum
1496 2342 1726 2397 actionis
1755 2342 2026 2410 ingressis,

454 2442 549 2497 sed
578 2455 673 2508 per
700 2437 957 2507 plurimos
985 2434 1182 2503 gradus
1207 2433 1543 2498 examinatis,
1576 2432 1907 2502 temporibus
1935 2432 2031 2485 de—

458 2534 657 2596 ferunt,
698 2527 817 2595 quis
845 2526 933 2579 ille
972 2534 1079 2577 tam
1108 2538 1384 2593 arrogans,
1418 2531 1525 2578 tam
1555 2520 1835 2591 impudens
1876 2520 2029 2573 inve-

459 2622 623 2687 nitur,
652 2619 790 2673 utin
832 2617 1039 2671 cmlesti
1083 2615 1292 2680 militia,
1322 2629 1441 2683 qua:
1480 2613 1801 2685 propensius
1828 2612 2034 2682 ponde—

460 2711 626 2767 randa
654 2716 756 2773 est,
781 2716 837 2762 et
861 2706 1000 2760 sicut
1026 2721 1214 2760 aurum
1241 2704 1483 2774 repetitis
1510 2703 1720 2772 ignibus
1743 2703 2033 2773 exploran-

461 2804 608 2867 dum,
636 2800 815 2855 statim
842 2798 949 2852 dux
977 2811 1095 2851 esse
1118 2794 1417 2850 desideret?
1448 2794 1582 2849 Cum
1624 2796 1730 2849 tiro
1770 2801 1894 2849 ante
1921 2807 2030 2847 non

463 2894 642 2958 fuerit,
672 2901 727 2945 et
756 2891 908 2961 prius
936 2888 1065 2943 velit
1090 2888 1268 2942 dicere
1294 2902 1452 2956 (luam
1489 2886 1721 2941 discere?
1749 2886 2034 2943 Assuescat

464 2987 516 3039 in
546 2982 753 3039 Domini
780 2981 988 3044 castris,
1014 2980 1067 3032 in
1105 2978 1366 3033 lectorum
1395 2977 1642 3047 primitus
1669 2978 1835 3048 gradu
1868 2979 2033 3033 divini

465 3073 763 3131 rudimenta
791 3070 1013 3146 servitii,
1040 3083 1148 3124 nec
1176 3068 1252 3122 illi
1277 3068 1384 3123 vile
1409 3068 1496 3135 sit,
1526 3068 1867 3134 exorcistam,
1901 3083 2032 3121 aco-

2116 1915 2478 1979 documentis,
2511 1911 2832 1984 presbyterii
2861 1911 3216 1967 sacerdotium
3253 1909 3453 1980 poterit
3486 1922 3704 1978 prome-

2122 2004 2251 2063 reri.
2291 2007 2368 2063 De
2397 2022 2504 2076 quo
2534 2006 2652 2060 loco
2694 2004 2738 2059 si
2775 2019 2897 2058 eum
2939 2002 3179 2057 exactior
3207 2001 3275 2056 ad
3309 2001 3482 2055 bonos
3522 1984 3707 2053 mores

2122 2099 2230 2153 vita
2263 2095 2592 2166 produxerit,
2618 2108 2881 2148 sumnmm
2907 2091 3273 2162 pontificatum
3293 2102 3510 2160 sperare
3534 2086 3707 2141 debe-

2125 2188 2235 2254 bit,
2259 2187 2360 2240 hac
2385 2194 2559 2239 tamen
2584 2184 2699 2252 lege
2719 2192 2951 2250 servata,
2976 2190 3034 2236 ut
3054 2196 3227 2250 neque
3247 2180 3504 2247 digamus,
3531 2192 3709 2246 neque

2124 2276 2390 2347 pmnitens
2418 2275 2483 2330 ad
2502 2274 2601 2328 bos
2621 2278 2814 2341 gradus
2835 2272 3001 2343 possit
3021 2270 3249 2324 admitti.
3274 2268 3435 2333 Sane,
3464 2275 3521 2321 ut
3543 2266 3710 2321 etiam

2127 2368 2437 2422 defensores
2466 2364 2738 2427 Ecclesim.
2781 2364 2873 2433 qui
2917 2378 2985 2417 ex
3029 2360 3179 2416 laicis
3206 2358 3360 2428 fiunt,
3404 2358 3712 2429 supradicta

2129 2457 2508 2512 observatione
2546 2462 2849 2519 teneantur,
2878 2453 2922 2508 si
2970 2450 3261 2507 meruerint
3288 2463 3406 2505 esse
3442 2449 3495 2502 in
3520 2447 3714 2502 ordine

2129 2548 2432 2603 clericatus.
2460 2547 2593 2601 Data
2622 2563 2673 2601 tx
2698 2546 2801 2601 cal.
2828 2547 3002 2609 Mart.,
3040 2541 3268 2598 dominis
3304 2536 3499 2595 nostris
3528 2522 3714 2591 Bono;

2130 2640 2213 2696 rio
2239 2655 2314 2694 xit
2341 2647 2396 2695 et
2423 2638 2728 2694 Theodosio
2756 2652 2848 2691 vm
2876 2637 3047 2703 Augg.
3079 2648 3257 2689 conss.

2491 2727 2573 2781 Ad
2600 2728 2919 2797 presbyteros
2956 2721 3355 2777 Ravennatium.

2202 2819 2293 2876 Ν.
2333 2818 2532 2875 Zosimi
2553 2814 2792 2887 episcopi
2821 2810 3289 2867 commonitorium
3320 2804 3645 2877 presbyteris
3664 2812 3719 2856 et

2133 2910 2447 2966 diaconibus
2494 2908 2584 2979 qui
2625 2906 2895 2960 Ravenna:
2936 2911 3079 2958 sunt.
3126 2899 3204 2953 Ex
3234 2898 3495 2953 relatione
3538 2894 3722 2948 fratris

2136 3001 2305 3059 nostri
2342 2998 2649 3054 Archidami
2694 2994 2992 3067 presbyteri
3030 2992 3262 3062 qualiter
3300 2988 3533 3057 suscepti
3579 2988 3720 3048 sitis,

2138 3091 2225 3145 vel
2260 3091 2388 3159 quid
2413 3082 2652 3159 egeritis,
2684 3087 3035 3156 agnovimus;
3068 3082 3152 3137 vel
3181 3080 3408 3150 qualiter
3436 3079 3509 3132 illi
3536 3092 3727 3132 susce-

465 3169 691 3240 lythum,
724 3164 1129 3223 subdiaconum,
1166 3160 1451 3215 diaconum
1484 3175 1583 3229 per
1623 3160 1863 3214 ordinem
1899 3158 2030 3223 fieri,

2144 3181 2217 3250 pti
2247 3188 2389 3243 sunt,
2419 3180 2508 3249 qui
2533 3186 2720 3233 contra
2743 3190 2978 3231 canones
3003 3173 3285 3227 adversum
3327 3185 3424 3223 nos
3451 3168 3519 3221 ad
3549 3168 3726 3221 comi-

467 3274 568 3314 nec
594 3257 699 3312 hoc
718 3256 877 3321 saltu,
902 3255 996 3309 sed
1016 3255 1228 3310 statutis
1256 3254 1518 3324 majorum
1542 3254 1877 3309 ordinatione
1902 3261 2041 3307 tem-

467 3349 706 3420 poribus.
735 3346 852 3401 Jam
885 3361 1013 3401 vero
1055 3347 1121 3400 ad
1164 3346 1477 3415 presbyterii
1508 3344 1772 3411 fastigium
1805 3343 1924 3398 talis
1948 3359 2043 3397 ac-

467 3437 643 3502 cedat,
679 3444 813 3491 utet
856 3449 1051 3489 nomen
1077 3443 1210 3490 tetas
1240 3434 1478 3503 impleat,
1506 3442 1559 3487 et
1585 3436 1831 3489 meritum
1864 3434 2046 3503 probi-

470 3529 596 3583 tatis
621 3527 883 3596 stipendia
922 3534 1048 3581 ante
1074 3534 1191 3581 acta
1223 3533 1504 3580 testentur.
1538 3524 1664 3580 Jure
1690 3525 1811 3579 inde
1851 3524 2045 3578 summi

470 3617 733 3690 pontificis
757 3617 932 3674 locum
961 3630 1181 3686 sperare
1207 3615 1443 3677 debebit,
1475 3614 1601 3669 facit
1629 3616 1732 3669 hoc
1767 3615 1928 3668 niu'iia
1960 3627 2046 3668 re-

471 3710 652 3767 missio
675 3706 1118 3763 eonsaeerdotum
1162 3716 1487 3771 nostrorum,
1512 3708 1604 3776 qui
1634 3721 1883 3777 pompam
1910 3706 2047 3760 mul-

473 3797 711 3853 titudinis
731 3804 998 3865 quaerunt,
1025 3803 1080 3850 et
1100 3802 1290 3865 putant
1317 3810 1381 3849 ex
1412 3796 1514 3850 hac
1545 3796 1698 3849 turba
1725 3796 1923 3864 aliquid
1947 3795 2048 3850 sibi

471 3888 742 3958 dignitatis
770 3888 993 3955 acquiri.
1019 3886 1151 3942 Hinc
1175 3886 1371 3956 passim
1401 3902 1685 3941 numerosa
1717 3886 2049 3956 popularitas

472 3980 633 4033 ctiam
682 3978 765 4032 his
817 3977 949 4031 locis
986 3976 1075 4030 ubi
1113 3975 1344 4030 solitudo
1372 3984 1483 4040 est,
1528 3975 1715 4028 talium
1753 3976 2046 4044 reperitur,

474 4069 601 4124 dum
647 4067 927 4136 parochias
978 4064 1199 4119 extendi
1244 4064 1486 4134 cupiunt,
1528 4072 1621 4116 aut
1667 4063 1859 4131 quibus
1903 4063 2048 4118 aliud

476 4168 726 4228 pl'tnslat‘e
766 4172 873 4219 non
915 4163 1169 4224 possunt,
1218 4155 1428 4210 divinos
1471 4154 1688 4209 ordines
1729 4154 2045 4223 largiuntur.

474 4247 628 4312 Quod
651 4253 864 4315 oportet
892 4244 1117 4298 districti
1143 4259 1355 4313 semper
1383 4259 1503 4299 esse
1518 4243 1724 4313 judicii,
1757 4259 1937 4298 rarum
1962 4254 2051 4302 est

476 4335 617 4389 enim
645 4347 804 4387 omne
825 4333 969 4401 quod
1002 4344 1249 4399 magnum
1278 4340 1378 4387 est.

479 4444 625 4511 Quod
647 4446 694 4499 si
719 4445 831 4515 quis
859 4444 1133 4498 interdicta
1160 4445 1467 4515 despexerit,
1493 4445 1683 4515 gradus
1714 4446 1792 4499 sui
1822 4446 2047 4515 periculo

1108 4514 1409 4584 subjacebit.

546 4627 607 4681 11.
651 4625 880 4682 Proinde
925 4640 1052 4688 nos,
1096 4641 1161 4680 ne
1198 4625 1325 4694 quid
1366 4626 1572 4681 meritis
1603 4627 1902 4682 dilectionis
1944 4637 2047 4683 tua:

475 4719 813 4786 derogemus,
843 4716 908 4771 ad
932 4726 984 4771 te
1013 4715 1345 4786 potissimum
1367 4716 1564 4786 scripta
1593 4716 1904 4783 direximus,
1928 4731 2047 4785 quae

477 4807 529 4861 in
586 4807 824 4867 omnium
869 4804 1091 4859 fratrum
1140 4813 1199 4859 et
1246 4804 1691 4873 coepiscoporum
1739 4812 2046 4858 nostrorum

480 4898 642 4952 facies
666 4898 743 4953 ire
765 4897 1029 4964 notitiam,
1068 4912 1173 4950 non
1196 4905 1400 4951 tantum
1420 4910 1605 4950 eorum
1638 4897 1730 4965 qui
1756 4898 1808 4949 in
1836 4912 1897 4951 ea
1923 4911 2049 4965 pro-

479 4989 647 5043 vincia
674 4996 817 5053 sunt,
843 4987 939 5041 sed
960 4987 1119 5042 etiam
1143 4988 1233 5057 qui
1260 4988 1453 5042 vicinis
1476 4988 1775 5042 dilectionis
1798 4996 1904 5041 tum
1924 5003 2049 5057 pro-

480 5080 666 5134 vinciis
702 5078 1078 5147 adjunguntur.
1122 5076 1285 5143 Sciet,
1329 5078 1570 5147 quisquis
1598 5079 1721 5142 hoc,
1752 5080 2049 5149 postposita

480 5168 694 5221 Patrum
724 5177 778 5223 et
804 5168 1111 5238 apostolicm
1137 5168 1277 5223 sedis
1306 5171 1642 5243 auctoritate,
1672 5170 1986 5238 neglexerit,
2018 5186 2049 5225 a

478 5257 633 5313 nobis
660 5258 949 5312 districtius
973 5257 1361 5323 vindicandum,
1386 5266 1444 5311 ut
1470 5258 1573 5312 loci
1598 5259 1679 5313 sui
1708 5260 1927 5317 minime
1956 5260 2054 5314 du-

2145 3278 2334 3334 tatum,
2356 3268 2540 3323 nescio
2560 3282 2665 3336 qua
2686 3265 2944 3319 audentes
2972 3260 3293 3323 temeritate,
3319 3258 3394 3312 ire
3412 3256 3725 3331 voluerunt.

2146 3362 2225 3416 Ad
2253 3376 2389 3431 quos
2417 3359 2553 3421 hme,
2579 3373 2698 3428 qua:
2730 3373 2872 3411 nunc
2895 3355 3156 3421 misimus,
3187 3352 3316 3407 olim
3346 3351 3545 3420 scripta
3581 3347 3728 3403 fece-

2144 3465 2360 3513 ramus,
2395 3463 2605 3515 eorum,
2644 3462 2780 3517 quas
2807 3444 3064 3515 injuriose
3092 3441 3367 3505 miserant,
3398 3434 3730 3508 responden-

2148 3550 2229 3595 tes
2256 3539 2516 3610 epistolis.
2544 3537 2653 3593 Sed
2682 3536 2935 3606 quouiam
2962 3549 3069 3587 non
3099 3539 3389 3602 potuerunt
3415 3530 3491 3584 rei
3523 3530 3577 3583 in
3606 3544 3730 3591 sua,

2146 3633 2250 3686 hoc
2271 3641 2357 3684 est
2376 3631 2427 3683 in
2453 3636 2636 3682 nostra
2658 3624 2895 3680 Ecclesia
2926 3622 3187 3687 Romana,
3217 3634 3337 3673 eum
3360 3618 3557 3672 nostris
3581 3633 3733 3671 com-

2147 3720 2475 3792 presbyteris
2524 3715 2867 3781 commorari,
2919 3713 3021 3769 has
3059 3712 3125 3766 ad
3172 3727 3271 3766 vos
3299 3710 3403 3765 illis
3442 3708 3734 3763 tradendas

2148 3812 2356 3866 litteras
2382 3808 2786 3871 destinavimus,
2811 3805 2863 3858 in
2884 3804 3077 3874 quibus
3095 3802 3317 3856 decreto
3339 3806 3522 3854 nostro
3549 3800 3735 3853 sanxi-

2148 3915 2267 3956 mns
2302 3908 2631 3965 memoratos
2668 3896 3073 3966 perturbatores
3112 3904 3351 3946 omnium
3379 3889 3446 3942 ab
3473 3888 3735 3957 apostoli-

2149 4006 2229 4046 αθ
2266 3998 2464 4049 nostra:
2501 3987 2646 4043 sedis
2685 3984 3063 4040 communione
3107 3982 3313 4037 alienos
3350 3980 3529 4047 fuisse,
3568 3989 3738 4048 atque

2151 4088 2333 4135 nostra
2351 4078 2742 4147 subscriptione
2773 4075 3037 4145 prolatam
3064 4072 3383 4126 sententiain
3404 4071 3735 4139 suscepisse.

2148 4170 2273 4225 Illos
2301 4170 2465 4224 etiam
2494 4167 2584 4237 qui
2614 4165 2872 4221 effrenato
2918 4163 3081 4233 hujus
3108 4162 3252 4217 facto
3282 4162 3619 4231 consilioque
3651 4177 3737 4215 as-

2149 4276 2364 4317 sensum
2396 4257 2741 4315 commodare
2767 4256 3074 4320 voluerunt,
3120 4264 3312 4308 vestra:
3347 4253 3628 4308 cbaritatis
3655 4263 3742 4307 est

2149 4353 2413 4408 aestimare
2437 4350 2664 4419 qualiter
2685 4348 3001 4403 habeantur.
3027 4345 3229 4412 Quibus
3252 4346 3354 4400 hoc
3380 4343 3621 4413 objicere
3644 4360 3741 4398 vos

2150 4442 2376 4508 debetis,
2401 4441 2544 4511 quod
2562 4440 2714 4509 juxta
2743 4453 3008 4494 canonum
3034 4444 3300 4506 praecepta
3322 4433 3532 4489 fortiter
3556 4435 3739 4489 incur-

2078 4527 2126 4586 D
2153 4549 2291 4599 rere,
2324 4543 2381 4588 et
2422 4531 2651 4601 qualiter
2693 4529 3035 4600 presbyteros
3072 4542 3179 4581 non
3222 4525 3464 4588 decebat,
3507 4525 3737 4579 rebelles

2150 4624 2382 4677 existere
2410 4626 2767 4675 tentaverunt.
2789 4617 2900 4672 Vos
2929 4625 3106 4670 tamen
3135 4629 3435 4680 monemus,
3458 4615 3511 4667 in
3543 4630 3739 4684 specu-

2152 4716 2217 4769 lis
2252 4728 2371 4769 esse
2411 4712 2636 4776 debere,
2686 4724 2754 4764 ne
2790 4723 2895 4776 qua
2923 4721 3106 4763 eorum
3144 4713 3457 4776 prorumpat
3485 4705 3734 4765 audacia,

2150 4819 2286 4875 quos
2311 4802 2789 4857 anathematizatos
2811 4799 2913 4853 scit
2952 4806 3136 4853 sancta
3159 4806 3215 4852 et
3234 4796 3526 4866 apostolica
3548 4795 3741 4852 Eccle-

2151 4894 2248 4947 sia.
2284 4891 2359 4946 De
2398 4892 2478 4945 his
2506 4904 2637 4945 vero
2680 4890 2772 4957 qui
2806 4902 3001 4943 eorum
3040 4902 3101 4941 se
3138 4887 3380 4941 societati
3416 4884 3738 4953 junxerunt,

2152 4982 2279 5052 quid
2319 4981 2387 5035 de
2430 4981 2513 5034 his
2553 4992 2711 5046 agere
2757 4978 3063 5042 debeamus,
3095 4991 3218 5031 cum
3260 4975 3463 5030 reversi
3507 4974 3735 5037 fueritis.

2154 5076 2378 5131 consilio
2405 5074 2614 5129 meliori
2645 5072 3012 5127 tractabimus.
3042 5069 3109 5123 Et
3136 5070 3239 5123 alia
3269 5084 3428 5122 manu
3451 5086 3463 5121 :
3488 5069 3684 5123 Datum
3711 5088 3737 5123 v

2153 5183 2324 5223 nonas
2352 5168 2568 5230 0ctob.,
2602 5165 2838 5219 llonorio
2879 5179 2952 5217 xu
2989 5170 3046 5218 et
3086 5160 3387 5216 Theodosio
3430 5178 3520 5216 vni
3563 5162 3732 5229 Augg.

2156 5274 2335 5313 conss.
2370 5258 2491 5327 (Au.
2522 5256 2710 5309 Christi
2737 5254 2886 5324 418.)

1552 5388 1912 5448 DECRETA
1959 5348 2357 5448 Bouiania”
2406 5388 2649 5450 rane.

483 5560 798 5629 Supplicatio
825 5573 975 5639 papa;
1000 5557 1273 5639 Bonifacii,
1308 5562 1361 5608 ut
1382 5557 1768 5639 constituatur‘n
1791 5555 2042 5639 principe,

548 5624 665 5699 qua:
699 5646 791 5681 nus
814 5624 872 5709 in
895 5624 1015 5680 urbe
1047 5624 1209 5681 nam
1240 5641 1497 5695 nunquam
1519 5624 1870 5693 per-«nubilum
1894 5624 2040 5675 ordi-

548 5708 694 5751 netur
716 5706 949 5751 antistes.

550 5806 586 5860 1.
618 5805 916 5861 Bonifacius
944 5806 1224 5876 episcopus
1270 5803 1506 5860 llonorio
1560 5804 1813 5873 Augusto.
1851 5801 2038 5858 Eccle-

2149 5536 2240 5589 sia:
2270 5550 2420 5598 meae,
2452 5537 2535 5589 cui
2585 5536 2723 5589 Deus
2752 5544 2935 5589 uoster
2964 5550 3139 5588 meum
3167 5531 3551 5594 sacerdotium,
3583 5532 3738 5585 vobis

2147 5634 2236 5678 res
2257 5625 2515 5677 humanas
2545 5623 2871 5691 regentibus,
2895 5623 3191 5691 deputavit,
3225 5635 3349 5676 cura
3383 5620 3737 5686 constringit,

2151 5729 2217 5768 ne
2237 5715 2414 5769 causis
2441 5716 2578 5782 ejus,
2600 5715 2842 5782 quamvis
2882 5714 3056 5768 adhuc
3087 5715 3329 5783 corporis
3359 5714 3727 5768 incommodi-

2150 5811 2258 5858 tate
2286 5803 2547 5869 detinear,
2582 5812 2805 5874 propter
2838 5811 3133 5859 conventu;
3162 5803 3249 5869 qui
3277 5818 3305 5858 a
3349 5804 3737 5859 sacerdotibus
