3988 6344
253 367 366 425 ‘2'35

1310 365 1684 422 CULIJECTlO
1717 363 2179 419 DECRIQTOREM
2214 364 2314 418 PP.
2361 365 2474 419 RR.

3437 363 3539 419 ‘25’3

261 477 548 543 universis,
583 479 884 543 ettleriris,
919 488 972 533 et
1021 479 1339 535 Christiana:
1370 482 1537 549 plebis
1566 481 1845 549 pettarlia-
1883 491 1922 538 Α
1955 480 2299 534 attestatione
2353 482 2623 547 signantus
2667 496 2731 533 ac
2790 481 3037 550 petimus,
3081 483 3156 535 uti
3215 479 3549 549 quotnlianis

261 572 496 627 tionibus
525 571 814 640 agiantur,
843 571 979 640 apud
1005 586 1162 625 aures
1185 573 1620 628 Cbristianissimi
1653 573 1850 642 princi-

257 663 342 733 pis
371 663 560 717 desim.
597 662 649 716 Si
686 662 901 730 quidem
932 677 1117 728 secus,
1167 679 1325 730 quant
1359 674 1591 732 oportet,
1618 664 1850 729 eveniat,

259 770 368 807 non
387 769 484 808 vos
508 751 558 806 id
583 751 781 816 facere,
808 752 896 822 qui
914 761 1105 806 cuncta
1133 768 1284 821 requa
1311 753 1684 808 moderatione
1714 770 1856 808 eom-

256 847 460 913 ponitis
491 845 620 899 :sed
654 861 752 898 nos
776 859 870 912 per
894 854 1130 899 nostram
1161 854 1403 900 tacentes
1426 846 1682 900 tlesidiam
1707 847 1854 900 vide-

255 941 457 1002 bimur,
489 936 632 1008 quod
679 937 914 990 civitatis
953 939 1210 1006 quietem,
1245 937 1496 992 Ecclesiae
1523 954 1706 1007 pacem
1733 953 1848 1006 per-

255 1042 474 1085 vertere
524 1031 721 1094 valeat,
755 1030 1015 1083 amisisse.
1050 1030 1182 1084 Cum
1215 1032 1356 1085 enim
1416 1032 1666 1086 humanis
1697 1034 1854 1086 rebus

250 1122 453 1175 divinm
482 1123 657 1176 cultor
687 1119 979 1188 religionis,
1005 1120 1232 1178 ltoutino
1260 1121 1489 1182 favente,
1543 1123 1850 1191 prtesitlcas,

258 1221 444 1265 nostra
478 1211 632 1279 culpa
656 1211 780 1274 erit,
810 1211 855 1264 si
885 1227 988 1265 non
1023 1211 1074 1264 id
1103 1212 1203 1265 sub
1233 1222 1407 1267 vestra
1457 1213 1624 1281 gloria
1670 1216 1852 1281 (quam

276 1310 468 1356 :erlum
500 1312 581 1354 est
609 1300 802 1354 divinis
851 1316 1067 1370 semper
1117 1303 1275 1356 rebus
1306 1303 1484 1356 animo
1519 1303 1853 1372 promptiore

257 1393 476 1460 favisse)
508 1391 663 1447 firmo
685 1401 740 1447 et
759 1393 934 1448 stabili
961 1393 1082 1459 jure
1105 1394 1460 1456 custodiatur,
1479 1395 1622 1462 quod
1653 1411 1749 1464 per
1777 1405 1855 1450 tot

255 1501 528 1540 annorum
554 1485 748 1539 seriem
767 1527 783 1551 ,
814 1493 868 1539 et
895 1485 995 1538 sub
1027 1485 1129 1537 illis
1156 1485 1318 1539 etiam
1353 1485 1686 1554 principibus
1716 1486 1856 1539 obti-

255 1577 396 1642 nuit,
429 1591 569 1644 quos
617 1575 761 1628 nulla
809 1583 1007 1628 nostra:
1046 1575 1319 1643 religionis
1349 1591 1476 1630 cura
1515 1576 1862 1638 constrinxit,

257 1668 310 1721 izl
343 1676 427 1721 est
457 1675 516 1720 ut
540 1676 823 1720 serventur
844 1666 1012 1728 licita,
1047 1679 1098 1721 ct
1154 1669 1251 1721 sub
1285 1675 1473 1720 vestra!
1503 1669 1725 1735 imperio
1755 1669 1858 1722 elc-

256 1757 495 1820 meutim,
553 1757 794 1824 minime,
847 1772 964 1826 qua:
1039 1767 1166 1811 sunt
1213 1757 1417 1818 illicita,
1479 1759 1851 1812 l'=irtttitletttttr.

1957 571 2292 626 orationibus
2321 571 2651 639 apostolatus
2675 580 2793 624 tuus
2813 571 3067 632 studimn,
3089 587 3151 625 ac
3175 583 3359 625 votum
3388 587 3546 624 suum

1957 661 2099 712 circa
2152 661 2399 725 salutent,
2452 671 2612 728 atque
2668 661 2950 730 imperium
2997 670 3240 715 nostrum
3295 661 3544 730 dignetur

1958 753 2286 820 impendere.
2323 753 2454 806 Illud
2489 761 2667 806 autem
2694 754 2882 823 pietati
2907 764 3104 807 instra:
3135 751 3263 806 satis
3287 753 3542 820 placitum

1958 859 2076 898 οηδο
2101 857 2386 911 cognosce,
2414 844 2556 913 quod
2581 845 2938 899 sanctimonia
2965 852 3050 898 tua
3073 844 3138 898 de
3158 843 3540 909 Ecclesiarum,

1957 940 2048 984 aut
2074 933 2251 1001 populi
2287 935 2689 1003 perturbatione
2719 935 2950 988 sollicita
2974 943 3074 988 est.
3106 933 3236 1000 Quae
3266 944 3323 988 ut
3351 950 3419 990 ne
3447 935 3544 989 alio

1957 1041 2059 1094 qua
2107 1026 2314 1079 ratione
2355 1027 2524 1095 possit
2568 1027 2825 1088 invenire,
2857 1027 2987 1080 satis
3026 1025 3308 1081 clementia
3362 1036 3544 1082 nostra

1958 1115 2186 1168 credidit
2235 1131 2354 1170 esse
2415 1118 2706 1185 provisum.
2772 1118 3011 1186 Denique
3066 1117 3398 1171 beatitudine
3454 1127 3543 1171 tua

1960 1211 2308 1279 prmtlitéaute,
2344 1211 2395 1265 id
2443 1211 2508 1264 ad
2553 1220 2869 1266 cunctorum
2927 1212 3242 1265 clericorum
3302 1210 3544 1264 notitiam

1961 1302 2223 1353 voluimus
2247 1304 2548 1371 pervenire,
2583 1312 2640 1355 ut
2694 1303 2738 1354 si
2789 1302 2914 1370 quid
2967 1302 3102 1358 forte
3158 1302 3401 1370 religioni
3445 1313 3548 1355 tutu

1963 1394 2124 1461 (quod
2161 1410 2264 1447 non
2293 1403 2565 1462 υνιιιιιιιιε)
2593 1395 2822 1447 humana
2857 1402 3001 1447 sorte
3031 1395 3341 1463 contigerit,
3373 1395 3549 1449 sciant

1958 1498 2144 1538 omnes
2191 1485 2259 1537 ab
2306 1485 2685 1540 ambitionibus
2734 1500 2853 1540 esse
2897 1486 3233 1540 cessandum.
3270 1485 3336 1540 At
3365 1487 3410 1540 si
3439 1486 3548 1541 duo

1958 1583 2145 1628 contra
2177 1575 2255 1629 fas
2283 1577 2584 1630 temeritate
2603 1584 2894 1638 certantes,
2922 1574 3120 1630 fuerint
3145 1578 3395 1640 ordinati,
3431 1580 3548 1632 nul-

1958 1663 2064 1716 ltttn
2119 1681 2183 1718 ex
2261 1667 2345 1720 bis
2404 1665 2637 1719 futurum
2671 1668 2880 1735 penitus
2905 1667 3261 1731 sacerdotem,
3285 1667 3376 1721 sed
3399 1667 3547 1722 illum

1957 1755 2130 1808 solum
2163 1760 2212 1808 in
2243 1756 2367 1810 sede
2397 1757 2690 1826 apostolica
2724 1773 3147 1825 permansurum,
3171 1773 3330 1826 quem
3355 1774 3422 1812 ex
3454 1774 3548 1812 nu-

259 1847 378 1918 lpsa
404 1849 547 1902 enim
571 1846 806 1902 Ecclesia
840 1848 1185 1904 devotionem
1211 1858 1378 1912 tuam,
1399 1848 1852 1904 Cltristianissime
1889 1859 1927 1915 Β
1959 1864 2106 1904 mero
2139 1836 2460 1903 clericorum
2494 1866 2630 1904 nova
2665 1851 3004 1905 ordinatione
3026 1850 3260 1904 divinum
3288 1851 3547 1919 judicium

258 1943 578 2009 imperator,
612 1955 733 1994 meo
763 1939 981 2010 quidem
1007 1956 1274 2002 sermone,
1301 1940 1396 1994 sed
1427 1956 1526 1995 suo
1556 1941 1849 1996 venerabili

259 2033 500 2102 appellat
529 2029 742 2095 affectu,
773 2046 932 2100 quam
970 2030 1216 2087 Christus
1261 2032 1403 2086 Deus
1459 2040 1664 2101 noster,
1689 2035 1852 2088 vestri

262 2123 402 2177 fidus
428 2132 629 2184 rector,
662 2131 718 2176 et
743 2121 1072 2190 gubernator
1101 2123 1310 2191 imperii
1351 2123 1440 2175 uni
1468 2122 1851 2193 desponsatam

259 2213 389 2279 sibi,
420 2221 474 2267 et
501 2213 757 2266 intactam
791 2213 1048 2282 virginem
1097 2221 1279 2267 servat
1308 2232 1319 2266 :
1347 2229 1447 2268 nec
1479 2214 1528 2266 in
1561 2229 1620 2267 ea
1646 2215 1854 2283 aliquos

262 2307 546 2376 patiamini
585 2305 952 2361 insidiantium
983 2309 1344 2376 procellarum
1377 2307 1571 2362 lluctus
1605 2308 1734 2362 illidi
1757 2348 1770 2372 ,
1801 2317 1855 2360 et

260 2399 505 2464 quietam
533 2396 721 2451 faciem
754 2398 1086 2466 tempestatis
1117 2398 1346 2452 insolitae
1380 2408 1589 2454 tumore
1630 2399 1853 2463 turbari,

261 2486 648 2555 gloriosissime
674 2495 727 2540 ct
759 2486 1197 2555 tranquillissime
1244 2490 1539 2556 imperator
1567 2489 1805 2556 AugUste
1839 2507 1852 2542 :

261 2578 382 2647 ipsa
409 2593 557 2642 vero,
589 2591 709 2646 quae
759 2577 847 2630 uui
895 2578 1241 2648 desponsata,
1272 2589 1451 2634 vestra
1484 2589 1662 2634 tamen
1685 2590 1859 2635 maier

261 2680 352 2726 est
395 2668 655 2734 Ecclesia,
689 2670 790 2724 hac
819 2670 1074 2740 pietatem
1108 2679 1342 2726 vestram
1373 2673 1663 2739 legatione,
1697 2687 1857 2742 quam

261 2763 378 2818 suis
399 2761 769 2818 sacerdotibus
814 2763 1104 2828 commisit,
1138 2765 1392 2833 appellat,
1421 2765 1691 2833 prmterita
1721 2781 1858 2835 prm-

261 2855 550 2924 sentiaque
573 2855 786 2923 repetit.
819 2853 982 2909 Vobis
1023 2856 1238 2925 (inquit)
1270 2856 1520 2924 religiose
1544 2858 1861 2927 imperanti-

264 2947 373 3000 bus
419 2945 584 3000 modo
627 2953 772 2999 tutus
819 2955 901 2999 est
957 2945 1204 3016 populus,
1231 2953 1338 3000 tam
1371 2929 1506 3001 fidus
1538 2947 1645 3002 Deo
1699 2963 1862 3016 quain

265 3036 505 3105 tibi,qui
545 3051 605 3091 es
662 3037 912 3106 princeps
959 3036 1314 3092 Christianus.
1349 3036 1489 3093 Ecce
1537 3038 1681 3094 enim
1723 3039 1864 3094 inter

267 3130 386 3197 ipsa
419 3127 690 3199 mysteria,
724 3128 865 3182 inter
893 3143 1078 3198 preces
1107 3143 1263 3196 suas,
1293 3142 1428 3197 quas
1460 3145 1558 3199 pro
1587 3131 1749 3188 vestri
1781 3131 1864 3189 fe-

1955 1950 2009 1995 ct
2038 1941 2400 1994 universitatis
2423 1956 2716 1995 consensus
2741 1941 2982 2008 elegerit.
3013 1939 3160 1994 Unde
3187 1941 3236 1995 id
3261 1943 3551 1996 observan.

1957 2029 2083 2084 dum
2106 2039 2208 2095 est,
2237 2039 2294 2084 ut
2317 2046 2505 2085 omnes
2534 2031 2876 2100 tranquillam
2909 2039 3144 2086 mentem
3163 2071 3180 2096 ,
3212 2041 3266 2087 et
3295 2032 3551 2100 pacificos

1958 2121 2244 2176 auimoscx
2261 2122 2566 2176 serenitatis
2599 2129 2796 2175 nostrae
2826 2121 3192 2175 admonitione
3223 2123 3545 2188 custodiant,

1959 2228 2056 2265 nec
2087 2211 2286 2281 aliquid
2307 2212 2577 2266 seditiosis
2596 2212 3085 2281 conspirationibus
3109 2220 3320 2288 tentare
3346 2228 3548 2268 conen-

1959 2314 2046 2358 tur
2066 2323 2078 2358 :
2100 2321 2218 2360 cum
2236 2314 2438 2359 certum
2457 2306 2544 2369 sit,
2563 2306 2688 2359 nulli
2710 2307 2933 2375 partium
2951 2322 3044 2360 sua
3061 2307 3230 2360 studia
3253 2307 3545 2377 profutura.

1962 2417 2198 2488 Epistula
2242 2415 2499 2488 Bonifncii
2535 2418 2758 2485 episcopi
2790 2416 2928 2469 urbis
2981 2415 3156 2470 "0mm
3193 2419 3259 2470 ut!
3289 2421 3550 2488 episropos

2033 2486 2241 2549 Gallice,
2267 2487 2330 2540 de
2359 2485 2412 2539 Μ
2421 2489 2594 2541 uximo
2624 2489 2747 2556 epist
2766 2503 2864 2557 opu
2888 2488 3100 2541 diversis
3132 2491 3432 2544 criminibus
3455 2485 3549 2543 nr-

2032 2568 2229 2611 εαεαιο.

2032 2671 2119 2726 lll.
2154 2670 2456 2725 Bonifacius
2482 2672 2784 2743 cpiscopus,
2831 2670 3097 2733 Patroclo,
3135 2670 3394 2741 Remigio,
3442 2671 3554 2726 Ma-

1965 2762 2127 2826 xitno,
2175 2759 2396 2824 llilario,
2445 2763 2670 2826 Severo,
2727 2762 2964 2828 Valerio,
3005 2762 3238 2827 Juliano,
3282 2763 3552 2831 (Iastorio,

1963 2852 2236 2916 Leontio,
2285 2854 2675 2919 Constantino,
2725 2851 2940 2917 Joanni,
2995 2851 3282 2917 Montano,
3348 2853 3554 2912 Marino

1966 2943 2232 3008 Mattt'itio,
2259 2955 2314 2999 et
2334 2947 2543 3000 caeteris
2583 2947 2850 3015 episc0pis
2889 2962 2982 3015 per
3015 2946 3211 3002 Gallias
3239 2957 3294 3002 et
3324 2960 3528 3021 septem

1967 3037 2272 3108 provincias
2301 3039 2627 3093 constitutis.

2041 3131 2338 3185 Valentiua:
2370 3147 2467 3185 nos
2491 3131 2672 3187 clerici
2700 3133 2932 3187 civitatis
2969 3135 3216 3189 adierunt
3245 3151 3553 3207 proponen-

271 3219 484 3273 licitate
533 3218 788 3288 dependit
833 3219 1065 3288 imperii,
1098 3229 1256 3284 teste,
1284 3219 1424 3288 apud
1481 3237 1639 3291 quem
1689 3233 1744 3277 et
1794 3223 1861 3278 de
1887 3223 1932 3288 C
1969 3231 2048 3280 tes
2091 3239 2190 3292 per
2241 3223 2479 3278 libellum
2524 3224 2771 3293 crimina,
2802 3240 2920 3294 quae
2942 3226 3250 3293 Maximum,
3285 3237 3422 3284 teste
3444 3239 3554 3287 tota

265 3309 427 3378 majus
455 3309 584 3364 sede
611 3311 804 3378 agitur,
833 3317 1020 3363 sancto
1045 3307 1226 3374 Petro,
1251 3309 1494 3364 sollicitis
1523 3326 1620 3379 pro
1649 3311 1864 3378 religio-

269 3401 359 3454 nis
387 3399 726 3454 observantia
779 3399 1002 3454 vocibus
1048 3393 1412 3460 clamatfcum
1463 3401 1689 3455 sollicita
1723 3403 1862 3472 peti-

269 3493 423 3544 tione
471 3492 725 3546 miscetur
773 3491 970 3556 oratio,
1032 3507 1098 3544 ne
1129 3509 1227 3546 nos
1264 3492 1314 3545 in
1347 3493 1519 3546 varias
1572 3509 1656 3547 res
1700 3494 1865 3550 semel

268 3582 458 3636 cvul~a
489 3581 749 3637 diStrabat
777 3597 805 3633 a
833 3588 979 3636 cultu
1007 3583 1186 3646 solito,
1223 3592 1492 3638 tentatore
1518 3585 1864 3653 sollicitante,

267 3674 560 3728 disCordia.
597 3675 792 3742 Ageret
823 3674 1083 3744 pluribus,
1111 3676 1359 3745 princeps
1388 3675 1862 3743 Cltristianissimc,

270 3765 375 3818 nisi
405 3765 544 3834 apud
569 3775 620 3819 te
642 3782 856 3819 suarum
887 3776 1030 3820 esset
1060 3781 1248 3819 secura
1274 3782 1579 3830 causarum,
1605 3775 1659 3821 et
1680 3769 1781 3822 nisi
1814 3770 1868 3822 in

269 3855 716 3924 oppressionibus
741 3855 1025 3920 idolorum,
1061 3857 1112 3909 in
1157 3856 1534 3910 luercticormu
1565 3861 1866 3914 correctio-

271 3947 454 4011 nibus,
489 3947 592 4002 l‘nle
650 3957 762 4016 tua,
793 3948 977 4003 divio
1032 3949 1179 4003 cultu
1230 3950 1431 4017 pariter
1472 3951 1593 4005 eum
1642 3953 1868 4020 imperio

268 4053 489 4106 semper
512 4037 758 4105 florente,
791 4040 1024 4095 vicisset.
1056 4037 1230 4094 [labet
1253 4040 1537 4110 refugium,
1571 4042 1718 4112 pium
1767 4053 1869 4098 tuae

270 4139 560 4184 rnansuetu
582 4131 702 4184 linis
731 4131 991 4195 animum,
1023 4146 1146 4185 cum
1169 4147 1280 4184 suze
1308 4132 1586 4202 religionis
1637 4150 1866 4188 venera-

272 4223 425 4276 tione
455 4223 823 4290 conjunctum.
852 4221 986 4276 Cum
1017 4221 1278 4291 quidquid
1319 4223 1444 4276 huic
1475 4225 1741 4292 proliciat,
1773 4241 1870 4280 vos

271 4313 472 4381 agatis,
504 4313 794 4368 conferatis
824 4314 1096 4382 fratribus,
1129 4323 1184 4367 et
1213 4315 1693 4372 consacerdotibus
1716 4319 1869 4384 meis,

275 4403 677 4473 probatissimis
705 4405 853 4467 viris,
887 4422 916 4458 a
941 4421 1026 4459 tne
1069 4414 1123 4460 et
1172 4406 1237 4458 ab
1263 4407 1531 4474 omnibus,
1562 4410 1651 4479 qui
1684 4408 1869 4464 Eccle-

273 4494 416 4546 siam
476 4491 677 4546 faciunt
730 4494 1048 4558 istiusmodi,
1083 4494 1276 4562 legatis
1321 4498 1514 4566 quibus
1560 4514 1867 4569 precamur,

1968 3314 2264 3385 provincia,
2291 3322 2537 3368 asserunt
2583 3315 2919 3371 commisisse
2959 3334 2971 3368 :
3004 3317 3245 3386 delegata
3278 3319 3438 3374 toties
3463 3335 3556 3376 co-

1966 3406 2208 3475 gnitione
2227 3405 2373 3459 illum
2397 3406 2688 3460 constituta
2707 3422 2918 3477 semper
2938 3409 3318 3478 subterfugisse
3334 3409 3555 3479 judicia,

1969 3511 2070 3552 nec
2113 3496 2374 3550 conlisum
2425 3496 2758 3551 conscientia
2803 3499 3103 3564 festinasse,
3127 3509 3187 3553 ut
3223 3500 3267 3554 si
3299 3509 3443 3556 esset
3470 3502 3554 3556 in-

1969 3601 2191 3652 nocens,
2217 3587 2536 3642 examinatis
2565 3587 2833 3652 omuibus,
2886 3599 3224 3658 purgaretur,
3252 3604 3370 3660 qua:
3396 3592 3556 3647 toties

1968 3682 2210 3749 decreta,
2229 3696 2293 3736 ex
2311 3691 2612 3736 nostrarum
2634 3695 2850 3750 quoque
2873 3684 3177 3737 chartarum
3203 3685 3558 3741 instructions

1971 3773 2342 3842 cognovimus.
2375 3772 2474 3839 Qui
2499 3773 2806 3828 econtrario
2836 3775 3086 3844 probavit
3109 3775 3175 3830 de
3195 3791 3254 3831 se
3286 3776 3372 3830 illa
3392 3818 3407 3844 ,
3439 3792 3556 3847 qua:

1970 3864 2110 3920 dicta
2139 3874 2282 3927 sunt,
2309 3866 2432 3933 quia
2464 3864 2530 3918 ad
2561 3879 2624 3918 ea
2652 3865 2998 3930 confutanda,
3033 3883 3153 3921 cum
3192 3877 3374 3923 essent
3399 3869 3557 3923 innu.

1971 3971 2138 4020 mera,
2171 3972 2201 4010 a
2250 3956 2624 4011 decessoribus
2671 3955 2806 4011 meis
2847 3957 3189 4026 provincialis
3211 3967 3294 4014 est
3315 3959 3557 4028 delegata

1973 4048 2230 4115 cognitio.
2263 4046 2574 4105 Conventus
2602 4047 2764 4103 etiam
2807 4048 3005 4104 dicitur
3029 4050 3258 4106 evitasse
3284 4051 3557 4108 et‘adesse

1971 4142 2192 4195 minime
2214 4141 2470 4208 voluisse,
2495 4150 2549 4195 et
2576 4142 2751 4196 nullus
2778 4142 2987 4196 dubitat
3025 4143 3167 4211 quod
3193 4145 3265 4198 ita
3299 4144 3558 4214 judicium

1975 4248 2179 4286 nocens
2225 4233 2575 4300 subterl‘ngit,
2610 4234 3064 4302 quemadmodum
3119 4244 3180 4291 ut
3232 4236 3556 4306 absolvatur,

1975 4324 2064 4393 qui
2115 4329 2198 4378 est
2237 4323 2518 4389 innocens,
2545 4326 2757 4393 quierit.
2789 4326 2895 4381 Sed
2939 4336 3114 4381 astuta
3155 4329 3426 4386 cavillatio
3466 4345 3563 4386 eo—

1975 4431 2113 4475 rum,
2141 4415 2230 4482 qui
2273 4416 2505 4469 versutis
2559 4416 2823 4483 agendum
2867 4417 3091 4471 credunt
3133 4432 3252 4474 esse
3302 4421 3559 4488 consiliis,

1979 4521 2252 4574 nunquam
2324 4506 2647 4561 innocentia:
2718 4523 2912 4563 nomen
2971 4510 3219 4579 accipiet.
3263 4509 3562 4568 Conlitetur

274 4596 447 4638 sacrm
475 4597 695 4637 causam
719 4584 992 4652 religionis
1014 4586 1485 4656 prosequentibus,
1528 4587 1580 4640 in
1616 4588 1747 4642 urbe
1781 4604 1870 4643 ve-
1904 4610 1953 4668 ι)
1980 4597 2120 4648 enim
2150 4595 2217 4650 de
2243 4596 2513 4664 omnibus,
2544 4598 2787 4666 quisquis
2819 4615 2877 4653 se
2903 4601 3275 4667 subterfugere
3299 4603 3559 4672 judicium

276 4686 409 4731 stne
422 4677 871 4744 mansuetudinis,
889 4677 994 4734 hoc
1008 4679 1210 4745 animo,
1231 4694 1340 4746 quo
1375 4678 1660 4748 postulatis
1686 4681 1875 4735 annui-

278 4768 370 4830 tis,
404 4768 458 4822 in
489 4778 807 4837 perpetuum
851 4769 1015 4822 statui
1047 4770 1364 4824 universalis
1390 4769 1646 4825 Ecclesia:
1679 4786 1876 4826 consu-

277 4859 427 4914 latis.
453 4859 644 4912 Datum
673 4858 778 4913 cal.
810 4857 984 4914 Juliis.

275 4969 618 5046 Rescripta":
649 4969 872 5046 Honorii
919 4973 1134 5046 Augusti
1163 4974 1234 5026 ad
1281 4973 1629 5046 Bonifaciurn,
1679 4993 1872 5046 papam

355 5040 651 5114 [Iunianum
683 5043 898 5114 :inquo
926 5040 1130 5106 statuit,
1161 5044 1294 5114 utsi
1333 5040 1499 5098 denuo
1542 5040 1721 5099 llomn:
1750 5040 1875 5114 ἐμὶ-

351 5111 501 5180 ιιεορί
524 5111 746 5165 ordinati
771 5113 962 5182 fuerint
988 5113 1109 5181 duo,
1134 5112 1282 5166 ambo
1297 5114 1360 5167 de
1377 5116 1579 5167 civitate
1594 5111 1873 5187 pelluntur.

352 5223 420 5278 Il.
447 5223 629 5277 Victor
658 5221 946 5288 Honorius,
976 5225 1208 5296 inclytus
1243 5225 1622 5296 triumphator,
1654 5244 1874 5299 semper

278 5317 580 5384 Augustus.
607 5327 798 5370 sancto
844 5331 909 5372 ac
951 5317 1247 5374 venerabili
1278 5316 1574 5382 Bonifacio,
1607 5337 1756 5390 papa:
1786 5339 1876 5378 ur-

279 5407 910 5478 bismterna:.——Seripta
926 5408 1272 5464 beatitudinis
1295 5418 1400 5465 tua:
1427 5411 1606 5465 debita
1624 5429 1876 5470 rcvercn»

281 5502 376 5555 tia:
408 5497 768 5564 gratulatione
794 5499 1132 5568 suscepimus
1167 5517 1179 5553 :
1212 5500 1404 5569 quibus
1433 5503 1733 5570 recensitis,
1758 5505 1872 5572 egi-

281 5604 410 5645 mus
439 5588 791 5658 omnipotenti
824 5588 933 5644 Deo
958 5589 1216 5645 maximas
1235 5585 1454 5660 gratias,
1479 5591 1622 5660 qttod
1674 5595 1878 5650 sancti-

281 5683 529 5739 moniam
555 5693 696 5736 tuam
726 5697 844 5752 post
869 5686 1082 5752 longum
1110 5685 1506 5741 incommodum
1536 5695 1733 5757 Optauc
1759 5689 1878 5744 red-

280 5774 460 5832 ditant
491 5774 774 5830 didicimus
795 5777 1032 5830 saintati.
1067 5773 1128 5831 Et
1159 5779 1275 5836 ideo
1300 5780 1694 5836 revertentibus
1715 5797 1879 5837 vene-

284 5864 559 5922 rabitibus
589 5865 716 5919 viris
769 5867 1021 5935 gaudium
1065 5882 1304 5933 nostrum
1357 5886 1636 5932 sacrorum
1666 5873 1879 5948 apicum

513 5957 778 6025 Ρηιιοι..
859 5957 1105 6024 LXVll.

1979 4687 2325 4742 dilationibus
2351 4697 2524 4756 p:.tat.
2555 4687 2743 4743 \‘cuict
2771 4691 3058 4759 aliquando
3109 4701 3284 4749 tamen
3337 4695 3446 4764 ille,
3471 4699 3560 4766 qui

1981 4777 2102 4830 talis
2127 4778 2456 4846 perhibetur,
2485 4780 2537 4832 in
2591 4779 2845 4845 medium,
2881 4799 2979 4838 nec
3030 4786 3248 4854 prodest
3298 4787 3371 4842 illi
3405 4790 3564 4845 toties

1980 4871 2220 4935 latuisse,
2289 4871 2446 4926 toties
2499 4871 2929 4941 subterl'ugisse,
2975 4894 3132 4946 quem
3185 4880 3264 4936 sui
3310 4891 3461 4938 actus
3509 4892 3565 4939 ct

1983 4961 2270 5015 commissa
2321 4976 2645 5032 quocunque
2703 4965 2919 5035 fugerit,
2963 4985 3021 5023 ea
3069 4985 3188 5039 qute
3235 4971 3564 5041 objiciuntur

1984 5053 2078 5116 illi,
2102 5054 2147 5108 si
2187 5069 2313 5110 vera
2360 5065 2505 5121 sunt,
2539 5055 2762 5113 crimina
2810 5073 3224 5132 persequuntur.
3260 5066 3560 5123 Debueram

1982 5141 2199 5213 quidem
2241 5143 2352 5211 jam
2382 5162 2525 5200 nunc
2566 5146 2781 5216 dignam
2809 5165 2908 5220 pro
2930 5151 3046 5220 ejus
3078 5156 3345 5212 accusatis
3379 5159 3431 5212 in
3463 5175 3561 5213 no—

1981 5233 2321 5303 strojudicio
2371 5236 2600 5303 actibus,
2627 5239 2720 5307 qui
2769 5243 3133 5310 cognitionem
3185 5255 3239 5302 et
3290 5248 3560 5308 decretum

1977 5323 2218 5392 judicum
2263 5343 2405 5398 smpe
2433 5329 2750 5386 declinando
2781 5334 3007 5391 credidit
3053 5337 3398 5407 illudendum,
3424 5341 3561 5399 ferre

1982 5419 2304 5475 sententiam
2323 5437 2338 5486 ;
2358 5426 2403 5472 at
2425 5436 2490 5477 ne
2506 5421 2695 5491 aliquis
2716 5438 3014 5493 prtecocem
3037 5427 3255 5482 forsitan
3272 5430 3530 5498 judicare!
3545 5476 3560 5500 ,

1983 5518 2038 5567 et
2059 5512 2178 5576 sibi,
2209 5511 2298 5580 qui
2325 5512 2516 5567 absens
2545 5522 2646 5578 est,
2681 5515 2807 5570 licet
2830 5518 2898 5572 sit
2924 5519 3176 5590 qumsitus
3206 5535 3234 5572 a
3266 5519 3440 5586 nobis,
3472 5539 3565 5579 rc-

1983 5611 2253 5658 servatum
2303 5620 2423 5659 esse
2468 5605 2596 5659 niltil
2643 5605 2866 5673 diceret,
2924 5609 3223 5671 maluimus,
3254 5612 3564 5684 inti-reaper.

1985 5697 2111 5751 dine
2134 5696 2387 5765 temporis
2417 5695 2563 5763 data,
2609 5697 2830 5762 differri,
2862 5715 2981 5753 cum
3014 5699 3116 5753 hoc
3139 5701 3300 5754 etiam
3325 5702 3442 5772 ejus
3464 5720 3567 5757 ar.—

1987 5797 2266 5842 cusatores
2310 5797 2631 5844 assererem.
2664 5787 2739 5841 De
2769 5789 2922 5858 cujus
2953 5789 3339 5850 intentionibus
3369 5806 3419 5850 et
3446 5812 3565 5851 tuo.

1984 5877 2136 5936 ribus
2177 5877 2246 5935 sit
2291 5892 2560 5947 securum,
2591 5876 2879 5936 Maximum
2904 5888 3051 5939 tanto
3074 5883 3242 5954 magis
3262 5883 3563 5949 damnantia

3138 5973 3177 6040 9
