3988 6344
364 328 461 382 267

1636 327 1986 383 DiON‘l'SlllS
2026 328 2181 383 liXlG
2195 327 2324 382 [EUS

3520 328 3620 383 238

363 446 717 512 committere,
767 457 966 515 quanto
1024 446 1225 500 tardius
1279 460 1337 501 se
1391 445 1686 499 constituto
1729 445 1933 514 judicio
1966 454 2006 506 Α
2038 460 2205 513 scopo
2234 436 2901 497 NarbonensiDiflicilem
2931 439 3147 509 quidem
3174 439 3623 509 lidemqueriiuo-

362 543 727 606 praesentaret.
774 534 940 601 Quem
994 534 1407 589 Manichaeorum
1458 533 1756 589 involutum
1811 534 1979 589 cali-t

364 629 484 695 giae
524 638 769 695 arguunt,
803 627 940 699 turpi
986 635 1130 682 secta
1188 628 1336 691 olim,
1366 626 1437 681 ita
1486 642 1554 681 ne
1600 642 1723 681 eum
1773 629 1941 697 possit

361 719 581 773 abluere
600 719 834 773 animum
857 719 1071 774 sordida
1094 735 1152 774 se
1176 720 1568 789 improbatione
1590 719 1815 788 objectzc
1838 721 1935 785 rei,

362 818 509 878 gesta
545 810 817 881 synodalia
846 810 1198 880 proferentes,
1226 822 1279 867 et
1320 812 1619 866 commissis
1644 812 1939 866 involutum

363 901 594 969 undique
622 900 867 970 ﬂagitiis;
898 903 1097 956 nullum
1121 904 1261 957 enim
1292 902 1539 957 sanitatis
1561 902 1809 957 habuisse
1856 918 1940 956 re-

362 1002 628 1063 spectum,
653 1009 812 1062 quem
842 994 1021 1049 furore
1072 1010 1169 1050 suo
1215 1004 1269 1049 et
1327 995 1513 1049 insana
1545 994 1851 1048 temeritate
1874 993 1941 1048 ad

362 1087 694 1142 sa-cularium
739 1101 955 1155 quoque
1017 1086 1260 1154 judicum
1329 1083 1615 1139 tribunalia
1670 1083 1941 1138 subditum

360 1176 667 1245 quaestioni,
697 1175 841 1246 quod
872 1177 922 1230 in
956 1176 1043 1229 vili
1073 1190 1289 1245 quoque
1318 1190 1547 1245 persona
1578 1175 1939 1244 turpissimum

360 1276 464 1332 est,
488 1267 784 1336 objicerent
811 1268 1119 1338 pervenisse
1140 1278 1194 1322 et
1214 1267 1490 1323 homicidii
1510 1268 1825 1321 damnatum
1856 1281 1943 1321 as-

361 1367 550 1416 serunt
592 1361 755 1429 gestis
810 1360 1033 1430 prolatis
1089 1360 1141 1414 in
1197 1360 1454 1415 medium.
1486 1358 1725 1414 Ethunc
1753 1359 1937 1420 talem,

362 1460 483 1522 post
510 1459 654 1505 tanta
681 1451 913 1520 taliaque
935 1451 1238 1516 commissa,
1271 1450 1613 1520 episcopatus
1642 1450 1817 1505 adhuc
1842 1448 1942 1503 sibi

362 1561 554 1600 nomen
583 1545 636 1599 in
662 1546 770 1600 suis
790 1546 1031 1600 latibulis
1057 1546 1349 1609 vindicare,
1382 1547 1433 1600 in
1480 1547 1709 1616 propriae
1756 1546 1945 1601 civita-

362 1636 432 1691 tis
487 1636 781 1701 infantiam,
842 1636 1019 1693 nimiis
1079 1634 1358 1691 doloribus
1407 1645 1832 1705 conquerantm,
1890 1644 1945 1690 et

361 1736 608 1782 sanctum
631 1742 829 1781 nomen
859 1726 1182 1782 vindicando
1208 1728 1307 1781 sibi
1339 1726 1476 1781 velle
1495 1727 1757 1796 polluere.
1790 1725 1945 1780 ideo-

2044 535 2145 588 niis
2174 533 2595 597 commodamus,
2630 548 2853 602 quarum
2882 533 3189 588 sacerdotes
3212 533 3421 588 Domini
3445 535 3623 604 pulsat

2044 630 2308 683 intentio:
2366 628 2617 691 maxime,
2677 643 2797 681 cum
2851 642 2944 681 eos
3001 627 3291 696 loquuntur
3347 629 3619 698 quidpiam

2044 733 2231 777 contra
2262 720 2481 775 Patrum
2518 728 2715 776 statuta
2749 730 3005 785 tentasse,
3052 720 3146 774 sed
3190 718 3499 788 frequenter
3528 721 3625 775 has

2046 813 2260 879 asserit,
2322 814 2461 867 sicut
2516 827 2680 871 nunc,
2740 811 3026 865 multitudo
3078 812 3439 868 causantium.
3484 810 3623 868 Ecce

2044 907 2209 969 enim,
2242 915 2297 958 ut
2322 904 2562 959 cbaritas
2591 913 2678 957 tua
2723 904 3055 971 recognoscit
3084 919 3149 958 ex
3180 905 3425 971 subditis,
3459 904 3623 961 Lutu-

2046 995 2227 1049 bcnsis
2266 994 2515 1049 Ecclesia:
2550 994 2678 1047 clcri
2710 993 2864 1060 ordo,
2912 994 3000 1048 vel
3047 995 3219 1063 plebis
3258 1011 3447 1065 preces
3475 1012 3621 1063 snas,

2043 1086 2127 1140 vel
2172 1086 2437 1157 lacrymas
2463 1085 2529 1139 ad
2560 1102 2676 1143 nes.
2728 1095 2985 1153 quantum
3030 1086 3187 1140 datur
3217 1087 3461 1156 intelligi,
3512 1104 3623 1143 ma~

2042 1192 2148 1246 gno
2189 1193 2308 1232 cum
2351 1177 2536 1233 dolore
2590 1178 2895 1245 miserunt,
2951 1177 3192 1231 dicentes
3240 1180 3621 1249 coepiscopum

2044 1278 2286 1323 nostrum
2306 1267 2632 1333 Patroclum,
2656 1283 2751 1322 sua
2776 1268 3034 1337 petitione
3062 1278 3325 1331 cessante,
3359 1271 3410 1322 in
3442 1270 3622 1325 locum

2043 1357 2354 1414 decedentis
2382 1358 2643 1428 episcopi,
2679 1358 2859 1412 nescio
2889 1373 3072 1426 quem,
3114 1358 3166 1411 in
3198 1359 3369 1411 aliena
3401 1360 3622 1427 provin-

2045 1454 2146 1517 cia,
2188 1452 2547 1522 prtctermisso
2576 1450 3023 1520 metropolitano,
3073 1460 3261 1505 contra
3291 1449 3506 1505 Patrum
3538 1467 3625 1505 re-

2045 1546 2194 1614 gulas
2223 1544 2536 1610 ordinasse;
2585 1543 2730 1612 quod
2775 1558 3112 1612 nequaquam
3162 1558 3443 1611 possumus
3483 1542 3624 1598 ferre

2046 1636 2334 1705 patienter,
2366 1634 2490 1703 quia
2514 1634 2767 1688 convenit
2795 1650 2894 1689 nos
2916 1642 3260 1703 paternarum
3283 1633 3625 1688 sanctionum

2045 1727 2327 1795 diligentes
2355 1740 2473 1781 esse
2497 1725 2767 1781 custodes.
2808 1725 2944 1779 Nulli
2989 1725 3186 1778 etenim
3215 1723 3428 1779 videtur
3471 1724 3625 1779 inco-

361 1833 489 1887 que,
515 1818 707 1872 fratres
751 1817 1072 1882 charissimi,
1102 1816 1224 1885 quia
1257 1816 1555 1872 audiendus
1584 1817 1670 1870 hic
1710 1832 1944 1886 przesen-
1974 1825 2022 1885 Β
2049 1819 2193 1887 gnita
2236 1817 2426 1889 synodi
2454 1816 2766 1871 constitutio
2805 1815 3064 1870 Nictcnae:
3115 1830 3232 1884 qua:
3262 1816 3333 1869 ita
3363 1814 3623 1885 pmcipit.

362 1918 480 1963 tare
513 1923 571 1961 se
601 1906 794 1975 noluit,
827 1922 894 1962 ne
921 1907 1201 1961 convictus
1223 1905 1443 1961 forsitan
1474 1907 1541 1960 ab
1568 1907 1944 1961 accusantibus

366 2013 430 2053 se
458 1997 691 2064 clericis,
721 2005 903 2066 posset
930 1995 1087 2066 digna
1118 1995 1357 2060 tandem,
1390 1995 1677 2065 aliquando
1706 2010 1943 2065 praesen-

362 2096 506 2142 tatus
538 2128 550 2149 ,
597 2086 886 2156 episcopali
935 2086 1139 2155 judicio
1195 2086 1651 2155 pronuntiationis
1694 2100 1943 2153 congruae

361 2178 505 2235 feriri
533 2177 814 2259 sententia.
840 2177 1155 2247 Quanquam
1181 2178 1277 2243 illi,
1310 2193 1433 2232 cum
1456 2177 1573 2231 hzec
1598 2176 1791 2231 edocta
1823 2176 1941 2231 fue-

359 2271 485 2333 rint,
517 2285 636 2340 qute
681 2279 857 2340 potest
889 2270 1044 2336 hujus
1072 2269 1304 2325 nominis
1326 2283 1443 2323 esse
1468 2267 1699 2337 jactura,
1726 2267 1816 2336 qui
1845 2283 1944 2336 pu-

358 2361 543 2416 dorem
593 2374 865 2430 nunquam
913 2359 1166 2414 habuisse
1206 2358 1497 2415 sacerdotii
1529 2357 1856 2427 perbibetur,
1890 2366 1945 2413 ct

360 2454 535 2509 locum
557 2469 710 2508 suum
741 2468 808 2508 ne
832 2453 1046 2508 modico
1075 2451 1290 2522 quidem
1324 2460 1567 2521 tempore
1599 2449 1899 2505 custodisse
1926 2467 1938 2502 :

361 2545 675 2599 dilationem
704 2545 965 2609 dedimus,
989 2553 1043 2599 et
1076 2544 1411 2599 decrevimus
1464 2554 1699 2598 vestrum
1746 2542 1942 2596 debere

361 2634 497 2688 intra
521 2633 854 2704 provinciam
902 2649 1022 2689 esse
1064 2632 1346 2703 judicium,
1372 2633 1754 2702 etcongregari
1787 2649 1943 2704 syno-

358 2726 483 2780 dum
505 2737 631 2781 ante
669 2726 811 2781 diem
858 2726 1200 2782 colendarum
1228 2726 1638 2793 Novembrium,
1690 2736 1748 2782 ut
1773 2729 1817 2782 si
1847 2728 1942 2781 ad-

360 2832 483 2873 esse
532 2817 781 2884 voluerit,
814 2833 1071 2887 praesens,
1103 2820 1147 2874 si
1174 2818 1415 2884 confidit,
1472 2820 1542 2873 ad
1589 2820 1797 2888 objecta
1850 2835 1932 2874 re-

358 2904 619 2974 spondeat
649 2922 665 2971 ;
695 2905 741 2961 si
769 2906 956 2963 adesse
984 2906 1301 2975 neglexerit,
1332 2908 1640 2963 dilationem
1662 2910 1940 2963 sententia:

357 2993 425 3049 de
453 2994 690 3048 absentia
713 3010 817 3049 non
863 2995 1133 3050 lucretur:
1161 3011 1283 3050 nam
1299 2996 1638 3051 manifestum
1663 3005 1745 3051 est
1773 2996 1940 3050 confi-

360 3084 456 3139 teri
489 3099 610 3138 eum
639 3085 706 3139 de
736 3084 977 3151 crimine,
1009 3085 1098 3156 qui
1148 3085 1354 3141 indulto
1400 3098 1455 3140 et
1505 3087 1662 3141 toties
1690 3086 1938 3155 delegato

356 3175 570 3245 judicio,
594 3175 855 3247 purgandi
882 3190 939 3232 se
964 3176 1249 3233 occasione
1281 3192 1387 3232 non
1416 3178 1606 3234 utitur.
1630 3176 1771 3232 Nihil
1797 3178 1938 3233 enim
1968 3187 2007 3241 ιζ

358 3267 601 3334 interest,
651 3278 829 3323 utrum
876 3271 928 3324 in
970 3272 1220 3340 prtesenti
1276 3272 1523 3326 examine
1571 3273 1769 3338 omnia,
1820 3288 1938 3342 quae

356 3354 672 3422 dictasunt,
699 3359 1135 3429 comprobeutur,
1162 3376 1282 3417 cum
1313 3362 1427 3431 ipsa
1475 3377 1690 3432 quoque
1720 3361 1936 3417 confes-

356 3447 509 3504 sione
537 3459 822 3519 procurata
862 3452 1024 3507 totics
1072 3462 1285 3509 constet
1326 3454 1590 3510 absentia.
1619 3455 1727 3513 Nos
1758 3466 1939 3513 autem

357 3556 454 3612 per
481 3557 667 3598 omnes
693 3543 997 3613 provincias
1043 3545 1251 3601 litteras
1281 3546 1587 3616 dirigemus,
1620 3563 1688 3603 ne
1717 3564 1941 3604 excusa-

360 3634 558 3689 tionem
582 3634 683 3690 sibi
707 3635 1057 3703 ignorationis
1087 3637 1383 3693 obtendat:
1419 3647 1475 3693 ut
1501 3639 1567 3693 ad
1611 3639 1938 3710 provinciam

357 3725 543 3779 venire
570 3732 813 3794 cogatur,
838 3732 892 3780 et
933 3725 1042 3781 illic
1069 3741 1128 3780 se
1163 3729 1457 3783 constituto
1499 3736 1827 3798 praesentare
1851 3729 1941 3799 ju—

358 3814 520 3867 dicio.
568 3812 837 3883 Quidquid
866 3824 1047 3870 autem
1076 3824 1254 3871 vestra
1285 3817 1519 3872 cbaritas
1546 3818 1613 3873 de
1653 3819 1755 3873 hac
1778 3834 1939 3874 causa

357 3906 568 3962 duxerit
595 3905 1013 3974 decernendum,
1038 3924 1161 3962 cum
1210 3909 1277 3963 ad
1332 3925 1433 3964 nos
1479 3909 1708 3964 relatum
1756 3909 1936 3975 fuerit,

356 4006 559 4062 nostra,
593 4006 651 4053 ut
673 3998 953 4063 condecet,
976 4012 1199 4063 necesse
1223 4009 1305 4052 est
1326 4000 1648 4054 auctoritate
1676 3997 1937 4055 firmetur.

360 4089 552 4144 Datum
583 4089 682 4144 sub
719 4089 807 4144 die
854 4089 974 4143 idus
1002 4088 1165 4154 Junii,
1190 4090 1441 4147 Monaxio
1468 4107 1521 4146 v.
1554 4105 1603 4147 c.
1627 4104 1778 4147 cons.
1811 4092 1935 4163 (Au.

357 4180 547 4235 Christi
574 4179 725 4250 419.)

361 4287 430 4344 Ut
448 4291 503 4345 in
522 4305 828 4360 unaquaque
854 4288 1119 4361 provincia
1140 4305 1307 4354 nemo,
1322 4298 1624 4361 contempto
1646 4289 1939 4361 metropoli-

762 4370 903 4422 tano,
936 4360 1201 4431 episcopus
1232 4360 1521 4413 ordinetur.

424 4454 513 4512 IV.
538 4452 864 4523 Bonifacius,
889 4456 1173 4527 episcopus
1201 4456 1347 4511 urbis
1373 4455 1575 4523 Romae,
1592 4455 1795 4511 Hilario
1818 4456 1933 4527 epi-

372 4584 1013 4608 Μαι-.-

2046 1919 2106 1963 ιιῑ
2133 1909 2319 1965 eadem
2353 1909 2567 1979 proprie
2596 1908 2758 1962 verba
2796 1922 3080 1976 ponamus,
3125 1921 3223 1976 per
3273 1920 3629 1975 unamquam-

2044 2016 2150 2071 que
2177 2001 2512 2070 provinciam
2536 1998 2624 2068 jus
2652 1998 3097 2069 metropolitanos
3138 1998 3377 2067 singulos
3424 1996 3629 2051 habere

2039 2093 2255 2153 debere,
2284 2107 2385 2147 nec
2413 2092 2661 2160 cuiquam
2691 2090 2825 2145 duas
2853 2105 2972 2145 esse
3003 2088 3290 2158 subjectas,
3336 2088 3479 2158 quod
3509 2088 3613 2153 illi,

2043 2183 2169 2253 quia
2201 2183 2359 2237 aliter
2386 2180 2712 2238 credendum
2744 2195 2849 2234 non
2879 2188 2997 2247 est,
3046 2177 3389 2241 servandum,
3434 2186 3628 2231 sancto

2042 2272 2246 2343 Spiritu
2275 2280 2615 2343 suggerente,
2639 2271 2861 2325 sibimet
2882 2277 3223 2324 censuerunt.
3258 2266 3429 2331 Unde,
3460 2266 3631 2320 frater

2042 2366 2375 2429 charissima,
2408 2366 2451 2420 si
2481 2365 2551 2419 ita
2582 2379 2669 2419 res
2695 2371 2838 2431 sunt,
2871 2372 2925 2417 et
2944 2362 3233 2418 Ecclesiam
3262 2362 3627 2432 supradictam

2043 2459 2330 2529 provincia:
2353 2468 2455 2512 tua:
2476 2458 2629 2511 limes
2653 2456 2908 2518 includat,
2934 2464 3115 2510 nostra
3139 2455 3460 2509 auctoritate
3480 2470 3630 2508 com-

2045 2551 2303 2616 munitus,
2356 2550 2497 2618 quod
2534 2549 2747 2618 quidem
2780 2546 2956 2600 facere
2982 2554 3175 2615 sponte
3203 2545 3447 2607 deberes,
3489 2543 3629 2598 desi-

2042 2640 2204 2696 deriis
2235 2640 2644 2708 supplicantium
2687 2646 2742 2691 et
2790 2637 3067 2691 voluntate
3098 2646 3341 2704 respeeta
3370 2633 3436 2687 ad
3478 2649 3629 2687 eum-

2043 2733 2164 2787 dcm
2222 2733 2395 2785 locum
2428 2732 2479 2784 in
2510 2745 2617 2800 quo
2648 2728 2917 2783 ordinatio
2960 2727 3080 2780 talis
3110 2726 3377 2780 celebrata
3406 2723 3628 2789 dicitur,

2044 2824 2443 2895 metropoiitani
2490 2822 2609 2891 jure
2638 2821 2898 2884 munitus,
2948 2828 3005 2873 et
3042 2817 3491 2888 prmecptiouibus
3518 2832 3627 2869 no-

2042 2916 2168 2971 stris
2193 2915 2357 2968 fretus
2378 2911 2596 2976 accede,
2624 2911 2926 2977 intelligens
2945 2908 3168 2963 arbitrio
3194 2917 3303 2968 tuo,
3329 2904 3627 2959 secundum

2041 3006 2251 3072 regulas
2279 3003 2516 3068 Patrum,
2571 3015 2902 3071 qncecunque
2945 2998 3183 3054 facienda
3221 3005 3362 3061 sunt,
3402 3010 3432 3049 a
3462 2995 3626 3049 nobis

2041 3110 2162 3152 esse
2208 3109 2484 3161 concessa,
2533 3092 2606 3146 ita
2654 3099 2711 3144 ut
2759 3090 2991 3160 peractis
3034 3088 3285 3142 omnibus
3313 3085 3626 3157 apostolicae

2042 3186 2180 3252 sedi,
2212 3184 2469 3255 quidquid
2492 3182 2768 3249 statueris,
2801 3190 2852 3235 te
2893 3179 3160 3235 referente
3206 3178 3481 3237 clarescat,
3533 3174 3625 3229 cui

2044 3278 2209 3331 totius
2234 3274 2520 3345 provincia:
2550 3272 2943 3327 ordinationem
2971 3272 3135 3340 liquet
3155 3283 3271 3323 esse
3294 3266 3621 3321 mandatam.

2043 3367 2214 3422 Nemo
2244 3380 2373 3434 ergo
2402 3379 2588 3419 eorum
2638 3364 2900 3417 terminos
2927 3360 3105 3415 audax
3137 3368 3426 3413 temerator
3454 3371 3623 3411 exce-

2044 3460 2156 3525 dat,
2210 3474 2310 3513 nec
2357 3455 2552 3527 aliquid
2597 3456 2650 3510 in
2699 3456 2911 3510 illorum
2955 3451 3335 3509 contumeliam
3377 3448 3626 3519 partibus

2044 3551 2174 3615 suis,
2233 3565 2353 3619 qua:
2401 3549 2502 3603 sibi
2560 3564 2666 3603 non
2721 3548 2968 3602 videntur
3015 3558 3295 3604 concessa,
3344 3540 3626 3596 defendat.

2045 3639 2232 3696 Cesset
2283 3638 2819 3709 liujusmodi‘pressa
2878 3643 3060 3689 nostra
3112 3633 3431 3688 auctoritate
3476 3646 3623 3701 prre~

2044 3734 2278 3803 sumptio
2308 3747 2521 3798 eorum,
2562 3731 2653 3799 qui
2702 3729 2837 3783 ultra
2881 3728 3081 3782 licitum
3134 3741 3243 3781 sua:
3285 3724 3508 3779 limitem
3542 3725 3627 3778 di-

2042 3826 2261 3893 guitatis
2291 3823 2603 3878 extendunt.
2645 3821 2797 3888 Quod
2829 3820 3025 3875 idcirco
3053 3818 3296 3882 dicimus,
3339 3828 3395 3871 ut
3425 3816 3625 3871 adver-

2044 3924 2123 3970 tat
2152 3916 2388 3970 cbaritas
2417 3922 2507 3967 tua
2535 3912 2669 3967 adeo
2692 3927 2789 3965 nos
2809 3926 3073 3965 canonum
3097 3917 3362 3979 prmcepta
3383 3923 3625 3971 servare,

2045 4016 2103 4061 ut
2131 4008 2205 4061 ita
2231 4004 2542 4059 constitutio
2572 4017 2786 4071 quoque
2826 4010 3009 4055 nostra
3051 3999 3305 4056 definiat:
3356 4008 3627 4068 quatenus

2041 4094 2444 4166 metropolitani
2477 4094 2559 4149 sui
2591 4107 2923 4162 unaqumque
2969 4092 3239 4162 provincia
3288 4091 3339 4143 in
3370 4089 3628 4143 omnibus

2039 4192 2199 4245 rebus
2219 4189 2613 4243 ordinationem
2636 4201 2851 4256 semper
2878 4194 3177 4255 eXSpcctet.
3221 4184 3407 4237 Datum
3439 4199 3471 4234 v
3499 4179 3627 4236 ldus

2039 4280 2337 4343 Februarii,
2386 4279 2618 4333 dominis
2656 4278 2852 4332 nostris
2882 4275 3119 4331 llonorio
3168 4292 3256 4329 xm
3287 4282 3341 4327 et
3368 4272 3624 4327 Theodo-

2038 4373 2119 4427 sio
2149 4387 2182 4424 x
2211 4370 2479 4437 Augustis,
2512 4369 2840 4424 consulibus.
2872 4368 2991 4440 (An.
3019 4366 3207 4420 Christi
3231 4364 3378 4434 42:2.)

1419 4690 1778 4752 DECRETA
1833 4687 2283 4752 COELESTIN!
2336 4685 2424 4744 PA
2438 4682 2575 4743 PJE.

357 4898 434 4953 De
464 4897 718 4961 Prospero
740 4908 787 4953 et
822 4899 1045 4964 Hilario,
1087 4901 1170 4969 qui
1199 4900 1445 4967 quosdam
1492 4896 1681 4953 Gallice
1706 4896 1926 4968 presby-
1964 4898 2010 4957 D
2035 4891 2265 4960 qualiter
2293 4905 2408 4953 nos,
2434 4887 2522 4955 qui
2553 4886 2821 4939 neminem
2851 4883 3029 4951 perire
3057 4880 3322 4943 volumus,
3355 4879 3457 4934 ista
3486 4894 3625 4933 con-

672 4979 802 5023 teras
826 4979 1067 5023 accusant
1095 4970 1297 5040 Pelagii
1324 4980 1625 5024 sectatores.

424 5081 465 5135 ἰ.
515 5078 835 5139 leestinus
878 5081 1203 5151 episcopus,
1254 5080 1616 5136 dilectissimis
1681 5076 1932 5132 fratribus

355 5173 605 5237 Venerio,
640 5172 866 5240 Marino,
897 5170 1140 5236 Leontio,
1176 5173 1441 5235 Ausonio,
1476 5171 1728 5237 Arcadio,
1758 5168 1927 5222 Filta-

354 5264 443 5318 uin
487 5270 540 5316 et
566 5264 772 5318 caeteris
797 5260 1085 5316 Galliarum
1116 5261 1403 5332 episcopis.

430 5354 720 5425 Apostolici
750 5356 911 5409 verba
943 5354 1196 5424 praecepti
1250 5361 1375 5408 sunt
1413 5349 1553 5423 apud
1581 5348 1796 5405 Judzeos
1844 5355 1926 5400 at-

359 5452 468 5508 quo
498 5440 728 5508 gentiles
757 5440 877 5492 sine
901 5437 1207 5492 oﬂ'ensione
1230 5453 1329 5492 nos
1355 5451 1479 5492 esse
1507 5436 1709 5490 debere
1735 5435 1777 5506 (l
1804 5433 1933 5486 Cor.

362 5551 415 5600 κ,
442 5534 510 5588 52
530 5551 544 5601 ;
566 5533 714 5588 Rom.
732 5534 864 5600 xxv).
890 5533 1004 5588 lloc
1031 5533 1283 5602 quisquis
1309 5531 1665 5586 Christianus
1694 5536 1796 5587 est.
1821 5536 1933 5582 tota

361 5625 524 5679 animi
553 5626 759 5680 virtute
777 5626 1034 5680 custodit.
1057 5623 1209 5692 Quod
1238 5638 1359 5678 cum
1388 5622 1463 5677 ita
1485 5623 1578 5682 sit,
1607 5637 1714 5675 non
1742 5635 1931 5690 parum

359 5717 588 5787 periculi
622 5719 775 5773 illum
805 5733 1027 5773 manere
1059 5718 1265 5788 poterit
1297 5727 1425 5771 ante
1462 5715 1654 5775 Deum,
1693 5714 1785 5783 qui
1829 5713 1933 5767 hoc

356 5808 624 5865 detrectat
645 5810 812 5868 etiam
836 5808 1087 5868 fidelibus
1110 5810 1371 5868 exhibere
1401 5807 1443 5882 (l
1474 5808 1595 5865 Cor.
1622 5807 1768 5877 vni).
1796 5806 1931 5862 Nam

2044 4982 2278 5047 tristent,
2322 4994 2439 5051 qua:
2478 4977 2788 5032 auctoribus
2835 4973 3150 5029 Christianis
3174 4971 3478 5041 percellunt
3506 4973 3630 5025 ani—

2040 5089 2157 5129 mos
2182 5071 2537 5131 Christianos,
2580 5067 2880 5123 dominicus
2916 5065 2969 5117 in
2998 5060 3284 5128 Evangelio
3314 5074 3499 5114 sermo
3547 5069 3629 5114 te-

2038 5174 2226 5221 statur.
2272 5162 2359 5215 Ait
2388 5162 2529 5215 enim
2563 5160 2677 5228 ipse
2705 5156 2973 5221 Salvator,
3005 5152 3147 5224 quod
3173 5150 3428 5220 expediat
3455 5167 3623 5206 scan-

2035 5256 2285 5310 dalizanti
2312 5268 2473 5307 unum
2499 5252 2563 5306 de
2585 5249 2811 5320 pusillis,
2836 5248 2887 5301 in
2911 5247 3074 5299 maris
3094 5242 3355 5315 profunda
3378 5242 3621 5311 demersi

2036 5344 2247 5417 (Matth.
2282 5344 2453 5413 xvut),
2506 5353 2559 5397 et
2607 5341 2726 5394 ideo
2755 5354 2873 5407 qua:
2898 5337 2969 5394 sit
2994 5337 3109 5406 ejus
3132 5334 3240 5405 jam
3270 5347 3431 5404 pmna
3464 5348 3620 5402 qua-

2034 5455 2215 5493 ramus
2257 5437 2341 5493 cui
2393 5437 2498 5489 tale
2546 5433 2862 5505 supplicium
2915 5432 3139 5499 legimus
3168 5428 3451 5497 expedire.
3503 5428 3618 5481 Filii

2034 5528 2202 5582 nostri
2234 5532 2523 5596 pnesetttes
2552 5523 2786 5592 Prosper
2815 5530 2865 5576 et
2901 5520 3151 5583 Hilarius,
3208 5532 3441 5586 quorum
3476 5518 3622 5571 circa

2036 5618 2200 5671 Deum
2247 5624 2487 5669 nostrum
2548 5614 2850 5669 sollicitudo
2899 5612 3164 5667 laudanda
3207 5618 3323 5670 est,
3378 5618 3619 5671 tantum.

2035 5706 2217 5761 nescio
2246 5706 2456 5773 quibus,
2488 5706 2819 5776 presbyteris
2847 5704 2954 5758 illic
2973 5705 3153 5767 licere,
3180 5703 3270 5774 qui
3291 5702 3624 5756 dissensioni

2031 5796 2396 5854 Eccl‘csiarum
2444 5795 2710 5863 studeant,
2762 5803 2885 5850 sunt
2915 5795 3056 5867 apud
3086 5808 3183 5849 nos
3209 5792 3517 5865 prosecuti,
3551 5799 3615 5846 ut
