  <div class='ocr_page' id='page_1' title='image "/cluster/home/n/w/nwhite01/storage/ocr_20150623/67/hvd.32044073505141/142.png"; bbox 0 0 3988 6344; ppageno 0'>
   <div class='ocr_carea' id='block_1_1' title="bbox 237 329 339 383">
    <p class='ocr_par' dir='ltr' id='par_1_1' title="bbox 237 329 339 383">
     <span class='ocr_line' id='line_1_1' title="bbox 237 329 339 383; baseline 0 -1"><span class='ocrx_word' id='word_1_1' title='bbox 237 329 339 383; x_wconf 57' lang='lat' dir='ltr'><strong>Et“)</strong></span> 
     </span>
    </p>
   </div>
   <div class='ocr_carea' id='block_1_2' title="bbox 1268 320 2461 380">
    <p class='ocr_par' dir='ltr' id='par_1_2' title="bbox 1268 320 2461 380">
     <span class='ocr_line' id='line_1_2' title="bbox 1268 320 2461 380; baseline -0.001 0"><span class='ocrx_word' id='word_1_2' title='bbox 1268 322 1647 380; x_wconf 83' lang='lat' dir='ltr'><strong>COLLECTIO</strong></span> <span class='ocrx_word' id='word_1_3' title='bbox 1685 320 2150 376; x_wconf 73' lang='lat' dir='ltr'><strong>DECRETORUM</strong></span> <span class='ocrx_word' id='word_1_4' title='bbox 2197 323 2298 376; x_wconf 77' lang='lat' dir='ltr'><strong>PP.</strong></span> <span class='ocrx_word' id='word_1_5' title='bbox 2348 324 2461 379; x_wconf 80' lang='lat' dir='ltr'><strong>RR.</strong></span> 
     </span>
    </p>
   </div>
   <div class='ocr_carea' id='block_1_3' title="bbox 3417 326 3519 380">
    <p class='ocr_par' dir='ltr' id='par_1_3' title="bbox 3417 326 3519 380">
     <span class='ocr_line' id='line_1_3' title="bbox 3417 326 3519 380; baseline -0.01 0"><span class='ocrx_word' id='word_1_6' title='bbox 3417 326 3519 380; x_wconf 73' lang='lat'><strong>970</strong></span> 
     </span>
    </p>
   </div>
   <div class='ocr_carea' id='block_1_4' title="bbox 238 434 3517 508">
    <p class='ocr_par' dir='ltr' id='par_1_4' title="bbox 238 434 3517 508">
     <span class='ocr_line' id='line_1_4' title="bbox 238 434 3517 508; baseline -0 -12"><span class='ocrx_word' id='word_1_7' title='bbox 238 439 662 508; x_wconf 75' lang='lat' dir='ltr'><strong>indisciplinatas</strong></span> <span class='ocrx_word' id='word_1_8' title='bbox 687 436 1016 506; x_wconf 74' lang='lat' dir='ltr'><strong>quzestioncs</strong></span> <span class='ocrx_word' id='word_1_9' title='bbox 1044 445 1303 492; x_wconf 82' lang='lat' dir='ltr'><strong>vocantes</strong></span> <span class='ocrx_word' id='word_1_10' title='bbox 1327 437 1380 490; x_wconf 92' lang='lat' dir='ltr'><strong>in</strong></span> <span class='ocrx_word' id='word_1_11' title='bbox 1404 435 1640 492; x_wconf 90' lang='lat' dir='ltr'><strong>medium</strong></span> <span class='ocrx_word' id='word_1_12' title='bbox 1661 434 1830 504; x_wconf 88' lang='lat' dir='ltr'><strong>perti-</strong></span> <span class='ocrx_word' id='word_1_13' title='bbox 1863 441 1906 495; x_wconf 82' lang='grc' dir='ltr'>Α</span> <span class='ocrx_word' id='word_1_14' title='bbox 1934 441 2018 488; x_wconf 93' lang='lat' dir='ltr'><strong>est</strong></span> <span class='ocrx_word' id='word_1_15' title='bbox 2062 434 2336 503; x_wconf 75' lang='lat' dir='ltr'><strong>agentium</strong></span> <span class='ocrx_word' id='word_1_16' title='bbox 2384 450 2546 490; x_wconf 87' lang='lat' dir='ltr'><strong>causa</strong></span> <span class='ocrx_word' id='word_1_17' title='bbox 2594 437 2863 501; x_wconf 87' lang='lat' dir='ltr'><strong>solorum,</strong></span> <span class='ocrx_word' id='word_1_18' title='bbox 2915 438 3235 493; x_wconf 81' lang='lat' dir='ltr'><strong>universalis</strong></span> <span class='ocrx_word' id='word_1_19' title='bbox 3284 437 3517 496; x_wconf 77' lang='lat' dir='ltr'><strong>Ecclesia</strong></span> 
     </span>
    </p>
   </div>
   <div class='ocr_carea' id='block_1_5' title="bbox 239 525 1827 598">
    <p class='ocr_par' dir='ltr' id='par_1_5' title="bbox 239 525 1827 598">
     <span class='ocr_line' id='line_1_5' title="bbox 239 525 1827 598; baseline -0.007 -10"><span class='ocrx_word' id='word_1_20' title='bbox 239 534 446 588; x_wconf 81' lang='lat' dir='ltr'><strong>naciter</strong></span> <span class='ocrx_word' id='word_1_21' title='bbox 493 546 588 585; x_wconf 92' lang='lat' dir='ltr'><strong>eos</strong></span> <span class='ocrx_word' id='word_1_22' title='bbox 625 529 806 584; x_wconf 90' lang='lat' dir='ltr'><strong>dicant</strong></span> <span class='ocrx_word' id='word_1_23' title='bbox 834 527 1128 598; x_wconf 62' lang='lat' dir='ltr'><strong>praedicare</strong></span> <span class='ocrx_word' id='word_1_24' title='bbox 1175 527 1516 582; x_wconf 84' lang='lat' dir='ltr'><strong>adversantia</strong></span> <span class='ocrx_word' id='word_1_25' title='bbox 1563 525 1827 587; x_wconf 84' lang='lat' dir='ltr'><strong>veritati;</strong></span> 
     </span>
    </p>
   </div>
   <div class='ocr_carea' id='block_1_6' title="bbox 238 614 1829 687">
    <p class='ocr_par' dir='ltr' id='par_1_6' title="bbox 238 614 1829 687">
     <span class='ocr_line' id='line_1_6' title="bbox 238 614 1829 687; baseline -0.006 -9"><span class='ocrx_word' id='word_1_26' title='bbox 238 624 334 678; x_wconf 89' lang='lat' dir='ltr'><strong>sed</strong></span> <span class='ocrx_word' id='word_1_27' title='bbox 366 629 556 676; x_wconf 65' lang='lat' dir='ltr'><strong>vestrae</strong></span> <span class='ocrx_word' id='word_1_28' title='bbox 584 619 859 674; x_wconf 83' lang='lat' dir='ltr'><strong>dilectioni</strong></span> <span class='ocrx_word' id='word_1_29' title='bbox 884 617 1080 686; x_wconf 87' lang='lat' dir='ltr'><strong>justius</strong></span> <span class='ocrx_word' id='word_1_30' title='bbox 1107 619 1456 687; x_wconf 86' lang='lat' dir='ltr'><strong>imputamns,</strong></span> <span class='ocrx_word' id='word_1_31' title='bbox 1509 615 1724 685; x_wconf 86' lang='lat' dir='ltr'><strong>quando</strong></span> <span class='ocrx_word' id='word_1_32' title='bbox 1753 614 1829 669; x_wconf 89' lang='lat' dir='ltr'><strong>illi</strong></span> 
     </span>
    </p>
   </div>
   <div class='ocr_carea' id='block_1_7' title="bbox 240 705 1832 782">
    <p class='ocr_par' dir='ltr' id='par_1_7' title="bbox 240 705 1832 782">
     <span class='ocr_line' id='line_1_7' title="bbox 240 705 1832 782; baseline -0.006 -14"><span class='ocrx_word' id='word_1_33' title='bbox 240 727 403 782; x_wconf 81' lang='lat' dir='ltr'><strong>supra</strong></span> <span class='ocrx_word' id='word_1_34' title='bbox 429 726 526 765; x_wconf 86' lang='lat' dir='ltr'><strong>vos</strong></span> <span class='ocrx_word' id='word_1_35' title='bbox 551 710 755 764; x_wconf 86' lang='lat' dir='ltr'><strong>habent</strong></span> <span class='ocrx_word' id='word_1_36' title='bbox 781 709 993 779; x_wconf 89' lang='lat' dir='ltr'><strong>copiam</strong></span> <span class='ocrx_word' id='word_1_37' title='bbox 1023 708 1356 778; x_wconf 84' lang='lat' dir='ltr'><strong>disputandi.</strong></span> <span class='ocrx_word' id='word_1_38' title='bbox 1413 705 1684 775; x_wconf 76' lang='lat' dir='ltr'><strong>Legimus,</strong></span> <span class='ocrx_word' id='word_1_39' title='bbox 1739 721 1832 760; x_wconf 80' lang='lat' dir='ltr'><strong>su—</strong></span> 
     </span>
    </p>
   </div>
   <div class='ocr_carea' id='block_1_8' title="bbox 241 797 1833 873">
    <p class='ocr_par' dir='ltr' id='par_1_8' title="bbox 241 797 1833 873">
     <span class='ocr_line' id='line_1_8' title="bbox 241 797 1833 873; baseline -0.003 -16"><span class='ocrx_word' id='word_1_40' title='bbox 241 820 337 873; x_wconf 74' lang='lat' dir='ltr'><strong>pra</strong></span> <span class='ocrx_word' id='word_1_41' title='bbox 361 803 669 873; x_wconf 75' lang='lat' dir='ltr'><strong>magistrum</strong></span> <span class='ocrx_word' id='word_1_42' title='bbox 708 816 812 853; x_wconf 77' lang='lat' dir='ltr'><strong>non</strong></span> <span class='ocrx_word' id='word_1_43' title='bbox 848 816 960 852; x_wconf 85' lang='lat' dir='ltr'><strong>esse</strong></span> <span class='ocrx_word' id='word_1_44' title='bbox 1007 799 1315 868; x_wconf 81' lang='lat' dir='ltr'><strong>discipulum</strong></span> <span class='ocrx_word' id='word_1_45' title='bbox 1349 797 1562 870; x_wconf 77' lang='lat' dir='ltr'><strong>(Matth.</strong></span> <span class='ocrx_word' id='word_1_46' title='bbox 1598 797 1676 868; x_wconf 72' lang='grc' dir='ltr'><strong>ι),</strong></span> <span class='ocrx_word' id='word_1_47' title='bbox 1728 798 1833 853; x_wconf 85' lang='lat' dir='ltr'><strong>hoc</strong></span> 
     </span>
    </p>
   </div>
   <div class='ocr_carea' id='block_1_9' title="bbox 243 889 1834 960">
    <p class='ocr_par' dir='ltr' id='par_1_9' title="bbox 243 889 1834 960">
     <span class='ocr_line' id='line_1_9' title="bbox 243 889 1834 960; baseline -0.005 -10"><span class='ocrx_word' id='word_1_48' title='bbox 243 903 345 957; x_wconf 87' lang='lat' dir='ltr'><strong>est,</strong></span> <span class='ocrx_word' id='word_1_49' title='bbox 379 909 487 947; x_wconf 94' lang='lat' dir='ltr'><strong>non</strong></span> <span class='ocrx_word' id='word_1_50' title='bbox 516 892 619 947; x_wconf 88' lang='lat' dir='ltr'><strong>sibi</strong></span> <span class='ocrx_word' id='word_1_51' title='bbox 649 891 852 946; x_wconf 82' lang='lat' dir='ltr'><strong>debere</strong></span> <span class='ocrx_word' id='word_1_52' title='bbox 886 905 1213 960; x_wconf 89' lang='lat' dir='ltr'><strong>quemquam</strong></span> <span class='ocrx_word' id='word_1_53' title='bbox 1245 891 1312 944; x_wconf 87' lang='lat' dir='ltr'><strong>ad</strong></span> <span class='ocrx_word' id='word_1_54' title='bbox 1364 890 1612 959; x_wconf 87' lang='lat' dir='ltr'><strong>injuriam</strong></span> <span class='ocrx_word' id='word_1_55' title='bbox 1643 889 1834 944; x_wconf 88' lang='lat' dir='ltr'><strong>docto-</strong></span> 
     </span>
    </p>
   </div>
   <div class='ocr_carea' id='block_1_10' title="bbox 245 981 1834 1050">
    <p class='ocr_par' dir='ltr' id='par_1_10' title="bbox 245 981 1834 1050">
     <span class='ocr_line' id='line_1_10' title="bbox 245 981 1834 1050; baseline -0.003 -10"><span class='ocrx_word' id='word_1_56' title='bbox 245 1002 364 1040; x_wconf 86' lang='lat' dir='ltr'><strong>rum</strong></span> <span class='ocrx_word' id='word_1_57' title='bbox 411 984 686 1038; x_wconf 81' lang='lat' dir='ltr'><strong>vindicare</strong></span> <span class='ocrx_word' id='word_1_58' title='bbox 714 981 1036 1037; x_wconf 85' lang='lat' dir='ltr'><strong>doctrinam.</strong></span> <span class='ocrx_word' id='word_1_59' title='bbox 1087 981 1221 1036; x_wconf 84' lang='lat' dir='ltr'><strong>Nam</strong></span> <span class='ocrx_word' id='word_1_60' title='bbox 1261 989 1316 1036; x_wconf 89' lang='lat' dir='ltr'><strong>et</strong></span> <span class='ocrx_word' id='word_1_61' title='bbox 1345 982 1444 1036; x_wconf 90' lang='lat' dir='ltr'><strong>hos</strong></span> <span class='ocrx_word' id='word_1_62' title='bbox 1475 981 1620 1050; x_wconf 91' lang='lat' dir='ltr'><strong>ipsos</strong></span> <span class='ocrx_word' id='word_1_63' title='bbox 1660 996 1690 1034; x_wconf 90' lang='lat' dir='ltr'><strong>a</strong></span> <span class='ocrx_word' id='word_1_64' title='bbox 1721 981 1834 1036; x_wconf 89' lang='lat' dir='ltr'><strong>Deo</strong></span> 
     </span>
    </p>
   </div>
   <div class='ocr_carea' id='block_1_11' title="bbox 244 1071 1837 1145">
    <p class='ocr_par' dir='ltr' id='par_1_11' title="bbox 244 1071 1837 1145">
     <span class='ocr_line' id='line_1_11' title="bbox 244 1071 1837 1145; baseline -0.003 -14"><span class='ocrx_word' id='word_1_65' title='bbox 244 1088 433 1131; x_wconf 87' lang='lat' dir='ltr'><strong>nostro</strong></span> <span class='ocrx_word' id='word_1_66' title='bbox 463 1075 670 1145; x_wconf 90' lang='lat' dir='ltr'><strong>positos</strong></span> <span class='ocrx_word' id='word_1_67' title='bbox 700 1075 946 1129; x_wconf 86' lang='lat' dir='ltr'><strong>novimus</strong></span> <span class='ocrx_word' id='word_1_68' title='bbox 993 1072 1062 1126; x_wconf 90' lang='lat' dir='ltr'><strong>ad</strong></span> <span class='ocrx_word' id='word_1_69' title='bbox 1110 1071 1432 1138; x_wconf 88' lang='lat' dir='ltr'><strong>docendum,</strong></span> <span class='ocrx_word' id='word_1_70' title='bbox 1457 1087 1578 1126; x_wconf 89' lang='lat' dir='ltr'><strong>eum</strong></span> <span class='ocrx_word' id='word_1_71' title='bbox 1625 1072 1732 1136; x_wconf 91' lang='lat' dir='ltr'><strong>sit,</strong></span> <span class='ocrx_word' id='word_1_72' title='bbox 1762 1071 1837 1126; x_wconf 91' lang='lat' dir='ltr'><strong>di-</strong></span> 
     </span>
    </p>
   </div>
   <div class='ocr_carea' id='block_1_12' title="bbox 242 1148 1834 1235">
    <p class='ocr_par' dir='ltr' id='par_1_12' title="bbox 242 1148 1834 1235">
     <span class='ocr_line' id='line_1_12' title="bbox 242 1148 1834 1235; baseline -0.003 -13"><span class='ocrx_word' id='word_1_73' title='bbox 242 1173 405 1222; x_wconf 88' lang='lat' dir='ltr'><strong>cente</strong></span> <span class='ocrx_word' id='word_1_74' title='bbox 435 1164 695 1235; x_wconf 82' lang='lat' dir='ltr'><strong>Apostolo</strong></span> <span class='ocrx_word' id='word_1_75' title='bbox 726 1148 782 1234; x_wconf 77' lang='grc' dir='ltr'><strong>(Ῐ</strong></span> <span class='ocrx_word' id='word_1_76' title='bbox 808 1162 931 1218; x_wconf 87' lang='lat' dir='ltr'><strong>Cor.</strong></span> <span class='ocrx_word' id='word_1_77' title='bbox 971 1164 1091 1233; x_wconf 79' lang='lat' dir='ltr'><strong>xu),</strong></span> <span class='ocrx_word' id='word_1_78' title='bbox 1137 1164 1216 1218; x_wconf 91' lang='lat' dir='ltr'><strong>eis</strong></span> <span class='ocrx_word' id='word_1_79' title='bbox 1263 1164 1454 1218; x_wconf 90' lang='lat' dir='ltr'><strong>tertius</strong></span> <span class='ocrx_word' id='word_1_80' title='bbox 1504 1163 1654 1218; x_wconf 91' lang='lat' dir='ltr'><strong>locus</strong></span> <span class='ocrx_word' id='word_1_81' title='bbox 1696 1163 1834 1217; x_wconf 91' lang='lat' dir='ltr'><strong>intra</strong></span> 
     </span>
    </p>
   </div>
   <div class='ocr_carea' id='block_1_13' title="bbox 247 1255 1837 1325">
    <p class='ocr_par' dir='ltr' id='par_1_13' title="bbox 247 1255 1837 1325">
     <span class='ocr_line' id='line_1_13' title="bbox 247 1255 1837 1325; baseline -0.001 -14"><span class='ocrx_word' id='word_1_82' title='bbox 247 1257 542 1311; x_wconf 82' lang='lat' dir='ltr'><strong>Ecclesiam</strong></span> <span class='ocrx_word' id='word_1_83' title='bbox 573 1256 929 1325; x_wconf 87' lang='lat' dir='ltr'><strong>deputandus.</strong></span> <span class='ocrx_word' id='word_1_84' title='bbox 961 1255 1100 1322; x_wconf 84' lang='lat' dir='ltr'><strong>Quid</strong></span> <span class='ocrx_word' id='word_1_85' title='bbox 1127 1255 1234 1309; x_wconf 91' lang='lat' dir='ltr'><strong>illic</strong></span> <span class='ocrx_word' id='word_1_86' title='bbox 1273 1257 1386 1325; x_wconf 86' lang='lat' dir='ltr'><strong>spei</strong></span> <span class='ocrx_word' id='word_1_87' title='bbox 1411 1265 1513 1320; x_wconf 90' lang='lat' dir='ltr'><strong>est,</strong></span> <span class='ocrx_word' id='word_1_88' title='bbox 1548 1256 1638 1310; x_wconf 91' lang='lat' dir='ltr'><strong>ubi</strong></span> <span class='ocrx_word' id='word_1_89' title='bbox 1669 1257 1837 1324; x_wconf 81' lang='lat' dir='ltr'><strong>magi-</strong></span> 
     </span>
    </p>
   </div>
   <div class='ocr_carea' id='block_1_14' title="bbox 244 1346 1834 1414">
    <p class='ocr_par' dir='ltr' id='par_1_14' title="bbox 244 1346 1834 1414">
     <span class='ocr_line' id='line_1_14' title="bbox 244 1346 1834 1414; baseline 0 -14"><span class='ocrx_word' id='word_1_90' title='bbox 244 1349 377 1400; x_wconf 86' lang='lat' dir='ltr'><strong>stris</strong></span> <span class='ocrx_word' id='word_1_91' title='bbox 407 1346 709 1401; x_wconf 87' lang='lat' dir='ltr'><strong>tacentibus</strong></span> <span class='ocrx_word' id='word_1_92' title='bbox 737 1347 789 1400; x_wconf 93' lang='lat' dir='ltr'><strong>hi</strong></span> <span class='ocrx_word' id='word_1_93' title='bbox 822 1347 1136 1414; x_wconf 90' lang='lat' dir='ltr'><strong>loquuntur,</strong></span> <span class='ocrx_word' id='word_1_94' title='bbox 1168 1346 1282 1414; x_wconf 90' lang='lat' dir='ltr'><strong>qui,</strong></span> <span class='ocrx_word' id='word_1_95' title='bbox 1319 1346 1364 1400; x_wconf 90' lang='lat' dir='ltr'><strong>si</strong></span> <span class='ocrx_word' id='word_1_96' title='bbox 1406 1346 1478 1399; x_wconf 88' lang='lat' dir='ltr'><strong>ita</strong></span> <span class='ocrx_word' id='word_1_97' title='bbox 1513 1354 1615 1411; x_wconf 88' lang='lat' dir='ltr'><strong>est,</strong></span> <span class='ocrx_word' id='word_1_98' title='bbox 1647 1361 1834 1400; x_wconf 88' lang='lat' dir='ltr'><strong>eorum</strong></span> 
     </span>
    </p>
   </div>
   <div class='ocr_carea' id='block_1_15' title="bbox 245 1435 1838 1506">
    <p class='ocr_par' dir='ltr' id='par_1_15' title="bbox 245 1435 1838 1506">
     <span class='ocr_line' id='line_1_15' title="bbox 245 1435 1838 1506; baseline -0.001 -14"><span class='ocrx_word' id='word_1_99' title='bbox 245 1437 496 1506; x_wconf 84' lang='lat' dir='ltr'><strong>discipuli</strong></span> <span class='ocrx_word' id='word_1_100' title='bbox 531 1452 634 1490; x_wconf 90' lang='lat' dir='ltr'><strong>non</strong></span> <span class='ocrx_word' id='word_1_101' title='bbox 667 1435 929 1492; x_wconf 85' lang='lat' dir='ltr'><strong>fuerunt?</strong></span> <span class='ocrx_word' id='word_1_102' title='bbox 977 1435 1166 1491; x_wconf 88' lang='lat' dir='ltr'><strong>Timeo</strong></span> <span class='ocrx_word' id='word_1_103' title='bbox 1195 1451 1262 1490; x_wconf 89' lang='lat' dir='ltr'><strong>ne</strong></span> <span class='ocrx_word' id='word_1_104' title='bbox 1291 1438 1583 1492; x_wconf 79' lang='lat' dir='ltr'><strong>connivere</strong></span> <span class='ocrx_word' id='word_1_105' title='bbox 1631 1437 1699 1491; x_wconf 90' lang='lat' dir='ltr'><strong>sit</strong></span> <span class='ocrx_word' id='word_1_106' title='bbox 1733 1438 1838 1491; x_wconf 89' lang='lat' dir='ltr'><strong>hoc</strong></span> 
     </span>
    </p>
   </div>
   <div class='ocr_carea' id='block_1_16' title="bbox 248 1527 1835 1596">
    <p class='ocr_par' dir='ltr' id='par_1_16' title="bbox 248 1527 1835 1596">
     <span class='ocr_line' id='line_1_16' title="bbox 248 1527 1835 1596; baseline 0 -14"><span class='ocrx_word' id='word_1_107' title='bbox 248 1539 453 1592; x_wconf 85' lang='lat' dir='ltr'><strong>tacere,</strong></span> <span class='ocrx_word' id='word_1_108' title='bbox 487 1528 649 1582; x_wconf 87' lang='lat' dir='ltr'><strong>timeo</strong></span> <span class='ocrx_word' id='word_1_109' title='bbox 677 1542 746 1582; x_wconf 89' lang='lat' dir='ltr'><strong>ne</strong></span> <span class='ocrx_word' id='word_1_110' title='bbox 785 1527 955 1596; x_wconf 85' lang='lat' dir='ltr'><strong>magis</strong></span> <span class='ocrx_word' id='word_1_111' title='bbox 983 1527 1086 1596; x_wconf 89' lang='lat' dir='ltr'><strong>ipsi</strong></span> <span class='ocrx_word' id='word_1_112' title='bbox 1135 1527 1445 1595; x_wconf 90' lang='lat' dir='ltr'><strong>loquantur,</strong></span> <span class='ocrx_word' id='word_1_113' title='bbox 1477 1527 1566 1596; x_wconf 87' lang='lat' dir='ltr'><strong>qui</strong></span> <span class='ocrx_word' id='word_1_114' title='bbox 1609 1529 1835 1596; x_wconf 88' lang='lat' dir='ltr'><strong>permit-</strong></span> 
     </span>
    </p>
   </div>
   <div class='ocr_carea' id='block_1_17' title="bbox 251 1617 1839 1687">
    <p class='ocr_par' dir='ltr' id='par_1_17' title="bbox 251 1617 1839 1687">
     <span class='ocr_line' id='line_1_17' title="bbox 251 1617 1839 1687; baseline -0.002 -13"><span class='ocrx_word' id='word_1_115' title='bbox 251 1628 374 1674; x_wconf 88' lang='lat' dir='ltr'><strong>tunt</strong></span> <span class='ocrx_word' id='word_1_116' title='bbox 404 1620 506 1674; x_wconf 85' lang='lat' dir='ltr'><strong>illis</strong></span> <span class='ocrx_word' id='word_1_117' title='bbox 537 1619 714 1673; x_wconf 90' lang='lat' dir='ltr'><strong>taliter</strong></span> <span class='ocrx_word' id='word_1_118' title='bbox 739 1618 906 1687; x_wconf 88' lang='lat' dir='ltr'><strong>loqui.</strong></span> <span class='ocrx_word' id='word_1_119' title='bbox 959 1617 1016 1672; x_wconf 84' lang='lat' dir='ltr'><strong>in</strong></span> <span class='ocrx_word' id='word_1_120' title='bbox 1065 1618 1262 1673; x_wconf 85' lang='lat' dir='ltr'><strong>talibus</strong></span> <span class='ocrx_word' id='word_1_121' title='bbox 1309 1619 1487 1672; x_wconf 90' lang='lat' dir='ltr'><strong>causis</strong></span> <span class='ocrx_word' id='word_1_122' title='bbox 1535 1633 1642 1672; x_wconf 91' lang='lat' dir='ltr'><strong>non</strong></span> <span class='ocrx_word' id='word_1_123' title='bbox 1689 1626 1839 1674; x_wconf 84' lang='lat' dir='ltr'><strong>caret</strong></span> 
     </span>
    </p>
   </div>
   <div class='ocr_carea' id='block_1_18' title="bbox 248 1710 1837 1782">
    <p class='ocr_par' dir='ltr' id='par_1_18' title="bbox 248 1710 1837 1782">
     <span class='ocr_line' id='line_1_18' title="bbox 248 1710 1837 1782; baseline -0.003 -14"><span class='ocrx_word' id='word_1_124' title='bbox 248 1713 560 1782; x_wconf 78' lang='lat' dir='ltr'><strong>suSpicione</strong></span> <span class='ocrx_word' id='word_1_125' title='bbox 591 1711 940 1771; x_wconf 89' lang='lat' dir='ltr'><strong>taciturnitas,</strong></span> <span class='ocrx_word' id='word_1_126' title='bbox 993 1710 1118 1780; x_wconf 88' lang='lat' dir='ltr'><strong>quia</strong></span> <span class='ocrx_word' id='word_1_127' title='bbox 1168 1719 1481 1766; x_wconf 87' lang='lat' dir='ltr'><strong>occurreret</strong></span> <span class='ocrx_word' id='word_1_128' title='bbox 1526 1712 1746 1774; x_wconf 89' lang='lat' dir='ltr'><strong>veritas,</strong></span> <span class='ocrx_word' id='word_1_129' title='bbox 1792 1710 1837 1763; x_wconf 91' lang='lat' dir='ltr'><strong>si</strong></span> 
     </span>
    </p>
   </div>
   <div class='ocr_carea' id='block_1_19' title="bbox 1935 525 3519 597">
    <p class='ocr_par' dir='ltr' id='par_1_19' title="bbox 1935 525 3519 597">
     <span class='ocr_line' id='line_1_19' title="bbox 1935 525 3519 597; baseline 0.005 -22"><span class='ocrx_word' id='word_1_130' title='bbox 1935 537 2254 591; x_wconf 88' lang='lat' dir='ltr'><strong>quacunque</strong></span> <span class='ocrx_word' id='word_1_131' title='bbox 2282 526 2524 580; x_wconf 83' lang='lat' dir='ltr'><strong>novitate</strong></span> <span class='ocrx_word' id='word_1_132' title='bbox 2554 527 2816 596; x_wconf 86' lang='lat' dir='ltr'><strong>pulsatur.</strong></span> <span class='ocrx_word' id='word_1_133' title='bbox 2867 525 3232 595; x_wconf 83' lang='lat' dir='ltr'><strong>lntelligamus</strong></span> <span class='ocrx_word' id='word_1_134' title='bbox 3265 529 3379 584; x_wconf 70' lang='lat' dir='ltr'><strong>lucc</strong></span> <span class='ocrx_word' id='word_1_135' title='bbox 3407 529 3519 597; x_wconf 83' lang='lat' dir='ltr'><strong>ipsa</strong></span> 
     </span>
    </p>
   </div>
   <div class='ocr_carea' id='block_1_20' title="bbox 1935 611 3522 686">
    <p class='ocr_par' dir='ltr' id='par_1_20' title="bbox 1935 611 3522 686">
     <span class='ocr_line' id='line_1_20' title="bbox 1935 611 3522 686; baseline 0.005 -21"><span class='ocrx_word' id='word_1_136' title='bbox 1935 611 2110 676; x_wconf 88' lang='lat' dir='ltr'><strong>vobis,</strong></span> <span class='ocrx_word' id='word_1_137' title='bbox 2134 626 2254 680; x_wconf 62' lang='lat' dir='ltr'><strong>quae</strong></span> <span class='ocrx_word' id='word_1_138' title='bbox 2283 613 2438 668; x_wconf 91' lang='lat' dir='ltr'><strong>nobis</strong></span> <span class='ocrx_word' id='word_1_139' title='bbox 2467 631 2572 669; x_wconf 91' lang='lat' dir='ltr'><strong>non</strong></span> <span class='ocrx_word' id='word_1_140' title='bbox 2614 617 2845 685; x_wconf 87' lang='lat' dir='ltr'><strong>placent,</strong></span> <span class='ocrx_word' id='word_1_141' title='bbox 2895 617 3199 686; x_wconf 81' lang='lat' dir='ltr'><strong>displicere.</strong></span> <span class='ocrx_word' id='word_1_142' title='bbox 3248 618 3403 685; x_wconf 87' lang='lat' dir='ltr'><strong>Quod</strong></span> <span class='ocrx_word' id='word_1_143' title='bbox 3447 620 3522 674; x_wconf 89' lang='lat' dir='ltr'><strong>ita</strong></span> 
     </span>
    </p>
   </div>
   <div class='ocr_carea' id='block_1_21' title="bbox 1934 701 3520 780">
    <p class='ocr_par' dir='ltr' id='par_1_21' title="bbox 1934 701 3520 780">
     <span class='ocr_line' id='line_1_21' title="bbox 1934 701 3520 780; baseline 0.006 -23"><span class='ocrx_word' id='word_1_144' title='bbox 1934 701 2149 757; x_wconf 89' lang='lat' dir='ltr'><strong>demum</strong></span> <span class='ocrx_word' id='word_1_145' title='bbox 2179 703 2410 771; x_wconf 90' lang='lat' dir='ltr'><strong>probare</strong></span> <span class='ocrx_word' id='word_1_146' title='bbox 2437 707 2754 774; x_wconf 90' lang='lat' dir='ltr'><strong>poterimus,</strong></span> <span class='ocrx_word' id='word_1_147' title='bbox 2798 710 2841 762; x_wconf 90' lang='lat' dir='ltr'><strong>si</strong></span> <span class='ocrx_word' id='word_1_148' title='bbox 2871 709 3121 778; x_wconf 88' lang='lat' dir='ltr'><strong>imposito</strong></span> <span class='ocrx_word' id='word_1_149' title='bbox 3152 711 3410 780; x_wconf 88' lang='lat' dir='ltr'><strong>improbis</strong></span> <span class='ocrx_word' id='word_1_150' title='bbox 3449 714 3520 766; x_wconf 83' lang='lat' dir='ltr'><strong>si-</strong></span> 
     </span>
    </p>
   </div>
   <div class='ocr_carea' id='block_1_22' title="bbox 1936 795 3520 871">
    <p class='ocr_par' dir='ltr' id='par_1_22' title="bbox 1936 795 3520 871">
     <span class='ocr_line' id='line_1_22' title="bbox 1936 795 3520 871; baseline 0.006 -22"><span class='ocrx_word' id='word_1_151' title='bbox 1936 795 2127 859; x_wconf 91' lang='lat' dir='ltr'><strong>lentio,</strong></span> <span class='ocrx_word' id='word_1_152' title='bbox 2175 797 2244 852; x_wconf 90' lang='lat' dir='ltr'><strong>de</strong></span> <span class='ocrx_word' id='word_1_153' title='bbox 2286 797 2379 852; x_wconf 89' lang='lat' dir='ltr'><strong>tali</strong></span> <span class='ocrx_word' id='word_1_154' title='bbox 2428 814 2487 854; x_wconf 90' lang='lat' dir='ltr'><strong>re</strong></span> <span class='ocrx_word' id='word_1_155' title='bbox 2532 799 2586 854; x_wconf 91' lang='lat' dir='ltr'><strong>in</strong></span> <span class='ocrx_word' id='word_1_156' title='bbox 2634 809 2910 870; x_wconf 88' lang='lat' dir='ltr'><strong>posterum</strong></span> <span class='ocrx_word' id='word_1_157' title='bbox 2960 802 3178 871; x_wconf 87' lang='lat' dir='ltr'><strong>querela</strong></span> <span class='ocrx_word' id='word_1_158' title='bbox 3209 805 3520 860; x_wconf 83' lang='lat' dir='ltr'><strong>cessaverit.</strong></span> 
     </span>
    </p>
   </div>
   <div class='ocr_carea' id='block_1_23' title="bbox 1936 885 3411 958">
    <p class='ocr_par' dir='ltr' id='par_1_23' title="bbox 1936 885 3411 958">
     <span class='ocr_line' id='line_1_23' title="bbox 1936 885 3411 958; baseline 0.008 -19"><span class='ocrx_word' id='word_1_159' title='bbox 1936 885 2078 944; x_wconf 90' lang='lat' dir='ltr'><strong>Deus</strong></span> <span class='ocrx_word' id='word_1_160' title='bbox 2105 904 2203 944; x_wconf 91' lang='lat' dir='ltr'><strong>vos</strong></span> <span class='ocrx_word' id='word_1_161' title='bbox 2230 888 2527 946; x_wconf 90' lang='lat' dir='ltr'><strong>incolumes</strong></span> <span class='ocrx_word' id='word_1_162' title='bbox 2558 893 2848 958; x_wconf 87' lang='lat' dir='ltr'><strong>custodiat,</strong></span> <span class='ocrx_word' id='word_1_163' title='bbox 2877 893 3071 950; x_wconf 82' lang='lat' dir='ltr'><strong>fratres</strong></span> <span class='ocrx_word' id='word_1_164' title='bbox 3093 894 3411 951; x_wconf 89' lang='lat' dir='ltr'><strong>charissimi.</strong></span> 
     </span>
    </p>
   </div>
   <div class='ocr_carea' id='block_1_24' title="bbox 2531 1038 2900 1052">
    <p class='ocr_par' dir='ltr' id='par_1_24' title="bbox 2531 1038 2900 1052">
     <span class='ocr_line' id='line_1_24' title="bbox 2531 1038 2900 1052; baseline 0.008 -3"><span class='ocrx_word' id='word_1_165' title='bbox 2531 1038 2900 1052; x_wconf 48' lang='grc' dir='ltr'><strong>ᾙ</strong></span> 
     </span>
    </p>
   </div>
   <div class='ocr_carea' id='block_1_25' title="bbox 1944 1151 3524 1237">
    <p class='ocr_par' dir='ltr' id='par_1_25' title="bbox 1944 1151 3524 1237">
     <span class='ocr_line' id='line_1_25' title="bbox 1944 1151 3524 1237; baseline 0.006 -27"><span class='ocrx_word' id='word_1_166' title='bbox 1944 1151 2418 1212; x_wconf 66' lang='lat' dir='ltr'><strong>Pra=tmitorum</strong></span> <span class='ocrx_word' id='word_1_167' title='bbox 2472 1153 2634 1237; x_wconf 68' lang='lat' dir='ltr'><strong>sedis</strong></span> <span class='ocrx_word' id='word_1_168' title='bbox 2682 1156 3045 1237; x_wconf 63' lang='lat' dir='ltr'><strong>apostol’cre</strong></span> <span class='ocrx_word' id='word_1_169' title='bbox 3088 1159 3524 1237; x_wconf 70' lang='lat' dir='ltr'><strong>episcoporum</strong></span> 
     </span>
    </p>
   </div>
   <div class='ocr_carea' id='block_1_26' title="bbox 2258 1233 3196 1310">
    <p class='ocr_par' dir='ltr' id='par_1_26' title="bbox 2258 1233 3196 1310">
     <span class='ocr_line' id='line_1_26' title="bbox 2258 1233 3196 1310; baseline 0.005 -20"><span class='ocrx_word' id='word_1_170' title='bbox 2258 1233 2672 1292; x_wconf 55' lang='lat' dir='ltr'><strong>auctoritatis</strong></span> <span class='ocrx_word' id='word_1_171' title='bbox 2717 1234 2788 1292; x_wconf 83' lang='lat' dir='ltr'><strong>de</strong></span> <span class='ocrx_word' id='word_1_172' title='bbox 2815 1237 3026 1310; x_wconf 76' lang='lat' dir='ltr'><strong>gratia</strong></span> <span class='ocrx_word' id='word_1_173' title='bbox 3064 1237 3196 1295; x_wconf 76' lang='lat' dir='ltr'><strong>Dei.</strong></span> 
     </span>
    </p>
   </div>
   <div class='ocr_carea' id='block_1_27' title="bbox 2008 1352 3523 1427">
    <p class='ocr_par' dir='ltr' id='par_1_27' title="bbox 2008 1352 3523 1427">
     <span class='ocr_line' id='line_1_27' title="bbox 2008 1352 3523 1427; baseline 0.006 -22"><span class='ocrx_word' id='word_1_174' title='bbox 2008 1352 2094 1406; x_wconf 91' lang='lat' dir='ltr'><strong>lll.</strong></span> <span class='ocrx_word' id='word_1_175' title='bbox 2137 1352 2270 1419; x_wconf 86' lang='lat' dir='ltr'><strong>Quia</strong></span> <span class='ocrx_word' id='word_1_176' title='bbox 2294 1355 2662 1424; x_wconf 90' lang='lat' dir='ltr'><strong>nonnulli,qui</strong></span> <span class='ocrx_word' id='word_1_177' title='bbox 2686 1356 2952 1412; x_wconf 82' lang='lat' dir='ltr'><strong>catholico</strong></span> <span class='ocrx_word' id='word_1_178' title='bbox 2977 1358 3192 1413; x_wconf 89' lang='lat' dir='ltr'><strong>nomine</strong></span> <span class='ocrx_word' id='word_1_179' title='bbox 3204 1359 3523 1427; x_wconf 79' lang='lat' dir='ltr'><strong>gloriantur.</strong></span> 
     </span>
    </p>
   </div>
   <div class='ocr_carea' id='block_1_28' title="bbox 1941 1441 3526 1516">
    <p class='ocr_par' dir='ltr' id='par_1_28' title="bbox 1941 1441 3526 1516">
     <span class='ocr_line' id='line_1_28' title="bbox 1941 1441 3526 1516; baseline 0.005 -20"><span class='ocrx_word' id='word_1_180' title='bbox 1941 1443 1994 1496; x_wconf 92' lang='lat' dir='ltr'><strong>in</strong></span> <span class='ocrx_word' id='word_1_181' title='bbox 2024 1441 2293 1498; x_wconf 87' lang='lat' dir='ltr'><strong>damnatis</strong></span> <span class='ocrx_word' id='word_1_182' title='bbox 2324 1444 2698 1500; x_wconf 76' lang='lat' dir='ltr'><strong>luereticorum</strong></span> <span class='ocrx_word' id='word_1_183' title='bbox 2720 1446 2964 1501; x_wconf 83' lang='lat' dir='ltr'><strong>sensibus</strong></span> <span class='ocrx_word' id='word_1_184' title='bbox 2991 1463 3083 1501; x_wconf 92' lang='lat' dir='ltr'><strong>seu</strong></span> <span class='ocrx_word' id='word_1_185' title='bbox 3108 1448 3391 1516; x_wconf 84' lang='lat' dir='ltr'><strong>pravitate,</strong></span> <span class='ocrx_word' id='word_1_186' title='bbox 3414 1449 3526 1504; x_wconf 84' lang='lat' dir='ltr'><strong>sive</strong></span> 
     </span>
    </p>
   </div>
   <div class='ocr_carea' id='block_1_29' title="bbox 1941 1531 3529 1606">
    <p class='ocr_par' dir='ltr' id='par_1_29' title="bbox 1941 1531 3529 1606">
     <span class='ocr_line' id='line_1_29' title="bbox 1941 1531 3529 1606; baseline 0.006 -22"><span class='ocrx_word' id='word_1_187' title='bbox 1941 1531 2207 1601; x_wconf 87' lang='lat' dir='ltr'><strong>imperitia</strong></span> <span class='ocrx_word' id='word_1_188' title='bbox 2224 1533 2589 1605; x_wconf 89' lang='lat' dir='ltr'><strong>demorantes,</strong></span> <span class='ocrx_word' id='word_1_189' title='bbox 2607 1536 2861 1604; x_wconf 82' lang='lat' dir='ltr'><strong>piissimis</strong></span> <span class='ocrx_word' id='word_1_190' title='bbox 2879 1536 3529 1606; x_wconf 68' lang='lat' dir='ltr'><strong>tlispuuimribus-obviare</strong></span> 
     </span>
    </p>
   </div>
   <div class='ocr_carea' id='block_1_30' title="bbox 1942 1624 3526 1695">
    <p class='ocr_par' dir='ltr' id='par_1_30' title="bbox 1942 1624 3526 1695">
     <span class='ocr_line' id='line_1_30' title="bbox 1942 1624 3526 1695; baseline 0.006 -20"><span class='ocrx_word' id='word_1_191' title='bbox 1942 1631 2286 1690; x_wconf 71' lang='lat' dir='ltr'><strong>przcsumunt,</strong></span> <span class='ocrx_word' id='word_1_192' title='bbox 2309 1632 2364 1678; x_wconf 91' lang='lat' dir='ltr'><strong>et</strong></span> <span class='ocrx_word' id='word_1_193' title='bbox 2391 1640 2514 1679; x_wconf 91' lang='lat' dir='ltr'><strong>cum</strong></span> <span class='ocrx_word' id='word_1_194' title='bbox 2547 1624 2837 1695; x_wconf 79' lang='lat' dir='ltr'><strong>Pelagium,</strong></span> <span class='ocrx_word' id='word_1_195' title='bbox 2870 1635 3028 1695; x_wconf 91' lang='lat' dir='ltr'><strong>atque</strong></span> <span class='ocrx_word' id='word_1_196' title='bbox 3059 1627 3368 1682; x_wconf 78' lang='lat' dir='ltr'><strong>leestium</strong></span> <span class='ocrx_word' id='word_1_197' title='bbox 3393 1644 3526 1684; x_wconf 80' lang='lat' dir='ltr'><strong>ana-</strong></span> 
     </span>
    </p>
   </div>
   <div class='ocr_carea' id='block_1_31' title="bbox 1944 1713 3528 1786">
    <p class='ocr_par' dir='ltr' id='par_1_31' title="bbox 1944 1713 3528 1786">
     <span class='ocr_line' id='line_1_31' title="bbox 1944 1713 3528 1786; baseline 0.008 -22"><span class='ocrx_word' id='word_1_198' title='bbox 1944 1713 2299 1768; x_wconf 89' lang='lat' dir='ltr'><strong>thematizare</strong></span> <span class='ocrx_word' id='word_1_199' title='bbox 2346 1729 2454 1770; x_wconf 90' lang='lat' dir='ltr'><strong>non</strong></span> <span class='ocrx_word' id='word_1_200' title='bbox 2505 1715 2770 1779; x_wconf 87' lang='lat' dir='ltr'><strong>dubitent,</strong></span> <span class='ocrx_word' id='word_1_201' title='bbox 2803 1717 3074 1786; x_wconf 77' lang='lat' dir='ltr'><strong>magistris</strong></span> <span class='ocrx_word' id='word_1_202' title='bbox 3095 1728 3273 1773; x_wconf 88' lang='lat' dir='ltr'><strong>tamen</strong></span> <span class='ocrx_word' id='word_1_203' title='bbox 3307 1720 3528 1781; x_wconf 87' lang='lat' dir='ltr'><strong>nostris.</strong></span> 
     </span>
    </p>
   </div>
   <div class='ocr_carea' id='block_1_32' title="bbox 247 1799 3531 1878">
    <p class='ocr_par' dir='ltr' id='par_1_32' title="bbox 247 1799 3531 1878">
     <span class='ocr_line' id='line_1_32' title="bbox 247 1799 3531 1878; baseline 0.002 -20"><span class='ocrx_word' id='word_1_204' title='bbox 247 1803 460 1858; x_wconf 81' lang='lat' dir='ltr'><strong>falsitas</strong></span> <span class='ocrx_word' id='word_1_205' title='bbox 487 1801 815 1872; x_wconf 87' lang='lat' dir='ltr'><strong>displiceret.</strong></span> <span class='ocrx_word' id='word_1_206' title='bbox 847 1799 1038 1855; x_wconf 76' lang='lat' dir='ltr'><strong>Merito</strong></span> <span class='ocrx_word' id='word_1_207' title='bbox 1067 1815 1302 1870; x_wconf 86' lang='lat' dir='ltr'><strong>namque</strong></span> <span class='ocrx_word' id='word_1_208' title='bbox 1329 1816 1488 1855; x_wconf 88' lang='lat' dir='ltr'><strong>causa</strong></span> <span class='ocrx_word' id='word_1_209' title='bbox 1532 1816 1632 1856; x_wconf 92' lang='lat' dir='ltr'><strong>nos</strong></span> <span class='ocrx_word' id='word_1_210' title='bbox 1659 1802 1837 1870; x_wconf 85' lang='lat' dir='ltr'><strong>respi-</strong></span> <span class='ocrx_word' id='word_1_211' title='bbox 1877 1814 1912 1868; x_wconf 68' lang='grc' dir='ltr'>ιι</span> <span class='ocrx_word' id='word_1_212' title='bbox 1947 1810 2200 1871; x_wconf 88' lang='lat' dir='ltr'><strong>tanquam</strong></span> <span class='ocrx_word' id='word_1_213' title='bbox 2223 1805 2592 1859; x_wconf 86' lang='lat' dir='ltr'><strong>necessarium</strong></span> <span class='ocrx_word' id='word_1_214' title='bbox 2612 1805 2831 1861; x_wconf 92' lang='lat' dir='ltr'><strong>modum</strong></span> <span class='ocrx_word' id='word_1_215' title='bbox 2855 1809 3206 1872; x_wconf 82' lang='lat' dir='ltr'><strong>excesserint,</strong></span> <span class='ocrx_word' id='word_1_216' title='bbox 3230 1809 3531 1878; x_wconf 82' lang='lat' dir='ltr'><strong>obloquun-</strong></span> 
     </span>
    </p>
   </div>
   <div class='ocr_carea' id='block_1_33' title="bbox 247 1887 1843 1960">
    <p class='ocr_par' dir='ltr' id='par_1_33' title="bbox 247 1887 1843 1960">
     <span class='ocr_line' id='line_1_33' title="bbox 247 1887 1843 1960; baseline -0.003 -11"><span class='ocrx_word' id='word_1_217' title='bbox 247 1894 348 1958; x_wconf 88' lang='lat' dir='ltr'><strong>cit,</strong></span> <span class='ocrx_word' id='word_1_218' title='bbox 379 1893 426 1946; x_wconf 93' lang='lat' dir='ltr'><strong>si</strong></span> <span class='ocrx_word' id='word_1_219' title='bbox 470 1891 686 1947; x_wconf 90' lang='lat' dir='ltr'><strong>silentio</strong></span> <span class='ocrx_word' id='word_1_220' title='bbox 737 1889 1010 1945; x_wconf 80' lang='lat' dir='ltr'><strong>faveamus</strong></span> <span class='ocrx_word' id='word_1_221' title='bbox 1050 1889 1243 1945; x_wconf 89' lang='lat' dir='ltr'><strong>errori.</strong></span> <span class='ocrx_word' id='word_1_222' title='bbox 1293 1887 1432 1958; x_wconf 83' lang='lat' dir='ltr'><strong>Ergo</strong></span> <span class='ocrx_word' id='word_1_223' title='bbox 1477 1891 1843 1960; x_wconf 82' lang='lat' dir='ltr'><strong>corripiantur</strong></span> 
     </span>
    </p>
   </div>
   <div class='ocr_carea' id='block_1_34' title="bbox 248 1982 1843 2054">
    <p class='ocr_par' dir='ltr' id='par_1_34' title="bbox 248 1982 1843 2054">
     <span class='ocr_line' id='line_1_34' title="bbox 248 1982 1843 2054; baseline -0.001 -14"><span class='ocrx_word' id='word_1_224' title='bbox 248 1984 582 2054; x_wconf 87' lang='lat' dir='ltr'><strong>hujusmodi,</strong></span> <span class='ocrx_word' id='word_1_225' title='bbox 618 2000 724 2038; x_wconf 92' lang='lat' dir='ltr'><strong>non</strong></span> <span class='ocrx_word' id='word_1_226' title='bbox 750 1983 820 2038; x_wconf 88' lang='lat' dir='ltr'><strong>sit</strong></span> <span class='ocrx_word' id='word_1_227' title='bbox 849 1983 930 2038; x_wconf 88' lang='lat' dir='ltr'><strong>his</strong></span> <span class='ocrx_word' id='word_1_228' title='bbox 955 1983 1181 2038; x_wconf 90' lang='lat' dir='ltr'><strong>liberum</strong></span> <span class='ocrx_word' id='word_1_229' title='bbox 1210 1982 1413 2038; x_wconf 86' lang='lat' dir='ltr'><strong>habere</strong></span> <span class='ocrx_word' id='word_1_230' title='bbox 1438 1997 1536 2053; x_wconf 90' lang='lat' dir='ltr'><strong>pro</strong></span> <span class='ocrx_word' id='word_1_231' title='bbox 1565 1983 1843 2038; x_wconf 86' lang='lat' dir='ltr'><strong>voluntate</strong></span> 
     </span>
    </p>
   </div>
   <div class='ocr_carea' id='block_1_35' title="bbox 248 2075 1846 2143">
    <p class='ocr_par' dir='ltr' id='par_1_35' title="bbox 248 2075 1846 2143">
     <span class='ocr_line' id='line_1_35' title="bbox 248 2075 1846 2143; baseline -0.001 -11"><span class='ocrx_word' id='word_1_232' title='bbox 248 2092 580 2141; x_wconf 84' lang='lat' dir='ltr'><strong>sermonem,</strong></span> <span class='ocrx_word' id='word_1_233' title='bbox 613 2075 847 2143; x_wconf 86' lang='lat' dir='ltr'><strong>desinat,</strong></span> <span class='ocrx_word' id='word_1_234' title='bbox 879 2075 924 2129; x_wconf 89' lang='lat' dir='ltr'><strong>si</strong></span> <span class='ocrx_word' id='word_1_235' title='bbox 953 2075 1025 2128; x_wconf 93' lang='lat' dir='ltr'><strong>ita</strong></span> <span class='ocrx_word' id='word_1_236' title='bbox 1047 2091 1136 2130; x_wconf 88' lang='lat' dir='ltr'><strong>res</strong></span> <span class='ocrx_word' id='word_1_237' title='bbox 1163 2083 1306 2140; x_wconf 90' lang='lat' dir='ltr'><strong>sunt,</strong></span> <span class='ocrx_word' id='word_1_238' title='bbox 1332 2075 1604 2129; x_wconf 83' lang='lat' dir='ltr'><strong>incessere</strong></span> <span class='ocrx_word' id='word_1_239' title='bbox 1634 2076 1846 2130; x_wconf 87' lang='lat' dir='ltr'><strong>novitas</strong></span> 
     </span>
    </p>
   </div>
   <div class='ocr_carea' id='block_1_36' title="bbox 252 2163 1847 2233">
    <p class='ocr_par' dir='ltr' id='par_1_36' title="bbox 252 2163 1847 2233">
     <span class='ocr_line' id='line_1_36' title="bbox 252 2163 1847 2233; baseline -0.001 -13"><span class='ocrx_word' id='word_1_240' title='bbox 252 2174 578 2222; x_wconf 87' lang='lat' dir='ltr'><strong>vetustatem</strong></span> <span class='ocrx_word' id='word_1_241' title='bbox 596 2207 612 2232; x_wconf 98' lang='lat'><strong>,</strong></span> <span class='ocrx_word' id='word_1_242' title='bbox 634 2166 845 2222; x_wconf 88' lang='lat' dir='ltr'><strong>desinat</strong></span> <span class='ocrx_word' id='word_1_243' title='bbox 871 2163 1235 2221; x_wconf 85' lang='lat' dir='ltr'><strong>Ecclesiarum</strong></span> <span class='ocrx_word' id='word_1_244' title='bbox 1263 2165 1499 2233; x_wconf 89' lang='lat' dir='ltr'><strong>quietem</strong></span> <span class='ocrx_word' id='word_1_245' title='bbox 1531 2163 1847 2232; x_wconf 88' lang='lat' dir='ltr'><strong>inquietudo</strong></span> 
     </span>
    </p>
   </div>
   <div class='ocr_carea' id='block_1_37' title="bbox 253 2254 1848 2326">
    <p class='ocr_par' dir='ltr' id='par_1_37' title="bbox 253 2254 1848 2326">
     <span class='ocr_line' id='line_1_37' title="bbox 253 2254 1848 2326; baseline -0.001 -14"><span class='ocrx_word' id='word_1_246' title='bbox 253 2260 498 2314; x_wconf 75' lang='lat' dir='ltr'><strong>turbare.</strong></span> <span class='ocrx_word' id='word_1_247' title='bbox 553 2256 833 2313; x_wconf 87' lang='lat' dir='ltr'><strong>Conantur</strong></span> <span class='ocrx_word' id='word_1_248' title='bbox 875 2272 1019 2326; x_wconf 73' lang='lat' dir='ltr'><strong>stupe</strong></span> <span class='ocrx_word' id='word_1_249' title='bbox 1067 2254 1342 2324; x_wconf 83' lang='lat' dir='ltr'><strong>naufragio</strong></span> <span class='ocrx_word' id='word_1_250' title='bbox 1383 2270 1662 2324; x_wconf 80' lang='lat' dir='ltr'><strong>mergere,</strong></span> <span class='ocrx_word' id='word_1_251' title='bbox 1711 2270 1848 2324; x_wconf 89' lang='lat' dir='ltr'><strong>quos</strong></span> 
     </span>
    </p>
   </div>
   <div class='ocr_carea' id='block_1_38' title="bbox 257 2345 1847 2422">
    <p class='ocr_par' dir='ltr' id='par_1_38' title="bbox 257 2345 1847 2422">
     <span class='ocr_line' id='line_1_38' title="bbox 257 2345 1847 2422; baseline -0.004 -16"><span class='ocrx_word' id='word_1_252' title='bbox 257 2353 399 2406; x_wconf 88' lang='lat' dir='ltr'><strong>intra</strong></span> <span class='ocrx_word' id='word_1_253' title='bbox 432 2361 645 2422; x_wconf 89' lang='lat' dir='ltr'><strong>portum</strong></span> <span class='ocrx_word' id='word_1_254' title='bbox 695 2359 902 2406; x_wconf 89' lang='lat' dir='ltr'><strong>stantes</strong></span> <span class='ocrx_word' id='word_1_255' title='bbox 948 2350 1111 2404; x_wconf 89' lang='lat' dir='ltr'><strong>statio</strong></span> <span class='ocrx_word' id='word_1_256' title='bbox 1139 2349 1271 2402; x_wconf 84' lang='lat' dir='ltr'><strong>facit</strong></span> <span class='ocrx_word' id='word_1_257' title='bbox 1299 2348 1403 2402; x_wconf 83' lang='lat' dir='ltr'><strong>fida</strong></span> <span class='ocrx_word' id='word_1_258' title='bbox 1430 2363 1671 2403; x_wconf 90' lang='lat' dir='ltr'><strong>securos.</strong></span> <span class='ocrx_word' id='word_1_259' title='bbox 1718 2345 1847 2402; x_wconf 82' lang='lat' dir='ltr'><strong>Fida</strong></span> 
     </span>
    </p>
   </div>
   <div class='ocr_carea' id='block_1_39' title="bbox 256 2439 1846 2515">
    <p class='ocr_par' dir='ltr' id='par_1_39' title="bbox 256 2439 1846 2515">
     <span class='ocr_line' id='line_1_39' title="bbox 256 2439 1846 2515; baseline -0.005 -15"><span class='ocrx_word' id='word_1_260' title='bbox 256 2447 462 2515; x_wconf 88' lang='lat' dir='ltr'><strong>quippe</strong></span> <span class='ocrx_word' id='word_1_261' title='bbox 490 2454 576 2499; x_wconf 89' lang='lat' dir='ltr'><strong>est</strong></span> <span class='ocrx_word' id='word_1_262' title='bbox 600 2444 838 2499; x_wconf 92' lang='lat' dir='ltr'><strong>omnium</strong></span> <span class='ocrx_word' id='word_1_263' title='bbox 877 2444 1059 2506; x_wconf 91' lang='lat' dir='ltr'><strong>statio,</strong></span> <span class='ocrx_word' id='word_1_264' title='bbox 1092 2457 1321 2513; x_wconf 91' lang='lat' dir='ltr'><strong>quorum</strong></span> <span class='ocrx_word' id='word_1_265' title='bbox 1350 2440 1602 2512; x_wconf 77' lang='lat' dir='ltr'><strong>perfectis</strong></span> <span class='ocrx_word' id='word_1_266' title='bbox 1647 2439 1846 2508; x_wconf 86' lang='lat' dir='ltr'><strong>gressi-</strong></span> 
     </span>
    </p>
   </div>
   <div class='ocr_carea' id='block_1_40' title="bbox 255 2531 1849 2606">
    <p class='ocr_par' dir='ltr' id='par_1_40' title="bbox 255 2531 1849 2606">
     <span class='ocr_line' id='line_1_40' title="bbox 255 2531 1849 2606; baseline -0.005 -15"><span class='ocrx_word' id='word_1_267' title='bbox 255 2538 364 2591; x_wconf 88' lang='lat' dir='ltr'><strong>bus</strong></span> <span class='ocrx_word' id='word_1_268' title='bbox 395 2536 619 2606; x_wconf 85' lang='lat' dir='ltr'><strong>vestigia</strong></span> <span class='ocrx_word' id='word_1_269' title='bbox 649 2551 756 2590; x_wconf 90' lang='lat' dir='ltr'><strong>non</strong></span> <span class='ocrx_word' id='word_1_270' title='bbox 783 2544 1085 2588; x_wconf 68' lang='lat' dir='ltr'><strong>merentur.</strong></span> <span class='ocrx_word' id='word_1_271' title='bbox 1121 2532 1486 2587; x_wconf 84' lang='lat' dir='ltr'><strong>Recurrerunt</strong></span> <span class='ocrx_word' id='word_1_272' title='bbox 1522 2531 1588 2584; x_wconf 88' lang='lat' dir='ltr'><strong>ad</strong></span> <span class='ocrx_word' id='word_1_273' title='bbox 1630 2538 1849 2600; x_wconf 88' lang='lat' dir='ltr'><strong>aposto-</strong></span> 
     </span>
    </p>
   </div>
   <div class='ocr_carea' id='block_1_41' title="bbox 256 2623 1853 2698">
    <p class='ocr_par' dir='ltr' id='par_1_41' title="bbox 256 2623 1853 2698">
     <span class='ocr_line' id='line_1_41' title="bbox 256 2623 1853 2698; baseline -0.005 -15"><span class='ocrx_word' id='word_1_274' title='bbox 256 2628 421 2683; x_wconf 82' lang='lat' dir='ltr'><strong>licam</strong></span> <span class='ocrx_word' id='word_1_275' title='bbox 465 2625 708 2698; x_wconf 71' lang='lat' dir='ltr'><strong>przedicti</strong></span> <span class='ocrx_word' id='word_1_276' title='bbox 755 2625 959 2690; x_wconf 90' lang='lat' dir='ltr'><strong>sedem,</strong></span> <span class='ocrx_word' id='word_1_277' title='bbox 994 2625 1107 2680; x_wconf 66' lang='lat' dir='ltr'><strong>hanc</strong></span> <span class='ocrx_word' id='word_1_278' title='bbox 1153 2625 1266 2694; x_wconf 86' lang='lat' dir='ltr'><strong>ipsa</strong></span> <span class='ocrx_word' id='word_1_279' title='bbox 1309 2623 1466 2677; x_wconf 87' lang='lat' dir='ltr'><strong>nobis</strong></span> <span class='ocrx_word' id='word_1_280' title='bbox 1513 2626 1632 2692; x_wconf 73' lang='lat' dir='ltr'><strong>q&#39;nze</strong></span> <span class='ocrx_word' id='word_1_281' title='bbox 1682 2629 1853 2676; x_wconf 91' lang='lat' dir='ltr'><strong>tentat</strong></span> 
     </span>
    </p>
   </div>
   <div class='ocr_carea' id='block_1_42' title="bbox 259 2712 1848 2788">
    <p class='ocr_par' dir='ltr' id='par_1_42' title="bbox 259 2712 1848 2788">
     <span class='ocr_line' id='line_1_42' title="bbox 259 2712 1848 2788; baseline -0.004 -15"><span class='ocrx_word' id='word_1_282' title='bbox 259 2717 618 2788; x_wconf 86' lang='lat' dir='ltr'><strong>perturbatio,</strong></span> <span class='ocrx_word' id='word_1_283' title='bbox 647 2725 1060 2786; x_wconf 86' lang='lat' dir='ltr'><strong>conquerentes.</strong></span> <span class='ocrx_word' id='word_1_284' title='bbox 1111 2713 1396 2776; x_wconf 87' lang='lat' dir='ltr'><strong>Habetote,</strong></span> <span class='ocrx_word' id='word_1_285' title='bbox 1423 2713 1616 2768; x_wconf 86' lang='lat' dir='ltr'><strong>fratres</strong></span> <span class='ocrx_word' id='word_1_286' title='bbox 1645 2712 1848 2768; x_wconf 89' lang='lat' dir='ltr'><strong>charis-</strong></span> 
     </span>
    </p>
   </div>
   <div class='ocr_carea' id='block_1_43' title="bbox 255 2804 1852 2880">
    <p class='ocr_par' dir='ltr' id='par_1_43' title="bbox 255 2804 1852 2880">
     <span class='ocr_line' id='line_1_43' title="bbox 255 2804 1852 2880; baseline -0.005 -15"><span class='ocrx_word' id='word_1_287' title='bbox 255 2808 408 2877; x_wconf 88' lang='lat' dir='ltr'><strong>simi,</strong></span> <span class='ocrx_word' id='word_1_288' title='bbox 436 2825 538 2880; x_wconf 88' lang='lat' dir='ltr'><strong>pro</strong></span> <span class='ocrx_word' id='word_1_289' title='bbox 563 2807 840 2862; x_wconf 70' lang='lat' dir='ltr'><strong>catholica:</strong></span> <span class='ocrx_word' id='word_1_290' title='bbox 877 2807 1048 2876; x_wconf 87' lang='lat' dir='ltr'><strong>plebis</strong></span> <span class='ocrx_word' id='word_1_291' title='bbox 1085 2820 1220 2876; x_wconf 86' lang='lat' dir='ltr'><strong>pace</strong></span> <span class='ocrx_word' id='word_1_292' title='bbox 1251 2813 1561 2870; x_wconf 85' lang='lat' dir='ltr'><strong>tractatum,</strong></span> <span class='ocrx_word' id='word_1_293' title='bbox 1594 2804 1767 2858; x_wconf 89' lang='lat' dir='ltr'><strong>sciant</strong></span> <span class='ocrx_word' id='word_1_294' title='bbox 1792 2818 1852 2857; x_wconf 90' lang='lat' dir='ltr'><strong>se</strong></span> 
     </span>
    </p>
   </div>
   <div class='ocr_carea' id='block_1_44' title="bbox 257 2894 1852 2971">
    <p class='ocr_par' dir='ltr' id='par_1_44' title="bbox 257 2894 1852 2971">
     <span class='ocr_line' id='line_1_44' title="bbox 257 2894 1852 2971; baseline -0.004 -16"><span class='ocrx_word' id='word_1_295' title='bbox 257 2901 335 2971; x_wconf 91' lang='lat' dir='ltr'><strong>(si</strong></span> <span class='ocrx_word' id='word_1_296' title='bbox 363 2909 543 2954; x_wconf 86' lang='lat' dir='ltr'><strong>tamen</strong></span> <span class='ocrx_word' id='word_1_297' title='bbox 574 2910 864 2954; x_wconf 87' lang='lat' dir='ltr'><strong>censentur</strong></span> <span class='ocrx_word' id='word_1_298' title='bbox 893 2896 1214 2969; x_wconf 82' lang='lat' dir='ltr'><strong>presbyterii</strong></span> <span class='ocrx_word' id='word_1_299' title='bbox 1241 2895 1521 2964; x_wconf 80' lang='lat' dir='ltr'><strong>dignitate)</strong></span> <span class='ocrx_word' id='word_1_300' title='bbox 1551 2894 1702 2949; x_wconf 86' lang='lat' dir='ltr'><strong>vobis</strong></span> <span class='ocrx_word' id='word_1_301' title='bbox 1733 2907 1852 2948; x_wconf 88' lang='lat' dir='ltr'><strong>esse</strong></span> 
     </span>
    </p>
   </div>
   <div class='ocr_carea' id='block_1_45' title="bbox 264 2982 1848 3057">
    <p class='ocr_par' dir='ltr' id='par_1_45' title="bbox 264 2982 1848 3057">
     <span class='ocr_line' id='line_1_45' title="bbox 264 2982 1848 3057; baseline -0.005 -13"><span class='ocrx_word' id='word_1_302' title='bbox 264 2989 566 3057; x_wconf 85' lang='lat' dir='ltr'><strong>subjectos,</strong></span> <span class='ocrx_word' id='word_1_303' title='bbox 593 2989 787 3051; x_wconf 89' lang='lat' dir='ltr'><strong>sciant,</strong></span> <span class='ocrx_word' id='word_1_304' title='bbox 820 2991 964 3057; x_wconf 87' lang='lat' dir='ltr'><strong>quod</strong></span> <span class='ocrx_word' id='word_1_305' title='bbox 992 2986 1093 3042; x_wconf 89' lang='lat' dir='ltr'><strong>sibi</strong></span> <span class='ocrx_word' id='word_1_306' title='bbox 1115 2999 1328 3052; x_wconf 87' lang='lat' dir='ltr'><strong>omnes,</strong></span> <span class='ocrx_word' id='word_1_307' title='bbox 1356 2984 1448 3053; x_wconf 90' lang='lat' dir='ltr'><strong>qui</strong></span> <span class='ocrx_word' id='word_1_308' title='bbox 1469 2982 1610 3037; x_wconf 89' lang='lat' dir='ltr'><strong>male</strong></span> <span class='ocrx_word' id='word_1_309' title='bbox 1630 2982 1848 3046; x_wconf 86' lang='lat' dir='ltr'><strong>docent,</strong></span> 
     </span>
    </p>
   </div>
   <div class='ocr_carea' id='block_1_46' title="bbox 258 3072 1848 3148">
    <p class='ocr_par' dir='ltr' id='par_1_46' title="bbox 258 3072 1848 3148">
     <span class='ocr_line' id='line_1_46' title="bbox 258 3072 1848 3148; baseline -0.007 -13"><span class='ocrx_word' id='word_1_310' title='bbox 258 3081 473 3135; x_wconf 87' lang='lat' dir='ltr'><strong>discere</strong></span> <span class='ocrx_word' id='word_1_311' title='bbox 518 3080 688 3148; x_wconf 85' lang='lat' dir='ltr'><strong>magis</strong></span> <span class='ocrx_word' id='word_1_312' title='bbox 734 3094 798 3134; x_wconf 88' lang='lat' dir='ltr'><strong>ac</strong></span> <span class='ocrx_word' id='word_1_313' title='bbox 837 3078 1008 3147; x_wconf 85' lang='lat' dir='ltr'><strong>magis</strong></span> <span class='ocrx_word' id='word_1_314' title='bbox 1070 3083 1365 3145; x_wconf 87' lang='lat' dir='ltr'><strong>competat,</strong></span> <span class='ocrx_word' id='word_1_315' title='bbox 1411 3088 1572 3144; x_wconf 89' lang='lat' dir='ltr'><strong>quam</strong></span> <span class='ocrx_word' id='word_1_316' title='bbox 1629 3072 1848 3128; x_wconf 88' lang='lat' dir='ltr'><strong>docere.</strong></span> 
     </span>
    </p>
   </div>
   <div class='ocr_carea' id='block_1_47' title="bbox 1950 1896 3532 1968">
    <p class='ocr_par' dir='ltr' id='par_1_47' title="bbox 1950 1896 3532 1968">
     <span class='ocr_line' id='line_1_47' title="bbox 1950 1896 3532 1968; baseline 0.005 -21"><span class='ocrx_word' id='word_1_317' title='bbox 1950 1902 2056 1956; x_wconf 90' lang='lat' dir='ltr'><strong>tur,</strong></span> <span class='ocrx_word' id='word_1_318' title='bbox 2107 1909 2278 1962; x_wconf 89' lang='lat' dir='ltr'><strong>eaque</strong></span> <span class='ocrx_word' id='word_1_319' title='bbox 2310 1896 2682 1951; x_wconf 88' lang='lat' dir='ltr'><strong>tantummodo</strong></span> <span class='ocrx_word' id='word_1_320' title='bbox 2738 1897 2888 1966; x_wconf 90' lang='lat' dir='ltr'><strong>sequi</strong></span> <span class='ocrx_word' id='word_1_321' title='bbox 2935 1905 2990 1952; x_wconf 92' lang='lat' dir='ltr'><strong>et</strong></span> <span class='ocrx_word' id='word_1_322' title='bbox 3018 1899 3248 1968; x_wconf 88' lang='lat' dir='ltr'><strong>probare</strong></span> <span class='ocrx_word' id='word_1_323' title='bbox 3277 1900 3532 1968; x_wconf 83' lang='lat' dir='ltr'><strong>proliten-</strong></span> 
     </span>
    </p>
   </div>
   <div class='ocr_carea' id='block_1_48' title="bbox 1947 1987 3528 2057">
    <p class='ocr_par' dir='ltr' id='par_1_48' title="bbox 1947 1987 3528 2057">
     <span class='ocr_line' id='line_1_48' title="bbox 1947 1987 3528 2057; baseline 0.006 -22"><span class='ocrx_word' id='word_1_324' title='bbox 1947 1988 2065 2047; x_wconf 90' lang='lat' dir='ltr'><strong>tur,</strong></span> <span class='ocrx_word' id='word_1_325' title='bbox 2115 1997 2236 2051; x_wconf 66' lang='lat' dir='ltr'><strong>quae</strong></span> <span class='ocrx_word' id='word_1_326' title='bbox 2282 1987 2646 2041; x_wconf 89' lang='lat' dir='ltr'><strong>sacratissima</strong></span> <span class='ocrx_word' id='word_1_327' title='bbox 2698 1987 2839 2042; x_wconf 87' lang='lat' dir='ltr'><strong>beati</strong></span> <span class='ocrx_word' id='word_1_328' title='bbox 2893 1989 3126 2057; x_wconf 84' lang='lat' dir='ltr'><strong>apostoli</strong></span> <span class='ocrx_word' id='word_1_329' title='bbox 3181 1989 3336 2050; x_wconf 88' lang='lat' dir='ltr'><strong>sedes</strong></span> <span class='ocrx_word' id='word_1_330' title='bbox 3385 1989 3528 2045; x_wconf 86' lang='lat' dir='ltr'><strong>Petri</strong></span> 
     </span>
    </p>
   </div>
   <div class='ocr_carea' id='block_1_49' title="bbox 1947 2073 3532 2150">
    <p class='ocr_par' dir='ltr' id='par_1_49' title="bbox 1947 2073 3532 2150">
     <span class='ocr_line' id='line_1_49' title="bbox 1947 2073 3532 2150; baseline 0.005 -25"><span class='ocrx_word' id='word_1_331' title='bbox 1947 2081 2135 2127; x_wconf 90' lang='lat' dir='ltr'><strong>contra</strong></span> <span class='ocrx_word' id='word_1_332' title='bbox 2166 2073 2412 2129; x_wconf 89' lang='lat' dir='ltr'><strong>inimicos</strong></span> <span class='ocrx_word' id='word_1_333' title='bbox 2438 2075 2625 2144; x_wconf 74' lang='lat' dir='ltr'><strong>gratia:</strong></span> <span class='ocrx_word' id='word_1_334' title='bbox 2665 2075 2759 2130; x_wconf 90' lang='lat' dir='ltr'><strong>Dei</strong></span> <span class='ocrx_word' id='word_1_335' title='bbox 2805 2091 2903 2146; x_wconf 90' lang='lat' dir='ltr'><strong>per</strong></span> <span class='ocrx_word' id='word_1_336' title='bbox 2949 2077 3301 2131; x_wconf 78' lang='lat' dir='ltr'><strong>ministerium</strong></span> <span class='ocrx_word' id='word_1_337' title='bbox 3334 2094 3532 2150; x_wconf 61' lang='lat' dir='ltr'><strong>praesu-</strong></span> 
     </span>
    </p>
   </div>
   <div class='ocr_carea' id='block_1_50' title="bbox 1949 2167 3532 2226">
    <p class='ocr_par' dir='ltr' id='par_1_50' title="bbox 1949 2167 3532 2226">
     <span class='ocr_line' id='line_1_50' title="bbox 1949 2167 3532 2226; baseline 0.002 -6"><span class='ocrx_word' id='word_1_338' title='bbox 1949 2167 2058 2221; x_wconf 92' lang='lat' dir='ltr'><strong>lum</strong></span> <span class='ocrx_word' id='word_1_339' title='bbox 2089 2183 2309 2222; x_wconf 91' lang='lat' dir='ltr'><strong>suorum</strong></span> <span class='ocrx_word' id='word_1_340' title='bbox 2332 2170 2513 2224; x_wconf 74' lang='lat' dir='ltr'><strong>sanxit</strong></span> <span class='ocrx_word' id='word_1_341' title='bbox 2542 2177 2597 2224; x_wconf 91' lang='lat' dir='ltr'><strong>et</strong></span> <span class='ocrx_word' id='word_1_342' title='bbox 2621 2169 2823 2224; x_wconf 90' lang='lat' dir='ltr'><strong>docuit.</strong></span> <span class='ocrx_word' id='word_1_343' title='bbox 2887 2170 3256 2226; x_wconf 89' lang='lat' dir='ltr'><strong>Necessarium</strong></span> <span class='ocrx_word' id='word_1_344' title='bbox 3289 2173 3386 2226; x_wconf 88' lang='lat' dir='ltr'><strong>fuit</strong></span> <span class='ocrx_word' id='word_1_345' title='bbox 3413 2171 3532 2225; x_wconf 85' lang='lat' dir='ltr'><strong>dili-</strong></span> 
     </span>
    </p>
   </div>
   <div class='ocr_carea' id='block_1_51' title="bbox 1947 2259 3532 2330">
    <p class='ocr_par' dir='ltr' id='par_1_51' title="bbox 1947 2259 3532 2330">
     <span class='ocr_line' id='line_1_51' title="bbox 1947 2259 3532 2330; baseline 0.003 -17"><span class='ocrx_word' id='word_1_346' title='bbox 1947 2268 2139 2326; x_wconf 83' lang='lat' dir='ltr'><strong>genter</strong></span> <span class='ocrx_word' id='word_1_347' title='bbox 2167 2259 2439 2326; x_wconf 83' lang='lat' dir='ltr'><strong>inquirere</strong></span> <span class='ocrx_word' id='word_1_348' title='bbox 2469 2261 2596 2330; x_wconf 91' lang='lat' dir='ltr'><strong>quid</strong></span> <span class='ocrx_word' id='word_1_349' title='bbox 2625 2269 2866 2316; x_wconf 90' lang='lat' dir='ltr'><strong>rectores</strong></span> <span class='ocrx_word' id='word_1_350' title='bbox 2896 2261 3152 2316; x_wconf 80' lang='lat' dir='ltr'><strong>Romamn</strong></span> <span class='ocrx_word' id='word_1_351' title='bbox 3182 2262 3432 2319; x_wconf 69' lang='lat' dir='ltr'><strong>Ecclesia:</strong></span> <span class='ocrx_word' id='word_1_352' title='bbox 3467 2262 3532 2318; x_wconf 82' lang='lat' dir='ltr'><strong>de</strong></span> 
     </span>
    </p>
   </div>
   <div class='ocr_carea' id='block_1_52' title="bbox 1950 2349 3529 2422">
    <p class='ocr_par' dir='ltr' id='par_1_52' title="bbox 1950 2349 3529 2422">
     <span class='ocr_line' id='line_1_52' title="bbox 1950 2349 3529 2422; baseline 0.003 -20"><span class='ocrx_word' id='word_1_353' title='bbox 1950 2349 2160 2412; x_wconf 67' lang='lat' dir='ltr'><strong>haeresi,</strong></span> <span class='ocrx_word' id='word_1_354' title='bbox 2193 2365 2311 2419; x_wconf 75' lang='lat' dir='ltr'><strong>qua:</strong></span> <span class='ocrx_word' id='word_1_355' title='bbox 2343 2366 2528 2404; x_wconf 86' lang='lat' dir='ltr'><strong>eorum</strong></span> <span class='ocrx_word' id='word_1_356' title='bbox 2561 2351 2892 2420; x_wconf 87' lang='lat' dir='ltr'><strong>temporibus</strong></span> <span class='ocrx_word' id='word_1_357' title='bbox 2926 2361 3112 2406; x_wconf 86' lang='lat' dir='ltr'><strong>exorta</strong></span> <span class='ocrx_word' id='word_1_358' title='bbox 3146 2352 3340 2419; x_wconf 83' lang='lat' dir='ltr'><strong>fuerat,</strong></span> <span class='ocrx_word' id='word_1_359' title='bbox 3381 2353 3529 2422; x_wconf 86' lang='lat' dir='ltr'><strong>judi-</strong></span> 
     </span>
    </p>
   </div>
   <div class='ocr_carea' id='block_1_53' title="bbox 1950 2438 3532 2502">
    <p class='ocr_par' dir='ltr' id='par_1_53' title="bbox 1950 2438 3532 2502">
     <span class='ocr_line' id='line_1_53' title="bbox 1950 2438 3532 2502; baseline 0.002 -10"><span class='ocrx_word' id='word_1_360' title='bbox 1950 2438 2142 2502; x_wconf 89' lang='lat' dir='ltr'><strong>carint,</strong></span> <span class='ocrx_word' id='word_1_361' title='bbox 2177 2448 2234 2493; x_wconf 89' lang='lat' dir='ltr'><strong>et</strong></span> <span class='ocrx_word' id='word_1_362' title='bbox 2263 2448 2450 2493; x_wconf 90' lang='lat' dir='ltr'><strong>contra</strong></span> <span class='ocrx_word' id='word_1_363' title='bbox 2481 2440 2893 2496; x_wconf 83' lang='lat' dir='ltr'><strong>nocentissimos</strong></span> <span class='ocrx_word' id='word_1_364' title='bbox 2931 2441 3083 2495; x_wconf 88' lang='lat' dir='ltr'><strong>liberi</strong></span> <span class='ocrx_word' id='word_1_365' title='bbox 3115 2441 3319 2496; x_wconf 88' lang='lat' dir='ltr'><strong>arbitrii</strong></span> <span class='ocrx_word' id='word_1_366' title='bbox 3349 2441 3532 2497; x_wconf 88' lang='lat' dir='ltr'><strong>defen-</strong></span> 
     </span>
    </p>
   </div>
   <div class='ocr_carea' id='block_1_54' title="bbox 1949 2526 3532 2597">
    <p class='ocr_par' dir='ltr' id='par_1_54' title="bbox 1949 2526 3532 2597">
     <span class='ocr_line' id='line_1_54' title="bbox 1949 2526 3532 2597; baseline 0.004 -18"><span class='ocrx_word' id='word_1_367' title='bbox 1949 2540 2120 2588; x_wconf 91' lang='lat' dir='ltr'><strong>sores,</strong></span> <span class='ocrx_word' id='word_1_368' title='bbox 2153 2526 2279 2596; x_wconf 90' lang='lat' dir='ltr'><strong>quid</strong></span> <span class='ocrx_word' id='word_1_369' title='bbox 2302 2526 2369 2581; x_wconf 92' lang='lat' dir='ltr'><strong>de</strong></span> <span class='ocrx_word' id='word_1_370' title='bbox 2393 2527 2562 2596; x_wconf 85' lang='lat' dir='ltr'><strong>gratia</strong></span> <span class='ocrx_word' id='word_1_371' title='bbox 2586 2527 2679 2582; x_wconf 87' lang='lat' dir='ltr'><strong>Dei</strong></span> <span class='ocrx_word' id='word_1_372' title='bbox 2703 2528 3038 2582; x_wconf 73' lang='lat' dir='ltr'><strong>sentiendum</strong></span> <span class='ocrx_word' id='word_1_373' title='bbox 3061 2543 3181 2584; x_wconf 90' lang='lat' dir='ltr'><strong>esse</strong></span> <span class='ocrx_word' id='word_1_374' title='bbox 3203 2531 3532 2597; x_wconf 88' lang='lat' dir='ltr'><strong>censuerint,</strong></span> 
     </span>
    </p>
   </div>
   <div class='ocr_carea' id='block_1_55' title="bbox 1953 2615 3534 2687">
    <p class='ocr_par' dir='ltr' id='par_1_55' title="bbox 1953 2615 3534 2687">
     <span class='ocr_line' id='line_1_55' title="bbox 1953 2615 3534 2687; baseline 0.004 -19"><span class='ocrx_word' id='word_1_375' title='bbox 1953 2615 2027 2669; x_wconf 91' lang='lat' dir='ltr'><strong>ita</strong></span> <span class='ocrx_word' id='word_1_376' title='bbox 2059 2623 2119 2669; x_wconf 91' lang='lat' dir='ltr'><strong>ut</strong></span> <span class='ocrx_word' id='word_1_377' title='bbox 2147 2616 2307 2669; x_wconf 91' lang='lat' dir='ltr'><strong>etiam</strong></span> <span class='ocrx_word' id='word_1_378' title='bbox 2340 2615 2712 2671; x_wconf 79' lang='lat' dir='ltr'><strong>Africanorum</strong></span> <span class='ocrx_word' id='word_1_379' title='bbox 2744 2617 3093 2673; x_wconf 91' lang='lat' dir='ltr'><strong>conciliorum</strong></span> <span class='ocrx_word' id='word_1_380' title='bbox 3124 2619 3380 2687; x_wconf 86' lang='lat' dir='ltr'><strong>quasdam</strong></span> <span class='ocrx_word' id='word_1_381' title='bbox 3409 2635 3534 2675; x_wconf 83' lang='lat' dir='ltr'><strong>sen-</strong></span> 
     </span>
    </p>
   </div>
   <div class='ocr_carea' id='block_1_56' title="bbox 1952 2705 3534 2779">
    <p class='ocr_par' dir='ltr' id='par_1_56' title="bbox 1952 2705 3534 2779">
     <span class='ocr_line' id='line_1_56' title="bbox 1952 2705 3534 2779; baseline 0.005 -22"><span class='ocrx_word' id='word_1_382' title='bbox 1952 2705 2150 2759; x_wconf 86' lang='lat' dir='ltr'><strong>tentias</strong></span> <span class='ocrx_word' id='word_1_383' title='bbox 2195 2705 2561 2774; x_wconf 80' lang='lat' dir='ltr'><strong>juugcrcmus,</strong></span> <span class='ocrx_word' id='word_1_384' title='bbox 2595 2722 2728 2777; x_wconf 88' lang='lat' dir='ltr'><strong>quas</strong></span> <span class='ocrx_word' id='word_1_385' title='bbox 2757 2709 2942 2777; x_wconf 91' lang='lat' dir='ltr'><strong>utique</strong></span> <span class='ocrx_word' id='word_1_386' title='bbox 2975 2723 3100 2762; x_wconf 89' lang='lat' dir='ltr'><strong>suas</strong></span> <span class='ocrx_word' id='word_1_387' title='bbox 3127 2707 3374 2764; x_wconf 81' lang='lat' dir='ltr'><strong>fecerunt</strong></span> <span class='ocrx_word' id='word_1_388' title='bbox 3403 2725 3534 2779; x_wconf 73' lang='grc' dir='ltr'><strong>τιρο-</strong></span> 
     </span>
    </p>
   </div>
   <div class='ocr_carea' id='block_1_57' title="bbox 1951 2795 3534 2871">
    <p class='ocr_par' dir='ltr' id='par_1_57' title="bbox 1951 2795 3534 2871">
     <span class='ocr_line' id='line_1_57' title="bbox 1951 2795 3534 2871; baseline 0.004 -22"><span class='ocrx_word' id='word_1_389' title='bbox 1951 2795 2128 2849; x_wconf 88' lang='lat' dir='ltr'><strong>stolici</strong></span> <span class='ocrx_word' id='word_1_390' title='bbox 2160 2797 2448 2863; x_wconf 87' lang='lat' dir='ltr'><strong>antistites,</strong></span> <span class='ocrx_word' id='word_1_391' title='bbox 2503 2813 2624 2850; x_wconf 89' lang='lat' dir='ltr'><strong>cum</strong></span> <span class='ocrx_word' id='word_1_392' title='bbox 2655 2799 2970 2868; x_wconf 89' lang='lat' dir='ltr'><strong>probarunt.</strong></span> <span class='ocrx_word' id='word_1_393' title='bbox 3023 2797 3093 2853; x_wconf 89' lang='lat' dir='ltr'><strong>Ut</strong></span> <span class='ocrx_word' id='word_1_394' title='bbox 3139 2810 3270 2868; x_wconf 88' lang='lat' dir='ltr'><strong>ergo</strong></span> <span class='ocrx_word' id='word_1_395' title='bbox 3300 2801 3534 2871; x_wconf 89' lang='lat' dir='ltr'><strong>plenius,</strong></span> 
     </span>
    </p>
   </div>
   <div class='ocr_carea' id='block_1_58' title="bbox 1951 2885 3536 2956">
    <p class='ocr_par' dir='ltr' id='par_1_58' title="bbox 1951 2885 3536 2956">
     <span class='ocr_line' id='line_1_58' title="bbox 1951 2885 3536 2956; baseline 0.005 -18"><span class='ocrx_word' id='word_1_396' title='bbox 1951 2885 2043 2955; x_wconf 89' lang='lat' dir='ltr'><strong>qui</strong></span> <span class='ocrx_word' id='word_1_397' title='bbox 2098 2885 2152 2939; x_wconf 92' lang='lat' dir='ltr'><strong>in</strong></span> <span class='ocrx_word' id='word_1_398' title='bbox 2181 2885 2358 2956; x_wconf 89' lang='lat' dir='ltr'><strong>aliquo</strong></span> <span class='ocrx_word' id='word_1_399' title='bbox 2404 2886 2669 2954; x_wconf 88' lang='lat' dir='ltr'><strong>dubitant,</strong></span> <span class='ocrx_word' id='word_1_400' title='bbox 2721 2888 3072 2954; x_wconf 90' lang='lat' dir='ltr'><strong>instruantur,</strong></span> <span class='ocrx_word' id='word_1_401' title='bbox 3122 2890 3536 2946; x_wconf 88' lang='lat' dir='ltr'><strong>constitutiones</strong></span> 
     </span>
    </p>
   </div>
   <div class='ocr_carea' id='block_1_59' title="bbox 1949 2973 3534 3047">
    <p class='ocr_par' dir='ltr' id='par_1_59' title="bbox 1949 2973 3534 3047">
     <span class='ocr_line' id='line_1_59' title="bbox 1949 2973 3534 3047; baseline 0.004 -17"><span class='ocrx_word' id='word_1_402' title='bbox 1949 2985 2262 3030; x_wconf 87' lang='lat' dir='ltr'><strong>sanctorum</strong></span> <span class='ocrx_word' id='word_1_403' title='bbox 2294 2973 2514 3029; x_wconf 86' lang='lat' dir='ltr'><strong>Patrum</strong></span> <span class='ocrx_word' id='word_1_404' title='bbox 2554 2978 2937 3047; x_wconf 85' lang='lat' dir='ltr'><strong>compendiose</strong></span> <span class='ocrx_word' id='word_1_405' title='bbox 2967 2977 3366 3035; x_wconf 86' lang='lat' dir='ltr'><strong>manifestamus</strong></span> <span class='ocrx_word' id='word_1_406' title='bbox 3396 2979 3534 3036; x_wconf 90' lang='lat' dir='ltr'><strong>indi-</strong></span> 
     </span>
    </p>
   </div>
   <div class='ocr_carea' id='block_1_60' title="bbox 1954 3064 3535 3140">
    <p class='ocr_par' dir='ltr' id='par_1_60' title="bbox 1954 3064 3535 3140">
     <span class='ocr_line' id='line_1_60' title="bbox 1954 3064 3535 3140; baseline 0.006 -23"><span class='ocrx_word' id='word_1_407' title='bbox 1954 3064 2100 3130; x_wconf 92' lang='lat' dir='ltr'><strong>culo,</strong></span> <span class='ocrx_word' id='word_1_408' title='bbox 2129 3079 2239 3134; x_wconf 91' lang='lat' dir='ltr'><strong>quo</strong></span> <span class='ocrx_word' id='word_1_409' title='bbox 2267 3065 2310 3121; x_wconf 88' lang='lat' dir='ltr'><strong>si</strong></span> <span class='ocrx_word' id='word_1_410' title='bbox 2333 3066 2452 3135; x_wconf 92' lang='lat' dir='ltr'><strong>quis</strong></span> <span class='ocrx_word' id='word_1_411' title='bbox 2473 3082 2579 3121; x_wconf 91' lang='lat' dir='ltr'><strong>non</strong></span> <span class='ocrx_word' id='word_1_412' title='bbox 2603 3066 2824 3122; x_wconf 91' lang='lat' dir='ltr'><strong>nimium</strong></span> <span class='ocrx_word' id='word_1_413' title='bbox 2855 3076 2938 3123; x_wconf 90' lang='lat' dir='ltr'><strong>est</strong></span> <span class='ocrx_word' id='word_1_414' title='bbox 2959 3070 3535 3140; x_wconf 85' lang='lat' dir='ltr'><strong>contentiosus,agno-</strong></span> 
     </span>
    </p>
   </div>
   <div class='ocr_carea' id='block_1_61' title="bbox 261 3155 3536 3244">
    <p class='ocr_par' dir='ltr' id='par_1_61' title="bbox 261 3155 3536 3244">
     <span class='ocr_line' id='line_1_61' title="bbox 261 3155 3536 3244; baseline -0.004 -17"><span class='ocrx_word' id='word_1_415' title='bbox 261 3171 404 3227; x_wconf 81' lang='lat' dir='ltr'><strong>Nam</strong></span> <span class='ocrx_word' id='word_1_416' title='bbox 435 3171 564 3240; x_wconf 85' lang='lat' dir='ltr'><strong>quid</strong></span> <span class='ocrx_word' id='word_1_417' title='bbox 588 3173 642 3226; x_wconf 93' lang='lat' dir='ltr'><strong>in</strong></span> <span class='ocrx_word' id='word_1_418' title='bbox 673 3171 926 3227; x_wconf 87' lang='lat' dir='ltr'><strong>Ecclesiis</strong></span> <span class='ocrx_word' id='word_1_419' title='bbox 953 3185 1049 3224; x_wconf 87' lang='lat' dir='ltr'><strong>vos</strong></span> <span class='ocrx_word' id='word_1_420' title='bbox 1080 3169 1256 3238; x_wconf 78' lang='lat' dir='ltr'><strong>agitis,</strong></span> <span class='ocrx_word' id='word_1_421' title='bbox 1289 3168 1334 3224; x_wconf 86' lang='lat' dir='ltr'><strong>si</strong></span> <span class='ocrx_word' id='word_1_422' title='bbox 1365 3167 1440 3221; x_wconf 93' lang='lat' dir='ltr'><strong>illi</strong></span> <span class='ocrx_word' id='word_1_423' title='bbox 1465 3180 1732 3221; x_wconf 88' lang='lat' dir='ltr'><strong>summam</strong></span> <span class='ocrx_word' id='word_1_424' title='bbox 1763 3174 1846 3220; x_wconf 80' lang='lat' dir='ltr'><strong>te-</strong></span> <span class='ocrx_word' id='word_1_425' title='bbox 1881 3183 1920 3244; x_wconf 65' lang='grc' dir='ltr'><strong>ρ</strong></span> <span class='ocrx_word' id='word_1_426' title='bbox 1953 3155 2357 3244; x_wconf 24' lang='lat' dir='ltr'><strong>scathomnium</strong></span> <span class='ocrx_word' id='word_1_427' title='bbox 2405 3156 2828 3226; x_wconf 88' lang='lat' dir='ltr'><strong>disputationum</strong></span> <span class='ocrx_word' id='word_1_428' title='bbox 2877 3159 3270 3214; x_wconf 81' lang='lat' dir='ltr'><strong>connexionem</strong></span> <span class='ocrx_word' id='word_1_429' title='bbox 3316 3175 3387 3215; x_wconf 79' lang='lat' dir='ltr'><strong>ex</strong></span> <span class='ocrx_word' id='word_1_430' title='bbox 3434 3161 3536 3216; x_wconf 87' lang='lat' dir='ltr'><strong>hac</strong></span> 
     </span>
    </p>
   </div>
   <div class='ocr_carea' id='block_1_62' title="bbox 259 3255 1848 3333">
    <p class='ocr_par' dir='ltr' id='par_1_62' title="bbox 259 3255 1848 3333">
     <span class='ocr_line' id='line_1_62' title="bbox 259 3255 1848 3333; baseline -0.006 -15"><span class='ocrx_word' id='word_1_431' title='bbox 259 3271 433 3318; x_wconf 85' lang='lat' dir='ltr'><strong>neant</strong></span> <span class='ocrx_word' id='word_1_432' title='bbox 456 3263 780 3333; x_wconf 75' lang='lat' dir='ltr'><strong>przedicandi</strong></span> <span class='ocrx_word' id='word_1_433' title='bbox 807 3264 830 3316; x_wconf 85' lang='lat'><strong>?</strong></span> <span class='ocrx_word' id='word_1_434' title='bbox 857 3262 961 3316; x_wconf 89' lang='lat' dir='ltr'><strong>nisi</strong></span> <span class='ocrx_word' id='word_1_435' title='bbox 983 3259 1120 3316; x_wconf 85' lang='lat' dir='ltr'><strong>forte</strong></span> <span class='ocrx_word' id='word_1_436' title='bbox 1149 3259 1278 3314; x_wconf 89' lang='lat' dir='ltr'><strong>illud</strong></span> <span class='ocrx_word' id='word_1_437' title='bbox 1300 3257 1544 3322; x_wconf 88' lang='lat' dir='ltr'><strong>obsistat,</strong></span> <span class='ocrx_word' id='word_1_438' title='bbox 1575 3255 1719 3327; x_wconf 92' lang='lat' dir='ltr'><strong>quod</strong></span> <span class='ocrx_word' id='word_1_439' title='bbox 1741 3271 1848 3311; x_wconf 84' lang='lat' dir='ltr'><strong>non</strong></span> 
     </span>
    </p>
   </div>
   <div class='ocr_carea' id='block_1_63' title="bbox 258 3348 1852 3421">
    <p class='ocr_par' dir='ltr' id='par_1_63' title="bbox 258 3348 1852 3421">
     <span class='ocr_line' id='line_1_63' title="bbox 258 3348 1852 3421; baseline -0.004 -12"><span class='ocrx_word' id='word_1_440' title='bbox 258 3356 610 3421; x_wconf 84' lang='lat' dir='ltr'><strong>auctoritate,</strong></span> <span class='ocrx_word' id='word_1_441' title='bbox 639 3371 746 3411; x_wconf 92' lang='lat' dir='ltr'><strong>non</strong></span> <span class='ocrx_word' id='word_1_442' title='bbox 773 3355 951 3410; x_wconf 88' lang='lat' dir='ltr'><strong>adhuc</strong></span> <span class='ocrx_word' id='word_1_443' title='bbox 970 3355 1178 3410; x_wconf 86' lang='lat' dir='ltr'><strong>ratione</strong></span> <span class='ocrx_word' id='word_1_444' title='bbox 1208 3351 1496 3421; x_wconf 85' lang='lat' dir='ltr'><strong>colligitur,</strong></span> <span class='ocrx_word' id='word_1_445' title='bbox 1531 3358 1590 3404; x_wconf 88' lang='lat' dir='ltr'><strong>ut</strong></span> <span class='ocrx_word' id='word_1_446' title='bbox 1626 3348 1792 3418; x_wconf 88' lang='lat' dir='ltr'><strong>aliqui</strong></span> <span class='ocrx_word' id='word_1_447' title='bbox 1820 3363 1852 3403; x_wconf 89' lang='lat' dir='ltr'><strong>e</strong></span> 
     </span>
    </p>
   </div>
   <div class='ocr_carea' id='block_1_64' title="bbox 259 3442 1850 3516">
    <p class='ocr_par' dir='ltr' id='par_1_64' title="bbox 259 3442 1850 3516">
     <span class='ocr_line' id='line_1_64' title="bbox 259 3442 1850 3516; baseline -0.003 -18"><span class='ocrx_word' id='word_1_448' title='bbox 259 3444 493 3500; x_wconf 87' lang='lat' dir='ltr'><strong>fratrum</strong></span> <span class='ocrx_word' id='word_1_449' title='bbox 535 3462 761 3502; x_wconf 87' lang='lat' dir='ltr'><strong>numero</strong></span> <span class='ocrx_word' id='word_1_450' title='bbox 807 3462 982 3516; x_wconf 86' lang='lat' dir='ltr'><strong>nuper</strong></span> <span class='ocrx_word' id='word_1_451' title='bbox 1024 3446 1094 3502; x_wconf 87' lang='lat' dir='ltr'><strong>de</strong></span> <span class='ocrx_word' id='word_1_452' title='bbox 1141 3445 1400 3500; x_wconf 90' lang='lat' dir='ltr'><strong>laicorum</strong></span> <span class='ocrx_word' id='word_1_453' title='bbox 1449 3442 1746 3507; x_wconf 88' lang='lat' dir='ltr'><strong>consortio,</strong></span> <span class='ocrx_word' id='word_1_454' title='bbox 1799 3442 1850 3495; x_wconf 81' lang='lat' dir='ltr'><strong>in</strong></span> 
     </span>
    </p>
   </div>
   <div class='ocr_carea' id='block_1_65' title="bbox 260 3531 1850 3605">
    <p class='ocr_par' dir='ltr' id='par_1_65' title="bbox 260 3531 1850 3605">
     <span class='ocr_line' id='line_1_65' title="bbox 260 3531 1850 3605; baseline -0.004 -14"><span class='ocrx_word' id='word_1_455' title='bbox 260 3536 554 3605; x_wconf 76' lang='lat' dir='ltr'><strong>collegium</strong></span> <span class='ocrx_word' id='word_1_456' title='bbox 581 3547 826 3592; x_wconf 90' lang='lat' dir='ltr'><strong>nostrum</strong></span> <span class='ocrx_word' id='word_1_457' title='bbox 875 3536 1119 3591; x_wconf 89' lang='lat' dir='ltr'><strong>fortassis</strong></span> <span class='ocrx_word' id='word_1_458' title='bbox 1146 3534 1384 3598; x_wconf 87' lang='lat' dir='ltr'><strong>admissi,</strong></span> <span class='ocrx_word' id='word_1_459' title='bbox 1436 3533 1680 3586; x_wconf 87' lang='lat' dir='ltr'><strong>nesciant</strong></span> <span class='ocrx_word' id='word_1_460' title='bbox 1721 3531 1850 3600; x_wconf 87' lang='lat' dir='ltr'><strong>quid</strong></span> 
     </span>
    </p>
   </div>
   <div class='ocr_carea' id='block_1_66' title="bbox 260 3621 1852 3696">
    <p class='ocr_par' dir='ltr' id='par_1_66' title="bbox 260 3621 1852 3696">
     <span class='ocr_line' id='line_1_66' title="bbox 260 3621 1852 3696; baseline -0.006 -12"><span class='ocrx_word' id='word_1_461' title='bbox 260 3627 372 3684; x_wconf 82' lang='lat' dir='ltr'><strong>sibi</strong></span> <span class='ocrx_word' id='word_1_462' title='bbox 399 3627 635 3682; x_wconf 86' lang='lat' dir='ltr'><strong>debeant</strong></span> <span class='ocrx_word' id='word_1_463' title='bbox 662 3628 952 3683; x_wconf 88' lang='lat' dir='ltr'><strong>vindicare.</strong></span> <span class='ocrx_word' id='word_1_464' title='bbox 997 3625 1172 3696; x_wconf 87' lang='lat' dir='ltr'><strong>Super</strong></span> <span class='ocrx_word' id='word_1_465' title='bbox 1216 3625 1298 3678; x_wconf 86' lang='lat' dir='ltr'><strong>his</strong></span> <span class='ocrx_word' id='word_1_466' title='bbox 1347 3624 1514 3677; x_wconf 89' lang='lat' dir='ltr'><strong>multa</strong></span> <span class='ocrx_word' id='word_1_467' title='bbox 1555 3623 1668 3691; x_wconf 87' lang='lat' dir='ltr'><strong>jam</strong></span> <span class='ocrx_word' id='word_1_468' title='bbox 1709 3621 1852 3676; x_wconf 90' lang='lat' dir='ltr'><strong>dicta</strong></span> 
     </span>
    </p>
   </div>
   <div class='ocr_carea' id='block_1_67' title="bbox 262 3709 1854 3788">
    <p class='ocr_par' dir='ltr' id='par_1_67' title="bbox 262 3709 1854 3788">
     <span class='ocr_line' id='line_1_67' title="bbox 262 3709 1854 3788; baseline -0.007 -14"><span class='ocrx_word' id='word_1_469' title='bbox 262 3728 396 3774; x_wconf 84' lang='lat' dir='ltr'><strong>sunt</strong></span> <span class='ocrx_word' id='word_1_470' title='bbox 432 3733 502 3774; x_wconf 86' lang='lat' dir='ltr'><strong>eo</strong></span> <span class='ocrx_word' id='word_1_471' title='bbox 549 3726 812 3788; x_wconf 89' lang='lat' dir='ltr'><strong>tempore,</strong></span> <span class='ocrx_word' id='word_1_472' title='bbox 871 3733 980 3787; x_wconf 90' lang='lat' dir='ltr'><strong>quo</strong></span> <span class='ocrx_word' id='word_1_473' title='bbox 1032 3715 1100 3770; x_wconf 89' lang='lat' dir='ltr'><strong>ad</strong></span> <span class='ocrx_word' id='word_1_474' title='bbox 1151 3714 1329 3769; x_wconf 86' lang='lat' dir='ltr'><strong>fratris</strong></span> <span class='ocrx_word' id='word_1_475' title='bbox 1377 3711 1570 3768; x_wconf 88' lang='lat' dir='ltr'><strong>Tuenti</strong></span> <span class='ocrx_word' id='word_1_476' title='bbox 1611 3709 1854 3765; x_wconf 85' lang='lat' dir='ltr'><strong>dedimus</strong></span> 
     </span>
    </p>
   </div>
   <div class='ocr_carea' id='block_1_68' title="bbox 261 3803 1856 3880">
    <p class='ocr_par' dir='ltr' id='par_1_68' title="bbox 261 3803 1856 3880">
     <span class='ocr_line' id='line_1_68' title="bbox 261 3803 1856 3880; baseline -0.004 -16"><span class='ocrx_word' id='word_1_477' title='bbox 261 3809 470 3879; x_wconf 83' lang='lat' dir='ltr'><strong>scripta</strong></span> <span class='ocrx_word' id='word_1_478' title='bbox 498 3824 833 3880; x_wconf 88' lang='lat' dir='ltr'><strong>responsum.</strong></span> <span class='ocrx_word' id='word_1_479' title='bbox 879 3808 1034 3864; x_wconf 84' lang='lat' dir='ltr'><strong>Nunc</strong></span> <span class='ocrx_word' id='word_1_480' title='bbox 1085 3816 1264 3861; x_wconf 85' lang='lat' dir='ltr'><strong>tamen</strong></span> <span class='ocrx_word' id='word_1_481' title='bbox 1309 3812 1618 3875; x_wconf 88' lang='lat' dir='ltr'><strong>repetentes</strong></span> <span class='ocrx_word' id='word_1_482' title='bbox 1661 3803 1856 3874; x_wconf 72' lang='lat' dir='ltr'><strong>smpius</strong></span> 
     </span>
    </p>
   </div>
   <div class='ocr_carea' id='block_1_69' title="bbox 263 3896 1858 3968">
    <p class='ocr_par' dir='ltr' id='par_1_69' title="bbox 263 3896 1858 3968">
     <span class='ocr_line' id='line_1_69' title="bbox 263 3896 1858 3968; baseline -0.004 -14"><span class='ocrx_word' id='word_1_483' title='bbox 263 3899 644 3965; x_wconf 84' lang='lat' dir='ltr'><strong>admonemus,</strong></span> <span class='ocrx_word' id='word_1_484' title='bbox 672 3909 730 3956; x_wconf 92' lang='lat' dir='ltr'><strong>ut</strong></span> <span class='ocrx_word' id='word_1_485' title='bbox 757 3901 996 3956; x_wconf 88' lang='lat' dir='ltr'><strong>vitentur</strong></span> <span class='ocrx_word' id='word_1_486' title='bbox 1022 3897 1348 3968; x_wconf 86' lang='lat' dir='ltr'><strong>huju‘smodi,</strong></span> <span class='ocrx_word' id='word_1_487' title='bbox 1377 3897 1470 3966; x_wconf 91' lang='lat' dir='ltr'><strong>qui</strong></span> <span class='ocrx_word' id='word_1_488' title='bbox 1491 3896 1739 3951; x_wconf 88' lang='lat' dir='ltr'><strong>laborant</strong></span> <span class='ocrx_word' id='word_1_489' title='bbox 1760 3910 1858 3965; x_wconf 91' lang='lat' dir='ltr'><strong>per</strong></span> 
     </span>
    </p>
   </div>
   <div class='ocr_carea' id='block_1_70' title="bbox 263 3987 1857 4063">
    <p class='ocr_par' dir='ltr' id='par_1_70' title="bbox 263 3987 1857 4063">
     <span class='ocr_line' id='line_1_70' title="bbox 263 3987 1857 4063; baseline -0.007 -13"><span class='ocrx_word' id='word_1_490' title='bbox 263 4003 444 4050; x_wconf 83' lang='lat' dir='ltr'><strong>terras</strong></span> <span class='ocrx_word' id='word_1_491' title='bbox 469 3993 638 4062; x_wconf 89' lang='lat' dir='ltr'><strong>aliud,</strong></span> <span class='ocrx_word' id='word_1_492' title='bbox 666 4009 828 4063; x_wconf 88' lang='lat' dir='ltr'><strong>quam</strong></span> <span class='ocrx_word' id='word_1_493' title='bbox 858 3994 951 4048; x_wconf 91' lang='lat' dir='ltr'><strong>ille</strong></span> <span class='ocrx_word' id='word_1_494' title='bbox 989 4000 1174 4048; x_wconf 89' lang='lat' dir='ltr'><strong>noster</strong></span> <span class='ocrx_word' id='word_1_495' title='bbox 1197 3990 1358 4060; x_wconf 85' lang='lat' dir='ltr'><strong>jussit</strong></span> <span class='ocrx_word' id='word_1_496' title='bbox 1384 3988 1646 4057; x_wconf 79' lang='lat' dir='ltr'><strong>agricola,</strong></span> <span class='ocrx_word' id='word_1_497' title='bbox 1695 3987 1857 4042; x_wconf 88' lang='lat' dir='ltr'><strong>semi-</strong></span> 
     </span>
    </p>
   </div>
   <div class='ocr_carea' id='block_1_71' title="bbox 266 4078 1858 4151">
    <p class='ocr_par' dir='ltr' id='par_1_71' title="bbox 266 4078 1858 4151">
     <span class='ocr_line' id='line_1_71' title="bbox 266 4078 1858 4151; baseline -0.006 -12"><span class='ocrx_word' id='word_1_498' title='bbox 266 4099 423 4139; x_wconf 88' lang='lat' dir='ltr'><strong>nare.</strong></span> <span class='ocrx_word' id='word_1_499' title='bbox 470 4082 583 4138; x_wconf 81' lang='lat' dir='ltr'><strong>Nec</strong></span> <span class='ocrx_word' id='word_1_500' title='bbox 623 4093 803 4138; x_wconf 87' lang='lat' dir='ltr'><strong>tamen</strong></span> <span class='ocrx_word' id='word_1_501' title='bbox 830 4083 1012 4138; x_wconf 90' lang='lat' dir='ltr'><strong>mirari</strong></span> <span class='ocrx_word' id='word_1_502' title='bbox 1045 4095 1350 4151; x_wconf 89' lang='lat' dir='ltr'><strong>possumus,</strong></span> <span class='ocrx_word' id='word_1_503' title='bbox 1398 4078 1445 4134; x_wconf 87' lang='lat' dir='ltr'><strong>si</strong></span> <span class='ocrx_word' id='word_1_504' title='bbox 1476 4078 1589 4134; x_wconf 69' lang='grc' dir='ltr'><strong>ιιωο</strong></span> <span class='ocrx_word' id='word_1_505' title='bbox 1622 4092 1750 4146; x_wconf 86' lang='lat' dir='ltr'><strong>erga</strong></span> <span class='ocrx_word' id='word_1_506' title='bbox 1780 4078 1858 4130; x_wconf 81' lang='lat' dir='ltr'><strong>vi-</strong></span> 
     </span>
    </p>
   </div>
   <div class='ocr_carea' id='block_1_72' title="bbox 264 4167 1858 4238">
    <p class='ocr_par' dir='ltr' id='par_1_72' title="bbox 264 4167 1858 4238">
     <span class='ocr_line' id='line_1_72' title="bbox 264 4167 1858 4238; baseline -0.006 -10"><span class='ocrx_word' id='word_1_507' title='bbox 264 4182 462 4229; x_wconf 83' lang='lat' dir='ltr'><strong>ventes</strong></span> <span class='ocrx_word' id='word_1_508' title='bbox 510 4173 564 4228; x_wconf 87' lang='lat' dir='ltr'><strong>bi</strong></span> <span class='ocrx_word' id='word_1_509' title='bbox 594 4190 736 4228; x_wconf 90' lang='lat' dir='ltr'><strong>nunc</strong></span> <span class='ocrx_word' id='word_1_510' title='bbox 764 4181 974 4228; x_wconf 83' lang='lat' dir='ltr'><strong>tentare</strong></span> <span class='ocrx_word' id='word_1_511' title='bbox 1019 4171 1236 4234; x_wconf 86' lang='lat' dir='ltr'><strong>audent,</strong></span> <span class='ocrx_word' id='word_1_512' title='bbox 1285 4169 1378 4238; x_wconf 92' lang='lat' dir='ltr'><strong>qui</strong></span> <span class='ocrx_word' id='word_1_513' title='bbox 1425 4167 1667 4222; x_wconf 88' lang='lat' dir='ltr'><strong>nituntur</strong></span> <span class='ocrx_word' id='word_1_514' title='bbox 1694 4167 1858 4221; x_wconf 90' lang='lat' dir='ltr'><strong>etiam</strong></span> 
     </span>
    </p>
   </div>
   <div class='ocr_carea' id='block_1_73' title="bbox 263 4258 1570 4336">
    <p class='ocr_par' dir='ltr' id='par_1_73' title="bbox 263 4258 1570 4336">
     <span class='ocr_line' id='line_1_73' title="bbox 263 4258 1570 4336; baseline -0.007 -15"><span class='ocrx_word' id='word_1_515' title='bbox 263 4265 662 4336; x_wconf 83' lang='lat' dir='ltr'><strong>quiescentium</strong></span> <span class='ocrx_word' id='word_1_516' title='bbox 689 4263 913 4318; x_wconf 84' lang='lat' dir='ltr'><strong>fratrum</strong></span> <span class='ocrx_word' id='word_1_517' title='bbox 943 4262 1259 4317; x_wconf 85' lang='lat' dir='ltr'><strong>memoriam</strong></span> <span class='ocrx_word' id='word_1_518' title='bbox 1285 4258 1570 4328; x_wconf 90' lang='lat' dir='ltr'><strong>dissipare.</strong></span> 
     </span>
    </p>
   </div>
   <div class='ocr_carea' id='block_1_74' title="bbox 314 4421 1820 4494">
    <p class='ocr_par' dir='ltr' id='par_1_74' title="bbox 314 4421 1820 4494">
     <span class='ocr_line' id='line_1_74' title="bbox 314 4421 1820 4494; baseline -0.003 -15"><span class='ocrx_word' id='word_1_519' title='bbox 314 4425 394 4479; x_wconf 79' lang='lat' dir='ltr'><strong>De</strong></span> <span class='ocrx_word' id='word_1_520' title='bbox 416 4434 600 4480; x_wconf 80' lang='lat' dir='ltr'><strong>sancto</strong></span> <span class='ocrx_word' id='word_1_521' title='bbox 627 4425 862 4494; x_wconf 80' lang='lat' dir='ltr'><strong>episwpo</strong></span> <span class='ocrx_word' id='word_1_522' title='bbox 891 4423 1175 4494; x_wconf 72' lang='lat' dir='ltr'><strong>Augustino</strong></span> <span class='ocrx_word' id='word_1_523' title='bbox 1207 4424 1337 4476; x_wconf 88' lang='lat' dir='ltr'><strong>mira</strong></span> <span class='ocrx_word' id='word_1_524' title='bbox 1379 4421 1547 4477; x_wconf 82' lang='lat' dir='ltr'><strong>laudis</strong></span> <span class='ocrx_word' id='word_1_525' title='bbox 1579 4421 1820 4474; x_wconf 77' lang='lat' dir='ltr'><strong>assertio.</strong></span> 
     </span>
    </p>
   </div>
   <div class='ocr_carea' id='block_1_75' title="bbox 341 4535 1934 4617">
    <p class='ocr_par' dir='ltr' id='par_1_75' title="bbox 341 4535 1934 4617">
     <span class='ocr_line' id='line_1_75' title="bbox 341 4535 1934 4617; baseline -0.006 -21"><span class='ocrx_word' id='word_1_526' title='bbox 341 4541 384 4596; x_wconf 82' lang='lat' dir='ltr'><strong>ll</strong></span> <span class='ocrx_word' id='word_1_527' title='bbox 453 4541 808 4608; x_wconf 78' lang='lat' dir='ltr'><strong>Augustinum</strong></span> <span class='ocrx_word' id='word_1_528' title='bbox 857 4547 1056 4593; x_wconf 70' lang='lat' dir='ltr'><strong>sancta:</strong></span> <span class='ocrx_word' id='word_1_529' title='bbox 1105 4535 1496 4593; x_wconf 77' lang='lat' dir='ltr'><strong>recordationis</strong></span> <span class='ocrx_word' id='word_1_530' title='bbox 1538 4536 1711 4589; x_wconf 87' lang='lat' dir='ltr'><strong>virum</strong></span> <span class='ocrx_word' id='word_1_531' title='bbox 1760 4551 1858 4602; x_wconf 81' lang='lat' dir='ltr'><strong>pro</strong></span> <span class='ocrx_word' id='word_1_532' title='bbox 1893 4562 1934 4617; x_wconf 73' lang='grc' dir='ltr'><strong>ι)</strong></span> 
     </span>
    </p>
   </div>
   <div class='ocr_carea' id='block_1_76' title="bbox 270 4629 1861 4704">
    <p class='ocr_par' dir='ltr' id='par_1_76' title="bbox 270 4629 1861 4704">
     <span class='ocr_line' id='line_1_76' title="bbox 270 4629 1861 4704; baseline -0.003 -20"><span class='ocrx_word' id='word_1_533' title='bbox 270 4635 388 4688; x_wconf 74' lang='lat' dir='ltr'><strong>vita</strong></span> <span class='ocrx_word' id='word_1_534' title='bbox 411 4649 510 4688; x_wconf 83' lang='lat' dir='ltr'><strong>sua</strong></span> <span class='ocrx_word' id='word_1_535' title='bbox 535 4642 700 4704; x_wconf 86' lang='lat' dir='ltr'><strong>atque</strong></span> <span class='ocrx_word' id='word_1_536' title='bbox 731 4633 939 4686; x_wconf 89' lang='lat' dir='ltr'><strong>meritis</strong></span> <span class='ocrx_word' id='word_1_537' title='bbox 983 4631 1035 4686; x_wconf 89' lang='lat' dir='ltr'><strong>in</strong></span> <span class='ocrx_word' id='word_1_538' title='bbox 1088 4640 1272 4685; x_wconf 88' lang='lat' dir='ltr'><strong>nostra</strong></span> <span class='ocrx_word' id='word_1_539' title='bbox 1312 4629 1692 4684; x_wconf 86' lang='lat' dir='ltr'><strong>communione</strong></span> <span class='ocrx_word' id='word_1_540' title='bbox 1721 4642 1861 4682; x_wconf 88' lang='lat' dir='ltr'><strong>sem-</strong></span> 
     </span>
    </p>
   </div>
   <div class='ocr_carea' id='block_1_77' title="bbox 271 4720 1862 4797">
    <p class='ocr_par' dir='ltr' id='par_1_77' title="bbox 271 4720 1862 4797">
     <span class='ocr_line' id='line_1_77' title="bbox 271 4720 1862 4797; baseline -0.003 -19"><span class='ocrx_word' id='word_1_541' title='bbox 271 4741 373 4797; x_wconf 72' lang='lat' dir='ltr'><strong>per</strong></span> <span class='ocrx_word' id='word_1_542' title='bbox 398 4725 704 4789; x_wconf 79' lang='lat' dir='ltr'><strong>habuimus,</strong></span> <span class='ocrx_word' id='word_1_543' title='bbox 725 4740 826 4779; x_wconf 88' lang='lat' dir='ltr'><strong>nec</strong></span> <span class='ocrx_word' id='word_1_544' title='bbox 848 4739 1080 4793; x_wconf 90' lang='lat' dir='ltr'><strong>unquam</strong></span> <span class='ocrx_word' id='word_1_545' title='bbox 1111 4722 1258 4776; x_wconf 88' lang='lat' dir='ltr'><strong>hunc</strong></span> <span class='ocrx_word' id='word_1_546' title='bbox 1283 4721 1512 4776; x_wconf 71' lang='lat' dir='ltr'><strong>sinistra:</strong></span> <span class='ocrx_word' id='word_1_547' title='bbox 1540 4720 1862 4788; x_wconf 84' lang='lat' dir='ltr'><strong>suspicionis</strong></span> 
     </span>
    </p>
   </div>
   <div class='ocr_carea' id='block_1_78' title="bbox 265 4810 1860 4885">
    <p class='ocr_par' dir='ltr' id='par_1_78' title="bbox 265 4810 1860 4885">
     <span class='ocr_line' id='line_1_78' title="bbox 265 4810 1860 4885; baseline -0.006 -13"><span class='ocrx_word' id='word_1_548' title='bbox 265 4818 470 4872; x_wconf 80' lang='lat' dir='ltr'><strong>saltem</strong></span> <span class='ocrx_word' id='word_1_549' title='bbox 497 4831 684 4870; x_wconf 84' lang='lat' dir='ltr'><strong>rumor</strong></span> <span class='ocrx_word' id='word_1_550' title='bbox 725 4816 976 4885; x_wconf 78' lang='lat' dir='ltr'><strong>aspersit,</strong></span> <span class='ocrx_word' id='word_1_551' title='bbox 1021 4829 1182 4883; x_wconf 87' lang='lat' dir='ltr'><strong>quem</strong></span> <span class='ocrx_word' id='word_1_552' title='bbox 1235 4821 1397 4867; x_wconf 80' lang='lat' dir='ltr'><strong>tanta:</strong></span> <span class='ocrx_word' id='word_1_553' title='bbox 1445 4811 1686 4867; x_wconf 72' lang='lat' dir='ltr'><strong>scient&#39;uc</strong></span> <span class='ocrx_word' id='word_1_554' title='bbox 1732 4810 1860 4864; x_wconf 90' lang='lat' dir='ltr'><strong>olim</strong></span> 
     </span>
    </p>
   </div>
   <div class='ocr_carea' id='block_1_79' title="bbox 265 4902 1860 4974">
    <p class='ocr_par' dir='ltr' id='par_1_79' title="bbox 265 4902 1860 4974">
     <span class='ocr_line' id='line_1_79' title="bbox 265 4902 1860 4974; baseline -0.006 -11"><span class='ocrx_word' id='word_1_555' title='bbox 265 4907 441 4963; x_wconf 80' lang='lat' dir='ltr'><strong>fuisse</strong></span> <span class='ocrx_word' id='word_1_556' title='bbox 466 4907 831 4974; x_wconf 81' lang='lat' dir='ltr'><strong>meminimus,</strong></span> <span class='ocrx_word' id='word_1_557' title='bbox 860 4915 919 4960; x_wconf 92' lang='lat' dir='ltr'><strong>ut</strong></span> <span class='ocrx_word' id='word_1_558' title='bbox 949 4907 1094 4960; x_wconf 90' lang='lat' dir='ltr'><strong>inter</strong></span> <span class='ocrx_word' id='word_1_559' title='bbox 1121 4904 1407 4974; x_wconf 76' lang='lat' dir='ltr'><strong>magistros</strong></span> <span class='ocrx_word' id='word_1_560' title='bbox 1435 4902 1670 4972; x_wconf 84' lang='lat' dir='ltr'><strong>optimos</strong></span> <span class='ocrx_word' id='word_1_561' title='bbox 1699 4902 1860 4956; x_wconf 89' lang='lat' dir='ltr'><strong>etiam</strong></span> 
     </span>
    </p>
   </div>
   <div class='ocr_carea' id='block_1_80' title="bbox 263 4992 1862 5067">
    <p class='ocr_par' dir='ltr' id='par_1_80' title="bbox 263 4992 1862 5067">
     <span class='ocr_line' id='line_1_80' title="bbox 263 4992 1862 5067; baseline -0.003 -15"><span class='ocrx_word' id='word_1_562' title='bbox 263 5013 302 5052; x_wconf 74' lang='grc' dir='ltr'><strong>ει</strong></span> <span class='ocrx_word' id='word_1_563' title='bbox 333 4999 474 5052; x_wconf 82' lang='lat' dir='ltr'><strong>meis</strong></span> <span class='ocrx_word' id='word_1_564' title='bbox 518 5011 733 5067; x_wconf 81' lang='lat' dir='ltr'><strong>semper</strong></span> <span class='ocrx_word' id='word_1_565' title='bbox 765 4997 1142 5053; x_wconf 87' lang='lat' dir='ltr'><strong>decessoribus</strong></span> <span class='ocrx_word' id='word_1_566' title='bbox 1191 4995 1508 5050; x_wconf 86' lang='lat' dir='ltr'><strong>haberetur.</strong></span> <span class='ocrx_word' id='word_1_567' title='bbox 1557 4992 1704 5046; x_wconf 84' lang='lat' dir='ltr'><strong>Bene</strong></span> <span class='ocrx_word' id='word_1_568' title='bbox 1731 5005 1862 5059; x_wconf 88' lang='lat' dir='ltr'><strong>ergo</strong></span> 
     </span>
    </p>
   </div>
   <div class='ocr_carea' id='block_1_81' title="bbox 260 5083 1862 5153">
    <p class='ocr_par' dir='ltr' id='par_1_81' title="bbox 260 5083 1862 5153">
     <span class='ocr_line' id='line_1_81' title="bbox 260 5083 1862 5153; baseline -0.004 -10"><span class='ocrx_word' id='word_1_569' title='bbox 260 5089 340 5143; x_wconf 85' lang='lat' dir='ltr'><strong>de</strong></span> <span class='ocrx_word' id='word_1_570' title='bbox 390 5103 461 5143; x_wconf 87' lang='lat' dir='ltr'><strong>eo</strong></span> <span class='ocrx_word' id='word_1_571' title='bbox 487 5102 677 5142; x_wconf 87' lang='lat' dir='ltr'><strong>omnes</strong></span> <span class='ocrx_word' id='word_1_572' title='bbox 723 5089 774 5142; x_wconf 88' lang='lat' dir='ltr'><strong>in</strong></span> <span class='ocrx_word' id='word_1_573' title='bbox 803 5102 1090 5144; x_wconf 87' lang='lat' dir='ltr'><strong>commune</strong></span> <span class='ocrx_word' id='word_1_574' title='bbox 1135 5093 1424 5141; x_wconf 84' lang='lat' dir='ltr'><strong>senserunt</strong></span> <span class='ocrx_word' id='word_1_575' title='bbox 1447 5124 1462 5149; x_wconf 92' lang='lat'><strong>,</strong></span> <span class='ocrx_word' id='word_1_576' title='bbox 1507 5093 1564 5138; x_wconf 90' lang='lat' dir='ltr'><strong>ut</strong></span> <span class='ocrx_word' id='word_1_577' title='bbox 1594 5092 1745 5153; x_wconf 87' lang='lat' dir='ltr'><strong>pote,</strong></span> <span class='ocrx_word' id='word_1_578' title='bbox 1770 5083 1862 5152; x_wconf 91' lang='lat' dir='ltr'><strong>qui</strong></span> 
     </span>
    </p>
   </div>
   <div class='ocr_carea' id='block_1_82' title="bbox 259 5175 1860 5252">
    <p class='ocr_par' dir='ltr' id='par_1_82' title="bbox 259 5175 1860 5252">
     <span class='ocr_line' id='line_1_82' title="bbox 259 5175 1860 5252; baseline -0.006 -14"><span class='ocrx_word' id='word_1_579' title='bbox 259 5183 477 5252; x_wconf 81' lang='lat' dir='ltr'><strong>ubique</strong></span> <span class='ocrx_word' id='word_1_580' title='bbox 495 5180 702 5236; x_wconf 87' lang='lat' dir='ltr'><strong>cunctis</strong></span> <span class='ocrx_word' id='word_1_581' title='bbox 731 5187 786 5236; x_wconf 89' lang='lat' dir='ltr'><strong>et</strong></span> <span class='ocrx_word' id='word_1_582' title='bbox 811 5181 983 5234; x_wconf 87' lang='lat' dir='ltr'><strong>amori</strong></span> <span class='ocrx_word' id='word_1_583' title='bbox 1027 5179 1191 5234; x_wconf 88' lang='lat' dir='ltr'><strong>fuerit</strong></span> <span class='ocrx_word' id='word_1_584' title='bbox 1217 5189 1272 5234; x_wconf 90' lang='lat' dir='ltr'><strong>et</strong></span> <span class='ocrx_word' id='word_1_585' title='bbox 1298 5177 1514 5236; x_wconf 87' lang='lat' dir='ltr'><strong>honori.</strong></span> <span class='ocrx_word' id='word_1_586' title='bbox 1549 5175 1699 5232; x_wconf 84' lang='lat' dir='ltr'><strong>Unde</strong></span> <span class='ocrx_word' id='word_1_587' title='bbox 1723 5176 1860 5232; x_wconf 72' lang='lat' dir='ltr'><strong>resi-</strong></span> 
     </span>
    </p>
   </div>
   <div class='ocr_carea' id='block_1_83' title="bbox 253 5265 1866 5341">
    <p class='ocr_par' dir='ltr' id='par_1_83' title="bbox 253 5265 1866 5341">
     <span class='ocr_line' id='line_1_83' title="bbox 253 5265 1866 5341; baseline -0.005 -13"><span class='ocrx_word' id='word_1_588' title='bbox 253 5282 451 5334; x_wconf 70' lang='lat' dir='ltr'><strong>statur</strong></span> <span class='ocrx_word' id='word_1_589' title='bbox 480 5272 694 5338; x_wconf 82' lang='lat' dir='ltr'><strong>talibus,</strong></span> <span class='ocrx_word' id='word_1_590' title='bbox 740 5286 880 5341; x_wconf 90' lang='lat' dir='ltr'><strong>quos</strong></span> <span class='ocrx_word' id='word_1_591' title='bbox 923 5271 1064 5326; x_wconf 78' lang='lat' dir='ltr'><strong>male</strong></span> <span class='ocrx_word' id='word_1_592' title='bbox 1103 5285 1354 5327; x_wconf 82' lang='lat' dir='ltr'><strong>crescere</strong></span> <span class='ocrx_word' id='word_1_593' title='bbox 1398 5269 1682 5335; x_wconf 83' lang='lat' dir='ltr'><strong>videmus;</strong></span> <span class='ocrx_word' id='word_1_594' title='bbox 1716 5265 1866 5324; x_wconf 86' lang='lat' dir='ltr'><strong>nefas</strong></span> 
     </span>
    </p>
   </div>
   <div class='ocr_carea' id='block_1_84' title="bbox 253 5361 1863 5434">
    <p class='ocr_par' dir='ltr' id='par_1_84' title="bbox 253 5361 1863 5434">
     <span class='ocr_line' id='line_1_84' title="bbox 253 5361 1863 5434; baseline -0.003 -15"><span class='ocrx_word' id='word_1_595' title='bbox 253 5372 376 5424; x_wconf 73' lang='lat' dir='ltr'><strong>est.</strong></span> <span class='ocrx_word' id='word_1_596' title='bbox 412 5363 528 5419; x_wconf 65' lang='lat' dir='ltr'><strong>hac</strong></span> <span class='ocrx_word' id='word_1_597' title='bbox 557 5361 668 5432; x_wconf 88' lang='lat' dir='ltr'><strong>pati</strong></span> <span class='ocrx_word' id='word_1_598' title='bbox 695 5361 976 5430; x_wconf 72' lang='lat' dir='ltr'><strong>religiosas</strong></span> <span class='ocrx_word' id='word_1_599' title='bbox 1021 5362 1248 5426; x_wconf 80' lang='lat' dir='ltr'><strong>animas,</strong></span> <span class='ocrx_word' id='word_1_600' title='bbox 1279 5377 1504 5434; x_wconf 87' lang='lat' dir='ltr'><strong>quarum</strong></span> <span class='ocrx_word' id='word_1_601' title='bbox 1548 5361 1863 5428; x_wconf 83' lang='lat' dir='ltr'><strong>aﬂlictione,</strong></span> 
     </span>
    </p>
   </div>
   <div class='ocr_carea' id='block_1_85' title="bbox 249 5437 1864 5526">
    <p class='ocr_par' dir='ltr' id='par_1_85' title="bbox 249 5437 1864 5526">
     <span class='ocr_line' id='line_1_85' title="bbox 249 5437 1864 5526; baseline -0.006 -14"><span class='ocrx_word' id='word_1_602' title='bbox 249 5457 400 5526; x_wconf 72' lang='lat' dir='ltr'><strong>quia</strong></span> <span class='ocrx_word' id='word_1_603' title='bbox 431 5453 678 5510; x_wconf 81' lang='lat' dir='ltr'><strong>membra</strong></span> <span class='ocrx_word' id='word_1_604' title='bbox 703 5461 886 5509; x_wconf 87' lang='lat' dir='ltr'><strong>nostra</strong></span> <span class='ocrx_word' id='word_1_605' title='bbox 916 5462 1064 5522; x_wconf 85' lang='lat' dir='ltr'><strong>sunt.</strong></span> <span class='ocrx_word' id='word_1_606' title='bbox 1092 5470 1192 5512; x_wconf 79' lang='lat' dir='ltr'><strong>nos</strong></span> <span class='ocrx_word' id='word_1_607' title='bbox 1217 5437 1436 5523; x_wconf 61' lang='lat' dir='ltr'><strong>imoque</strong></span> <span class='ocrx_word' id='word_1_608' title='bbox 1468 5454 1722 5509; x_wconf 82' lang='lat' dir='ltr'><strong>convenit</strong></span> <span class='ocrx_word' id='word_1_609' title='bbox 1748 5469 1864 5507; x_wconf 69' lang='lat' dir='ltr'><strong>um-</strong></span> 
     </span>
    </p>
   </div>
   <div class='ocr_carea' id='block_1_86' title="bbox 249 5545 1856 5616">
    <p class='ocr_par' dir='ltr' id='par_1_86' title="bbox 249 5545 1856 5616">
     <span class='ocr_line' id='line_1_86' title="bbox 249 5545 1856 5616; baseline -0.007 -8"><span class='ocrx_word' id='word_1_610' title='bbox 249 5549 492 5612; x_wconf 80' lang='lat' dir='ltr'><strong>cerari,</strong></span> <span class='ocrx_word' id='word_1_611' title='bbox 544 5547 788 5616; x_wconf 83' lang='lat' dir='ltr'><strong>quamvis</strong></span> <span class='ocrx_word' id='word_1_612' title='bbox 836 5555 1052 5602; x_wconf 86' lang='lat' dir='ltr'><strong>maneat</strong></span> <span class='ocrx_word' id='word_1_613' title='bbox 1111 5547 1211 5603; x_wconf 83' lang='lat' dir='ltr'><strong>bos</strong></span> <span class='ocrx_word' id='word_1_614' title='bbox 1255 5545 1536 5603; x_wconf 82' lang='lat' dir='ltr'><strong>beatitudo</strong></span> <span class='ocrx_word' id='word_1_615' title='bbox 1589 5545 1856 5614; x_wconf 86' lang='lat' dir='ltr'><strong>promissa</strong></span> 
     </span>
    </p>
   </div>
   <div class='ocr_carea' id='block_1_87' title="bbox 251 5637 1858 5707">
    <p class='ocr_par' dir='ltr' id='par_1_87' title="bbox 251 5637 1858 5707">
     <span class='ocr_line' id='line_1_87' title="bbox 251 5637 1858 5707; baseline -0.003 -14"><span class='ocrx_word' id='word_1_616' title='bbox 251 5638 502 5704; x_wconf 65' lang='lat' dir='ltr'><strong>(Matth.</strong></span> <span class='ocrx_word' id='word_1_617' title='bbox 550 5649 645 5706; x_wconf 71' lang='grc' dir='ltr'><strong>ν),</strong></span> <span class='ocrx_word' id='word_1_618' title='bbox 709 5637 1012 5706; x_wconf 79' lang='lat' dir='ltr'><strong>quicunque</strong></span> <span class='ocrx_word' id='word_1_619' title='bbox 1073 5638 1368 5706; x_wconf 83' lang='lat' dir='ltr'><strong>probantur</strong></span> <span class='ocrx_word' id='word_1_620' title='bbox 1427 5637 1858 5707; x_wconf 86' lang='lat' dir='ltr'><strong>persecutionem</strong></span> 
     </span>
    </p>
   </div>
   <div class='ocr_carea' id='block_1_88' title="bbox 249 5728 1863 5808">
    <p class='ocr_par' dir='ltr' id='par_1_88' title="bbox 249 5728 1863 5808">
     <span class='ocr_line' id='line_1_88' title="bbox 249 5728 1863 5808; baseline -0.002 -23"><span class='ocrx_word' id='word_1_621' title='bbox 249 5741 506 5808; x_wconf 76' lang='lat' dir='ltr'><strong>propter</strong></span> <span class='ocrx_word' id='word_1_622' title='bbox 527 5729 792 5800; x_wconf 78' lang='lat' dir='ltr'><strong>justitiam</strong></span> <span class='ocrx_word' id='word_1_623' title='bbox 815 5729 1103 5784; x_wconf 87' lang='lat' dir='ltr'><strong>sustinere.</strong></span> <span class='ocrx_word' id='word_1_624' title='bbox 1151 5730 1355 5798; x_wconf 84' lang='lat' dir='ltr'><strong>Quibus</strong></span> <span class='ocrx_word' id='word_1_625' title='bbox 1401 5731 1530 5800; x_wconf 86' lang='lat' dir='ltr'><strong>quid</strong></span> <span class='ocrx_word' id='word_1_626' title='bbox 1582 5728 1863 5800; x_wconf 81' lang='lat' dir='ltr'><strong>promittat</strong></span> 
     </span>
    </p>
   </div>
   <div class='ocr_carea' id='block_1_89' title="bbox 254 5819 1864 5887">
    <p class='ocr_par' dir='ltr' id='par_1_89' title="bbox 254 5819 1864 5887">
     <span class='ocr_line' id='line_1_89' title="bbox 254 5819 1864 5887; baseline -0.006 -4"><span class='ocrx_word' id='word_1_627' title='bbox 254 5821 546 5883; x_wconf 81' lang='lat' dir='ltr'><strong>Dominus</strong></span> <span class='ocrx_word' id='word_1_628' title='bbox 573 5820 628 5875; x_wconf 91' lang='lat' dir='ltr'><strong>in</strong></span> <span class='ocrx_word' id='word_1_629' title='bbox 655 5819 912 5885; x_wconf 88' lang='lat' dir='ltr'><strong>futurum,</strong></span> <span class='ocrx_word' id='word_1_630' title='bbox 955 5832 1182 5887; x_wconf 83' lang='lat' dir='ltr'><strong>sequens</strong></span> <span class='ocrx_word' id='word_1_631' title='bbox 1210 5839 1393 5882; x_wconf 85' lang='lat' dir='ltr'><strong>sermo</strong></span> <span class='ocrx_word' id='word_1_632' title='bbox 1433 5820 1694 5878; x_wconf 84' lang='lat' dir='ltr'><strong>declarat.</strong></span> <span class='ocrx_word' id='word_1_633' title='bbox 1748 5819 1864 5874; x_wconf 72' lang='lat' dir='ltr'><strong>Non</strong></span> 
     </span>
    </p>
   </div>
   <div class='ocr_carea' id='block_1_90' title="bbox 1953 3242 3537 3316">
    <p class='ocr_par' dir='ltr' id='par_1_90' title="bbox 1953 3242 3537 3316">
     <span class='ocr_line' id='line_1_90' title="bbox 1953 3242 3537 3316; baseline 0.004 -18"><span class='ocrx_word' id='word_1_634' title='bbox 1953 3242 2292 3298; x_wconf 87' lang='lat' dir='ltr'><strong>subditarum</strong></span> <span class='ocrx_word' id='word_1_635' title='bbox 2311 3245 2694 3301; x_wconf 86' lang='lat' dir='ltr'><strong>auctoritatum</strong></span> <span class='ocrx_word' id='word_1_636' title='bbox 2716 3246 2978 3301; x_wconf 89' lang='lat' dir='ltr'><strong>brevitate</strong></span> <span class='ocrx_word' id='word_1_637' title='bbox 3003 3248 3262 3316; x_wconf 84' lang='lat' dir='ltr'><strong>pendere,</strong></span> <span class='ocrx_word' id='word_1_638' title='bbox 3303 3249 3537 3304; x_wconf 80' lang='lat' dir='ltr'><strong>nullam-</strong></span> 
     </span>
    </p>
   </div>
   <div class='ocr_carea' id='block_1_91' title="bbox 1953 3333 3534 3406">
    <p class='ocr_par' dir='ltr' id='par_1_91' title="bbox 1953 3333 3534 3406">
     <span class='ocr_line' id='line_1_91' title="bbox 1953 3333 3534 3406; baseline 0.005 -18"><span class='ocrx_word' id='word_1_639' title='bbox 1953 3348 2058 3402; x_wconf 91' lang='lat' dir='ltr'><strong>que</strong></span> <span class='ocrx_word' id='word_1_640' title='bbox 2086 3333 2188 3388; x_wconf 88' lang='lat' dir='ltr'><strong>sibi</strong></span> <span class='ocrx_word' id='word_1_641' title='bbox 2219 3335 2661 3390; x_wconf 82' lang='lat' dir='ltr'><strong>contradictionis</strong></span> <span class='ocrx_word' id='word_1_642' title='bbox 2689 3351 2973 3406; x_wconf 87' lang='lat' dir='ltr'><strong>superesse</strong></span> <span class='ocrx_word' id='word_1_643' title='bbox 3007 3336 3294 3406; x_wconf 88' lang='lat' dir='ltr'><strong>rationem,</strong></span> <span class='ocrx_word' id='word_1_644' title='bbox 3335 3339 3385 3395; x_wconf 87' lang='lat' dir='ltr'><strong>si</strong></span> <span class='ocrx_word' id='word_1_645' title='bbox 3412 3353 3534 3396; x_wconf 89' lang='lat' dir='ltr'><strong>cum</strong></span> 
     </span>
    </p>
   </div>
   <div class='ocr_carea' id='block_1_92' title="bbox 1953 3424 2722 3482">
    <p class='ocr_par' dir='ltr' id='par_1_92' title="bbox 1953 3424 2722 3482">
     <span class='ocr_line' id='line_1_92' title="bbox 1953 3424 2722 3482; baseline 0.003 -2"><span class='ocrx_word' id='word_1_646' title='bbox 1953 3424 2235 3481; x_wconf 87' lang='lat' dir='ltr'><strong>catholicis</strong></span> <span class='ocrx_word' id='word_1_647' title='bbox 2263 3425 2446 3481; x_wconf 81' lang='lat' dir='ltr'><strong>credat</strong></span> <span class='ocrx_word' id='word_1_648' title='bbox 2473 3435 2528 3481; x_wconf 90' lang='lat' dir='ltr'><strong>et</strong></span> <span class='ocrx_word' id='word_1_649' title='bbox 2556 3426 2722 3482; x_wconf 86' lang='lat' dir='ltr'><strong>dicat.</strong></span> 
     </span>
    </p>
   </div>
   <div class='ocr_carea' id='block_1_93' title="bbox 1958 3566 3532 3640">
    <p class='ocr_par' dir='ltr' id='par_1_93' title="bbox 1958 3566 3532 3640">
     <span class='ocr_line' id='line_1_93' title="bbox 1958 3566 3532 3640; baseline 0.002 -20"><span class='ocrx_word' id='word_1_650' title='bbox 1958 3567 2107 3633; x_wconf 80' lang='lat' dir='ltr'><strong>Quod</strong></span> <span class='ocrx_word' id='word_1_651' title='bbox 2149 3567 2322 3640; x_wconf 77' lang='lat' dir='ltr'><strong>Adam</strong></span> <span class='ocrx_word' id='word_1_652' title='bbox 2354 3583 2528 3640; x_wconf 56' lang='lat' dir='ltr'><strong>anthea</strong></span> <span class='ocrx_word' id='word_1_653' title='bbox 2570 3567 2798 3640; x_wconf 78' lang='lat' dir='ltr'><strong>homines</strong></span> <span class='ocrx_word' id='word_1_654' title='bbox 2841 3566 3188 3640; x_wconf 54' lang='lat' dir='ltr'><strong>(marinaecf</strong></span> <span class='ocrx_word' id='word_1_655' title='bbox 3231 3584 3532 3640; x_wconf 81' lang='lat' dir='ltr'><strong>quemquam</strong></span> 
     </span>
    </p>
   </div>
   <div class='ocr_carea' id='block_1_94' title="bbox 2271 3636 3212 3716">
    <p class='ocr_par' dir='ltr' id='par_1_94' title="bbox 2271 3636 3212 3716">
     <span class='ocr_line' id='line_1_94' title="bbox 2271 3636 3212 3716; baseline 0.002 -26"><span class='ocrx_word' id='word_1_656' title='bbox 2271 3639 2371 3716; x_wconf 82' lang='lat' dir='ltr'><strong>nisi</strong></span> <span class='ocrx_word' id='word_1_657' title='bbox 2403 3636 2596 3690; x_wconf 77' lang='lat' dir='ltr'><strong>Christi</strong></span> <span class='ocrx_word' id='word_1_658' title='bbox 2625 3639 2798 3707; x_wconf 81' lang='lat' dir='ltr'><strong>gratia</strong></span> <span class='ocrx_word' id='word_1_659' title='bbox 2822 3653 2970 3706; x_wconf 78' lang='lat' dir='ltr'><strong>posse</strong></span> <span class='ocrx_word' id='word_1_660' title='bbox 2999 3638 3212 3692; x_wconf 76' lang='lat' dir='ltr'><strong>saluari.</strong></span> 
     </span>
    </p>
   </div>
   <div class='ocr_carea' id='block_1_95' title="bbox 2028 3749 3536 3822">
    <p class='ocr_par' dir='ltr' id='par_1_95' title="bbox 2028 3749 3536 3822">
     <span class='ocr_line' id='line_1_95' title="bbox 2028 3749 3536 3822; baseline 0.002 -14"><span class='ocrx_word' id='word_1_661' title='bbox 2028 3754 2114 3808; x_wconf 84' lang='lat' dir='ltr'><strong>IV.</strong></span> <span class='ocrx_word' id='word_1_662' title='bbox 2146 3752 2202 3809; x_wconf 85' lang='lat' dir='ltr'><strong>In</strong></span> <span class='ocrx_word' id='word_1_663' title='bbox 2233 3750 2670 3822; x_wconf 69' lang='lat' dir='ltr'><strong>praevaricatione</strong></span> <span class='ocrx_word' id='word_1_664' title='bbox 2703 3749 2828 3804; x_wconf 67' lang='lat' dir='ltr'><strong>Aula:</strong></span> <span class='ocrx_word' id='word_1_665' title='bbox 2867 3765 3056 3806; x_wconf 89' lang='lat' dir='ltr'><strong>omnes</strong></span> <span class='ocrx_word' id='word_1_666' title='bbox 3099 3753 3345 3809; x_wconf 91' lang='lat' dir='ltr'><strong>homines</strong></span> <span class='ocrx_word' id='word_1_667' title='bbox 3372 3765 3536 3812; x_wconf 63' lang='lat' dir='ltr'><strong>natu»</strong></span> 
     </span>
    </p>
   </div>
   <div class='ocr_carea' id='block_1_96' title="bbox 1959 3842 3541 3917">
    <p class='ocr_par' dir='ltr' id='par_1_96' title="bbox 1959 3842 3541 3917">
     <span class='ocr_line' id='line_1_96' title="bbox 1959 3842 3541 3917; baseline 0 -15"><span class='ocrx_word' id='word_1_668' title='bbox 1959 3847 2122 3902; x_wconf 88' lang='lat' dir='ltr'><strong>ralem</strong></span> <span class='ocrx_word' id='word_1_669' title='bbox 2174 3842 2586 3917; x_wconf 85' lang='lat' dir='ltr'><strong>possibilitatem</strong></span> <span class='ocrx_word' id='word_1_670' title='bbox 2634 3848 2690 3895; x_wconf 90' lang='lat' dir='ltr'><strong>et</strong></span> <span class='ocrx_word' id='word_1_671' title='bbox 2736 3842 3099 3895; x_wconf 85' lang='lat' dir='ltr'><strong>innocentiam</strong></span> <span class='ocrx_word' id='word_1_672' title='bbox 3133 3843 3451 3912; x_wconf 89' lang='lat' dir='ltr'><strong>perdidisse,</strong></span> <span class='ocrx_word' id='word_1_673' title='bbox 3484 3862 3541 3902; x_wconf 85' lang='lat' dir='ltr'><strong>et</strong></span> 
     </span>
    </p>
   </div>
   <div class='ocr_carea' id='block_1_97' title="bbox 1961 3932 3538 4006">
    <p class='ocr_par' dir='ltr' id='par_1_97' title="bbox 1961 3932 3538 4006">
     <span class='ocr_line' id='line_1_97' title="bbox 1961 3932 3538 4006; baseline 0.001 -14"><span class='ocrx_word' id='word_1_674' title='bbox 1961 3938 2231 3994; x_wconf 87' lang='lat' dir='ltr'><strong>neminem</strong></span> <span class='ocrx_word' id='word_1_675' title='bbox 2260 3936 2325 3991; x_wconf 91' lang='lat' dir='ltr'><strong>de</strong></span> <span class='ocrx_word' id='word_1_676' title='bbox 2355 3932 2618 4006; x_wconf 89' lang='lat' dir='ltr'><strong>profundo</strong></span> <span class='ocrx_word' id='word_1_677' title='bbox 2651 3933 2792 3987; x_wconf 92' lang='lat' dir='ltr'><strong>illius</strong></span> <span class='ocrx_word' id='word_1_678' title='bbox 2824 3933 2989 3986; x_wconf 78' lang='lat' dir='ltr'><strong>ruina.-</strong></span> <span class='ocrx_word' id='word_1_679' title='bbox 3017 3948 3112 4003; x_wconf 88' lang='lat' dir='ltr'><strong>per</strong></span> <span class='ocrx_word' id='word_1_680' title='bbox 3141 3933 3364 3989; x_wconf 88' lang='lat' dir='ltr'><strong>liberum</strong></span> <span class='ocrx_word' id='word_1_681' title='bbox 3393 3936 3538 3993; x_wconf 79' lang='lat' dir='ltr'><strong>arbi-</strong></span> 
     </span>
    </p>
   </div>
   <div class='ocr_carea' id='block_1_98' title="bbox 1959 4025 3542 4099">
    <p class='ocr_par' dir='ltr' id='par_1_98' title="bbox 1959 4025 3542 4099">
     <span class='ocr_line' id='line_1_98' title="bbox 1959 4025 3542 4099; baseline 0.001 -14"><span class='ocrx_word' id='word_1_682' title='bbox 1959 4033 2121 4085; x_wconf 76' lang='lat' dir='ltr'><strong>trium</strong></span> <span class='ocrx_word' id='word_1_683' title='bbox 2161 4043 2320 4099; x_wconf 87' lang='lat' dir='ltr'><strong>posse</strong></span> <span class='ocrx_word' id='word_1_684' title='bbox 2351 4041 2693 4095; x_wconf 83' lang='lat' dir='ltr'><strong>consurgere,</strong></span> <span class='ocrx_word' id='word_1_685' title='bbox 2736 4025 2835 4081; x_wconf 88' lang='lat' dir='ltr'><strong>nisi</strong></span> <span class='ocrx_word' id='word_1_686' title='bbox 2883 4041 3005 4079; x_wconf 91' lang='lat' dir='ltr'><strong>eum</strong></span> <span class='ocrx_word' id='word_1_687' title='bbox 3056 4029 3224 4095; x_wconf 85' lang='lat' dir='ltr'><strong>gratia</strong></span> <span class='ocrx_word' id='word_1_688' title='bbox 3254 4027 3350 4084; x_wconf 90' lang='lat' dir='ltr'><strong>Dei</strong></span> <span class='ocrx_word' id='word_1_689' title='bbox 3381 4030 3542 4086; x_wconf 67' lang='lat' dir='ltr'><strong>misev</strong></span> 
     </span>
    </p>
   </div>
   <div class='ocr_carea' id='block_1_99' title="bbox 1960 4119 3542 4194">
    <p class='ocr_par' dir='ltr' id='par_1_99' title="bbox 1960 4119 3542 4194">
     <span class='ocr_line' id='line_1_99' title="bbox 1960 4119 3542 4194; baseline 0.003 -19"><span class='ocrx_word' id='word_1_690' title='bbox 1960 4123 2130 4176; x_wconf 84' lang='lat' dir='ltr'><strong>rantis</strong></span> <span class='ocrx_word' id='word_1_691' title='bbox 2160 4119 2412 4185; x_wconf 78' lang='lat' dir='ltr'><strong>erexerit,</strong></span> <span class='ocrx_word' id='word_1_692' title='bbox 2465 4119 2846 4189; x_wconf 86' lang='lat' dir='ltr'><strong>pronuntiante</strong></span> <span class='ocrx_word' id='word_1_693' title='bbox 2894 4119 3065 4174; x_wconf 83' lang='lat' dir='ltr'><strong>beatae</strong></span> <span class='ocrx_word' id='word_1_694' title='bbox 3095 4123 3368 4179; x_wconf 68' lang='lat' dir='ltr'><strong>memoriae</strong></span> <span class='ocrx_word' id='word_1_695' title='bbox 3404 4140 3542 4194; x_wconf 88' lang='lat' dir='ltr'><strong>papa</strong></span> 
     </span>
    </p>
   </div>
   <div class='ocr_carea' id='block_1_100' title="bbox 1960 4209 3542 4284">
    <p class='ocr_par' dir='ltr' id='par_1_100' title="bbox 1960 4209 3542 4284">
     <span class='ocr_line' id='line_1_100' title="bbox 1960 4209 3542 4284; baseline 0.001 -17"><span class='ocrx_word' id='word_1_696' title='bbox 1960 4211 2294 4274; x_wconf 74' lang='lat' dir='ltr'><strong>Innocentio,</strong></span> <span class='ocrx_word' id='word_1_697' title='bbox 2352 4219 2515 4278; x_wconf 90' lang='lat' dir='ltr'><strong>atque</strong></span> <span class='ocrx_word' id='word_1_698' title='bbox 2543 4210 2755 4263; x_wconf 62' lang='lat' dir='ltr'><strong>ditente</strong></span> <span class='ocrx_word' id='word_1_699' title='bbox 2803 4209 2854 4263; x_wconf 92' lang='lat' dir='ltr'><strong>in</strong></span> <span class='ocrx_word' id='word_1_700' title='bbox 2902 4211 3128 4279; x_wconf 78' lang='lat' dir='ltr'><strong>epistola</strong></span> <span class='ocrx_word' id='word_1_701' title='bbox 3159 4213 3226 4265; x_wconf 93' lang='lat' dir='ltr'><strong>ad</strong></span> <span class='ocrx_word' id='word_1_702' title='bbox 3258 4212 3542 4284; x_wconf 83' lang='lat' dir='ltr'><strong>Carthagi-</strong></span> 
     </span>
    </p>
   </div>
   <div class='ocr_carea' id='block_1_101' title="bbox 1965 4301 3545 4374">
    <p class='ocr_par' dir='ltr' id='par_1_101' title="bbox 1965 4301 3545 4374">
     <span class='ocr_line' id='line_1_101' title="bbox 1965 4301 3545 4374; baseline 0.002 -17"><span class='ocrx_word' id='word_1_703' title='bbox 1965 4321 2128 4358; x_wconf 83' lang='lat' dir='ltr'><strong>nense</strong></span> <span class='ocrx_word' id='word_1_704' title='bbox 2155 4303 2445 4357; x_wconf 79' lang='lat' dir='ltr'><strong>concilium</strong></span> <span class='ocrx_word' id='word_1_705' title='bbox 2472 4319 2484 4353; x_wconf 85' lang='lat'>:</span> <span class='ocrx_word' id='word_1_706' title='bbox 2539 4301 2789 4356; x_wconf 85' lang='lat' dir='ltr'><strong>Liberum</strong></span> <span class='ocrx_word' id='word_1_707' title='bbox 2821 4301 2962 4354; x_wconf 91' lang='lat' dir='ltr'><strong>enim</strong></span> <span class='ocrx_word' id='word_1_708' title='bbox 2999 4303 3276 4356; x_wconf 88' lang='lat' dir='ltr'><strong>arbitrium</strong></span> <span class='ocrx_word' id='word_1_709' title='bbox 3305 4303 3394 4358; x_wconf 85' lang='lat' dir='ltr'><strong>ille</strong></span> <span class='ocrx_word' id='word_1_710' title='bbox 3423 4322 3545 4374; x_wconf 81' lang='lat' dir='ltr'><strong>per-</strong></span> 
     </span>
    </p>
   </div>
   <div class='ocr_carea' id='block_1_102' title="bbox 1962 4392 3544 4465">
    <p class='ocr_par' dir='ltr' id='par_1_102' title="bbox 1962 4392 3544 4465">
     <span class='ocr_line' id='line_1_102' title="bbox 1962 4392 3544 4465; baseline 0.002 -16"><span class='ocrx_word' id='word_1_711' title='bbox 1962 4411 2170 4465; x_wconf 86' lang='lat' dir='ltr'><strong>pessus,</strong></span> <span class='ocrx_word' id='word_1_712' title='bbox 2200 4394 2323 4449; x_wconf 91' lang='lat' dir='ltr'><strong>dum</strong></span> <span class='ocrx_word' id='word_1_713' title='bbox 2353 4393 2462 4448; x_wconf 89' lang='lat' dir='ltr'><strong>suis</strong></span> <span class='ocrx_word' id='word_1_714' title='bbox 2492 4392 2842 4447; x_wconf 89' lang='lat' dir='ltr'><strong>inconsultius</strong></span> <span class='ocrx_word' id='word_1_715' title='bbox 2867 4393 3033 4446; x_wconf 88' lang='lat' dir='ltr'><strong>utitur</strong></span> <span class='ocrx_word' id='word_1_716' title='bbox 3059 4393 3233 4459; x_wconf 90' lang='lat' dir='ltr'><strong>bonis,</strong></span> <span class='ocrx_word' id='word_1_717' title='bbox 3268 4394 3468 4452; x_wconf 87' lang='lat' dir='ltr'><strong>cadens</strong></span> <span class='ocrx_word' id='word_1_718' title='bbox 3492 4397 3544 4452; x_wconf 92' lang='lat' dir='ltr'><strong>in</strong></span> 
     </span>
    </p>
   </div>
   <div class='ocr_carea' id='block_1_103' title="bbox 1967 4485 3542 4560">
    <p class='ocr_par' dir='ltr' id='par_1_103' title="bbox 1967 4485 3542 4560">
     <span class='ocr_line' id='line_1_103' title="bbox 1967 4485 3542 4560; baseline -0.001 -17"><span class='ocrx_word' id='word_1_719' title='bbox 1967 4485 2694 4560; x_wconf 74' lang='lat' dir='ltr'><strong>pnnvaricationisprofunda</strong></span> <span class='ocrx_word' id='word_1_720' title='bbox 2718 4485 2996 4540; x_wconf 89' lang='lat' dir='ltr'><strong>demersus</strong></span> <span class='ocrx_word' id='word_1_721' title='bbox 3008 4494 3110 4549; x_wconf 88' lang='lat' dir='ltr'><strong>est,</strong></span> <span class='ocrx_word' id='word_1_722' title='bbox 3126 4487 3320 4540; x_wconf 84' lang='lat' dir='ltr'><strong>etnibil</strong></span> <span class='ocrx_word' id='word_1_723' title='bbox 3349 4503 3542 4556; x_wconf 87' lang='lat' dir='ltr'><strong>quem-</strong></span> 
     </span>
    </p>
   </div>
   <div class='ocr_carea' id='block_1_104' title="bbox 1965 4575 3546 4649">
    <p class='ocr_par' dir='ltr' id='par_1_104' title="bbox 1965 4575 3546 4649">
     <span class='ocr_line' id='line_1_104' title="bbox 1965 4575 3546 4649; baseline 0.002 -18"><span class='ocrx_word' id='word_1_724' title='bbox 1965 4577 2250 4632; x_wconf 78' lang='lat' dir='ltr'><strong>admodum</strong></span> <span class='ocrx_word' id='word_1_725' title='bbox 2299 4576 2493 4631; x_wconf 78' lang='lat' dir='ltr'><strong>exinde</strong></span> <span class='ocrx_word' id='word_1_726' title='bbox 2543 4588 2763 4642; x_wconf 76' lang='lat' dir='ltr'><strong>surgere</strong></span> <span class='ocrx_word' id='word_1_727' title='bbox 2795 4584 3000 4644; x_wconf 52' lang='lat' dir='ltr'><strong>posset,</strong></span> <span class='ocrx_word' id='word_1_728' title='bbox 3046 4575 3293 4630; x_wconf 83' lang='lat' dir='ltr'><strong>invenit:</strong></span> <span class='ocrx_word' id='word_1_729' title='bbox 3344 4594 3546 4649; x_wconf 83' lang='lat' dir='ltr'><strong>suaque</strong></span> 
     </span>
    </p>
   </div>
   <div class='ocr_carea' id='block_1_105' title="bbox 1966 4666 3545 4735">
    <p class='ocr_par' dir='ltr' id='par_1_105' title="bbox 1966 4666 3545 4735">
     <span class='ocr_line' id='line_1_105' title="bbox 1966 4666 3545 4735; baseline 0 -9"><span class='ocrx_word' id='word_1_730' title='bbox 1966 4673 2015 4726; x_wconf 94' lang='lat' dir='ltr'><strong>in</strong></span> <span class='ocrx_word' id='word_1_731' title='bbox 2043 4681 2299 4725; x_wconf 66' lang='lat' dir='ltr'><strong>aeternum</strong></span> <span class='ocrx_word' id='word_1_732' title='bbox 2335 4669 2583 4722; x_wconf 87' lang='lat' dir='ltr'><strong>libertate</strong></span> <span class='ocrx_word' id='word_1_733' title='bbox 2612 4666 2872 4735; x_wconf 87' lang='lat' dir='ltr'><strong>deceptus</strong></span> <span class='ocrx_word' id='word_1_734' title='bbox 2901 4666 3061 4735; x_wconf 86' lang='lat' dir='ltr'><strong>hujus</strong></span> <span class='ocrx_word' id='word_1_735' title='bbox 3089 4669 3256 4722; x_wconf 66' lang='lat' dir='ltr'><strong>ruinar-</strong></span> <span class='ocrx_word' id='word_1_736' title='bbox 3300 4670 3545 4727; x_wconf 81' lang='lat' dir='ltr'><strong>latuisset</strong></span> 
     </span>
    </p>
   </div>
   <div class='ocr_carea' id='block_1_106' title="bbox 1963 4755 3544 4832">
    <p class='ocr_par' dir='ltr' id='par_1_106' title="bbox 1963 4755 3544 4832">
     <span class='ocr_line' id='line_1_106' title="bbox 1963 4755 3544 4832; baseline -0.001 -17"><span class='ocrx_word' id='word_1_737' title='bbox 1963 4776 2243 4832; x_wconf 66' lang='lat' dir='ltr'><strong>Oppressu,</strong></span> <span class='ocrx_word' id='word_1_738' title='bbox 2277 4759 2376 4812; x_wconf 61' lang='lat' dir='ltr'><strong>nisi</strong></span> <span class='ocrx_word' id='word_1_739' title='bbox 2399 4773 2522 4813; x_wconf 89' lang='lat' dir='ltr'><strong>eum</strong></span> <span class='ocrx_word' id='word_1_740' title='bbox 2553 4764 2674 4825; x_wconf 90' lang='lat' dir='ltr'><strong>post</strong></span> <span class='ocrx_word' id='word_1_741' title='bbox 2704 4755 2904 4810; x_wconf 79' lang='lat' dir='ltr'><strong>Christi</strong></span> <span class='ocrx_word' id='word_1_742' title='bbox 2952 4771 3050 4827; x_wconf 92' lang='lat' dir='ltr'><strong>pro</strong></span> <span class='ocrx_word' id='word_1_743' title='bbox 3081 4774 3175 4811; x_wconf 89' lang='lat' dir='ltr'><strong>sua</strong></span> <span class='ocrx_word' id='word_1_744' title='bbox 3202 4760 3372 4826; x_wconf 85' lang='lat' dir='ltr'><strong>gratia</strong></span> <span class='ocrx_word' id='word_1_745' title='bbox 3401 4762 3544 4815; x_wconf 77' lang='lat' dir='ltr'><strong>rele-</strong></span> 
     </span>
    </p>
   </div>
   <div class='ocr_carea' id='block_1_107' title="bbox 1965 4848 3550 4920">
    <p class='ocr_par' dir='ltr' id='par_1_107' title="bbox 1965 4848 3550 4920">
     <span class='ocr_line' id='line_1_107' title="bbox 1965 4848 3550 4920; baseline -0.003 -13"><span class='ocrx_word' id='word_1_746' title='bbox 1965 4862 2144 4907; x_wconf 66' lang='lat' dir='ltr'><strong>vus=ct</strong></span> <span class='ocrx_word' id='word_1_747' title='bbox 2172 4850 2456 4916; x_wconf 84' lang='lat' dir='ltr'><strong>adventus,</strong></span> <span class='ocrx_word' id='word_1_748' title='bbox 2485 4848 2576 4916; x_wconf 87' lang='lat' dir='ltr'><strong>qui</strong></span> <span class='ocrx_word' id='word_1_749' title='bbox 2608 4862 2703 4915; x_wconf 88' lang='lat' dir='ltr'><strong>per</strong></span> <span class='ocrx_word' id='word_1_750' title='bbox 2735 4862 2886 4901; x_wconf 68' lang='lat' dir='ltr'><strong>novae</strong></span> <span class='ocrx_word' id='word_1_751' title='bbox 2917 4850 3343 4917; x_wconf 77' lang='lat' dir='ltr'><strong>regenerationis</strong></span> <span class='ocrx_word' id='word_1_752' title='bbox 3366 4853 3550 4920; x_wconf 82' lang='lat' dir='ltr'><strong>purifi-</strong></span> 
     </span>
    </p>
   </div>
   <div class='ocr_carea' id='block_1_108' title="bbox 1971 4937 3552 5010">
    <p class='ocr_par' dir='ltr' id='par_1_108' title="bbox 1971 4937 3552 5010">
     <span class='ocr_line' id='line_1_108' title="bbox 1971 4937 3552 5010; baseline 0.001 -13"><span class='ocrx_word' id='word_1_753' title='bbox 1971 4943 2236 4997; x_wconf 83' lang='lat' dir='ltr'><strong>cationem</strong></span> <span class='ocrx_word' id='word_1_754' title='bbox 2284 4954 2442 4993; x_wconf 90' lang='lat' dir='ltr'><strong>omne</strong></span> <span class='ocrx_word' id='word_1_755' title='bbox 2473 4938 2801 5008; x_wconf 77' lang='lat' dir='ltr'><strong>praeteritum</strong></span> <span class='ocrx_word' id='word_1_756' title='bbox 2853 4937 3036 4992; x_wconf 82' lang='lat' dir='ltr'><strong>vitium</strong></span> <span class='ocrx_word' id='word_1_757' title='bbox 3087 4939 3168 4993; x_wconf 91' lang='lat' dir='ltr'><strong>sui</strong></span> <span class='ocrx_word' id='word_1_758' title='bbox 3215 4940 3552 5010; x_wconf 73' lang='lat' dir='ltr'><strong>baptismatis</strong></span> 
     </span>
    </p>
   </div>
   <div class='ocr_carea' id='block_1_109' title="bbox 1970 5030 2470 5102">
    <p class='ocr_par' dir='ltr' id='par_1_109' title="bbox 1970 5030 2470 5102">
     <span class='ocr_line' id='line_1_109' title="bbox 1970 5030 2470 5102; baseline -0.012 -15"><span class='ocrx_word' id='word_1_759' title='bbox 1970 5035 2180 5088; x_wconf 72' lang='lat' dir='ltr'><strong>lavacro</strong></span> <span class='ocrx_word' id='word_1_760' title='bbox 2208 5030 2470 5102; x_wconf 88' lang='lat' dir='ltr'><strong>purgavit.</strong></span> 
     </span>
    </p>
   </div>
   <div class='ocr_carea' id='block_1_110' title="bbox 1971 5170 3551 5246">
    <p class='ocr_par' dir='ltr' id='par_1_110' title="bbox 1971 5170 3551 5246">
     <span class='ocr_line' id='line_1_110' title="bbox 1971 5170 3551 5246; baseline 0 -16"><span class='ocrx_word' id='word_1_761' title='bbox 1971 5174 2121 5240; x_wconf 79' lang='lat' dir='ltr'><strong>Quod</strong></span> <span class='ocrx_word' id='word_1_762' title='bbox 2148 5190 2298 5228; x_wconf 82' lang='lat' dir='ltr'><strong>nemo</strong></span> <span class='ocrx_word' id='word_1_763' title='bbox 2339 5171 2406 5224; x_wconf 87' lang='lat' dir='ltr'><strong>sit</strong></span> <span class='ocrx_word' id='word_1_764' title='bbox 2443 5170 2735 5246; x_wconf 62' lang='lat' dir='ltr'><strong>honussuis</strong></span> <span class='ocrx_word' id='word_1_765' title='bbox 2761 5170 2973 5246; x_wconf 71' lang='lat' dir='ltr'><strong>viribus,</strong></span> <span class='ocrx_word' id='word_1_766' title='bbox 3025 5173 3126 5225; x_wconf 84' lang='lat' dir='ltr'><strong>nisi</strong></span> <span class='ocrx_word' id='word_1_767' title='bbox 3149 5175 3551 5246; x_wconf 69' lang='lat' dir='ltr'><strong>participatione</strong></span> 
     </span>
    </p>
   </div>
   <div class='ocr_carea' id='block_1_111' title="bbox 2402 5241 3100 5314">
    <p class='ocr_par' dir='ltr' id='par_1_111' title="bbox 2402 5241 3100 5314">
     <span class='ocr_line' id='line_1_111' title="bbox 2402 5241 3100 5314; baseline 0.003 -20"><span class='ocrx_word' id='word_1_768' title='bbox 2402 5242 2514 5314; x_wconf 80' lang='lat' dir='ltr'><strong>ejus</strong></span> <span class='ocrx_word' id='word_1_769' title='bbox 2544 5243 2629 5312; x_wconf 86' lang='lat' dir='ltr'><strong>qui</strong></span> <span class='ocrx_word' id='word_1_770' title='bbox 2656 5241 2795 5296; x_wconf 86' lang='lat' dir='ltr'><strong>solus</strong></span> <span class='ocrx_word' id='word_1_771' title='bbox 2823 5241 2983 5296; x_wconf 82' lang='lat' dir='ltr'><strong>bonus</strong></span> <span class='ocrx_word' id='word_1_772' title='bbox 3004 5253 3100 5296; x_wconf 81' lang='lat' dir='ltr'><strong>est.</strong></span> 
     </span>
    </p>
   </div>
   <div class='ocr_carea' id='block_1_112' title="bbox 2041 5355 3552 5426">
    <p class='ocr_par' dir='ltr' id='par_1_112' title="bbox 2041 5355 3552 5426">
     <span class='ocr_line' id='line_1_112' title="bbox 2041 5355 3552 5426; baseline -0.002 -12"><span class='ocrx_word' id='word_1_773' title='bbox 2041 5360 2102 5415; x_wconf 77' lang='grc' dir='ltr'><strong>ν.</strong></span> <span class='ocrx_word' id='word_1_774' title='bbox 2131 5359 2405 5416; x_wconf 82' lang='lat' dir='ltr'><strong>Neminem</strong></span> <span class='ocrx_word' id='word_1_775' title='bbox 2427 5371 2544 5412; x_wconf 89' lang='lat' dir='ltr'><strong>esse</strong></span> <span class='ocrx_word' id='word_1_776' title='bbox 2558 5370 2654 5426; x_wconf 89' lang='lat' dir='ltr'><strong>per</strong></span> <span class='ocrx_word' id='word_1_777' title='bbox 2664 5355 3010 5425; x_wconf 88' lang='lat' dir='ltr'><strong>semetipsum</strong></span> <span class='ocrx_word' id='word_1_778' title='bbox 3031 5355 3251 5421; x_wconf 87' lang='lat' dir='ltr'><strong>bonum,</strong></span> <span class='ocrx_word' id='word_1_779' title='bbox 3274 5356 3373 5411; x_wconf 87' lang='lat' dir='ltr'><strong>nisi</strong></span> <span class='ocrx_word' id='word_1_780' title='bbox 3393 5367 3504 5425; x_wconf 86' lang='lat' dir='ltr'><strong>part</strong></span> <span class='ocrx_word' id='word_1_781' title='bbox 3519 5358 3552 5411; x_wconf 89' lang='lat' dir='ltr'><strong>i-</strong></span> 
     </span>
    </p>
   </div>
   <div class='ocr_carea' id='block_1_113' title="bbox 1967 5447 3546 5522">
    <p class='ocr_par' dir='ltr' id='par_1_113' title="bbox 1967 5447 3546 5522">
     <span class='ocr_line' id='line_1_113' title="bbox 1967 5447 3546 5522; baseline -0.003 -14"><span class='ocrx_word' id='word_1_782' title='bbox 1967 5453 2294 5522; x_wconf 79' lang='lat' dir='ltr'><strong>cipationem</strong></span> <span class='ocrx_word' id='word_1_783' title='bbox 2311 5451 2399 5506; x_wconf 82' lang='lat' dir='ltr'><strong>sui</strong></span> <span class='ocrx_word' id='word_1_784' title='bbox 2422 5450 2511 5504; x_wconf 88' lang='lat' dir='ltr'><strong>ille</strong></span> <span class='ocrx_word' id='word_1_785' title='bbox 2529 5449 2699 5504; x_wconf 82' lang='lat' dir='ltr'><strong>donet</strong></span> <span class='ocrx_word' id='word_1_786' title='bbox 2717 5447 2808 5517; x_wconf 89' lang='lat' dir='ltr'><strong>qui</strong></span> <span class='ocrx_word' id='word_1_787' title='bbox 2836 5448 2983 5503; x_wconf 87' lang='lat' dir='ltr'><strong>solus</strong></span> <span class='ocrx_word' id='word_1_788' title='bbox 3011 5456 3093 5502; x_wconf 84' lang='lat' dir='ltr'><strong>est</strong></span> <span class='ocrx_word' id='word_1_789' title='bbox 3119 5448 3295 5502; x_wconf 80' lang='lat' dir='ltr'><strong>bonus</strong></span> <span class='ocrx_word' id='word_1_790' title='bbox 3332 5447 3546 5517; x_wconf 73' lang='lat' dir='ltr'><strong>(Matth.</strong></span> 
     </span>
    </p>
   </div>
   <div class='ocr_carea' id='block_1_114' title="bbox 1971 5537 3552 5611">
    <p class='ocr_par' dir='ltr' id='par_1_114' title="bbox 1971 5537 3552 5611">
     <span class='ocr_line' id='line_1_114' title="bbox 1971 5537 3552 5611; baseline -0.003 -14"><span class='ocrx_word' id='word_1_791' title='bbox 1971 5541 2260 5611; x_wconf 67' lang='lat' dir='ltr'><strong>xix),un</strong></span> <span class='ocrx_word' id='word_1_792' title='bbox 2282 5541 2336 5595; x_wconf 82' lang='lat' dir='ltr'><strong>in</strong></span> <span class='ocrx_word' id='word_1_793' title='bbox 2351 5540 2552 5598; x_wconf 83' lang='lat' dir='ltr'><strong>eisdem</strong></span> <span class='ocrx_word' id='word_1_794' title='bbox 2565 5539 2779 5607; x_wconf 84' lang='lat' dir='ltr'><strong>scriptis</strong></span> <span class='ocrx_word' id='word_1_795' title='bbox 2791 5537 3027 5604; x_wconf 87' lang='lat' dir='ltr'><strong>ejusdem</strong></span> <span class='ocrx_word' id='word_1_796' title='bbox 3051 5537 3316 5606; x_wconf 75' lang='lat' dir='ltr'><strong>pontificis</strong></span> <span class='ocrx_word' id='word_1_797' title='bbox 3337 5548 3552 5594; x_wconf 85' lang='lat' dir='ltr'><strong>senten-</strong></span> 
     </span>
    </p>
   </div>
   <div class='ocr_carea' id='block_1_115' title="bbox 1969 5627 3552 5705">
    <p class='ocr_par' dir='ltr' id='par_1_115' title="bbox 1969 5627 3552 5705">
     <span class='ocr_line' id='line_1_115' title="bbox 1969 5627 3552 5705; baseline -0.006 -19"><span class='ocrx_word' id='word_1_798' title='bbox 1969 5634 2043 5687; x_wconf 87' lang='lat' dir='ltr'><strong>tia</strong></span> <span class='ocrx_word' id='word_1_799' title='bbox 2072 5639 2418 5705; x_wconf 86' lang='lat' dir='ltr'><strong>protestatur,</strong></span> <span class='ocrx_word' id='word_1_800' title='bbox 2448 5631 2636 5686; x_wconf 83' lang='lat' dir='ltr'><strong>dicens</strong></span> <span class='ocrx_word' id='word_1_801' title='bbox 2661 5647 2672 5680; x_wconf 92' lang='lat'>:</span> <span class='ocrx_word' id='word_1_802' title='bbox 2696 5627 2938 5694; x_wconf 84' lang='lat' dir='ltr'><strong>Nunquid</strong></span> <span class='ocrx_word' id='word_1_803' title='bbox 2969 5642 3068 5681; x_wconf 88' lang='lat' dir='ltr'><strong>nos</strong></span> <span class='ocrx_word' id='word_1_804' title='bbox 3089 5627 3157 5679; x_wconf 79' lang='lat' dir='ltr'><strong>de</strong></span> <span class='ocrx_word' id='word_1_805' title='bbox 3186 5644 3373 5683; x_wconf 77' lang='lat' dir='ltr'><strong>eorum</strong></span> <span class='ocrx_word' id='word_1_806' title='bbox 3405 5645 3552 5700; x_wconf 71' lang='grc' dir='ltr'><strong>ιιοει.</strong></span> 
     </span>
    </p>
   </div>
   <div class='ocr_carea' id='block_1_116' title="bbox 1973 5716 3553 5790">
    <p class='ocr_par' dir='ltr' id='par_1_116' title="bbox 1973 5716 3553 5790">
     <span class='ocr_line' id='line_1_116' title="bbox 1973 5716 3553 5790; baseline 0.004 -17"><span class='ocrx_word' id='word_1_807' title='bbox 1973 5726 2090 5781; x_wconf 69' lang='lat' dir='ltr'><strong>tunc</strong></span> <span class='ocrx_word' id='word_1_808' title='bbox 2115 5734 2318 5781; x_wconf 82' lang='lat' dir='ltr'><strong>rectum</strong></span> <span class='ocrx_word' id='word_1_809' title='bbox 2344 5721 2613 5777; x_wconf 79' lang='lat' dir='ltr'><strong>mentibus</strong></span> <span class='ocrx_word' id='word_1_810' title='bbox 2638 5717 2984 5782; x_wconf 67' lang='lat' dir='ltr'><strong>aestimemus,</strong></span> <span class='ocrx_word' id='word_1_811' title='bbox 3025 5716 3118 5785; x_wconf 86' lang='lat' dir='ltr'><strong>qui</strong></span> <span class='ocrx_word' id='word_1_812' title='bbox 3144 5717 3248 5773; x_wconf 89' lang='lat' dir='ltr'><strong>sibi</strong></span> <span class='ocrx_word' id='word_1_813' title='bbox 3273 5733 3332 5774; x_wconf 87' lang='lat' dir='ltr'><strong>se</strong></span> <span class='ocrx_word' id='word_1_814' title='bbox 3365 5733 3553 5790; x_wconf 83' lang='lat' dir='ltr'><strong>putant</strong></span> 
     </span>
    </p>
   </div>
   <div class='ocr_carea' id='block_1_117' title="bbox 1976 5808 3551 5884">
    <p class='ocr_par' dir='ltr' id='par_1_117' title="bbox 1976 5808 3551 5884">
     <span class='ocr_line' id='line_1_117' title="bbox 1976 5808 3551 5884; baseline 0.003 -21"><span class='ocrx_word' id='word_1_815' title='bbox 1976 5817 2181 5884; x_wconf 73' lang='lat' dir='ltr'><strong>deberi,</strong></span> <span class='ocrx_word' id='word_1_816' title='bbox 2208 5813 2354 5884; x_wconf 86' lang='lat' dir='ltr'><strong>quod</strong></span> <span class='ocrx_word' id='word_1_817' title='bbox 2381 5811 2507 5868; x_wconf 85' lang='lat' dir='ltr'><strong>boni</strong></span> <span class='ocrx_word' id='word_1_818' title='bbox 2537 5817 2680 5875; x_wconf 90' lang='lat' dir='ltr'><strong>sunt,</strong></span> <span class='ocrx_word' id='word_1_819' title='bbox 2715 5822 2812 5862; x_wconf 84' lang='lat' dir='ltr'><strong>nec</strong></span> <span class='ocrx_word' id='word_1_820' title='bbox 2835 5808 2982 5864; x_wconf 90' lang='lat' dir='ltr'><strong>illum</strong></span> <span class='ocrx_word' id='word_1_821' title='bbox 3004 5810 3368 5881; x_wconf 85' lang='lat' dir='ltr'><strong>considerant,</strong></span> <span class='ocrx_word' id='word_1_822' title='bbox 3403 5816 3551 5882; x_wconf 74' lang='lat' dir='ltr'><strong>cujus</strong></span> 
     </span>
    </p>
   </div>
  </div>
