3988 6344
397 389 485 439 Nl

1632 376 1986 433 DIONYSIUS
2026 374 2346 430 EXlGllUS.

3548 367 3658 423 9.72

395 501 632 571 quotidie
661 502 882 570 gratiam
911 505 1331 566 consequuntur,
1376 495 1465 564 qui
1494 494 1609 547 sine
1640 494 1732 549 illo
1762 502 1966 546 tantum
2002 499 2044 552 Α
2076 489 2224 555 Quod
2251 489 2418 544 onmis
2448 496 2628 542 sancta
2667 488 2911 571 cogitatio
2961 495 3012 568 et
3049 495 3216 540 motus
3245 487 3344 556 pia:
3371 486 3652 542 voluntatis

397 610 453 646 se
482 593 692 661 assequi
733 606 890 661 posse
916 587 1214 642 conﬁdunt.

399 704 667 768 Quodnisi
692 703 859 774 gratia
887 699 978 753 Dei
1003 699 1508 768 rontinuojuvenmr,
1536 694 1754 747 insidias
1776 691 1971 745 diaboli

836 787 1079 842 superare
1106 785 1206 823 non
1237 784 1525 838 possumus.

466 881 549 936 Vl.
581 881 859 936 Neminem
891 879 1052 932 etiam
1081 875 1417 945 baptismatis
1438 873 1604 942 gratia
1628 879 1967 935 renovatum,

396 977 646 1030 idoneum
675 987 792 1026 esse
823 971 886 1024 ad
917 967 1246 1038 superandas
1288 965 1485 1020 diaboli
1533 963 1773 1024 insidias,
1807 968 1860 1014 et
1907 959 1972 1011 ad

395 1065 719 1120 (-vincendas
746 1063 922 1116 carnis
949 1059 1414 1130 concupiscentias
1438 1098 1452 1121 ,
1504 1055 1602 1109 nisi
1647 1069 1744 1123 per
1791 1053 1970 1122 quoti-

395 1158 614 1210 dianum
653 1154 972 1222 adjutorinm
1006 1152 1098 1206 Dei
1147 1149 1597 1220 perseverantiam
1643 1147 1798 1200 bona:
1841 1161 1973 1199 con-

397 1246 717 1301 versationis
745 1244 1017 1312 acceperit
1044 1261 1055 1294 :
1086 1241 1228 1310 quod
1252 1239 1490 1310 ejusdem
1522 1237 1775 1291 antistitis
1801 1236 1855 1289 in
1884 1235 1975 1288 iis-

369 1341 371 1343 ’
397 1341 517 1395 dem
547 1339 751 1408 paginis
775 1336 1018 1391 doctrina
1039 1333 1341 1399 conﬁrmat,
1371 1331 1553 1384 dicens
1581 1347 1591 1381 :
1625 1328 1756 1382 Nam
1782 1342 1970 1397 quam-

398 1430 477 1485 vis
529 1429 798 1483 hominem
851 1425 1138 1480 redimeret
1183 1437 1210 1477 a
1261 1423 1543 1492 praateritis
1589 1421 1678 1474 ille
1715 1417 1971 1488 peccatis,

398 1531 575 1576 tamen
606 1521 781 1575 sciens
809 1520 1001 1574 iterum
1031 1531 1189 1587 posse
1211 1530 1455 1586 peccare,
1489 1513 1552 1566 ad
1579 1511 1973 1582 reparationem

396 1611 518 1676 sibi,
549 1607 1000 1678 quemadmodum
1043 1612 1226 1676 posset
1259 1605 1405 1658 illum
1449 1612 1504 1657 et
1531 1609 1652 1672 post
1683 1602 1784 1655 ista
1814 1599 1998 1655 corri-i

397 1716 545 1770 gere,
573 1700 740 1755 multa
772 1699 1026 1754 servavit.
1058 1695 1383 1761 Quotidiana
1411 1700 1632 1764 prtcstat
1672 1691 1761 1746 ille
1797 1703 1973 1752 reme-

397 1795 503 1857 dia,
557 1793 750 1863 quibus
781 1792 881 1846 nisi
917 1788 1035 1844 freti
1071 1787 1365 1857 conﬂsique
1395 1786 1646 1850 nitamur,
1671 1783 1974 1837 nullatenus

398 1866 663 1941 intimanos
705 1885 920 1937 vincere
968 1880 1266 1950 poterimus
1317 1891 1548 1931 errores.
1616 1874 1846 1928 Necesse
1892 1881 1974 1925 est

398 1977 539 2031 etaim
569 1983 625 2029 ut
651 1990 758 2043 quo
789 1973 1074 2027 auxiliante
1100 1969 1378 2031 vincimus,
1419 1981 1484 2020 eo
1515 1966 1704 2019 iterum
1738 1978 1844 2018 non
1877 1961 1973 2016 ad-

397 2070 616 2138 juvante
644 2067 942 2121 vincamur.

497 2178 646 2243 Quod
673 2194 764 2248 per
788 2175 1042 2231 Clu-istum
1071 2171 1230 2227 libero
1259 2171 1382 2225 bene
1409 2179 1613 2224 utamur
1639 2167 1875 2222 arbitrio.

462 2287 576 2342 γιι.
610 2286 762 2354 Quod
793 2301 951 2340 nemo
991 2283 1093 2338 nisi
1141 2297 1239 2352 per
1267 2279 1559 2343 Christum,
1611 2279 1782 2333 libero
1832 2276 1975 2330 bene

399 2389 576 2435 utatur
604 2377 848 2443 arbitrio,
880 2376 1018 2430 idem
1046 2375 1302 2442 magister
1332 2373 1382 2426 in
1411 2370 1641 2441 epistola
1670 2368 1738 2424 ad
1764 2365 1973 2422 Milevi-

399 2480 581 2525 tanum
628 2467 913 2522 concilium
961 2465 1084 2520 data
1133 2463 1411 2534 prmdicat,
1467 2463 1691 2516 dicens:
1745 2458 1977 2513 Adverte

400 2559 639 2626 tandem,
671 2574 704 2612 ο
733 2555 1174 2626 pravissimarnm
1204 2554 1465 2608 mentium
1495 2565 1748 2621 perversa
1775 2549 1977 2603 doctri-

401 2641 486 2714 na,
517 2647 658 2716 quod
681 2647 908 2716 primum
939 2643 1214 2698 hominem
1240 2643 1314 2696 ita
1345 2642 1565 2696 libertas
1596 2641 1708 2708 ipsa
1735 2637 1970 2706 decepit,

400 2749 458 2794 ut
475 2739 599 2794 dum
633 2737 992 2805 indulgentius
1021 2733 1184 2788 frenis
1214 2733 1330 2802 ejus
1360 2731 1545 2794 utitur,
1579 2730 1631 2784 in
1659 2729 1976 2799 pnevarica-

400 2832 599 2886 tionem
630 2826 1046 2899 prtesumptione
1076 2824 1406 2888 concideret,
1451 2837 1551 2876 nec
1581 2836 1648 2875 ex
1670 2821 1775 2874 hac
1803 2818 1978 2888 potuit

400 2922 534 2985 erui,
580 2919 682 2975 nisi
713 2919 760 2973 ei
811 2915 1148 2987 providentia
1177 2912 1604 2982 regenerationis
1633 2918 1833 2966 statum
1864 2910 1976 2979 pri-

396 3011 552 3067 stina:
598 3009 859 3064 libertatis
905 3005 1104 3062 Christi
1134 3003 1347 3060 Domini
1395 3002 1744 3058 reformasset
1772 3000 1974 3056 adven-

403 3113 509 3157 IIIS.

521 3211 668 3275 Quod
697 3213 873 3264 omnia
900 3219 1196 3264 cumrerum
1223 3209 1404 3261 merita
1435 3207 1573 3262 dona
1603 3215 1722 3260 sunt
1747 3205 1863 3260 Dei.

469 3326 603 3381 'Vlll.
646 3324 799 3392 Quod
830 3325 1008 3378 omnia
1033 3323 1229 3387 studia,
1262 3332 1317 3376 et
1346 3323 1525 3376 omnia
1552 3336 1737 3391 opera,
1768 3335 1831 3375 ac
1861 3335 1974 3374 me—

404 3419 502 3471 rita
532 3413 928 3470 sanctorum-ad
952 3415 1044 3468 Dei
1087 3413 1309 3481 gloriam
1353 3412 1672 3481 laudemque
1699 3411 1972 3464 referenda

402 3509 526 3571 sint,
563 3507 685 3576 quia
719 3521 876 3559 nemo
907 3503 1120 3558 aliunde
1150 3504 1197 3557 ei
1227 3503 1422 3572 placet,
1468 3504 1565 3558 nisi
1611 3519 1677 3556 ex
1723 3517 1787 3556 eo
1832 3503 1974 3570 quod

406 3605 519 3670 ipse
547 3597 845 3653 donaverit.
880 3595 936 3650 In
967 3611 1125 3665 quam
1157 3611 1253 3650 nos
1281 3595 1601 3649 sententiam
1635 3592 1815 3663 dirigit
1844 3594 1975 3648 hea-

404 3701 470 3744 ιω
520 3688 907 3744 recordationis
955 3700 1105 3756 papae
1130 3685 1326 3740 Zosimi
1375 3685 1634 3753 regularis
1663 3684 1974 3748 auctoritas,

405 3797 524 3838 cum
554 3779 793 3836 scribens
821 3777 888 3832 ad
918 3777 1080 3832 totius
1111 3776 1255 3830 orbis
1287 3776 1569 3846 episcopos
1607 3775 1718 3830 ait:
1746 3774 1855 3829 Nos
1884 3789 1976 3827 au-

406 3879 515 3929 tem
539 3871 794 3927 instinctu
823 3869 937 3934 Dei,
985 3867 1165 3923 omnia
1211 3866 1353 3921 enim
1397 3867 1538 3921 bona
1587 3865 1654 3919 ad
1703 3874 1977 3919 auctorem

405 3979 557 4017 suum
584 3959 864 4016 referenda
888 3966 1034 4020 sunt.
1065 3958 1206 4010 unde
1232 3965 1549 4018 nascuntur,
1575 3954 1640 4007 ad
1670 3953 1888 4008 fratrum
1928 3963 1981 4008 et

405 4052 851 4122 coepiscoporum
917 4056 1223 4102 nostrorum
1291 4047 1681 4102 conscientiam
1732 4047 1979 4102 universa

407 4141 704 4199 retulimus.
755 4138 914 4194 Hunc
949 4148 1126 4194 autem
1156 4153 1459 4194 sermonem
1489 4137 1860 4192 sincerissnua:
1886 4154 1981 4193 ve—

409 4231 582 4286 ritatis
607 4230 722 4285 luce
751 4229 1047 4284 radiantem
1069 4237 1220 4282 tanto
1247 4226 1359 4282 Afri
1387 4226 1623 4296 episcopi
1657 4227 1862 4282 honore
1893 4245 1983 4282 ve-

410 4323 581 4379 nerati
625 4330 768 4386 sunt,
818 4328 878 4376 ut
921 4321 994 4375 ita
1041 4319 1108 4374 ad
1137 4317 1382 4374 eumdem
1428 4318 1596 4372 virum
1645 4319 1980 4373 scriberent:

408 4417 540 4474 Illud
567 4430 713 4478 vero,
741 4413 884 4486 quod
908 4414 958 4468 in
985 4413 1196 4478 litteris,
1227 4426 1360 4482 quas
1386 4411 1435 4464 in
1465 4411 1739 4465 universas
1768 4411 1986 4480 provin-

409 4511 520 4566 cias
549 4510 747 4564 curasti
793 4523 914 4564 esse
940 4505 1246 4572 mittendas,
1278 4503 1500 4574 posuisti
1530 4503 1735 4569 dicens,
1765 4503 1874 4562 Nos
1901 4511 1982 4556 ta-

410 4617 532 4656 men
571 4600 823 4654 instinctu
875 4598 965 4652 Dei
992 4640 1004 4661 ,
1038 4605 1168 4662 etc.,
1203 4597 1280 4651 sic
1310 4595 1614 4664 accepimus
1641 4595 1872 4663 dictum,
1925 4604 1980 4648 ut
2010 4606 2056 4665 ς)

410 4695 549 4757 illos,
599 4692 691 4761 qui
738 4701 925 4746 contra
957 4689 1051 4743 Dei
1081 4687 1402 4756 adjutorium
1446 4685 1713 4744 extollunt
1762 4686 1981 4740 humani

409 4785 614 4841 arbitrii
661 4783 980 4846 libertatem,
1031 4781 1278 4835 districto
1307 4776 1481 4847 gladio
1509 4777 1786 4846 veritatis,
1837 4777 1984 4831 velut

408 4876 604 4933 cursim
637 4875 922 4938 transiens,
974 4882 1302 4942 amputares.
1337 4870 1473 4939 Quid
1503 4871 1644 4926 enim
1678 4879 1784 4924 tam
1815 4869 1982 4922 libero

408 4969 610 5025 fecistis
640 4967 886 5032 arbitrio,
934 4980 1093 5032 quam
1120 4964 1262 5035 quod
1295 4963 1540 5017 universa
1575 4963 1623 5017 in
1658 4971 1851 5016 nostrae
1882 4962 1980 5014 hu—

408 5057 651 5115 militatis
680 5056 1063 5110 conscientiam
1093 5055 1392 5109 rctulistis?
1424 5052 1487 5108 Et
1515 5063 1691 5107 tanmn
1725 5053 1979 5106 instinctu

410 5149 504 5205 Dei
538 5147 733 5201 factum
763 5161 880 5200 esse
913 5143 1139 5199 ﬁdeliter
1171 5144 1546 5214 sapienterque
1571 5143 1794 5206 vidistis,
1829 5158 1984 5195 vera-

409 5240 547 5294 citer
598 5237 927 5304 tidenterque
952 5235 1179 5289 dixistis.
1213 5234 1338 5288 Ideo
1371 5235 1569 5301 utique,
1618 5234 1740 5302 quia
1771 5248 1980 5302 pappa-

407 5341 559 5386 ratur
605 5329 852 5386 voluntas
880 5342 911 5381 a
941 5326 1188 5389 Domino,
1239 5333 1293 5380 et
1325 5334 1383 5379 ut
1411 5323 1537 5378 boni
1567 5323 1766 5393 aliquid
1799 5331 1982 5392 agant,

401 5421 644 5496 paternis
693 5419 1132 5489 inspirationibus
1181 5431 1400 5470 suorum
1450 5415 1564 5484 ipse
1602 5422 1787 5481 tangat
1815 5413 1978 5468 corda

407 5520 660 5573 titiorum.
693 5513 971 5582 Quotquot
1001 5511 1144 5565 enim
1188 5509 1379 5579 spiritu
1404 5508 1500 5562 Dei
1525 5514 1773 5574 aguntur,
1804 5507 1856 5560 hi
1888 5507 1982 5561 ﬁlii

406 5610 498 5663 Dei
520 5615 666 5673 sunt,
691 5613 750 5661 ut
770 5619 871 5659 nec
891 5588 1136 5658 nostrum
1159 5601 1348 5655 deesse
1368 5597 1663 5653 sentiamus
1685 5598 1984 5665 arbitrium,

403 5709 459 5754 et
507 5699 560 5754 in
605 5696 763 5754 bonis
789 5694 1091 5764 quibusque
1133 5689 1424 5744 voluntatis
1470 5688 1717 5742 humana:
1766 5688 1986 5756 singulis

404 5789 639 5843 motibus
693 5786 865 5855 magis
912 5784 1053 5839 illius
1098 5782 1277 5837 valere
1323 5795 1431 5835 non
1475 5779 1780 5834 dubitemus
1827 5782 1983 5834 auxi-

409 5879 565 5935 “um.

2703 573 2766 610 ea:
2797 557 2906 610 Deo
2935 558 3022 610 sit.

2143 651 2234 705 1X.
2267 650 2419 717 Quod
2449 651 2519 703 ita
2547 648 2688 702 Deus
2714 647 2764 700 in
2796 646 3045 701 cordibus
3075 647 3376 714 hominum,
3404 654 3567 714 atque
3600 644 3654 700 in

2075 743 2190 810 ipso
2237 741 2406 795 libero
2453 745 2707 808 operetur
2749 736 2991 800 arbitrio,
3041 743 3099 789 ut
3140 746 3325 789 sancta
3369 736 3651 804 cogitatio.

2086 833 2232 902 pium
2271 831 2575 895 consilium,
2631 828 2912 896 omnisque
2959 835 3138 883 motus
3165 827 3319 881 bona:
3348 827 3640 883 voluntatis

2077 937 2144 977 ex
2175 922 2288 978 Deo
2323 922 2415 990 sit,
2443 921 2568 990 quia
2608 935 2704 989 per
2736 919 2881 973 illum
2929 917 3128 986 aliquid
3177 918 3304 972 boni
3347 933 3653 988 possumus.

2074 1013 2188 1067 sine
2214 1027 2321 1080 quo
2351 1012 2480 1066 nihil
2511 1026 2813 1080 possmnns.
2870 1009 2950 1063 Ad
2977 1011 3116 1065 hanc
3151 1011 3291 1064 enim
3320 1027 3418 1065 nos
3447 1011 3657 1080 profes-

2075 1104 2282 1158 sionem
2314 1102 2452 1155 idem
2484 1101 2676 1155 doctor
2705 1100 2953 1163 instituit,
2981 1100 3072 1168 qui
3113 1115 3238 1154 cum
3267 1097 3332 1153 ad
3364 1102 3529 1153 totius
3563 1115 3654 1153 or-

2077 1193 2162 1246 bis
2196 1192 2480 1260 episcopos
2507 1190 2574 1244 de
2601 1189 2793 1243 divina:
2821 1189 3004 1259 gratiae
3029 1187 3384 1256 epitnlatione
3411 1188 3655 1256 loquere-

2075 1294 2164 1336 tur
2205 1299 2217 1334 :
2269 1280 2422 1348 Quod
2453 1294 2604 1349 ergo,
2651 1281 2747 1344 ait,
2799 1288 3012 1349 tempus
3044 1279 3351 1346 intervenit,
3403 1294 3511 1348 quo
3540 1278 3658 1347 ejus

2074 1386 2182 1426 non
2229 1384 2480 1438 egeamus
2524 1369 2767 1424 auxilio?
2810 1369 2867 1422 lu
2916 1370 3165 1424 omnibus
3213 1370 3373 1438 igitur
3423 1371 3656 1432 actibus.

2075 1463 2380 1532 causisque,
2409 1460 2846 1530 cogitationibus,
2877 1461 3130 1525 motibus,
3165 1460 3376 1528 adiutor
3417 1469 3472 1516 ct
3527 1478 3661 1531 pro-

2076 1560 2249 1607 tector
2269 1551 2506 1606 orandus
2523 1559 2622 1608 est.
2659 1550 2959 1621 Superbum
2985 1560 3067 1604 est
3088 1553 3252 1618 enim,
3279 1560 3336 1606 ut
3361 1552 3657 1622 quidquam

2075 1641 2178 1696 sibi
2207 1640 2441 1695 humana
2483 1647 2676 1694 natura
2722 1647 3027 1709 praesumat,
3083 1640 3350 1694 clamante
3397 1640 3659 1709 Apostolo

2075 1731 2292 1804 (Ep/aes.
2323 1729 2399 1802 γι)
2433 1747 2445 1783 :
2474 1729 2589 1784 Non
2620 1737 2704 1784 est
2733 1729 2886 1784 nobis
2924 1729 3233 1783 colluctatio
3255 1729 3509 1786 adversus
3538 1744 3658 1784 car-

2009 1855 2046 1911 Β
2079 1837 2199 1877 nem
2223 1829 2279 1877 et
2306 1821 2642 1890 sanguinem,
2681 1819 2777 1874 sed
2806 1826 2994 1874 contra
3025 1819 3295 1888 principes
3323 1826 3378 1873 et
3415 1827 3661 1888 potesta-

2077 1924 2159 1970 tes
2187 1914 2327 1969 aeris
2358 1913 2534 1982 hujus,
2566 1921 2749 1967 contra
2781 1912 3040 1980 spiritalia
3072 1911 3322 1979 nequitiae
3352 1911 3404 1964 in
3430 1911 3661 1966 cmlcsti-

2077 2009 2195 2063 bus.
2227 2006 2295 2061 Et
2335 2007 2473 2062 sicut
2514 2005 2631 2074 ipse
2676 2004 2866 2058 iterum
2911 2002 3041 2057 dicit
3069 2002 3246 2073 (Rom.
3277 2000 3371 2073 vn)
3403 2019 3416 2055 :
3469 2001 3660 2056 Infelix

2077 2111 2177 2166 ego
2204 2099 2384 2163 homo,
2436 2095 2557 2164 quis
2583 2109 2670 2148 me
2699 2094 2946 2149 liberabit
2973 2094 3040 2148 de
3085 2107 3316 2162 corpore
3347 2094 3538 2147 mortis
3566 2093 3662 2152 bu:

2071 2189 2205 2258 jus?
2248 2187 2432 2243 Gratia
2460 2187 2555 2242 Dei
2590 2202 2686 2256 per
2723 2185 2904 2241 Jesum
2943 2184 3212 2241 Christum
3253 2184 3537 2240 Dominum
3567 2202 3663 2238 no-

2077 2291 2267 2336 strum.
2315 2277 2387 2333 Et
2424 2279 2619 2334 iterum
2651 2277 2704 2344 (Ι
2767 2276 2888 2332 Cor.
2921 2276 3010 2348 xv)
3044 2295 3056 2330 :
3099 2275 3282 2332 Gratia
3323 2276 3415 2330 Dei
3454 2292 3572 2332 sum
3605 2277 3660 2330 id

2077 2369 2220 2439 quod
2251 2385 2390 2434 sum,
2435 2377 2492 2423 et
2517 2367 2688 2436 gratia
2719 2366 2835 2434 ejus
2864 2365 2917 2418 in
2946 2380 3032 2419 me
3063 2379 3228 2419 vacua
3255 2380 3359 2418 non
3393 2363 3510 2430 fuit,
3557 2366 3654 2418 sed

2078 2463 2198 2532 plus
2227 2462 2328 2514 illis
2355 2461 2600 2516 omnibus
2630 2456 2865 2514 laboravi
2891 2475 2903 2510 :
2931 2473 3037 2511 non
3059 2471 3158 2524 ego
3183 2464 3383 2523 autem,
3408 2453 3502 2510 sed
3527 2469 3688 2529 εγω,

2081 2555 2152 2608 tia
2181 2553 2275 2611 Dei
2307 2567 2532 2607 mecum.

2081 2663 2231 2728 Quod
2253 2664 2422 2735 gratia
2443 2662 2540 2716 Dei
2561 2679 2661 2716 non
2684 2662 2848 2716 solum
2873 2671 3082 2731 peccata
3103 2661 3345 2735 dimittat,
3375 2663 3466 2735 sed
3491 2663 3656 2718 etiam

2149 2733 2355 2806 adjuvet
2387 2750 2456 2806 ne,
2477 2735 2878 2806 committantur,
2909 2741 2966 2806 et
2987 2739 3197 2806 priestat
3247 2741 3301 2806 ut
3328 2733 3412 2806 lea:
3434 2733 3658 2806 impleu-

2151 2801 2250 2883 tur,
2286 2821 2384 2883 non
2415 2805 2544 2883 sicut
2571 2807 2642 2855 ait
2673 2801 2912 2883 f’eiagius
2940 2801 3116 2883 facile,
3148 2803 3293 2871 quasi
3331 2803 3442 2856 sine
3480 2801 3660 2873 gratia

2151 2874 2244 2928 Dei
2275 2873 2530 2944 difficilius
2559 2874 2718 2942 possit
2747 2873 2969 2941 impleri.

2147 2957 2216 3018 Χ.
2267 2963 2398 3018 Illud
2431 2963 2614 3024 etiam,
2647 2961 2792 3030 quod
2826 2961 2966 3015 intra
2995 2960 3429 3030 Carthaginensis
3456 2965 3654 3034 synodi

2079 3056 2295 3112 decreta
2327 3053 2678 3108 constitutum
2714 3059 2814 3118 est,
2849 3051 3000 3121 quasi
3032 3053 3306 3122 proprium
3338 3053 3657 3122 apostolica:

2078 3146 2220 3203 sedis
2248 3145 2638 3214 amplectimur,
2682 3143 2825 3212 quod
2869 3145 3076 3199 scilicet
3114 3146 3272 3199 tertio
3302 3146 3538 3216 capitulo
3570 3147 3661 3201 dc-

2003 3225 2046 3287 C
2083 3238 2289 3293 ﬁnitum
2315 3247 2425 3292 est:
2463 3235 2530 3290 Ut
2565 3236 2869 3305 quicunque
2899 3235 3095 3291 dixerit
3133 3238 3356 3306 gratiam
3389 3239 3504 3307 Dei,
3548 3254 3659 3310 qua

2073 3328 2425 3401 justiﬁcamur
2451 3343 2546 3397 per
2575 3326 2753 3381 Jesum
2783 3325 3050 3382 Christum
3075 3328 3357 3383 Dominum
3385 3338 3659 3396 nostrum,

2080 3420 2147 3475 ad
2177 3420 2346 3474 solam
2377 3417 2747 3472 remissionem
2777 3425 3120 3487 peccatorum
3151 3418 3349 3482 valere,
3381 3433 3500 3488 qua:
3537 3419 3655 3488 jam

2079 3511 2364 3566 commissa
2405 3516 2530 3562 sunt
2558 3549 2572 3571 ,
2620 3525 2727 3562 non
2767 3510 2928 3563 etiam
2975 3509 3040 3562 ad
3085 3509 3406 3578 adjutorium
3449 3520 3508 3565 ut
3548 3527 3656 3564 non

2079 3601 2500 3663 committantur,
2528 3600 2811 3654 anathema
2837 3601 2925 3654 sit.
2970 3598 3034 3652 Et
3064 3602 3252 3654 iterum
3283 3612 3474 3670 quarto
3507 3603 3662 3671 capi-

2080 3692 2233 3748 tuloi
2273 3690 2341 3745 Ut
2376 3691 2618 3762 quisquis
2661 3692 2878 3760 dixerit,
2925 3692 3150 3760 gratiam
3203 3693 3296 3746 Dei
3336 3708 3430 3762 per
3474 3690 3662 3748 Jesum

2080 3780 2349 3838 Christum
2396 3791 2619 3852 propter
2647 3782 2751 3836 hoc
2796 3789 3000 3836 tantum
3030 3797 3128 3837 nos
3157 3781 3408 3850 adjuvare
3437 3782 3506 3836 ad
3548 3798 3662 3838 non

2081 3874 2431 3945 peccandum,
2461 3874 2584 3943 quia
2613 3888 2711 3944 per
2738 3873 2910 3960 ipsum
2940 3873 3094 3928 nobis
3122 3873 3411 3936 reveletur,
3443 3881 3500 3928 et
3530 3889 3664 3944 ape-

2081 3966 2219 4021 ritur
2247 3964 2596 4032 intelligentia
2619 3961 3014 4028 mandatorum,
3049 3970 3106 4016 ut
3136 3963 3400 4018 sciamus:
3420 3963 3554 4032 quid
3573 3979 3668 4034 ap-

2089 4065 2274 4128 petere
2297 4065 2350 4109 et
2379 4056 2505 4124 quid
2537 4056 2705 4110 vitare
2743 4055 3036 4110 debeamus
3061 4072 3076 4121 ;
3129 4071 3236 4110 non
3267 4063 3449 4110 autem
3479 4071 3580 4124 per
3610 4056 3669 4110 il-

2086 4150 2188 4202 lam
2219 4149 2373 4203 nobis
2401 4147 2663 4218 pnestari,
2687 4157 2742 4200 ut
2771 4146 2914 4215 quod
2962 4146 3259 4202 faciendum
3289 4149 3668 4216 cognovimus,

2084 4242 2243 4294 etiam
2285 4239 2459 4293 facere
2506 4239 2787 4306 diligamus
2832 4247 2990 4307 atque
3035 4238 3329 4302 valeamus,
3372 4238 3668 4293 anathema

2084 4333 2172 4387 sit.
2223 4331 2376 4385 Cum
2405 4331 2547 4384 enim
2596 4329 2740 4384 dicat
2796 4329 3087 4399 Apostolus
3131 4347 3144 4382 :
3201 4329 3440 4385 Scientia
3488 4328 3670 4396 iuﬁat,

2085 4421 2315 4476 Charitas
2363 4435 2490 4474 vero
2533 4419 2762 4474 aediﬁcat
2807 4419 2856 4490 (l
2890 4419 3009 4474 Cor.
3057 4419 3191 4489 vm),
3235 4419 3391 4474 valde
3440 4420 3671 4490 impium

2085 4519 2170 4566 est
2212 4521 2270 4565 ut
2319 4511 2617 4574 credamus,
2669 4510 2734 4564 ad
2783 4526 2900 4564 eam
2929 4526 3048 4580 qum
3097 4511 3266 4576 inﬂat,
3316 4527 3414 4565 nos
3464 4511 3672 4568 habere

2085 4602 2311 4670 gratiam
2335 4600 2551 4666 Christi,
2583 4610 2636 4655 et
2665 4600 2730 4654 ad
2752 4615 2867 4654 eam
2891 4617 3009 4670 qua:
3028 4601 3276 4666 tediﬁcat,
3310 4617 3414 4656 non
3440 4602 3666 4667 habere.

2087 4707 2208 4746 cum
2240 4692 2310 4745 sit
2331 4701 2619 4760 utrumque
2645 4691 2842 4745 donum
2871 4691 2999 4757 Dei,
3047 4700 3101 4746 et
3141 4693 3283 4746 scire
3309 4692 3438 4760 quid
3483 4691 3670 4748 facere

2085 4784 2400 4846 debeamus,
2448 4791 2503 4837 et
2551 4783 2774 4850 diligere
2820 4790 2878 4835 ut
2923 4782 3211 4850 faciamus,
3273 4793 3332 4837 ut
3360 4784 3672 4840 :ediﬂcante

2088 4873 2353 4928 charitate
2378 4872 2602 4926 scientia
2635 4887 2741 4926 non
2767 4873 2936 4941 possit
2962 4871 3167 4928 inflare.
3217 4874 3369 4927 Sicut
3389 4887 3580 4930 autem
3603 4878 3671 4933 de

2089 4964 2202 5019 Deo
2237 4965 2495 5032 scriptum
2545 4972 2630 5018 est
2657 4981 2669 5015 :
2701 4964 2800 5030 Qui
2845 4965 3006 5019 docet
3050 4965 3321 5019 hominem
3373 4967 3667 5023 scientiam

2092 5053 2262 5114 (Psal.
2293 5059 2462 5124 xum),
2481 5056 2552 5108 ita
2576 5055 2738 5109 etiam
2767 5055 3022 5124 scriptum
3052 5063 3162 5109 est:
3182 5055 3430 5110 Charitas
3459 5073 3529 5112 ex
3560 5059 3670 5114 Deo

2087 5153 2168 5198 est
2193 5145 2239 5214 (I
2273 5143 2431 5199 Joan.
2475 5146 2571 5213 ιν).
2612 5145 2742 5200 Item
2767 5146 2955 5212 quinto
2999 5145 3268 5215 capitulo:
3309 5144 3380 5199 Ut
3421 5149 3673 5216 quisquis

2087 5237 2285 5291 dixerit
2331 5236 2452 5291 ideo
2496 5237 2651 5292 nobis
2700 5238 2924 5303 gratiam
2971 5236 3372 5304 justitieationis
3419 5239 3566 5306 dari,
3613 5247 3672 5294 ut

2087 5329 2230 5399 quod
2259 5327 2436 5384 facere
2461 5343 2559 5400 per
2581 5329 2807 5384 liberum
2829 5329 3114 5398 jubeamur
3131 5329 3432 5394 arbitrium,
3457 5329 3672 5387 facilus:

2086 5416 2347 5483 possimus
2387 5417 2608 5486 implere
2637 5433 2735 5488 per
2766 5424 3013 5488 gratiam,
3045 5431 3299 5493 tanquam
3337 5431 3395 5478 et
3421 5424 3470 5480 si
3501 5427 3677 5495 gratia

2083 5521 2190 5560 min
2220 5507 2454 5571 daretur,
2487 5525 2594 5565 non
2624 5511 2841 5580 quidem
2870 5512 3050 5582 facile,
3069 5514 3166 5569 sed
3194 5524 3374 5570 tamen
3398 5520 3678 5587 possimus

2082 5597 2245 5650 etiam
2280 5598 2398 5652 sine
2439 5599 2528 5654 illa
2575 5601 2800 5669 implere
2843 5603 3020 5658 divina
3061 5605 3344 5672 mandata,
3375 5610 3677 5664 anathema

2084 5686 2172 5740 sit.
2208 5684 2284 5740 De
2313 5685 2570 5745 fructibus
2608 5692 2750 5746 enim
2779 5695 3155 5749 mandatorum
3195 5694 3456 5754 Dominus
3487 5701 3679 5770 loque-

2079 5774 2256 5837 batur,
2284 5776 2372 5830 ubi
2404 5794 2510 5833 non
2533 5781 2629 5846 ait,
2655 5782 2788 5837 Sine
2812 5798 2898 5839 me
2922 5783 3190 5840 difficilius
3210 5788 3439 5856 potestis
3463 5788 3675 5848 fatere:

2081 5866 2178 5925 sed
2207 5869 2300 5938 ait,
2334 5869 2462 5925 Sine
2489 5887 2576 5927 me
2605 5874 2736 5927 nihil
2765 5876 2991 5941 potestis
3019 5878 3212 5931 facere.
