3988 6344
224 394 332 451 373

1263 391 1642 448 COLLECTIO
1684 387 2150 446 DECRETORUM
2194 387 2298 442 PP.
2342 387 2448 440 RR.

3397 381 3502 435 2'“

229 508 385 575 Quod
421 514 612 578 pra-ter
640 510 835 578 statuta
878 505 1014 559 sedis
1064 506 1362 574 apostolica:
1403 521 1578 578 onmes
1619 507 1816 559 aratio-
1848 513 1891 564 Α
1924 517 2050 572 erga
2078 517 2266 558 omnes
2294 501 2536 558 homines
2565 499 2779 555 bonitas
2800 499 2917 568 Dei,
2943 507 3002 554 ut
3024 505 3205 553 nostra
3237 495 3504 552 velitcsse

309 594 401 633 nes
422 576 628 632 Christi
653 577 882 648 gratiam
915 585 1183 641 resonant,
1213 593 1313 646 qua
1352 592 1512 648 genus
1539 576 1822 629 humanum

306 650 371 703 ab
403 658 602 702 (eterna
627 647 962 700 damnatione
992 654 1286 715 reparatur.

305 759 402 816 XI.
441 759 708 813 Prwterea
759 757 1080 812 beatissima:
1127 764 1183 812 et
1231 758 1542 828 apostolica:
1571 757 1712 811 sedis
1741 757 1822 808 in-

229 852 515 909 violabiles
562 849 902 911 sanctiones,
957 849 1149 919 quibus
1197 864 1297 902 nos
1343 849 1564 919 piissimi
1614 847 1822 912 Patres,

231 943 506 1015 pestiferae
536 940 793 995 novitatis
829 941 1065 994 elatione
1095 940 1320 1008 dcjecta,
1369 949 1422 994 ct
1453 941 1606 994 bonae
1646 939 1829 993 volun-

234 1037 366 1090 tatis
393 1033 639 1094 exordia,
673 1038 730 1085 et
758 1031 1090 1084 incrementa
1122 1030 1478 1099 probabilium
1507 1030 1824 1092 studiorum,

235 1137 297 1182 et
327 1125 379 1178 in
413 1125 493 1179 eis
525 1136 694 1190 usque
742 1121 796 1175 in
847 1120 1008 1175 ﬁnem
1041 1121 1496 1190 perseverantiam
1525 1120 1591 1174 ad
1631 1119 1828 1174 Christi

237 1214 468 1283 gratiam
514 1211 716 1265 referre
761 1210 1082 1264 docuerunt.
1128 1208 1566 1263 Obsecrationum
1615 1222 1830 1278 quoque

235 1304 659 1362 sacerdotalium
690 1311 1028 1358 sacramenta
1051 1303 1420 1371 reSpiciamus,
1452 1316 1571 1370 qum
1593 1301 1660 1354 ab
1696 1316 1830 1369 apo-

235 1398 397 1456 stolis
421 1397 612 1451 tradita
636 1396 688 1449 in
717 1403 832 1450 toto
861 1395 1060 1449 mundo
1105 1402 1268 1462 atque
1293 1394 1345 1446 in
1375 1393 1525 1447 omni
1563 1392 1832 1446 catholica

241 1489 490 1545 Ecclesia
523 1487 863 1542 uniformiter
893 1486 1262 1551 celebrantur,
1295 1492 1352 1538 ut
1378 1485 1549 1552 legem
1581 1482 1832 1537 credendi

244 1582 337 1637 lex
363 1586 567 1635 statuat
607 1576 963 1648 supplicandi.
1012 1575 1144 1629 Cum
1189 1576 1335 1630 enim
1378 1582 1683 1628 sanctarum
1723 1574 1836 1641 ple-

244 1674 395 1728 bium
425 1671 682 1741 pnesules
708 1668 956 1722 mandata
986 1667 1200 1721 sibimet
1230 1667 1499 1734 legatione
1528 1666 1832 1733 fungantur,

246 1763 394 1834 apud
423 1761 657 1815 divinam
679 1758 1025 1814 clementiam
1053 1756 1271 1811 humani
1293 1756 1502 1824 generis
1527 1763 1689 1822 agunt
1710 1769 1836 1808 cau-

1926 593 2138 660 merita,
2168 608 2286 662 qua:
2325 599 2450 652 sunt
2480 591 2645 660 ipsius
2691 589 2852 653 dona,
2885 599 2941 645 et
2969 606 3067 659 pro
3091 589 3172 644 his
3196 603 3315 657 qua:
3346 588 3504 654 largi-

1927 689 2010 735 tus
2037 690 2138 743 est,
2163 692 2362 736 acterna
2388 681 2601 749 praemia
2631 679 2701 733 sit
2725 679 3040 734 donaturns.
3072 679 3194 747 Agit
3221 678 3418 750 quippe
3450 679 3506 730 in

1928 774 2101 838 nobis,
2130 783 2187 827 nt
2206 773 2349 842 quod
2373 773 2503 835 vult,
2527 781 2582 827 et
2603 771 2845 836 velimus,
2872 779 2926 825 et
2945 786 3182 839 agamus,
3208 786 3310 824 nec
3332 770 3421 823 oti:
3447 785 3505 823 sa

1927 877 2046 917 esse
2067 862 2119 916 in
2153 863 2308 917 nobis
2333 863 2554 932 patitur,
2572 876 2692 931 quae
2717 860 3043 926 exercenda,
3067 876 3170 913 non
3197 860 3505 928 negligenda

1928 951 2166 1017 donavit,
2201 960 2342 1008 utet
2390 968 2488 1007 nos
2541 963 2929 1021 cooperatores
2978 952 3145 1006 simus
3193 951 3376 1019 gratia:
3415 951 3506 1004 Dei

1932 1041 1984 1112 (I
2015 1043 2214 1096 Corint.
2240 1043 2341 1113 ιιι),
2370 1058 2433 1097 ac
2461 1043 2505 1097 si
2535 1042 2660 1112 quid
2703 1042 2753 1096 in
2801 1042 2953 1096 nobis
3004 1058 3068 1096 ex
3102 1051 3284 1096 nostra
3316 1041 3509 1095 videri-

1931 1155 2050 1193 mus
2075 1139 2390 1193 remissione
2415 1138 2781 1207 languescere,
2801 1137 2868 1191 ad
2897 1136 3046 1190 illum
3078 1135 3305 1190 sollicite
3329 1151 3508 1189 recur-

1929 1244 2131 1305 ramus,
2166 1231 2256 1297 qui
2282 1239 2434 1284 sanat
2457 1244 2644 1284 omnes
2673 1228 2959 1296 languorcs
2990 1236 3201 1282 nostros
3219 1226 3506 1298 (Psal.cn),

1933 1328 1988 1374 et
2013 1320 2226 1374 redimit
2257 1319 2321 1374 de
2351 1319 2566 1373 interitu
2595 1319 2756 1372 vitam
2789 1328 3046 1381 nostram,
3081 1328 3132 1371 et
3161 1318 3245 1372 cui
3275 1317 3512 1386 quotidie

1934 1412 2196 1467 dicimus:
2227 1412 2303 1466 Ne
2335 1411 2554 1466 inducas
2582 1426 2680 1465 nos
2710 1409 2761 1464 in
2794 1409 3168 1480 tcntationem,
3210 1408 3303 1464 sed
3346 1408 3510 1463 libera

1934 1517 2034 1555 nos
2055 1518 2084 1556 a
2115 1502 2258 1556 malo
2290 1501 2506 1572 (Matth.
2542 1504 2635 1570 vi).

1939 1611 2089 1678 Quod
2111 1614 2473 1684 profundiore;
2513 1614 2820 1684 qztazstiones
2848 1627 2940 1664 nec
2979 1610 3364 1684 contemnenda:
3389 1613 3514 1674 sint,

2404 1699 2496 1737 nec
2518 1681 2718 1753 penitus
2741 1681 3055 1736 asserendat.

2013 1773 2148 1828 Xlll.
2183 1772 2566 1829 Profundiores
2592 1787 2743 1832 vero.
2777 1771 3211 1838 dilﬁcilioresque
3239 1776 3417 1838 partes
3439 1769 3521 1821 in-

247 1871 389 1920 sam,
414 1864 467 1910 et
488 1863 600 1908 tota
626 1868 808 1908 secum
833 1850 1068 1905 Ecclesia
1091 1850 1525 1917 congemiscente
1569 1849 1840 1918 postulant
1877 1864 1916 1922 Β
1943 1866 2271 1923 currentium
2319 1864 2702 1933 quaestionum,
2737 1877 2870 1930 quas
2897 1861 3058 1914 huius
3104 1867 3518 1928 Dalmatarum,

250 1955 310 2002 et
330 1954 645 2016 precantur,
675 1953 735 1997 ut
763 1941 1067 1996 inﬁdelibus
1094 1940 1327 1995 donetur
1357 1939 1512 2005 ﬁdes,
1540 1948 1596 1994 ut
1618 1940 1841 1994 idolola-

253 2049 354 2096 ωε
384 2038 452 2092 ab
481 2036 772 2106 impietatis
799 2049 910 2089 sum
939 2033 1235 2088 liberentur
1256 2033 1551 2098 erroribus,
1575 2040 1631 2086 ut
1648 2031 1845 2106 Judaeis

253 2129 439 2183 ablato
469 2104 652 2182 cordis
695 2126 964 2180 velamine
1016 2124 1106 2178 lux
1158 2123 1402 2178 veritatis
1451 2104 1731 2193 appareat,
1788 2131 1845 2177 ut

254 2219 495 2273 haeretici
543 2217 822 2272 catholica:
851 2215 973 2270 ﬁdei
1021 2215 1368 2285 perceptione
1418 2214 1756 2284 resipiscant,
1791 2221 1847 2267 ut

255 2311 586 2366 schismatici
612 2309 860 2378 spiritum
885 2306 1136 2361 rediviva:
1165 2305 1444 2360 charitatis
1472 2305 1757 2374 accipiant,
1793 2309 1849 2356 ut

261 2400 431 2471 lapsis
458 2399 788 2469 poenitentiae
817 2397 1056 2451 remedia
1092 2393 1459 2460 conferantur,
1511 2401 1568 2448 ut
1617 2393 1849 2461 denique

259 2490 672 2548 catechumenis
712 2488 780 2542 ad
809 2486 1233 2556 regenerationis
1276 2493 1614 2540 sacramenta
1659 2481 1853 2553 perdu-

261 2585 368 2639 ctis
415 2581 655 2636 cmlestis
698 2577 1079 2634 misericordia:
1112 2576 1235 2630 aula
1265 2582 1556 2631 reseretur.
1599 2573 1724 2629 llaec
1752 2588 1850 2627 au-

263 2687 374 2730 tem
401 2689 514 2728 non
536 2670 926 2743 perfunctorie,
955 2683 1133 2737 neque
1162 2667 1396 2722 inaniter
1421 2680 1454 2719 a
1485 2665 1713 2720 Domino
1741 2663 1852 2733 peti

263 2783 450 2824 rerum
480 2766 718 2836 ipsarum
749 2769 1016 2818 monstrat
1046 2760 1300 2824 ell'ectus,
1331 2756 1762 2828 quandoquidem
1786 2770 1854 2810 ex

263 2858 417 2913 omni
446 2871 693 2911 errorum
719 2867 916 2923 genere
946 2851 1208 2922 plurimos
1235 2851 1390 2922 Deus.
1405 2849 1657 2918 dignatur
1684 2855 1855 2902 attra-

267 2949 424 3016 here,
455 2961 597 3016 quos
642 2953 826 3000 erutos
855 2941 926 2998 de
954 2950 1223 3012 potestate
1256 2940 1599 2995 tenebrarum
1629 2937 1859 2993 transfe-

268 3047 358 3093 rat
385 3038 440 3092 in
486 3050 710 3104 regnum
740 3033 833 3088 ﬁlii
861 3032 1139 3088 charitatis
1182 3046 1291 3085 sua:
1324 3028 1546 3100 (Coloss.
1596 3031 1667 3095 ι),
1710 3035 1766 3082 et
1791 3041 1860 3082 ex

271 3129 421 3184 vasis
445 3128 540 3182 ine
567 3125 732 3183 faciat
770 3138 898 3178 vasa
940 3121 1324 3178 misericordia:
1364 3119 1541 3189 (Rom.
1575 3117 1683 3189 ιιι),
1714 3116 1860 3186 quod

1944 1958 2035 2026 qui
2056 1955 2325 2011 haereticis
2351 1955 2680 2016 restiterunt,
2713 1953 2854 2006 sicut
2877 1967 2982 2006 non
3009 1951 3267 2004 audemus
3289 1956 3522 2003 contem-

1946 2061 2094 2111 nere,
2121 2045 2194 2100 ita
2224 2061 2332 2100 non
2375 2058 2596 2100 necesse
2643 2043 2900 2097 habemus
2954 2048 3230 2107 astruere,
3281 2039 3404 2107 quia
3457 2038 3521 2090 ad

1947 2138 2311 2194 conlitendam
2334 2139 2560 2206 gratiam
2590 2136 2705 2200 Dei,
2741 2135 2892 2204 cujus
2921 2134 3072 2203 operi
3113 2149 3175 2187 ac
3230 2132 3522 2200 dignationi

1948 2229 2077 2283 nihil
2107 2229 2320 2299 penitus
2347 2226 2767 2281 subtrahendum
2789 2232 2889 2289 est,
2922 2224 3054 2277 satis
3079 2222 3322 2276 sufﬁcere
3348 2222 3523 2275 credi-

1949 2335 2089 2384 mus,
2120 2317 2378 2387 quidquid
2423 2315 2716 2371 secundum
2754 2314 3037 2384 prmdictas
3068 2313 3278 2380 regulas
3304 2321 3523 2382 aposto-

1952 2409 2068 2464 lica:
2093 2408 2236 2463 sedis
2263 2423 2362 2462 nos
2390 2406 2587 2476 scripta
2611 2405 2928 2466 docuerunt,
2952 2413 3009 2457 ut
3041 2419 3258 2472 prorsus
3284 2419 3392 2456 non
3421 2404 3527 2471 opi-

1953 2515 2142 2553 nemur
2170 2499 2512 2561 catholicum,
2546 2497 2687 2566 quod
2709 2496 3018 2566 apparuerit
3046 2494 3278 2564 prtelixis
3304 2503 3524 2549 sentcn-

1954 2591 2040 2644 tiis
2069 2603 2186 2644 esse
2214 2588 2565 2644 contrarium.

2023 2754 2346 2810 Caelestinus
2366 2751 2628 2808 universis
2641 2751 2807 2820 episc.
2833 2749 3300 2820 perViennensem
3317 2756 3372 2804 et
3392 2747 3530 2802 Nar-

1956 2847 2251 2902 bonensem
2278 2842 2590 2913 provincias
2612 2839 2926 2896 constitutis
2947 2840 3000 2894 in
3029 2837 3257 2893 Domino
3281 2837 3528 2893 salutem.

2028 2938 2358 3008 Cuperemus
2387 2935 2602 3006 quidem
2632 2933 2702 2989 de
2747 2940 3048 2988 vestrarum
3077 2930 3433 2987 Ecclesiarum
3462 2929 3533 2984 ιιι

1959 3029 2298 3085 ordinatione
2323 3026 2580 3096 gaudere,
2613 3033 2673 3081 ut
2719 3024 3217 3095 congratularemur
3248 3022 3426 3092 potius
3471 3021 3538 3076 de

1962 3119 2230 3190 profectu,
2258 3130 2420 3187 quam
2450 3116 2652 3186 aliquid
2680 3116 2967 3170 admissum
2997 3124 3185 3170 contra
3206 3113 3539 3182 disciplinam

273 3221 416 3276 adeo
445 3229 621 3275 totum
650 3218 815 3272 divini
854 3216 1034 3286 operis
1062 3229 1183 3269 esse
1212 3213 1458 3275 sentitur,
1501 3218 1559 3265 ut
1597 3210 1712 3266 haec
1746 3207 1863 3279 ,el‘li-
1889 3218 1934 3281 ο
1967 3210 2388 3266 ecclesiasticam
2417 3207 2739 3264 doleremus.
2769 3206 2852 3261 Ad
2875 3215 3111 3262 nostram
3133 3206 3276 3261 enim
3306 3205 3541 3260 laetitiam

275 3311 446 3368 cicuti
490 3310 604 3365 Deo
646 3309 939 3378 gratiartnn
980 3321 1194 3374 semper
1224 3304 1368 3359 actio
1422 3302 1702 3370 laudisque
1727 3315 1862 3356 con-

282 3403 445 3459 fessio
473 3417 574 3472 pro
606 3400 996 3455 illuminatione
1053 3396 1238 3451 talium
1285 3394 1372 3448 vel
1416 3392 1754 3448 correctione
1781 3407 1867 3447 rc—

288 3497 517 3552 feratur.

291 3627 442 3694 Quod
463 3623 806 3699 gratiamADei
838 3625 992 3677 etiam
1017 3620 1448 3699 baptizandorum
1479 3626 1688 3699 testatur
1716 3617 1866 3699 insti-

358 3685 761 3766 tuta'purgatio,
817 3711 933 3766 eam
981 3685 1280 3766 exorcismis
1310 3698 1378 3766 __et
1436 3685 1872 3757 exsu/ﬂationibus

359 3761 576 3836 spiritus
599 3761 662 3818 ab
692 3768 768 3818 eis
789 3763 1066 3835 abiguntur
1089 3761 1359 3816 immundi.

364 3879 480 3936 Ill.
511 3877 646 3934 Illud
672 3877 857 3942 etiam,
884 3874 1032 3945 quod
1071 3875 1216 3930 circa
1262 3873 1615 3942 baptizandus
1653 3871 1705 3925 in
1761 3871 1878 3924 uni-

296 3985 454 4027 verso
505 3967 706 4022 mundo
733 3973 923 4023 sancta
952 3964 1198 4020 Ecclesia
1239 3962 1578 4018 unil'ormiter
1615 3961 1744 4028 agit,
1773 3976 1878 4014 non

297 4063 478 4118 otioso
507 4057 939 4127 contemplamur
966 4055 1184 4110 intuitu.
1210 4053 1346 4109 Cum
1373 4053 1490 4108 sive
1521 4051 1748 4122 parvuli,
1767 4050 1882 4106 sive

295 4153 525 4222 juvenes
550 4149 621 4204 ad
636 4145 1058 4216 regenerationis
1085 4146 1308 4201 veniunt
1335 4151 1753 4208 sacramentum,
1776 4157 1883 4196 non

299 4241 447 4310 prius
467 4239 672 4293 fontem
702 4238 824 4290 vita:
849 4235 1068 4300 adeunt,
1094 4249 1255 4304 quam
1277 4233 1594 4289 exorcismis
1638 4241 1695 4288 et
1714 4231 1888 4287 exsuf-

299 4329 612 4385 ﬂationibus
639 4326 958 4383 clericorum
987 4326 1207 4395 spiritus
1229 4326 1298 4380 ab
1329 4324 1408 4380 eis
1443 4324 1746 4378 immundus
1766 4322 1885 4376 abi-

298 4431 488 4491 gatur,
535 4428 598 4474 ut
639 4427 767 4473 tunc
809 4433 938 4472 vere
984 4425 1274 4487 appareat,
1313 4415 1584 4486 quomodo
1638 4415 1889 4483 princeps

301 4513 488 4567 mundi
515 4511 674 4580 hujus
703 4510 946 4564 mittatur
974 4509 1140 4573 foras,
1171 4517 1227 4564 et
1277 4508 1552 4576 quomodo
1593 4509 1742 4579 prius
1770 4507 1889 4562 alli—

1967 3309 2018 3354 et
2049 3299 2328 3355 benefacta
2358 3300 2692 3368 perveniunt,
2722 3307 2776 3352 et
2807 3299 3052 3353 Inmroris
3075 3297 3278 3352 aculeis
3306 3312 3405 3352 nos
3428 3311 3544 3364 qua'

1970 3390 2184 3446 fuerunt
2204 3390 2508 3455 malefacta,
2525 3398 2914 3460 compungunt.
2933 3389 3042 3444 Nec
3060 3390 3220 3444 silere
3243 3403 3544 3458 possumus,

1971 3499 2092 3538 cum
2123 3483 2189 3538 ad
2220 3485 2344 3550 hoc,
2368 3491 2427 3538 ut
2453 3483 2520 3538 ab
2552 3483 2746 3537 illicitis
2771 3497 3088 3537 revocemus
3116 3482 3355 3550 aliquos,
3378 3480 3560 3536 oﬂicii'

1976 3578 2142 3633 nostri
2170 3591 2530 3648 provocemnr
2558 3576 2835 3642 instinctu,
2867 3576 2920 3628 in
2949 3573 3182 3643 speculis
3213 3589 3243 3626 a
3287 3572 3397 3626 Deo
3431 3587 3550 3626 con~

1974 3671 2165 3733 stituti,
2181 3679 2238 3724 ut
2258 3669 2545 3738 vigilantia:
2569 3677 2762 3721 nostra:
2773 3667 3100 3736 diligentiam
3118 3664 3551 3734 comprobantes,

1975 3770 2032 3818 et
2058 3777 2180 3832 qua:
2224 3761 2521 3816 coercenda
2565 3769 2693 3814 sunt
2734 3775 3063 3826 resecemus,
3095 3767 3152 3812 et
3197 3773 3317 3828 qua:
3367 3759 3553 3814 obser-

1977 3855 2148 3910 vanda
2191 3862 2317 3910 sunt
2357 3855 2682 3910 sanciamus.
2727 3852 2795 3907 Et
2822 3853 3065 3921 quamvis
3096 3852 3238 3906 circa
3265 3850 3553 3919 longinqua

1979 3945 2234 4015 spiritalis
2262 3959 2390 3999 cura
2419 3958 2523 3998 non
2550 3943 2754 4010 deﬁcit,
2775 3941 2868 3997 sed
2892 3957 2990 4012 per
3009 3941 3210 4004 omnia,
3235 3957 3338 4010 qua
3364 3952 3557 3994 nomen

1983 4036 2078 4091 Dei
2106 4037 2446 4108 praedicatur,
2466 4035 2706 4090 extendit
2733 4053 2745 4087 :
2776 4049 2876 4089 nec
2904 4033 3148 4089 notitiam
3178 4041 3414 4089 nostram
3437 4033 3559 4086 sub-

1984 4125 2294 4196 terfugiunt,
2339 4139 2458 4195 qua:
2506 4125 2558 4178 in
2612 4125 2946 4179 eversionem
3003 4123 3308 4194 regularum
3341 4121 3562 4175 novella:

1985 4219 2415 4288 praesumptionis
2449 4218 2774 4272 auctoritate
2805 4225 3098 4271 tentantur.

1989 4331 2139 4397 Quod
2165 4349 2266 4387 non
2296 4331 2512 4385 debeant
2534 4330 2825 4384 sacerdotes
2847 4339 2934 4381 aut
2955 4329 3142 4387 clerici.
3174 4329 3347 4381 amicti
3391 4328 3580 4397 palliis.

2163 4412 2214 4456 et
2232 4403 2496 4472 prazcincti
2525 4401 2733 4466 lumbis,
2760 4401 2814 4454 in
2842 4401 3058 4453 ecclesia
3075 4400 3389 4452 ministrare.

2059 4493 2195 4547 XIV.
2228 4491 2522 4546 Di-licimus
2561 4492 2705 4547 enim
2733 4490 2992 4559 quosdam
3021 4489 3232 4545 Domini
3260 4488 3568 4543 sacerdotes

300 4614 460 4674 getur
507 4603 660 4658 fortis
706 4602 904 4674 (Joau.
939 4618 1045 4667 xu;
1075 4601 1268 4655 Matth.
1312 4617 1416 4666 xu;
1459 4599 1627 4653 Marc.
1669 4599 1777 4669 ιιι),
1831 4607 1887 4654 et
1919 4588 1964 4645 Ι)
1989 4587 2362 4655 superstitioso
2417 4585 2596 4655 potius
2643 4584 2808 4638 cultui
2856 4582 3118 4636 inservire
3164 4595 3324 4648 quam
3374 4581 3565 4633 mentis

301 4697 557 4765 deinceps
583 4710 711 4749 vasa
735 4694 853 4762 ejus
874 4693 1192 4761 diripiantur
1215 4691 1266 4745 in
1297 4691 1688 4761 possessionem
1713 4700 1885 4745 trans-

307 4786 412 4839 lata
442 4786 680 4847 victoris,
715 4784 805 4852 qui
827 4784 1091 4852 captivam
1113 4781 1262 4836 ducit
1299 4781 1687 4850 captivitatem,
1715 4789 1770 4835 et
1797 4781 1890 4835 dat

306 4881 448 4934 dona
496 4879 805 4933 hominibus
850 4877 1069 4949 (Ephes.
1102 4878 1196 4944 tv).
1233 4875 1326 4929 llis
1353 4891 1484 4941 ergo
1511 4873 1890 4929 ecclesiasticis

307 4970 526 5036 regulis,
550 4978 606 5022 et
634 4985 700 5022 ex
723 4968 901 5022 divina
929 4966 1157 5032 sumptis
1184 4965 1505 5019 auctoritate
1531 4961 1887 5022 documentis,

308 5061 404 5122 ita,
431 5059 716 5126 adiuvante
743 5058 986 5119 Domino,
1006 5054 1328 5112 conformati
1346 5070 1550 5120 sumus,
1566 5063 1627 5108 ut.
1646 5053 1886 5110 omnium

309 5151 575 5205 bonorum
600 5149 912 5214 aﬁ'ectuum,
938 5156 1103 5217 atque
1124 5161 1349 5216 operum
1371 5151 1426 5200 et
1441 5145 1678 5199 omnium
1698 5143 1895 5198 studio-

309 5258 452 5307 rum,
480 5241 827 5309 omniumque
857 5239 1130 5302 virtutum,
1156 5237 1350 5307 quibus
1373 5236 1440 5290 ab
1467 5235 1616 5290 initio
1665 5233 1787 5288 ﬁdei
1829 5233 1896 5287 ad

311 5333 484 5388 Deum
505 5332 758 5394 tenditur,
790 5331 960 5386 Deum
1001 5330 1350 5400 proﬁteamur
1376 5337 1679 5400 auctorem,
1706 5336 1763 5382 et
1788 5344 1896 5383 non

308 5421 623 5477 dubitemus
673 5423 744 5475 ab
792 5421 960 5490 ipsius
1003 5420 1175 5487 gratia
1205 5419 1385 5473 omnia
1429 5418 1666 5473 hominis
1705 5419 1896 5473 merita

311 5510 619 5580 pmeairi,
640 5524 738 5578 per
757 5525 919 5578 quem
953 5509 1032 5576 lit,
1064 5517 1122 5563 ut
1147 5508 1348 5577 aliquid
1372 5507 1497 5563 boni
1518 5517 1574 5562 et
1597 5509 1736 5562 velle
1761 5508 1898 5564 inci-

313 5603 546 5672 piamus,
570 5607 626 5653 et
651 5599 854 5654 facere.
886 5599 1004 5666 Quo
1030 5599 1216 5668 utique
1261 5599 1459 5653 auxilio
1479 5607 1535 5653 et
1559 5614 1782 5654 munere
1802 5598 1897 5653 Dei

311 5711 428 5746 non
453 5690 693 5746 auter-utr
711 5691 938 5746 liberum
981 5691 1278 5756 arbitrium,
1305 5690 1402 5746 sed
1429 5691 1714 5756 liberatur,
1739 5701 1798 5746 ut
1831 5690 1900 5746 de

313 5783 610 5837 tenebroso
637 5781 902 5843 lucidum,
944 5781 1013 5837 de
1060 5797 1222 5850 pravo
1271 5791 1500 5846 rectum,
1532 5781 1600 5836 de
1643 5782 1899 5852 languido

312 5887 537 5939 sanum,
570 5872 640 5928 dc
668 5871 1004 5942 imprudente
1030 5872 1095 5928 sit
1127 5873 1425 5943 providum.
1452 5871 1625 5928 Tanta
1653 5872 1792 5927 enim
1817 5880 1902 5925 cst

1989 4682 2074 4735 vel
2097 4679 2215 4734 lldci
2239 4677 2474 4748 puritati.
2502 4676 2605 4730 Sed
2631 4691 2738 4728 non
2769 4673 2985 4738 mirum,
3020 4671 3063 4724 si
3098 4677 3285 4724 centra
3314 4669 3568 4724 ecclesia-

1988 4775 2182 4830 sticum
2205 4785 2406 4824 morem
2429 4767 2648 4829 faciunt,
2677 4765 2768 4834 qui
2801 4765 2850 4818 in
2873 4762 3109 4820 Ecclesia
3141 4777 3245 4816 non
3268 4772 3571 4826 creverunt,

1991 4865 2084 4919 sed
2113 4863 2219 4918 alio
2252 4860 2526 4915 venientes
2576 4857 2766 4910 itinere
2795 4869 2978 4910 secum
3011 4854 3125 4907 haec
3169 4854 3220 4906 in
3253 4851 3572 4919 Ecclesiam,

1992 4971 2111 5027 qum
2162 4955 2214 5009 in
2271 4953 2376 5006 alia
2425 4948 2837 5043 conversatione
2890 4946 3207 5010 habuerant,
3260 4943 3573 5007 intulerunt,

1997 5047 2178 5104 amicti
2226 5045 2389 5117 pallio
2418 5051 2474 5098 et
2500 5037 2709 5096 lumbos
2735 5039 3009 5110 praxinrti
3041 5037 3264 5093 credunt
3292 5053 3351 5093 se
3375 5047 3574 5092 sancta:

1995 5139 2288 5209 Scriptum
2317 5133 2495 5198 ﬁdem,
2529 5147 2635 5188 non
2665 5146 2760 5202 per
2790 5131 3072 5201 spiritum,
3094 5130 3186 5184 sed
3219 5145 3315 5199 per
3344 5130 3574 5184 litteram

1998 5230 2384 5299 completuros.
2409 5224 2542 5282 Nam
2586 5223 2632 5278 si
2671 5223 2736 5276 ad
2781 5222 2886 5276 hoc
2925 5221 3025 5274 lrl'd
3059 5229 3324 5290 praecepta
3354 5229 3497 5285 sunt,
3523 5233 3578 5273 ut

1991 5323 2180 5386 taliter
2221 5325 2588 5384 servarentur,
2641 5331 2738 5370 cur
2780 5331 2886 5369 non
2939 5314 3066 5367 ﬁunt
3099 5315 3298 5383 pariter
3327 5329 3445 5381 qua:
3489 5331 3575 5366 sc-

1999 5421 2258 5482 quuntur,
2284 5419 2343 5465 ut
2365 5410 2602 5464 lucerna:
2633 5408 2684 5461 in
2733 5407 2978 5462 manibus
3007 5405 3257 5460 ardentes
3302 5420 3404 5457 una
3454 5419 3576 5456 cum

2001 5505 2194 5560 baculo
2227 5501 2556 5556 teneantur?
2590 5498 2800 5552 llabent
2848 5514 3002 5551 suum
3036 5497 3133 5549 ista
3163 5493 3494 5565 mysterium,
3527 5504 3580 5548 ct

2002 5594 2420 5664 intelligenlibus
2448 5593 2518 5647 ita
2549 5592 2695 5646 clara
2719 5599 2862 5654 sunt,
2896 5599 2950 5643 ut
2971 5604 3032 5642 ca
3065 5587 3252 5651 magis,
3276 5599 3380 5653 qua
3403 5584 3580 5654 deret,

2001 5688 2396 5759 signiﬁcatione
2427 5692 2727 5740 serventur.
2774 5682 2904 5734 Nam
2942 5680 2993 5732 in
3025 5677 3323 5730 lumborum
3355 5680 3584 5748 praecin—

2003 5783 2187 5838 ctione
2200 5777 2505 5840 castitas,in
2537 5772 2730 5828 baculo
2753 5770 2988 5836 regimen
3014 5766 3304 5835 pastorale,
3326 5768 3380 5823 in
3411 5769 3584 5822 ιυι-υμ

2005 5877 2084 5930 nis
2137 5868 2446 5924 ardentibus
2492 5861 2617 5918 boni
2672 5858 2844 5927 fulgor
2886 5856 3064 5927 operis
3113 5854 3200 5925 (de
3229 5873 3338 5929 quo
3368 5858 3579 5923 dicitur,
