3988 6344
402 405 507 470 275

1623 391 1979 450 DiONYSIUS
2017 388 2223 445 EXIGU
2233 386 2335 444 US.

3561 370 3672 422 E76

403 546 568 603 opera
597 535 772 584 vestra
798 520 1035 591 luceant)
1065 518 1349 574 indicatur.
1384 513 1591 569 Habent
1617 523 1796 568 tamen
1820 512 1980 565 istum
2017 525 2056 576 Α
2092 512 2179 565 bet
2207 510 2350 564 enim
2383 512 2510 559 ante
2538 515 2657 557 esse
2684 496 2998 568 discipulus,
3024 491 3267 563 quisquis
3304 490 3498 545 doctor
3546 504 3669 544 esse

403 624 627 679 forsitan
675 617 874 674 cultum
921 626 1127 667 morem
1174 610 1355 680 potius
1398 621 1561 676 quam
1594 604 1859 658 rationem
1890 617 1981 655 se—

404 720 654 781 quentes,
680 708 771 777 qui
800 702 1185 760 remotioribus
1210 698 1455 754 habitant
1481 696 1637 761 locis,
1660 702 1713 748 et
1739 691 1928 762 procul
1951 706 1983 744 a

407 802 616 857 caeteris
645 798 867 865 degunt,
889 793 1029 849 unde
1058 793 1147 845 hic
1169 789 1383 844 habitus
1410 788 1462 840 in
1484 783 1740 839 Ecclesiis
1759 778 1986 835 Gallica—

409 895 508 959 nis,
532 900 593 947 ut
640 898 719 945 tot
748 901 1033 949 annorum,
1069 892 1447 949 tantorumque
1477 876 1790 949 pontiﬁcum
1821 874 1875 926 in
1905 872 1984 925 al-

410 997 583 1041 terum
621 980 862 1037 habitum
900 974 1234 1032 consuetudo
1265 971 1539 1027 vertatur?
1568 964 1916 1020 Discernendi
1954 978 1985 1016 a

409 1077 566 1147 plebe
596 1074 679 1128 vel
705 1071 919 1127 cmteris
965 1083 1147 1123 sumus
1193 1064 1456 1126 doctrina,
1502 1075 1606 1113 non
1660 1064 1827 1120 veste,
1856 1070 1986 1108 con-

411 1165 733 1227 versatione,
761 1176 868 1215 non
898 1159 1081 1214 habitu
1104 1198 1119 1223 ,
1149 1154 1343 1209 mentis
1384 1150 1638 1220 puritate,
1670 1161 1780 1200 non
1817 1143 1985 1197 cultu.

412 1255 542 1311 Nam
565 1254 610 1309 si
629 1252 846 1308 studere
872 1249 1188 1319 incipiamus
1217 1242 1461 1306 novitati,
1494 1239 1746 1293 traditum
1775 1235 1929 1289 nobis
1956 1248 1987 1285 a

412 1346 659 1405 Patribus
686 1344 930 1401 ordinem
957 1338 1307 1398 calcabimus,
1353 1342 1411 1387 ut
1434 1333 1610 1386 locum
1638 1324 1990 1397 supervacuis

411 1438 879 1513 superstitionibus
908 1434 1185 1489 faciamus.
1221 1427 1404 1483 Rudes
1425 1438 1553 1495 ergo
1575 1422 1808 1477 fidelium
1836 1433 1989 1473 men-

415 1508 497 1590 tes
521 1532 588 1587 ad
616 1530 743 1585 talia
772 1543 881 1583 non
925 1525 1182 1579 debemus
1232 1519 1507 1573 inducere.
1560 1510 1795 1569 Ducendi
1849 1508 1991 1563 enim

412 1633 539 1683 sunt
564 1623 744 1695 potius
774 1632 936 1689 quam
984 1612 1223 1677 ludendi,
1272 1625 1374 1665 nec
1399 1603 1779 1676 imponendum
1805 1614 1993 1655 eorum

415 1722 499 1769 est
518 1711 706 1775 oculis,
762 1708 855 1763 sed
883 1704 1152 1761 mentibus
1183 1696 1507 1755 infundenda
1538 1700 1805 1763 praecepta
1846 1695 1989 1742 sunt.

416 1804 585 1859 Erant
627 1801 845 1869 quidem
873 1796 1070 1858 multa,
1116 1806 1236 1863 quae
1276 1803 1375 1860 pro
1413 1782 1693 1854 disciplina
1735 1777 1993 1834 ecclesia-

413 1895 571 1958 stica,
595 1892 681 1947 vel
708 1890 873 1960 ipsius
896 1887 976 1941 rei
1016 1886 1195 1939 dicere
1224 1882 1432 1936 ratione
1476 1886 1781 1945 possemus,
1803 1867 1903 1926 sed
1924 1867 1994 1921 ab

417 1984 501 2040 his
532 1982 598 2038 ad
624 1981 727 2035 alia
765 1980 1112 2035 devocamur.

562 2118 711 2184 Quod
738 2116 868 2170 nulli
896 2115 962 2168 sit
985 2112 1166 2165 ultima
1207 2104 1504 2179 paenitentia
1530 2098 1852 2172 deneganda.

490 2230 606 2287 XV.
654 2226 985 2297 Agnovimus
1034 2221 1178 2277 enim
1220 2214 1597 2289 paenitentiam
1644 2206 1998 2265 morientibus

419 2294 818 2390 denegariinec
847 2315 1061 2370 illorum
1085 2307 1366 2366 desideriis
1394 2303 1575 2368 abnui,
1599 2300 1691 2371 qui
1719 2298 1897 2353 obitus
1917 2294 1999 2349 sui

420 2424 665 2483 tempore
689 2410 793 2463 hoc
821 2405 1014 2460 anima:
1041 2415 1150 2457 sua:
1185 2397 1411 2466 cupiunt
1436 2391 1676 2448 remedio
1704 2384 1996 2444 subveniri.

421 2479 714 2561 liorremus
743 2496 959 2573 (fateor)
989 2502 1153 2548 tanta:
1183 2488 1473 2559 impietatis
1493 2486 1727 2555 aliquem
1754 2479 1996 2550 reperiri,

424 2603 483 2650 ut
522 2593 591 2648 de
634 2590 727 2645 Dei
753 2569 972 2659 pietate
999 2585 1286 2653 desperet:
1320 2578 1475 2647 quasi
1516 2591 1623 2630 non
1651 2573 1820 2644 possit
1847 2569 1914 2625 ad
1941 2584 2000 2623 se

425 2683 616 2756 quovis
643 2690 887 2748 tempore
914 2671 1259 2730 concurrenti
1306 2680 1652 2731 succurrere,
1683 2670 1740 2718 et
1784 2659 2000 2732 pericli-

427 2752 628 2828 tantem
651 2769 750 2824 sub
770 2780 936 2822 onere
953 2770 1299 2833 peccatorum
1328 2757 1601 2812 hominem
1625 2752 1874 2824 perdere,
1894 2763 2002 2818 quo

424 2879 484 2921 se
506 2864 595 2918 ille
622 2860 860 2931 expediri
880 2855 1167 2918 desiderat,
1192 2860 1249 2907 et
1268 2849 1502 2905 liberari.
1533 2846 1671 2913 Quid
1690 2845 1817 2908 hoc,
1844 2854 2001 2909 rogo,

424 2956 569 3013 aliud
610 2962 713 3020 est,
743 2966 904 3021 quam
953 2945 1203 3002 morienti
1242 2950 1473 2997 mortem
1518 2938 1750 3002 addere,
1781 2934 2004 3005 ejusque

424 3049 662 3104 animam
687 3058 783 3098 sua
811 3038 1147 3100 crudelitate,
1178 3049 1244 3089 ne
1273 3032 1519 3087 absoluta
1548 3043 1668 3084 esse
1692 3025 1881 3098 possit,
1910 3038 2005 3079 oc-

427 3139 629 3202 cidere,
660 3148 782 3189 cum
835 3131 975 3185 Deus
1018 3127 1085 3181 ad
1138 3121 1560 3181 subveniendum
1612 3116 2003 3188 paratissimus,

420 3228 659 3284 invitatis
679 3224 745 3278 ad
766 3219 1157 3293 pmnitcntiam,
1190 3216 1269 3271 sic
1300 3212 1579 3284 promittat
1596 3206 1895 3278 peccatori,
1924 3205 2005 3259 in-

426 3317 656 3390 quiens:
690 3313 1020 3380 Quacunque
1068 3308 1155 3362 die
1209 3317 1506 3360 conversus
1550 3299 1745 3357 luerit.
1778 3304 2004 3367 peccata

430 3388 550 3481 ejus
588 3422 695 3462 non
744 3403 1138 3474 reputabuntur
1167 3399 1217 3453 ei
1247 3394 1459 3468 (Ezech.
1493 3392 1663 3462 xvm).
1686 3388 1751 3442 Et
1770 3390 1962 3442 iterum
1989 3403 2002 3438 :

427 3502 566 3557 Nolo
596 3505 825 3554 mortem
850 3492 1156 3566 peccatoris
1182 3531 1196 3556 ,
1245 3487 1340 3544 sed
1392 3494 1599 3540 tantum
1638 3488 2003 3542 convertatur,

428 3600 487 3647 et
531 3590 674 3645 vivat
722 3586 932 3660 (Ibid).
962 3583 1200 3637 Salutem
1229 3591 1358 3647 ergo
1386 3572 1590 3631 homini
1619 3570 1829 3633 adimit,
1859 3568 2009 3637 quis-

427 3682 551 3753 quis
573 3679 761 3735 mortis
802 3686 1044 3747 tempore
1073 3670 1445 3744 pmnitcntiam
1470 3663 1776 3733 denegarit,
1818 3668 1873 3715 et
1913 3659 2009 3714 de-

431 3751 705 3844 speratde
733 3769 1016 3825 clementia
1062 3765 1178 3830 Dei,
1207 3763 1299 3832 qui
1336 3776 1459 3816 eum
1489 3757 1557 3812 ad
1585 3751 2006 3811 subveniendum

429 3862 684 3919 morienti
730 3857 980 3915 sufﬁcere
1028 3856 1113 3911 vel
1155 3860 1434 3909 momento
1492 3862 1650 3918 posse
1680 3861 1787 3900 non
1818 3842 2005 3898 credit.

431 3951 755 4006 Perdidisset
783 3949 920 4001 latro
950 3946 1003 3999 in
1031 3957 1192 3998 cruce
1222 3939 1518 4010 pnnmium,
1552 3935 1619 3989 ad
1646 3932 1845 3987 Christi
1874 3930 2007 3983 dex-

428 4053 601 4096 teram
628 4038 888 4109 pendens,
921 4036 967 4089 si
998 4033 1146 4086 illum
1175 4030 1333 4083 unius
1362 4028 1508 4080 liora:
1556 4020 1868 4093 patuitentia
1900 4033 2006 4072 non

426 4134 675 4203 iuvisset,
700 4142 821 4183 cum
867 4133 1010 4181 esset
1041 4124 1093 4177 in
1138 4135 1317 4192 pmna,
1348 4115 1618 4188 pmnituit,
1646 4121 1701 4167 et
1729 4128 1823 4182 per
1853 4110 2009 4163 unius

428 4222 695 4279 sermonis
745 4216 1175 4289 promissionem,
1209 4207 1572 4265 habitaculum
1604 4202 1862 4274 paraiisi,
1896 4200 2007 4254 Deo

430 4315 797 4386 promittente,
844 4306 1141 4380 promeruit
1176 4302 1323 4374 (Luc.
1373 4300 1545 4369 χχιιι).
1593 4296 1732 4350 Vera
1782 4308 1909 4362 ergo
1940 4291 2008 4345 ad

433 4408 603 4463 Deum
633 4402 915 4460 conversio
939 4400 992 4453 in
1021 4396 1220 4451 ultimis
1260 4392 1556 4463 positorum
1604 4394 1783 4441 mente
1832 4383 2009 4456 potius

431 4509 516 4557 est
538 4496 875 4563 aastimanda,
904 4507 1065 4563 quam
1115 4500 1379 4558 tempore,
1405 4482 1674 4552 Propheta
1704 4479 1808 4533 hoc
1830 4475 2011 4529 taliter

431 4602 727 4654 asserente,
760 4588 894 4645 Cum
944 4598 1237 4641 conversus
1282 4575 1624 4646 ingemueris,
1654 4580 1779 4625 tunc
1830 4567 2010 4622 salvus

430 4689 538 4744 eris
560 4684 770 4757 (Επειδὴ.
789 4695 939 4747 xvut;
958 4675 1173 4736 XXXIII).
1203 4671 1337 4727 Cum
1369 4681 1498 4735 ergo
1528 4664 1782 4719 Dominus
1801 4660 1870 4714 sit
1889 4673 2010 4712 cor-

432 4781 516 4835 dis
536 4781 805 4849 inspector
827 4773 876 4844 (Ι
905 4772 1033 4842 Reg.
1058 4784 1177 4832 xvi;
1213 4765 1328 4820 Jer.
1377 4760 1530 4832 xvn),
1554 4758 1745 4828 quovis
1769 4764 2010 4824 tempore

433 4886 541 4926 non
582 4845 665 4922 est
710 4863 1022 4932 deneganda
1051 4856 1367 4930 paenitentia
1405 4850 1720 4923 postulanti,
1768 4863 1887 4902 cum
1933 4845 2008 4899 illi

434 4978 496 5017 se
544 4958 744 5026 obliget
786 4953 990 5025 judici,
1029 4950 1113 5005 cui
1169 4946 1383 5003 occulta
1431 4942 1609 4999 omnia
1660 4937 1867 4994 noverit
1921 4951 2009 4990 re-

435 5048 622 5104 velari.

440 5189 591 5255 Quod
639 5204 728 5257 per
770 5184 958 5254 gradus
986 5175 1355 5257 ecclesiasticos
1384 5172 1459 5254 qd
1479 5170 1801 5240 episwpatus
1830 5164 2011 5218 debeat

963 5250 1181 5320 ofﬁcium
1209 5244 1481 5314 perveniri.

509 5370 649 5427 XVI.
673 5367 960 5423 Ordinatus
1009 5377 1135 5417 vero
1162 5356 1445 5429 quosdam,
1470 5354 1661 5408 fratres
1690 5343 2008 5406 charissimi,

436 5467 742 5537 episcopos,
765 5460 854 5529 qui
874 5455 1031 5511 nullis
1051 5447 1433 5508 ecclesiasticis
1463 5443 1740 5500 ordinibus
1764 5438 1829 5491 ad
1853 5445 2013 5490 tanta:

438 5524 1006 5625 dignitatisfa‘stigium
1034 5541 1235 5596 fuerint
1281 5534 1534 5597 instituti,
1557 5537 1748 5586 contra
1792 5524 2011 5578 Patrum

435 5654 674 5710 decreta,
703 5642 859 5710 hujus
885 5634 1253 5706 usurpatione,
1284 5628 1375 5697 qui
1422 5640 1481 5680 se
1529 5625 1632 5677 hoc
1676 5615 2014 5685 recognoscit

438 5709 667 5801 iecisse,
683 5709 984 5794 didicimus,
1008 5743 1129 5782 cum
1152 5725 1217 5778 ad
1248 5721 1618 5792 episcOpatum
1638 5714 1721 5767 bis
1742 5709 2009 5781 gradibus,

438 5831 635 5903 quibus
655 5822 1082 5893 frequentissime
1110 5823 1327 5872 cautum
1355 5818 1455 5873 est,
1487 5807 1683 5861 debeat
1710 5799 1975 5873 perveniri
1996 5837 2009 5862 ,

443 5891 501 5977 dt
528 5891 822 5979 minoribus
852 5910 1040 5966 initiati
1063 5908 1253 5964 ciliciis
1279 5904 1343 5959 ad
1366 5899 1571 5969 majora
1593 5896 1888 5953 limtentur,
1913 5891 2013 5945 De-

2082 601 2372 667 desiderat,
2401 606 2459 653 ut
2482 595 2649 667 possit
2671 593 2871 649 docere
2921 588 3066 660 quod
3107 585 3310 641 didicit.
3335 583 3521 637 Omnis
3546 583 3671 635 vice

2084 692 2349 749 institutio
2379 692 2481 743 hac
2505 686 2573 741 ad
2602 686 2653 741 id
2699 699 2806 754 quo
2850 680 3021 737 tendit
3045 694 3103 733 se
3128 676 3337 731 ratione
3362 672 3668 728 conﬁrmat.

2084 785 2188 853 Qui
2213 782 2432 837 minime
2479 778 2672 832 litteris
2720 788 2941 845 operam
2973 769 3201 830 dederit,
3226 774 3527 836 praeceptor
3552 777 3674 817 esse

2087 890 2191 929 non
2220 879 2398 941 potest
2425 869 2743 923 litterarum.
2777 863 2877 930 Qui
2910 877 3014 917 non
3046 874 3142 930 per
3170 856 3376 928 singula
3405 856 3579 924 stipen
3604 854 3673 907 lia

2086 964 2339 1026 creverit,
2372 960 2439 1014 ad
2466 957 2750 1013 emeritum
2779 952 3031 1024 stipendii
3060 950 3303 1006 ordinem
3354 963 3461 1001 non
3492 953 3676 1016 potest

2086 1056 2367 1128 pervenire
2394 1071 2407 1105 :
2438 1051 2609 1107 solum
2637 1046 2993 1102 sacerdotium
3020 1042 3160 1096 inter
3186 1039 3305 1106 ista,
3330 1052 3484 1107 rogo,
3519 1038 3673 1091 vilius

2088 1127 2192 1218 est,
2214 1148 2356 1219 quod
2384 1144 2592 1200 facilius
2616 1140 2887 1204 tribuitur,
2910 1151 3031 1192 cum
3054 1131 3326 1189 difﬁcilius
3347 1127 3673 1199 impleatur?

2090 1243 2193 1299 Sed
2219 1242 2329 1310 jam
2367 1255 2472 1293 non
2521 1235 2652 1292 satis
2676 1240 2761 1288 est
2805 1231 2971 1285 laicos
3014 1228 3288 1292 ordinare,
3318 1239 3455 1293 quos
3482 1223 3663 1277 nullus

2093 1334 2207 1387 lieri
2237 1329 2370 1386 ordo
2397 1325 2680 1399 permittit,
2704 1322 2796 1378 sed
2825 1320 2987 1375 etiam
3016 1331 3241 1388 quorum
3267 1312 3489 1369 crimina
3511 1311 3675 1378 longe

2092 1424 2309 1491 lateque
2335 1434 2432 1489 per
2481 1429 2671 1471 omnes
2696 1426 2834 1482 pene
2863 1417 2988 1464 sunt
3018 1413 3145 1461 nota
3167 1403 3491 1474 provincias,
3520 1401 3678 1456 ordi-

2092 1519 2308 1567 nantur.
2343 1506 2527 1562 Daniel
2556 1504 2699 1559 enim
2728 1515 2901 1570 nuper
2921 1498 3082 1552 missa
3106 1494 3369 1549 relatione
3397 1507 3465 1546 ex
3483 1488 3677 1545 Orien-

2094 1602 2288 1658 talibus
2318 1598 2386 1652 ad
2410 1612 2509 1651 nos
2538 1593 2797 1665 partibus,
2829 1591 2897 1645 ab
2922 1587 3090 1653 omni,
3111 1585 3254 1669 quod
3279 1590 3541 1645 tenuerat,
3565 1582 3677 1635 vir-

2096 1695 2279 1763 ginum
2303 1686 2637 1746 monasterio
2659 1683 2877 1739 nefariis
2903 1689 2987 1736 est
3024 1676 3419 1747 objectionibus
3447 1688 3676 1729 accusa-

2098 1762 2203 1851 tus,
2232 1782 2398 1836 multa
2426 1779 2493 1834 de
2518 1775 2704 1831 multis
2733 1772 2942 1841 objecta
2972 1768 3192 1834 ﬂagitia.
3233 1767 3293 1821 in
3336 1779 3568 1834 quanam
3596 1762 3678 1816 la-

2022 1899 2069 1962 B
2096 1883 2237 1931 teret
2266 1881 2529 1927 terrarum
2558 1874 2711 1938 parte
2740 1864 2994 1934 quaesitus
3015 1869 3118 1928 est,
3141 1866 3199 1913 ut
3225 1860 3269 1913 si
3289 1871 3397 1912 sua:
3416 1857 3677 1910 innocen-
3702 1852 3713 1861 ’

2101 1967 2186 2020 tia:
2213 1961 2524 2024 conﬁderet,
2543 1964 2731 2013 contra
2751 1971 2810 2010 se
2826 1953 3081 2025 judicium
3102 1950 3426 2021 postulatum
3454 1948 3678 2001 minime

2098 2055 2413 2119 declinaret,
2463 2049 2640 2105 missa:
2692 2047 2760 2102 ad
2806 2045 3177 2100 Arelatensem
3224 2040 3533 2110 episcopum
3580 2051 3679 2107 per

2100 2147 2453 2203 Fortunatum
2480 2139 2865 2197 subdiaconum
2895 2141 3139 2189 nostrum
3187 2129 3597 2201 praeceptiones,
3617 2134 3678 2179 ut

2101 2238 2166 2293 ad
2184 2236 2447 2307 judicium
2475 2230 2836 2287 destinaretur
2863 2221 3189 2295 episcopale.
3213 2219 3397 2275 Tantis
3424 2224 3681 2287 gravatus

2103 2325 2445 2389 testimoniis,
2488 2330 2641 2376 tanta
2671 2318 2971 2374 facinorum
3020 2310 3364 2368 accusatione
3414 2307 3681 2378 pulsatus,

2100 2433 2376 2477 sacrarum
2406 2417 2488 2489 (ut
2506 2411 2721 2481 dicitur)
2752 2408 3014 2478 virginum
3042 2403 3280 2475 pollutus
3318 2402 3527 2456 incestu
3558 2397 3679 2467 epi-

2100 2526 2297 2582 scopus
2325 2508 2582 2564 asscritur
2609 2502 2905 2559 ordinatus.
2935 2497 2995 2552 In
3024 2495 3221 2550 nostris
3258 2491 3421 2548 libelli
3466 2488 3683 2544 scriniis

2102 2578 2465 2660 con—tinentur,
2498 2607 2729 2666 quorum
2770 2589 2837 2645 ad
2874 2603 2971 2643 vos
2998 2598 3213 2655 quoque
3240 2580 3569 2650 exemplaria
3594 2578 3685 2632 di-

2104 2694 2357 2749 reximus.
2407 2688 2464 2744 In
2493 2683 2755 2757 pontificii
2784 2680 3095 2750 dignitatem
3143 2676 3248 2730 hoc
3277 2681 3541 2742 tempore,
3571 2684 3686 2739 quo

2106 2785 2171 2840 ad
2202 2797 2418 2840 causam
2450 2777 2730 2834 dicendam
2760 2772 2938 2828 missis
2967 2784 2997 2824 a
3027 2766 3184 2822 nobis
3213 2764 3405 2819 litteris
3448 2760 3687 2815 vocaba-

2106 2885 2210 2939 tur,
2244 2870 2500 2942 obrepsit.
2533 2866 2702 2922 Sacro
2726 2861 2930 2923 nomini
2956 2858 3096 2913 absit
3123 2855 3340 2924 injuria,
3370 2850 3579 2905 facilius
3600 2856 3688 2902 est

2106 2974 2163 3021 ut
2191 2962 2332 3019 hanc
2358 2940 2673 3030 dignitatem
2713 2952 2808 3008 tali
2836 2949 3016 3006 dando
3044 2948 3160 3017 ipse
3200 2942 3440 2999 amiserit
3466 2940 3689 2995 ordina-

2106 3066 2212 3123 tor,
2236 3069 2398 3124 quam
2428 3065 2549 3107 eam
2579 3048 2820 3104 obtineat
2847 3042 3156 3107 ordinatus,
3181 3038 3269 3094 cui
3313 3034 3566 3091 convicto
3590 3047 3689 3087 so-

2108 3123 2354 3211 ciabitur,
2387 3144 2478 3213 qui
2499 3155 2621 3196 eum
2650 3138 2753 3194 sibi
2778 3134 3007 3192 credidit
3034 3129 3309 3200 largiendo
3350 3123 3689 3197 pontificium

2107 3235 2417 3295 sociandum
2437 3252 2451 3301 ;
2475 3232 2650 3303 qualis
2671 3231 2813 3285 enim
2844 3228 2959 3296 ipse
2987 3224 3076 3289 sit,
3110 3219 3352 3291 quisquis
3376 3217 3514 3270 tales
3540 3215 3690 3275 ordia-

2108 3331 2268 3392 narit,
2294 3325 2545 3383 ostendit.
2570 3323 2665 3377 His
2694 3335 2823 3390 ergo
2874 3319 2928 3372 in
2973 3314 3206 3369 medium
3235 3324 3377 3365 nunc
3418 3305 3687 3369 deductis,

2107 3436 2229 3476 cum
2282 3419 2524 3489 plerique
2569 3426 2807 3469 vestrum
2849 3410 2989 3473 sint,
3043 3406 3135 3475 qui
3182 3401 3492 3474 apostolicae
3542 3398 3689 3453 sedis

2107 3519 2310 3568 statuta
2371 3505 2724 3577 cognoverint
2781 3501 3060 3556 nobiscum
3107 3504 3353 3563 tempore
3409 3490 3689 3558 aliquanto

2106 3601 2338 3668 versati,
2388 3598 2455 3653 ad
2502 3594 2794 3664 disciplina:
2842 3603 3121 3651 normam,
3178 3583 3377 3640 nostris
3420 3587 3687 3637 conventa

2109 3688 2609 3753 adhortationibus,
2651 3683 2831 3740 omnia
2892 3677 3200 3735 fraternitas
3254 3681 3432 3728 vestra
3457 3681 3693 3725 evocare

2109 3784 2340 3839 festinet.

2113 3896 2261 3964 Quod
2290 3907 2607 3965 unaquaeque
2642 3890 2905 3959 prooincm
2930 3901 3022 3965 suo
3063 3877 3457 3951 metropolitano
3506 3874 3691 3930 debeat

2698 3974 2810 4012 esse
2837 3964 3101 4010 conicum.

2179 4053 2341 4109 XVII.
2366 4052 2623 4115 Primum,
2649 4057 2709 4104 ut
2732 4048 2885 4117 juxta
2909 4046 3127 4100 decreta
3147 4054 3415 4099 cauom
3432 4050 3697 4105 maqu

2109 4162 2214 4217 quo
2264 4143 2539 4216 provincia
2591 4155 2692 4195 suo
2735 4136 3152 4206 metropolitano
3206 4137 3460 4186 contenta
3511 4127 3602 4189 sit,
3636 4135 3695 4178 ut

2107 4235 2410 4294 decessoris
2434 4232 2604 4289 nostri
2641 4231 2764 4285 data
2807 4229 2874 4283 ad
2917 4226 3324 4281 Narbonensem
3372 4218 3686 4288 episcopum

2104 4330 2394 4386 continent
2413 4324 2727 4386 constituta,
2758 4334 2862 4373 nec
2909 4312 3274 4383 usurpationis
3322 4309 3474 4363 locus
3527 4302 3694 4359 alicui

2109 4418 2379 4479 sacerdoti
2408 4418 2461 4471 in
2500 4415 2723 4469 alterius
2752 4408 3083 4466 concedatur
3124 4401 3401 4471 iniuriam.
3443 4396 3525 4451 Sit
3550 4409 3690 4449 con-

2110 4515 2277 4572 cessis
2304 4511 2405 4567 sibi
2431 4515 2719 4564 contentus
2752 4501 3116 4569 unusquisque
3142 4493 3421 4549 limitibus.
3455 4486 3609 4541 Alter
3638 4485 3693 4539 in

2114 4606 2337 4662 alterius
2364 4599 2640 4672 provincia
2670 4595 2799 4650 nihil
2832 4597 3146 4662 pncsumat,
3194 4598 3298 4638 nec
3346 4577 3591 4635 emeritis
3639 4574 3692 4628 in

2116 4696 2229 4752 suis
2252 4691 2515 4747 Ecclesiis
2542 4687 2750 4742 clericis
2780 4677 3048 4753 peregrini
3097 4684 3153 4730 et
3192 4668 3470 4732 extranei,
3496 4674 3554 4720 et
3600 4662 3697 4731 qui

2116 4793 2243 4840 ante
2264 4781 2495 4852 ignorati
2516 4785 2662 4839 sunt,
2693 4774 2759 4828 ad
2782 4769 3147 4827 exclusionem
3177 4775 3388 4823 eorum,
3411 4758 3503 4826 qui
3552 4755 3696 4810 bene

2116 4876 2184 4932 de
2208 4889 2429 4931 suorum
2454 4870 2651 4926 civium
2706 4872 2981 4919 merentur
3013 4854 3339 4916 testimonio,
3372 4862 3697 4920 pnnponan-

2119 4977 2225 5033 tur,
2258 4980 2326 5020 ne
2346 4976 2543 5017 novum
2571 4956 2862 5028 quoddam,
2896 4953 2963 5005 de
2988 4964 3097 5019 quo
3127 4942 3367 5014 episcopi
3390 4940 3558 5003 liant,
3612 4938 3695 4990 in-

2116 5060 2359 5115 stitutum
2386 5053 2631 5109 videatur
2654 5064 2774 5106 esse
2797 5044 3102 5110 collegium.

2192 5169 2340 5235 Quod
2362 5165 2649 5223 nolentibus
2679 5160 2875 5235 cia-iris
2904 5159 2982 5210 vel
3000 5154 3206 5235 populi:
3244 5163 3397 5202 nemo
3432 5144 3624 5198 debeat

2628 5233 2894 5302 cpiscopus
2921 5227 3174 5281 ordinari.

2187 5329 2369 5387 XVIII.
2403 5327 2588 5381 Nullus
2610 5322 2789 5378 invitis
2811 5320 2969 5373 detur
2992 5316 3299 5384 episcopus,
3339 5307 3492 5369 cieri,
3525 5302 3699 5373 plebis

2112 5438 2170 5483 et
2188 5424 2394 5481 ordinis
2414 5430 2738 5480 consensus,
2763 5421 2819 5467 ot
2843 5408 3168 5465 desiderium
3192 5403 3513 5472 requiratur.
3548 5395 3699 5449 Tunc

2116 5521 2253 5574 alter
2279 5516 2347 5570 de
2375 5513 2543 5567 altera
2573 5500 3073 5575 eligaturEcclesia,
3103 5498 3148 5552 si
3177 5496 3243 5550 de
3260 5490 3501 5549 civitatis
3530 5487 3703 5556 ipsius

2116 5607 2348 5672 clericis,
2389 5603 2475 5658 cui
2505 5608 2586 5655 est
2613 5598 2899 5667 episcopus
2923 5586 3271 5647 ordinandus,
3302 5580 3481 5635 nullus
3504 5578 3705 5645 dignus

2108 5700 2281 5772 (quod
2310 5695 2525 5751 evenire
2555 5707 2660 5746 non
2691 5682 2980 5752 credimus)
3026 5677 3264 5751 potuerit
3292 5669 3551 5727 inveniri:
3583 5667 3704 5737 pri-

2116 5758 2263 5845 mum
2307 5786 2448 5842 enim
2474 5784 2550 5837 illi
2582 5775 2901 5847 reprobandi
2930 5781 3073 5836 sunt,
3105 5777 3165 5824 ut
3201 5765 3366 5835 aliqui
3408 5761 3479 5815 de
3505 5758 3709 5815 alienis

2116 5882 2365 5940 Ecclesiis
2391 5877 2580 5933 merito
2594 5871 2958 5945 praeferantur.
2976 5863 3183 5921 Habeat
3200 5860 3569 5928 unusquisque
3592 5870 3708 5910 sua:
