3988 6344
290 352 393 410 277

1322 354 1699 412 COLLECTIO
1736 352 2199 411 DECRETORUM
2241 353 2347 409 PP.
2391 355 2519 410 RR.

3443 357 3547 413 2'78

289 476 520 528 fructum
550 470 750 525 militiae
796 469 848 524 in
888 466 1145 533 Ecclesia,
1195 469 1247 523 in
1275 482 1381 537 qua
1430 483 1527 524 sua
1565 483 1663 538 per
1691 469 1870 522 omnia
1902 479 1946 535 Α
1977 484 2095 523 rum
2123 483 2222 538 pro
2248 468 2553 537 aliquorum
2583 466 2757 534 libitu,
2787 467 3002 524 licentia
3029 468 3240 540 populis
3267 470 3549 541 permissa,

289 564 466 620 ol‘licia
492 561 753 629 transegit
777 569 1014 615 atatem.
1048 559 1105 613 ln
1136 559 1310 613 aliena
1355 557 1619 629 stipendia
1649 558 1870 613 minime

290 656 429 709 alter
455 654 700 721 obrepat,
738 666 839 706 nec
862 651 950 704 alii
980 650 1215 704 debitam
1243 650 1379 703 alter
1407 649 1508 705 sibi
1537 650 1733 704 audeat
1764 650 1870 704 vin-

290 747 469 801 dicare
498 742 822 798 mercedem.
860 741 940 797 Sit
968 740 1193 795 facultas
1232 740 1445 795 clericis
1493 739 1778 804 renitendi,
1824 739 1870 795 si

290 853 344 891 se
372 836 601 891 viderint
630 833 972 904 prmgravari,
1021 840 1074 885 et
1103 845 1240 898 quos
1265 830 1364 885 sibi
1390 829 1559 897 ingeri
1607 843 1673 883 ex
1706 839 1873 884 trans-

288 948 450 987 verso
476 928 848 998 cognoverint,
881 942 989 980 non
1026 925 1250 979 timeant
1278 922 1529 978 refutare.
1558 921 1658 987 Qui
1690 922 1734 975 si
1761 936 1868 975 non

290 1024 533 1077 debitum
563 1020 865 1091 praemium,
889 1017 974 1073 vel
996 1017 1221 1071 liberum
1245 1014 1314 1070 de
1341 1029 1430 1082 eo,
1451 1014 1541 1083 qui
1572 1029 1667 1069 eos
1696 1022 1871 1067 rectu-

289 1130 383 1168 rus
412 1121 514 1173 est,
546 1110 744 1165 debent
770 1108 970 1163 habere
990 1105 1270 1175 judicium.

365 1225 517 1290 Quod
545 1225 608 1278 ab
635 1224 832 1278 illicitis
856 1224 924 1277 sit
972 1220 1384 1277 ordinationibus
1419 1220 1796 1275 abstinendum.

366 1338 504 1393 XIX.
545 1338 891 1393 Abstineatur
919 1337 1079 1390 etiam
1102 1336 1169 1390 ab
1194 1336 1388 1392 illicitis
1414 1334 1868 1390 ordinationibus:

289 1431 471 1486 nullus
494 1446 560 1484 ex
590 1429 761 1493 laicis,
793 1428 970 1483 nullus
998 1426 1258 1495 digamus,
1289 1426 1463 1480 nullus
1494 1425 1582 1495 qui
1605 1425 1675 1478 sit
1702 1424 1873 1478 vidure

290 1520 517 1574 maritus
570 1526 665 1573 ant
691 1519 871 1581 fuerit,
903 1517 1199 1583 ordinetur,
1239 1517 1333 1572 sed
1364 1515 1870 1585 irrcprehensibilis,

289 1621 347 1667 et
395 1612 607 1681 qualem
652 1611 811 1678 elegit
852 1610 1142 1680 Apostolus
1174 1608 1226 1682 (1
1277 1608 1408 1662 Tim.
1442 1624 1527 1673 ιιι;
1561 1606 1722 1660 Leuit.
1754 1622 1872 1671 xxi;

292 1704 357 1759 11
393 1704 525 1759 Tim.
581 1705 685 1775 In),
720 1703 826 1758 liat.
880 1702 983 1757 Per
1025 1700 1244 1772 Moysen
1294 1700 1548 1755 Dominus
1590 1696 1871 1769 praecepit,

291 1798 540 1869 uirginem
595 1796 819 1865 accipiat
862 1794 1101 1850 sacerdos
1148 1809 1384 1860 uxorem,
1434 1792 1776 1862 subsequitur
1815 1797 1871 1845 et

1973 559 2248 627 frangatur
2270 560 2294 613 ?

1976 669 2126 736 Quod
2156 689 2257 727 non
2293 673 2579 737 conveniat,
2612 672 2917 740 contemptis
2945 672 3147 726 clericis
3176 668 3550 737 Ecclesiarmn,

2354 744 2419 795 de
2439 744 2580 795 laicis
2605 742 2875 813 episcopos_
2899 743 3163 798 ordinare.

2047 852 2183 907 XXI.
2228 853 2541 910 Audivimus
2578 856 2832 923 quasdam
2879 856 3110 926 propriis
3137 857 3421 913 destitutas
3466 874 3551 914 re-

1977 948 2216 1004 ctoribus
2244 947 2508 1011 civitates,
2540 948 2823 1016 episcopos
2855 946 2956 1001 sibi
2988 956 3171 1017 petere
3196 949 3334 1004 velle
3361 949 3427 1003 de
3457 950 3553 1003 lai-

1977 1040 2073 1103 cis,
2107 1047 2423 1107 tantumque
2457 1037 2726 1107 fastigium
2767 1046 2874 1092 tam
2918 1040 3022 1095 vile
3062 1038 3303 1104 credere,
3353 1048 3411 1093 ut
3450 1038 3553 1094 hoc

1976 1132 2075 1197 bis,
2107 1130 2199 1199 qui
2228 1144 2334 1184 non
2365 1129 2495 1195 Deo,
2527 1129 2621 1185 sed
2647 1129 2844 1184 saeculo
2871 1128 3259 1197 militaverunt,
3288 1128 3555 1184 aestiment

1977 1236 2077 1275 nos
2123 1235 2282 1289 posse
2328 1218 2573 1275 conferre
2599 1237 2610 1271 :
2663 1234 2770 1273 non
2797 1219 2971 1275 solum
3002 1219 3140 1274 male
3168 1220 3235 1275 de
3262 1220 3374 1274 suis
3398 1220 3554 1275 cleri-

1976 1311 2071 1375 cis,
2107 1310 2158 1364 in
2191 1324 2419 1379 quorum
2450 1317 2815 1379 contemptum
2843 1309 2947 1364 hoc
2973 1308 3200 1376 faciunt,
3228 1309 3551 1378 judicantes,

1976 1402 2071 1458 sed
2099 1402 2166 1458 de
2189 1402 2344 1457 nobis
2374 1402 2625 1471 pessime,
2668 1416 2807 1470 quos
2832 1401 3058 1457 credunt
3085 1402 3189 1456 hoc
3224 1417 3382 1473 posse
3408 1400 3553 1456 face-

1976 1507 2057 1561 re,
2106 1492 2418 1550 sentientes.
2483 1490 2636 1558 Quod
2688 1507 2963 1562 nunquam
3014 1491 3295 1561 auderent,
3345 1492 3390 1546 si
3442 1507 3547 1545 non

1978 1584 2331 1653 quorumdam
2358 1584 2465 1639 illic
2505 1583 2587 1638 his
2614 1583 2958 1640 consentiens
3004 1584 3269 1639 sententia
3297 1583 3553 1639 connive-

1976 1683 2079 1729 ret.
2128 1674 2204 1729 lta
2235 1675 2383 1741 nihil,
2432 1690 2552 1743 quae
2580 1674 2910 1741 frequentius
2952 1681 3079 1729 sunt
3124 1673 3554 1744 decreta,proli-

1981 1768 2129 1822 ciunt
2155 1785 2166 1820 :
2200 1776 2259 1821 ut
2278 1768 2401 1833 hoc,
2431 1768 2583 1836 quasi
2608 1782 2878 1839 nunquam
2908 1766 2975 1822 de
2997 1768 3097 1823 bac
3118 1776 3270 1838 parte
3297 1767 3553 1837 scriptum

292 1857 512 1957 supplet
540 1857 829 1956 Apostolus
856 1884 1044 1939 eodem
1069 1883 1280 1939 loeutus
1310 1857 1524 1954 spiritu,
1557 1857 1713 1936 unius
1738 1896 1872 1936 uxo-

1992 1862 2161 1927 l‘uerit,
2206 1862 2501 1931 ignoretur,
2552 1860 2679 1929 quid
2705 1857 2944 1931 proderit
2971 1876 3069 1922 per
3094 1860 3301 1928 singula
3331 1859 3556 1915 clericos

295 1979 374 2033 ris
412 1978 584 2032 virum
628 1975 827 2031 debere
865 1975 1175 2045 episcopum
1222 1974 1546 2029 consecrari.
1606 1971 1685 2027 Ad
1738 1972 1877 2027 banc

297 2083 431 2137 ergo
460 2068 727 2137 eligantur
752 2065 1034 2121 formulam
1065 2064 1393 2130 sacerdotes,
1426 2072 1482 2119 et
1509 2063 1555 2119 si
1583 2078 1702 2132 qua:
1723 2062 1876 2116 facta:

293 2169 423 2219 sunt
465 2158 833 2215 ordinationes
877 2156 1103 2223 illicitas,
1154 2163 1565 2223 removeantur,
1621 2153 1876 2224 quoniam

294 2262 443 2310 stare
471 2267 579 2305 non
601 2256 844 2320 possunt,
894 2264 995 2303 nec
1023 2248 1408 2303 discussionem
1458 2254 1696 2301 nostram
1746 2244 1875 2298 sub-

297 2344 566 2411 terfugere
612 2348 913 2411 poterunt:
963 2338 1206 2409 quamvis
1252 2337 1422 2392 latere
1484 2352 1543 2391 se
1586 2336 1874 2402 aestiment,

295 2434 531 2503 qualiter
570 2438 947 2502 pervenerunt,
1000 2437 1057 2483 ut
1083 2428 1226 2483 nulla
1276 2427 1549 2495 religionis
1579 2426 1877 2481 reverentia

297 2523 630 2580 obscuritate
660 2521 913 2575 fuscetur.
946 2519 1060 2574 Non
1091 2520 1160 2573 sit
1187 2535 1323 2572 vana
1346 2518 1591 2587 gloriatio
1624 2517 1873 2586 palliatis,

297 2613 662 2685 episcopalem
704 2628 928 2675 morem,
980 2612 1069 2682 qni
1098 2611 1335 2681 episc0pi
1367 2618 1509 2675 sunt,
1560 2616 1872 2679 sequantur.

297 2703 509 2767 Daniel,
541 2711 599 2756 nt
628 2702 880 2770 diximus,
912 2701 1003 2771 qui
1030 2702 1428 2757 accusationem
1458 2699 1748 2770 pontificali
1782 2700 1879 2755 ho-

297 2811 432 2851 nore
455 2795 827 2863 subterfugere
858 2809 916 2849 se
945 2809 1102 2864 posse
1128 2793 1381 2869 credidit,
1417 2801 1472 2848 et
1499 2792 1564 2847 ad
1610 2790 1879 2860 fastigium

298 2896 512 2942 tantum
543 2893 886 2941 accusatores
909 2899 1038 2939 suos
1066 2882 1282 2939 latendo
1312 2884 1573 2953 pervenit,
1615 2898 1644 2936 a
1673 2883 1877 2937 sancti-

298 2977 428 3031 tatis
476 2984 669 3030 vestrre
716 2983 859 3029 coetu
906 2973 1119 3029 interim
1168 2988 1227 3027 se
1276 2973 1486 3028 noverit
1514 2979 1876 3042 segregatum,

298 3072 484 3143 quise
512 3078 698 3125 nostro
714 3067 913 3139 judicio
940 3067 1099 3123 debet
1142 3066 1399 3135 abjiccre,
1447 3066 1493 3120 si
1536 3066 1880 3121 conscientia:

298 3179 412 3220 sua:
439 3163 589 3218 novit
615 3159 993 3217 confidentiam
1017 3174 1076 3215 se
1102 3159 1366 3213 obtinere.
1408 3158 1753 3213 Massiliensis
1784 3172 1877 3212 ve-

300 3270 366 3309 ro
396 3252 649 3308 Ecclesia:
670 3250 1025 3315 sacerdotem,
1055 3250 1144 3320 qui
1174 3249 1370 3304 dicitur
1400 3247 1568 3320 (quod
1602 3249 1745 3303 dictu
1780 3264 1877 3303 ne-
1906 3240 1950 3300 C

304 3344 391 3398 fas
414 3344 517 3412 est)
532 3343 586 3397 in
603 3356 791 3397 necem
820 3338 997 3395 fratris
1022 3340 1103 3394 sui
1128 3339 1307 3394 taliter
1326 3339 1641 3408 gratulatus,
1677 3348 1729 3392 ut
1755 3339 1881 3394 huic

300 3434 398 3506 qui
427 3434 543 3503 ejus
571 3432 830 3502 sanguine
869 3438 1178 3486 cruentatus
1220 3430 1529 3496 advenerat,
1579 3431 1881 3500 portionem

302 3539 431 3579 cum
494 3523 683 3578 eodem
712 3521 995 3576 habiturus
1044 3526 1372 3585 occurreret,
1423 3535 1491 3574 ex
1539 3527 1718 3575 vestro
1763 3536 1884 3575 eum

301 3613 627 3669 audiendum
656 3613 885 3682 collegio
911 3612 1236 3681 delegamus.
1271 3610 1459 3665 Datum
1486 3625 1559 3665 vn
1589 3610 1691 3665 cal.
1723 3610 1882 3680 Aug,

304 3706 489 3762 Felice
513 3714 570 3761 et
592 3704 768 3761 Tauro
790 3719 971 3762 conss.

429 3816 580 3883 Quod
608 3818 733 3873 nulli
766 3818 1021 3875 sacerdoti
1047 3834 1269 3874 canones
1299 3817 1453 3873 liceat
1491 3818 1753 3890 ignorare.

381 3930 498 3985 XX.
531 3930 851 3989 leestinus
879 3932 1142 3987 universis
1188 3932 1457 4002 episcopis
1484 3948 1582 4002 per
1610 3930 1885 4001 Apuleiani

300 4033 365 4080 et
392 4023 691 4079 Calabriam
712 4024 1034 4080 constitutis.
1066 4024 1205 4078 Nulli
1226 4024 1563 4080 sacerdotum
1586 4038 1713 4079 suos
1734 4023 1893 4079 liceat

304 4128 549 4169 canones
575 4113 842 4182 ignorare,
886 4127 987 4169 nec
1013 4113 1303 4183 quidquam
1350 4112 1545 4178 facere,
1595 4112 1739 4181 quod
1784 4111 1888 4166 Pa—

307 4212 455 4260 trum
484 4207 654 4275 possit
682 4205 879 4275 regulis
905 4205 1143 4260 obviare.
1196 4204 1326 4271 Quae
1375 4204 1517 4260 enim
1549 4218 1579 4257 a
1610 4203 1765 4257 nobis
1803 4217 1890 4257 res

305 4296 473 4364 digna
502 4296 821 4359 servabitur,
866 4296 913 4350 si
954 4294 1299 4351 decretalium
1330 4308 1517 4348 norma
1566 4293 1888 4348 constituto—

1979 1952 2246 2023 stipendia
2284 1952 2560 2018 militasse,
2602 1959 2657 2008 et
2695 1966 2909 2007 omnem
2958 1951 3131 2020 egisse
3178 1950 3231 2005 in
3276 1948 3559 2005 dominicis

1977 2044 2165 2099 castris
2193 2052 2447 2099 aetatem:
2493 2042 2539 2098 si
2566 2042 2657 2112 qui
2701 2042 2783 2097 his
2810 2042 3086 2111 prmfuturi
3134 2049 3258 2096 sunt
3293 2054 3361 2095 ex
3406 2038 3557 2094 laicis

1978 2133 2344 2201 requiruntur,
2394 2132 2485 2202 qui
2513 2140 2766 2187 vacantes
2791 2131 3007 2197 smculo,
3057 2142 3113 2185 et
3139 2143 3352 2185 omnem
3380 2128 3557 2182 eccle-

1978 2223 2250 2278 siasticum
2279 2222 2522 2277 ordinem
2562 2223 2887 2287 nescientes,
2938 2222 3075 2275 saltu
3120 2235 3462 2291 praepropero
3503 2219 3556 2273 in

1980 2314 2211 2368 alienum
2254 2314 2515 2369 honorem
2565 2313 2809 2367 ambiunt
2860 2312 3209 2367 immoderata
3268 2310 3558 2380 cupiditate

1982 2406 2383 2472 transcendere,
2428 2415 2483 2460 et
2512 2405 2564 2459 in
2611 2405 2756 2459 aliud
2780 2405 2904 2459 vita:
2950 2419 3118 2473 genus
3164 2404 3370 2460 calcata
3413 2418 3559 2456 reve-

1981 2495 2153 2549 rentia
2180 2494 2555 2550 ecclesiastica:
2579 2494 2874 2564 disciplina:
2913 2494 3184 2548 transire?
3212 2492 3429 2546 Talibus
3456 2492 3557 2545 ita-

1978 2601 2105 2655 que,
2137 2586 2327 2642 fratres
2355 2586 2675 2648 charissimi,
2708 2586 2799 2655 qui
2824 2584 2961 2655 juris
2990 2585 3179 2649 nostri,
3212 2584 3265 2639 id
3288 2592 3371 2641 est
3399 2599 3559 2639 cano-

1980 2694 2106 2732 num
2130 2676 2493 2746 gubernacula
2521 2676 2871 2743 custodimus,
2904 2692 3124 2732 necesse
3148 2684 3231 2731 est
3252 2676 3557 2741 obviemus;

1980 2768 2165 2837 bisque
2187 2767 2578 2823 fraternitatem
2607 2776 2842 2823 vestram
2863 2768 3104 2837 epistolis
3125 2782 3552 2832 commonemus,

1981 2876 2049 2915 ne
2080 2860 2200 2929 quis
2229 2859 2423 2914 laicum
2453 2859 2517 2913 ad
2550 2858 2795 2914 ordinem
2823 2860 3165 2929 episcopatus
3194 2858 3460 2922 admittat,
3511 2868 3563 2913 et

1980 2950 2123 3006 sinat
2148 2949 2283 3015 ﬁeri,
2317 2949 2458 3005 unde
2485 2959 2539 3004 et
2561 2950 2709 3004 illum
2738 2950 2990 3020 decipiat,
3023 2957 3079 3004 et
3110 2950 3211 3005 sibi
3252 2965 3440 3007 causas
3469 2963 3563 3020 ge.

1982 3047 2154 3108 neret,
2185 3040 2379 3109 quibus
2406 3054 2530 3096 reus
2556 3040 2861 3096 constitutis
2888 3040 3247 3096 decretalibus
3274 3040 3387 3096 fiat.

2124 3174 2274 3241 Quod
2313 3176 2571 3231 docendus
2598 3177 2667 3231 sit
2693 3178 2932 3248 populus,
2980 3194 3085 3233 non
3112 3178 3421 3251 sequendus.

2055 3286 2217 3343 XXll.
2246 3287 2526 3344 Docendus
2553 3296 2639 3343 est
2668 3290 2918 3359 populus,
2941 3306 3049 3346 non
3077 3293 3399 3362 sequendus,
3425 3308 3556 3349 nes-

1987 3396 2114 3450 que,
2151 3381 2196 3436 si
2242 3381 2487 3436 nesciunt
2536 3397 2630 3438 eos
2668 3382 2798 3452 quid
2838 3383 3015 3449 liceat,
3052 3366 3247 3453 quidve
3276 3401 3382 3440 non
3411 3386 3567 3441 liceat

1990 3490 2357 3539 commonere,
2410 3489 2515 3530 non
2542 3475 2608 3529 iis
2635 3490 2955 3531 consensum
3003 3477 3247 3545 prmbere
3287 3476 3565 3533 debemus.

1993 3564 2246 3633 Quisquis
2292 3580 2423 3618 vero
2488 3576 2715 3619 conatus
2775 3563 2935 3619 fuerit
2999 3573 3208 3620 tentare
3275 3566 3565 3636 prohibita,

1992 3655 2190 3709 sentiet
2210 3668 2489 3708 censuram
2510 3653 2653 3708 sedis
2673 3652 2985 3722 apostolica:
3005 3654 3224 3709 minime
3243 3654 3566 3712 defuturam.

1993 3744 2121 3811 Quae
2150 3745 2291 3799 enim
2320 3743 2433 3797 sola
2462 3741 2845 3798 admonitionis
2890 3743 3213 3799 auctoritate
3234 3760 3358 3819 ‘non
3398 3746 3569 3801 σοιτίς

1992 3835 2186 3904 gimus,
2216 3848 2436 3890 necesse
2458 3841 2538 3888 est
2563 3848 2660 3903 per
2688 3834 3028 3889 severitatem
3058 3844 3447 3903 congruentem
3481 3850 3569 3889 re-

1994 3928 2133 3996 gulis
2162 3926 2511 3981 vindicemus.
2546 3925 2648 3980 Per
2680 3935 2820 3979 totas
2868 3925 2971 3979 hoc
2994 3940 3147 3995 ergo,
3195 3926 3571 3995 quatrpropriis

1993 4018 2293 4073 rectoribus
2320 4024 2529 4081 carent,
2562 4014 2829 4071 Ecclesias
2858 4016 3101 4071 volumus
3131 4017 3431 4071 innotescat
3456 4035 3469 4070 :
3513 4025 3571 4072 ut

1998 4109 2178 4163 nullus
2208 4108 2308 4163 sibi
2337 4122 2432 4176 spe
2460 4108 2638 4177 aliqua
2674 4105 2898 4161 forsitan
2929 4106 3203 4163 blanditus
3228 4107 3432 4161 illudat.
3466 4106 3573 4163 Da-

1994 4208 2105 4253 tum
2136 4214 2208 4253 xn
2239 4198 2342 4253 cal.
2378 4197 2619 4264 Augusti,
2653 4196 2928 4252 Florentio
2979 4205 3035 4253 et
3078 4197 3333 4270 Dionysio
3380 4213 3560 4256 conss.

1996 4292 2119 4359 (An.
2152 4289 2341 4343 Christi
2370 4287 2520 4360 429.)

3396 4377 3425 4387 ..ε

338 4392 3565 4425 ww

1462 4459 1827 4522 DECRETA
1876 4461 2157 4521 LEONIS
2197 4461 2291 4522 PA
2303 4460 2444 4520 WE.

392 4643 535 4709 Leo,
567 4658 855 4713 episcopus
904 4643 1049 4699 urbis
1072 4642 1279 4711 Romae,
1322 4642 1584 4699 universis
1630 4644 1896 4714 episcopis
1929 4648 1975 4707 ι)
2000 4644 2101 4699 sibi
2131 4643 2490 4700 membrorum
2520 4657 2618 4713 per
2659 4641 3138 4700 dissimulationem
3176 4659 3437 4717 compago
3466 4664 3573 4704 non

310 4749 418 4804 per
444 4734 807 4804 Campaniam,
841 4731 1116 4798 Picenum,
1158 4733 1409 4789 Tusciam
1437 4741 1493 4789 et
1520 4749 1619 4805 per
1670 4734 1890 4791 univer-

309 4839 411 4880 sas
437 4826 455 4845 ⁶
479 4825 783 4881 constitutis
809 4824 863 4878 in
888 4824 1115 4879 Domino
1142 4824 1389 4880 salutem.

399 4914 465 4970 Ut
509 4916 663 4972 nobis
708 4916 1119 4985 gratulationem
1170 4916 1302 4973 facit
1329 4916 1686 4972 Ecclesiarum
1726 4924 1898 4972 status

311 5006 522 5061 salubri
565 5006 915 5077 dispositione
959 5008 1325 5076 compositus,
1377 5007 1450 5061 ita
1497 5020 1604 5061 non
1647 5007 1750 5063 levi
1800 5022 1898 5063 nos

314 5112 556 5152 mouere
601 5098 884 5152 contristat
924 5098 1139 5167 quoties
1187 5098 1363 5166 aliqua
1407 5105 1594 5152 contra
1638 5098 1905 5153 constitu-

315 5195 380 5241 ta
443 5202 749 5254 canonum,
815 5196 870 5244 et
926 5188 1345 5244 ecclesiasticam
1395 5188 1728 5258 disciplinam
1768 5204 1905 5259 prte-

313 5286 560 5347 surnpta,
588 5278 674 5334 vel
698 5279 982 5334 commissa
1009 5278 1401 5346 cognoscimus,
1432 5294 1551 5349 qua:
1576 5284 1773 5343 sinon,
1804 5293 1909 5348 qua

314 5367 605 5435 debemus,
633 5369 910 5437 vigilantia
940 5384 1265 5436 resecemus,
1292 5368 1388 5433 illi,
1418 5368 1630 5437 quinos
1658 5369 1906 5438 specula-

318 5471 478 5515 tores
505 5476 621 5516 esse
651 5461 818 5517 voluit
848 5460 1066 5533 (Each.
1090 5462 1488 5531 xv1n;xxxm),
1520 5474 1777 5516 excusare
1798 5476 1906 5515 non

314 5563 637 5621 possumus,
683 5549 1057 5619 permittentes
1084 5550 1352 5605 sincerum
1390 5563 1585 5618 corpus
1632 5546 1901 5613 Ecclesizn,

315 5640 479 5710 quod
526 5640 591 5694 ab
636 5641 782 5694 omni
828 5656 1024 5711 purum
1069 5641 1276 5696 macula
1328 5639 1597 5695 custodire
1626 5639 1905 5704 debemus,

318 5731 665 5787 ambientum
703 5732 951 5803 improba
979 5735 1299 5805 contagione
1348 5732 1573 5790 foedari:
1623 5750 1743 5791 cum
1792 5735 1907 5805 ipsa

406 5848 440 5877 ’
462 5844 620 5899 Deest
639 5847 929 5912 provincias
960 5848 1038 5902 vel
1068 5854 1324 5910 ecclcsins.
1353 5847 1505 5906 Enn.

2000 4742 2279 4802 congruat.

2004 4841 2072 4897 Ut
2099 4843 2268 4897 nullus
2292 4844 2645 4925 episcoporum
2692 4860 2892 4899 servant
2936 4846 3152 4900 alterius
3196 4848 3265 4903 ad
3306 4847 3578 4905 clericatus

2347 4915 2565 4983 alliciam
2591 4932 2886 4985 promovere
2916 4928 3215 4981 prwsamat.

2075 5006 2115 5061 ι.
2145 5005 2511 5062 Admittuntur
2537 5008 2732 5077 passim
2762 5006 2831 5062 ad
2859 5008 3103 5064 ordinem
3125 5026 3358 5078 sacrum,
3385 5013 3582 5080 quibus

2002 5098 2145 5153 nulla
2176 5098 2450 5164 natalium,
2484 5099 2628 5155 nulla
2664 5115 2871 5155 morum
2896 5099 3127 5170 dignitas
3150 5102 3491 5170 suffragatur,
3522 5113 3579 5159 et

2001 5188 2095 5258 qui
2124 5203 2154 5242 a
2184 5187 2413 5243 dominis
2440 5190 2549 5244 suis
2594 5189 2900 5246 libertatem
2949 5193 3207 5262 consequi
3236 5193 3455 5249 minime
3485 5210 3580 5263 po-

2008 5287 2243 5343 tuerunt,
2292 5280 2359 5334 ad
2406 5281 2671 5349 fastigium
2717 5280 3024 5348 sacerdotii,
3073 5290 3330 5355 tanquam
3373 5285 3581 5339 senilis

2010 5370 2183 5425 vilitas
2211 5371 2350 5426 hunc
2371 5370 2629 5426 honorem
2648 5373 2846 5442 capiat,
2874 5373 3258 5445 provehuntur,
3284 5381 3339 5429 et
3365 5374 3583 5443 probari

2011 5460 2122 5515 Deo
2170 5475 2329 5531 posse
2374 5461 2631 5527 creditur,
2684 5463 2775 5532 qui
2818 5462 3037 5519 domino
3062 5480 3162 5519 suo
3190 5463 3416 5519 necdum
3452 5479 3581 5533 pro-

2010 5552 2139 5607 bare
2160 5567 2220 5607 se
2248 5552 2440 5623 potuit.
2490 5553 2691 5625 Duplex
2738 5555 2916 5625 itaque
2969 5555 3021 5609 in
3069 5556 3170 5609 hae
3205 5564 3357 5626 parte
3407 5562 3586 5610 reatus

2010 5650 2113 5706 est,
2146 5642 2289 5709 quod
2324 5652 2379 5697 ct
2407 5658 2618 5699 sacrum
2644 5643 2996 5700 ministerium
3027 5644 3147 5699 talis
3189 5645 3445 5701 consortii
3468 5646 3588 5699 vili-

2012 5742 2120 5789 tate
2163 5734 2436 5805 po'luitur,
2471 5743 2524 5790 et
2549 5733 2915 5803 dominorum,
2965 5743 3225 5805 quantum
3274 5737 3341 5793 ad
3389 5737 3585 5793 illicite
