3988 6344
395 409 500 475 279

1665 407 2019 470 D.0.\YSIUS
2059 407 2372 469 EXIGUUS.

3554 401 3660 461 230

397 538 759 605 usurpationis
799 543 1153 597 temeritatem
1201 539 1478 611 pertinet,
1504 537 1622 606 jura
1670 532 1968 586 solvuntur.
2002 532 2048 585 Α
2079 522 2496 579 misericorditer
2524 519 2827 587 tribuimus,
2870 522 2939 579 ab
2975 531 3043 580 eo
3077 521 3325 588 Domino,
3357 521 3448 592 qui
3477 520 3650 576 multi-

397 627 478 680 Ab
508 629 590 684 his
622 632 820 701 itaque,
846 633 1036 687 fratres
1065 631 1378 694 cltarissimi,
1406 645 1594 684 omnes
1620 633 1812 679 vestrm
1844 635 1970 688 pro-

397 720 584 776 vincia:
616 722 919 776 abstineant
949 723 1276 785 sacerdotes,
1317 730 1370 775 et
1400 736 1504 774 non
1537 726 1742 771 tantum
1774 714 1840 767 ab
1866 713 1967 776 his,

395 812 488 866 sed
510 814 576 866 ab
601 813 717 868 aliis
745 814 926 877 etiam,
978 816 1067 884 qui
1095 815 1338 880 originali
1369 822 1462 866 aut
1490 811 1645 864 alicui
1677 806 1972 863 conditioni

395 903 614 971 obligati
644 917 790 971 sunt,
821 907 1067 961 volumus
1099 906 1383 974 temperari
1412 921 1422 956 :
1473 903 1573 957 nisi
1605 901 1740 955 forte
1784 913 1972 953 eorum

396 996 583 1064 petitio
647 1005 739 1050 aut
785 997 1033 1056 voluntas
1075 997 1379 1058 accesserit,
1434 997 1521 1064 qui
1561 992 1758 1061 aliquid
1788 990 1885 1044 sibi
1919 990 1970 1042 in

394 1099 490 1143 eos
518 1087 790 1143 vindicant
828 1089 1130 1159 potestatis.
1182 1086 1349 1141 Debet
1389 1086 1528 1139 enim
1557 1098 1677 1138 esse
1723 1079 1974 1135 immunis

394 1178 461 1234 ab
490 1179 630 1246 aliis,
681 1180 772 1249 qui
815 1179 1008 1233 divina:
1040 1179 1242 1232 militia:
1284 1176 1442 1230 fuerit
1473 1177 1842 1242 aggregandus
1870 1188 1882 1223 :
1917 1177 1974 1225 ut

394 1282 424 1323 ι
471 1269 660 1324 castris
707 1268 1008 1329 dominicis,
1036 1268 1228 1335 quibus
1272 1280 1469 1320 nomen
1519 1263 1638 1331 ejus
1666 1260 1968 1324 ascribitur,

397 1360 554 1416 nullis
584 1359 917 1415 necessitatis
942 1359 1169 1412 vinculis
1197 1356 1558 1410 abstrahatur.

397 1473 466 1531 Ut
490 1477 774 1546 quicunque
804 1475 874 1527 ad
899 1475 1264 1546 sacerdotium,
1296 1476 1369 1525 vel
1398 1472 1664 1546 viduarum
1692 1467 1866 1546 meriti
1903 1465 1979 1546 rell

463 1535 702 1599 [iubentes
750 1562 1021 1599 numeroso
1053 1545 1312 1612 roujugiu.
1359 1542 1579 1611 pronum
1619 1541 1856 1609 fuerint,
1911 1535 1976 1589 ab

461 1619 694 1670 omnibus
722 1615 1080 1669 ecrlcsiusnris
1106 1616 1282 1682 umens
1309 1624 1601 1664 arceantur.

461 1728 525 1784 ll.
567 1729 750 1796 Qualis
778 1743 906 1784 vero
939 1729 1222 1797 unicuique
1257 1727 1558 1780 constiterit
1589 1723 1845 1776 natalium
1879 1723 1978 1777 ho-

391 1830 592 1885 nestas,
624 1833 676 1874 et
706 1836 913 1876 morum
945 1835 1062 1875 esse
1085 1819 1277 1873 debeat
1302 1817 1442 1873 sacri
1467 1815 1652 1869 altaris
1681 1813 1977 1867 ministerio

2078 616 2287 685 pliciter
2321 623 2378 670 et
2403 616 2455 670 in
2485 625 2806 686 perpetuum
2834 630 3089 673 mansura
3117 617 3396 683 retribuet,
3411 620 3658 688 recipere

2075 705 2364 761 valeamus.

2081 818 2149 874 Ut
2176 822 2220 874 si
2243 822 2354 891 quis
2390 821 2713 875 sacerdotum
2744 833 2926 876 contra
2953 823 3062 876 [nec
3091 821 3367 875 interdicta
3426 823 3618 894 (em-lt,

2464 908 2556 945 suo
2583 894 2650 946 sit
2673 893 2838 962 o/ﬁrio
2868 894 3256 946 submovendus.

2143 980 2211 1035 η.
2259 981 2371 1035 Hoc
2404 983 2584 1052 itaque
2621 984 2917 1038 admonitio
2961 994 3141 1040 nostra
3171 986 3470 1042 denuntiat.
3520 985 3662 1054 quod

2079 1072 2123 1127 si
2152 1073 2274 1140 quis
2309 1074 2532 1126 fratrum
2563 1083 2750 1128 contra
2783 1074 2900 1130 haec
2938 1076 3227 1130 constituta
3259 1078 3444 1131 venire
3489 1084 3667 1130 tenta-

2081 1165 2231 1228 verit,
2264 1173 2320 1219 et
2347 1165 2614 1234 prohibita
2669 1166 2828 1221 fuerit
2849 1181 3011 1223 ausus
3040 1167 3357 1231 admittere,
3391 1183 3422 1222 a
3462 1183 3560 1223 suo
3605 1182 3668 1222 se

2083 1258 2294 1311 noverit
2317 1258 2491 1313 ollicio
2521 1259 2966 1321 submovcndmu.
3006 1275 3105 1316 nec
3127 1260 3519 1316 communionis
3560 1276 3666 1314 uo-

2079 1357 2201 1404 strze
2231 1348 2462 1404 futurum
2493 1367 2610 1405 esse
2635 1363 2964 1420 consortem,
2993 1354 3082 1423 qui
3131 1354 3309 1407 socius
3339 1369 3457 1408 esse
3490 1353 3665 1407 noluit

2079 1442 2392 1511 disciplinae.
2425 1443 2499 1497 Ne
2547 1443 2675 1512 quid
2708 1460 2834 1499 vero
2865 1447 2954 1507 sit,
3003 1444 3145 1514 quod
3187 1447 3597 1516 prmtermissum
3630 1461 3665 1500 a

2080 1534 2234 1589 nobis
2258 1534 2395 1588 forte
2425 1537 2887 1594 credaturmmnia
2921 1537 3210 1594 decretalia
3242 1540 3532 1593 constituta
3558 1549 3666 1593 tam

2081 1627 2251 1682 beata:
2293 1627 2681 1682 recordationis
2731 1627 3048 1694 Innocentii,
3081 1646 3240 1699 quam
3295 1631 3530 1685 omnium
3571 1631 3670 1686 dc-

2080 1734 2356 1774 cessorum
2381 1729 2707 1783 nostrorum,
2730 1734 2848 1790 qum
2870 1722 2935 1776 de
2957 1720 3335 1778 ecclesiasticis
3365 1722 3667 1788 ordinibus,

2081 1817 2136 1862 et
2163 1824 2429 1864 canonum
2462 1813 2796 1880 promulgata
2828 1821 2949 1866 sunt
2986 1812 3302 1883 disciplinis,
3334 1812 3407 1868 ita
3437 1830 3468 1869 a
3493 1824 3672 1869 vestra

390 1915 695 1978 sociandus,
741 1922 796 1968 et
837 1914 1095 1982 Apostolo
1143 1926 1239 1966 nos
1271 1911 1520 1974 docente,
1547 1918 1600 1962 et
1629 1907 1806 1961 divina
1839 1921 1974 1976 prz'c-
2007 1908 2048 1968 Β
2078 1895 2368 1955 dilectione
2396 1899 2652 1955 custodiri
2679 1902 2876 1958 debere
2907 1903 3238 1971 mandamus,
3282 1913 3342 1959 ut
3378 1903 3424 1960 si
3465 1906 3584 1974 quis
3613 1906 3673 1960 in

391 2004 646 2073 ceptione
673 2003 970 2067 didicimus,
1019 2010 1075 2057 et
1118 2016 1387 2058 canonum
1434 1998 1652 2068 regulis,
1701 2013 1731 2050 a
1779 1995 1974 2066 quibus

390 2097 674 2166 plerosque
703 2095 924 2150 fratrum
953 2093 1250 2148 declinasse
1296 2100 1350 2146 et
1382 2091 1594 2160 penitus
1622 2088 1867 2142 devias-sc
1888 2102 1974 2141 re-

390 2193 644 2260 perimus.
677 2187 806 2242 Nam
838 2193 1052 2241 constat
1079 2184 1146 2238 ad
1169 2182 1529 2239 sacerdotium
1562 2181 1868 2249 pervenisse
1895 2178 1974 2230 vi-

388 2280 612 2334 duarum
641 2277 880 2345 maritos,
923 2273 1184 2344 quosdam
1215 2274 1376 2326 etiam
1409 2273 1601 2340 quibus
1633 2269 1830 2324 fuerint
1872 2284 1973 2322 nu-

389 2384 600 2424 merosa
629 2368 900 2436 conjugia,
933 2375 988 2420 et
1025 2365 1092 2419 ad
1137 2380 1351 2419 omnem
1396 2362 1661 2417 licentiam
1690 2362 1796 2414 vita
1842 2361 1975 2414 libe-

389 2462 520 2526 rior,
554 2460 622 2515 ad
649 2476 862 2514 sperum
914 2458 1155 2512 ordinem
1207 2456 1402 2526 paSsim
1435 2455 1714 2524 patefactis
1743 2453 1975 2508 aditibus

389 2551 551 2605 fuisse
583 2550 892 2619 permissos,
924 2559 1112 2602 contra
1145 2547 1287 2599 illam
1320 2546 1459 2599 beati
1495 2544 1738 2614 Apostoli
1761 2559 1972 2609 vocem,

388 2657 496 2713 qua
541 2642 734 2696 talibus
779 2641 1065 2703 exclamat,
1109 2639 1332 2693 dicens:
1363 2635 1528 2691 Unius
1572 2637 1752 2691 uxoris
1779 2637 1971 2701 virum,

389 2743 447 2790 ct
473 2742 660 2788 contra
683 2732 814 2786 illud
841 2731 1072 2799 antiqua:
1106 2730 1234 2798 legis
1258 2737 1607 2797 preceptnm,
1643 2742 1752 2796 quo
1782 2727 1977 2782 dicitur

389 2833 446 2881 et
471 2832 723 2879 cavetur:
757 2821 1024 2877 Sacerdos
1047 2821 1305 2890 virginem
1335 2837 1555 2876 uxorem
1586 2822 1838 2891 accipiat,
1868 2837 1974 2877 non

387 2915 623 2978 viduam,
670 2895 778 2969 non
805 2911 1140 2982 repudiatam
1174 2914 1189 2978 ί
1222 2911 1241 2964 l
1276 2910 1461 2964 Timol.
1495 2927 1578 2974 in;
1612 2909 1773 2964 Leuit.
1821 2927 1908 2964 xxi
1932 2909 1973 2980 ).

390 3000 501 3058 llos
527 3019 677 3072 ergo,
708 3003 1016 3072 quicunque
1046 3001 1179 3055 tales
1203 3001 1417 3054 admissi
1449 3007 1590 3061 sunt,
1624 3001 1690 3052 ab
1721 2999 1978 3053 ecclesia-

389 3097 539 3154 sticis
567 3094 759 3150 olﬁciis
787 3103 843 3149 et
865 3093 1184 3148 sacerdotali
1236 3093 1469 3155 inunine,
1502 3092 1813 3161 apostolica:
1835 3091 1977 3146 sedis

392 3188 735 3251 auctoritate,
761 3185 1011 3255 jubemus
1060 3185 1252 3238 ari-eri.
1288 3183 1392 3238 Nec
1445 3184 1544 3237 hoc
1574 3184 1715 3237 cnim
1745 3184 1843 3237 sibi
1889 3200 1977 3253 po-

2078 1991 2166 2046 illa
2196 1993 2546 2057 commiserit,
2581 1995 2787 2048 veniam
2829 1996 2926 2050 sibi
2958 1997 3210 2066 deinceps
3242 1998 3453 2052 noverit
3498 1997 3673 2051 dene~

2075 2085 2207 2152 gari.
2242 2083 2375 2139 Data
2400 2103 2448 2140 vi
2476 2085 2549 2140 id.
2579 2084 2847 2153 Octobris,
2870 2087 3099 2144 ltlaximo
3122 2089 3313 2144 iterum
3347 2098 3402 2145 et
3427 2086 3669 2144 Paterno

2077 2192 2255 2233 conss.
2293 2178 2424 2247 (An.
2459 2175 2649 2232 Christi
2681 2178 2848 2248 M5).

2149 2266 2259 2322 Leo
2292 2267 2578 2339 episcopus
2606 2268 2868 2325 universis
2913 2271 3184 2341 episcopis
3220 2286 3318 2342 per
3344 2267 3507 2328 Italia:
3535 2287 3672 2343 pro-

2077 2361 2280 2417 vincias
2301 2365 2611 2417 constitutis
2643 2366 2693 2419 in
2723 2364 2946 2419 Domino
2976 2366 3223 2420 salutem.

2148 2451 2204 2505 In
2254 2455 2586 2507 consortium
2628 2470 2724 2509 vos
2767 2464 2965 2509 nostra:
3011 2455 3386 2511 sollicitudinis
3427 2456 3671 2511 advoca-

2078 2557 2217 2606 mus,
2252 2552 2307 2596 ut
2336 2544 2607 2609 vigilantia
2642 2545 2917 2613 pastorali,
2943 2560 3010 2598 ne
3039 2539 3167 2613 quid
3196 2545 3472 2600 diabolica?
3501 2546 3672 2601 licere

2077 2634 2247 2705 possit
2271 2635 2510 2699 astutia},
2542 2636 2845 2692 commissis
2869 2637 3016 2690 vobis
3063 2638 3313 2704 gregibus
3360 2635 3672 2704 diligentius

2077 2726 2394 2780 consulatis:
2415 2742 2478 2780 ne
2509 2726 2548 2779 is
2571 2727 2682 2794 qui,
2717 2727 2924 2780 Domini
2959 2727 3324 2781 misericordia
3357 2728 3664 2795 revelante,

2077 2833 2175 2889 per
2203 2828 2439 2873 nostram
2461 2834 2645 2872 curam
2675 2833 2706 2870 a
2735 2819 2931 2873 nostris
2953 2817 3141 2873 ovibus
3166 2817 3670 2887 morbusabjicitur,

2079 2909 2307 2964 necdum
2359 2908 2510 2964 vobis
2587 2909 2916 2978 praemonitis
2967 2917 3021 2964 et
3067 2909 3244 2965 adhuc
3295 2910 3422 2980 quid
3477 2917 3673 2977 agatur

2078 3001 2297 3070 ignaris,
2333 3018 2428 3070 per
2451 3012 2641 3057 vestra:
2671 3001 2810 3056 sedis
2836 3011 3022 3072 pergat
3044 3001 3332 3070 Ecclesias,
3362 3009 3416 3058 et
3445 3018 3670 3058 suarum

2074 3088 2258 3145 furtim
2293 3091 2568 3145 cuniculos
2601 3091 2838 3144 inveniat
2866 3091 3214 3155 latebrarum,
3249 3107 3315 3146 ne
3344 3090 3487 3160 quod
3511 3107 3541 3145 a
3573 3108 3673 3147 no-

2078 3182 2158 3236 bis
2184 3183 2234 3237 in
2269 3185 2398 3237 urbe
2428 3185 2812 3253 exstinguitur,
2839 3185 3138 3240 tenebrosis
3167 3183 3307 3255 apud
3334 3199 3433 3240 vos
3461 3186 3672 3239 radici-

391 3285 571 3332 terunt
601 3276 872 3331 vindicare
895 3317 910 3342 ,
963 3273 1115 3344 cujus
1165 3288 1394 3343 capaces
1442 3289 1537 3343 per
1567 3275 1668 3328 hoc
1698 3275 1840 3342 quod
1873 3274 1976 3330 illis
2003 3293 2046 3351 ρ
2081 3274 2179 3329 bus
2207 3277 2522 3330 seminetur.

389 3367 702 3433 obsisterat,
750 3381 856 3421 non
904 3365 1136 3419 fuerunt.
1189 3363 1357 3432 Hujus
1394 3365 1742 3419 discussionis
1790 3380 1972 3436 curam

373 3457 548 3528 ,nobis
589 3455 897 3527 specialiter
922 3454 1277 3521 vindicantes,
1310 3463 1367 3507 ut
1411 3454 1455 3509 si
1491 3469 1593 3523 qua
1636 3455 1860 3509 forsitan
1909 3454 1976 3508 de

389 3547 475 3604 his
518 3547 803 3602 commissa
850 3555 994 3610 sunt,
1049 3547 1402 3614 corrigantur,
1454 3561 1555 3599 nec
1621 3546 1778 3600 liceat
1835 3546 1972 3598 ultra

390 3637 674 3692 committi.
703 3633 772 3689 Et
797 3649 865 3690 ne
886 3649 990 3704 qua
1021 3636 1299 3690 excusatio
1320 3635 1388 3690 de
1417 3634 1752 3704 ignoratione
1783 3650 1974 3689 nasca-

391 3739 482 3784 tur
509 3747 521 3781 :
555 3743 860 3797 quanquam
893 3728 1142 3797 ignorare
1183 3742 1452 3796 nunquam
1485 3728 1695 3782 licuerit
1723 3729 1976 3782 sacerdo-

391 3830 502 3874 tem
524 3819 651 3888 quid
672 3835 938 3874 canonum
972 3819 1167 3887 regulis
1193 3820 1351 3874 fuerit
1375 3820 1671 3874 deﬁnitum.
1706 3818 1832 3873 Hice
1848 3833 1976 3887 ergo

390 3911 457 3967 ad
488 3913 796 3984 provincias
823 3924 1029 3967 vestras
1062 3928 1159 3982 per
1211 3914 1580 3968 Innocentium
1600 3954 1613 3977 ,
1660 3912 1976 3981 Legitimum

392 4011 448 4058 et
495 4002 768 4072 Segetium
815 4002 1008 4058 fratres
1049 4014 1104 4058 et
1152 4005 1504 4074 coepiscopos
1533 4013 1748 4059 nostros
1777 4006 1977 4075 scripta

390 4096 685 4152 direximus
715 4113 728 4148 :
757 4101 816 4150 ut
841 4109 961 4164 quze
992 4095 1130 4148 male
1162 4095 1452 4164 pullulasse
1481 4107 1797 4161 noscuntur,
1831 4099 1976 4153 radi-

393 4187 534 4242 citus
564 4186 879 4251 evcllantur,
911 4194 966 4239 et
996 4201 1224 4241 messem
1255 4187 1576 4241 dominicam
1609 4188 1810 4243 zizania
1835 4191 1976 4244 nulla

303 4286 316 4303 '
395 4284 759 4345 corrumpant.
784 4275 861 4330 Ita
885 4277 1025 4331 enim
1050 4277 1280 4331 fructum
1306 4279 1543 4345 uberem,
1575 4297 1692 4349 quae
1719 4292 1842 4336 sunt
1869 4283 1979 4336 sin-

395 4385 542 4436 cera,
571 4369 918 4439 przcstabunt,
977 4370 1021 4424 si
1051 4385 1135 4434 ea,
1187 4386 1305 4441 qua:
1354 4379 1530 4424 natam
1561 4381 1798 4440 segetem
1847 4389 1978 4429 eue-

395 4475 536 4517 care"
551 4469 966 4530 consueverunt,
993 4460 1301 4531 diligentius
1325 4472 1687 4534 amputentur.

399 4571 550 4640 Quod
583 4592 794 4631 usuram
837 4594 939 4631 non
968 4578 1133 4631 solum
1168 4576 1340 4647 clerici
1380 4577 1586 4647 exigere
1631 4593 1732 4632 non
1773 4577 1972 4645 debent,

842 4649 932 4701 sed
961 4665 1052 4701 nec
1081 4647 1200 4700 laici
1231 4646 1530 4700 Christiani.

473 4735 560 4792 111.
600 4736 709 4793 Nec
736 4737 843 4793 hoc
870 4753 1084 4807 quoque
1115 4737 1539 4808 prietereundum
1572 4753 1688 4791 esse
1710 4737 1978 4802 duximus,

399 4828 679 4899 quosdam,
711 4828 842 4881 lucri
878 4827 1048 4896 turpis
1089 4826 1381 4896 cupiditate
1423 4836 1629 4896 captos,
1682 4829 1977 4882 usurariain

397 4933 655 4976 exercere
679 4918 987 4987 pecuniam,
1021 4925 1078 4971 et
1117 4919 1304 4972 fenore
1331 4917 1465 4972 velle
1497 4918 1782 4982 ditescere,
1836 4919 1977 4987 quod

401 5026 509 5064 non
539 5008 711 5062 dicam
736 5008 788 5061 in
819 5021 916 5062 eos
961 5007 1051 5075 qui
1085 5014 1209 5062 sunt
1235 5007 1286 5061 in
1316 5007 1549 5061 clericali
1581 5005 1756 5061 ofﬁcio
1780 5010 1983 5062 Consti-

400 5100 525 5169 tuti,
548 5099 639 5154 sed
669 5100 722 5154 in
753 5099 918 5152 laicos
947 5097 1161 5167 cadere,
1193 5098 1282 5167 qui
1310 5096 1647 5152 Christianos
1669 5114 1727 5151 se
1751 5095 1853 5152 dici
1883 5114 1980 5152 cu-

400 5192 577 5262 piunt,
607 5190 982 5251 condolemus,
1015 5189 1158 5258 quod
1189 5189 1444 5244 vindicari
1477 5190 1654 5243 acrius
1687 5189 1737 5242 in
1770 5204 1862 5244 eos
1891 5190 1983 5257 qui

402 5281 601 5337 fuerint
654 5280 912 5336 confutati
958 5280 1294 5335 decernimus
1323 5318 1338 5343 ,
1394 5288 1452 5333 ut
1501 5281 1674 5333 omnis
1727 5279 1982 5349 peccandi

400 5373 778 5445 opportunitas
805 5371 1092 5428 adimatur.

407 5485 476 5542 Ut
505 5486 716 5541 clericus
740 5502 832 5539 nec
860 5501 974 5553 suo,
1007 5501 1098 5538 nec
1128 5484 1296 5538 alieno
1325 5481 1528 5536 nomine
1555 5483 1698 5550 {enus
1729 5490 1982 5535 exerceat.

474 5577 561 5633 1V.
605 5577 737 5633 Illud
766 5579 925 5634 etiam
967 5577 1215 5631 duximus
1254 5575 1721 5645 prmmonendum,
1763 5582 1819 5624 ut
1847 5572 1983 5626 sicut

404 5682 511 5726 non
541 5686 655 5736 suo,
700 5670 773 5724 ita
803 5685 909 5725 non
951 5669 1126 5722 alieno
1168 5667 1382 5721 nomine
1429 5665 1620 5734 aliquis
1666 5664 1980 5719 clericorum

406 5774 661 5818 exercere
703 5762 858 5817 fenus
898 5769 1128 5816 attentct
1161 5778 1173 5812 :
1203 5759 1456 5814 indecens
1487 5759 1626 5812 enim
1668 5765 1748 5812 est
1778 5756 1980 5811 crimen

407 5863 560 5908 Suum
591 5853 883 5909 commodis
912 5852 1100 5906 alienis
1125 5849 1452 5920 impendere.
1479 5848 1655 5904 Fenizs
1679 5856 1853 5901 autem
1883 5847 1983 5900 hoc

407 5943 583 6001 solum
632 5943 871 6015 aspicere
911 5950 967 5998 et
1016 5955 1272 5998 exercere
1321 5941 1596 6006 debemus,
1627 5936 1856 6006 utquod
1897 5936 1982 5991 hic
2046 6020 2048 6023 τ

2081 3385 2231 3451 Quod
2286 3387 2496 3458 plurimi
2538 3387 2824 3460 Manio/ian
2864 3390 3132 3460 vigilantia
3179 3406 3330 3460 papa:
3367 3387 3556 3445 Leonis
3611 3389 3671 3445 in

2527 3459 2649 3513 urbe
2677 3458 2842 3513 Roma
2871 3458 3056 3514 detecti
3085 3458 3210 3513 sint.

2153 3549 2234 3605 \il.
2279 3547 2544 3605 Plurimos
2597 3551 2886 3620 impietatis
2936 3551 3240 3606 Manichzete
3281 3567 3540 3621 sequaces
3607 3561 3669 3607 et

2077 3640 2326 3696 doctores
2351 3643 2400 3694 in
2421 3642 2549 3696 urbe
2576 3641 2913 3709 investigatio
2939 3648 3118 3694 nostra
3144 3641 3362 3708 reperit,
3393 3639 3672 3706 vigilantia

2078 3731 2392 3798 divulgavit,
2446 3730 2739 3785 auctoritas
2768 3741 2822 3785 ct
2852 3744 3078 3784 censura
3106 3729 3366 3784 coercuit.
3397 3727 3543 3794 Quos
3571 3746 3674 3797 po-

2081 3823 2275 3876 luimus
2307 3823 2594 3878 emendare
2623 3825 2958 3879 correximus
2991 3841 3003 3876 :
3037 3832 3091 3878 et
3122 3830 3179 3877 ut
3207 3822 3524 3878 damnarent
3553 3821 3674 3877 Ma-

2079 3915 2340 3969 nicbaenm
2400 3931 2521 3968 cum
2569 3915 3033 3984 predicationibus
3078 3922 3132 3968 et
3173 3913 3466 3983 disciplinis
3514 3913 3671 3979 suis,

2078 4007 2290 4077 publica
2348 4006 2398 4059 in
2436 4005 2673 4061 Ecclesia
2714 4004 3049 4076 professione
3078 4013 3135 4060 et
3158 4020 3348 4060 manus
3385 4019 3496 4060 sua:
3536 4005 3674 4058 sub—

2077 4100 2370 4168 scriptione
2393 4101 2781 4168 cinnpulimus,
2807 4107 2861 4152 et
2891 4100 2961 4152 ita
2995 4097 3060 4153 de
3090 4099 3346 4166 voragine
3371 4097 3674 4166 impietatis

2078 4205 2188 4244 sum
2216 4193 2492 4244 confessos
2545 4190 2914 4259 pwnitentiam
2955 4189 3303 4244 concedendo
3345 4189 3670 4244 levavimus.

2081 4283 2349 4350 Aliquanti
2385 4297 2534 4347 viro,
2573 4281 2662 4349 qui
2716 4282 2789 4334 ita
2818 4295 2876 4334 se
2923 4279 3326 4345 demerserunt,
3373 4289 3432 4334 ut
3461 4280 3672 4333 nullum

2079 4373 2164 4426 his
2212 4372 2518 4425 auxiliantis
2561 4381 2746 4439 posset
2774 4371 3069 4426 remedium
3112 4370 3421 4438 subvenire,
3466 4371 3677 4426 subditi

2079 4464 2285 4534 legibus
2328 4463 2620 4518 secundum
2647 4462 3076 4518 Christianorum
3128 4463 3430 4532 principum
3468 4464 3678 4517 consti-

2080 4563 2216 4619 tuta,
2242 4570 2311 4609 ue
2337 4565 2579 4609 sanctum
2611 4568 2827 4624 gregem
2858 4567 2951 4608 sua
2985 4554 3304 4622 contagione
3341 4554 3674 4623 polluerent,

2014 4665 2057 4722 υ
2084 4665 2181 4719 per
2202 4648 2444 4719 publicos
2484 4648 2694 4716 jndiccs
2735 4656 2996 4718 perpetuo
3025 4655 3150 4700 sunt
3184 4645 3373 4699 exsilio
3422 4643 3670 4711 relegati.

2085 4737 2150 4791 Et
2179 4739 2377 4803 omnia,
2429 4754 2546 4806 qu.c
2579 4747 2683 4791 tam
2717 4737 2767 4792 in
2799 4737 3092 4808 Scripturis
3136 4752 3241 4806 qua
3268 4757 3294 4786 ιι
3343 4736 3395 4789 in
3444 4736 3678 4790 OCClliiiS

2086 4829 2465 4884 traditionibus
2513 4829 2622 4882 suis
2666 4829 2864 4883 habent
2911 4827 3133 4898 profana
3189 4826 3274 4881 vel
3341 4827 3516 4895 turpia
3545 4864 3562 4888 ,
3615 4834 3678 4880 ut

2086 4930 2272 4976 nosset
2313 4921 2541 4989 populus
2589 4920 2713 4988 quid
2763 4920 3034 4988 refugeret
3091 4925 3183 4971 aut
3224 4918 3437 4981 vitaret,
3491 4915 3674 4971 oculis

2085 5009 2400 5065 Christianm
2432 5010 2600 5079 plebis
2652 5019 2798 5064 certa
2829 5008 3261 5063 n'ianifcstatione
3300 5006 3672 5076 probavimus,

2086 5103 2221 5158 adeo
2273 5113 2329 5157 ut
2363 5105 2501 5173 ipse,
2533 5103 2620 5171 qui
2647 5119 2832 5158 eorum
2861 5102 3140 5156 dicebatur
3170 5101 3483 5170 episcoiius,
3510 5117 3541 5154 a
3577 5118 3678 5156 no-

2087 5196 2169 5250 bis
2198 5203 2378 5250 tentus
2408 5194 2661 5265 proderet
2689 5193 2952 5262 ﬂagitiosa
2991 5194 3044 5247 in
3088 5193 3198 5247 suis
3242 5193 3502 5262 mysticis,
3555 5208 3676 5262 qua:

2091 5295 2321 5354 teneret,
2351 5287 2490 5341 sicut
2517 5293 2790 5353 gestorum
2820 5299 2919 5338 vos
2957 5286 3124 5339 series
3147 5283 3342 5354 poterit
3385 5282 3622 5337 cdocere
3658 5302 3673 5334 :

2089 5379 2152 5433 ad
2185 5377 2592 5433 instructionem
2641 5377 2781 5431 enim
2819 5385 3051 5430 vestram
3101 5377 3262 5430 etiam
3312 5376 3426 5444 ipsa
3473 5375 3679 5429 direxi-

2089 5485 2226 5533 mus,
2259 5467 2450 5536 quibus
2479 5467 2652 5534 lectis,
2687 5467 2866 5520 omnia
2913 5482 3030 5536 qua:
3075 5483 3104 5520 a
3148 5467 3302 5520 nobis
3335 5467 3676 5535 reprehensa

2088 5569 2228 5622 sunt,
2263 5575 2421 5613 nosse
2451 5559 2714 5627 poteritis.
2741 5556 2798 5610 Et
2826 5557 2949 5627 quia
2977 5557 3278 5626 aliquantos
3306 5558 3373 5611 de
3403 5557 3487 5611 his
3509 5573 3674 5627 quos,

2091 5668 2157 5706 ne
2184 5652 2604 5712 absolverentur,
2636 5651 2836 5703 arctior
2864 5657 3044 5704 reatus
3073 5648 3390 5717 involverat,
3417 5653 3677 5721 cognovi-

2093 5761 2210 5800 mus
2235 5746 2518 5812 autugisse,
2573 5745 2711 5798 banc
2735 5741 2801 5797 ad
2830 5743 3172 5797 dilectionem
3204 5753 3440 5798 vestram
3471 5746 3683 5817 episto-

2093 5840 2196 5892 lam
2225 5838 2484 5902 misimus,
2515 5845 2571 5889 ut
2600 5835 2792 5890 cll'ecta
2834 5835 3036 5891 certior
3065 5837 3321 5889 sanctitas
3350 5847 3534 5892 vestra
3567 5841 3681 5894 sol-

2087 5935 2284 5992 licitius
2313 5949 2469 6003 agere
2500 5921 2765 6005 dignetur,
2791 5941 2845 5986 et
2871 5932 3094 5998 cautius,
3136 5931 3326 5986 necubi
3361 5930 3526 5987 Manii
3546 5934 3679 5990 liam
