3988 6344
232 394 336 455 28!

1265 407 1644 466 COLLECTIO
1683 408 2148 471 oscusroaun
2190 412 2292 474 pr.
2331 378 2449 477 ita.

3413 424 3522 481 282

232 513 607 583 perversitatis
651 514 898 572 homines
944 517 1130 589 plebes
1165 532 1377 578 vestras
1426 524 1680 582 facultate
1723 527 1816 581 tre.-
1857 533 1900 591 Α
1931 528 2079 608 Quod
2123 541 2305 608 cuncta
2346 533 2493 608 nobis
2535 551 2626 604 per
2663 535 2898 591 ordinem
2935 553 3106 592 rerum
3142 554 3232 608 per
3269 541 3519 595 inermiu-

231 606 417 669 dendi,
449 614 505 661 et
537 607 696 676 hujus
725 610 989 678 sacrilegii
1025 614 1231 680 possint
1260 615 1500 670 invenire
1543 617 1816 674 doctores.

231 696 406 753 Aliter
432 699 576 753 enim
608 701 764 754 nobis
789 705 1108 757 counnissos
1145 720 1333 774 regere
1360 723 1465 761 non
1515 724 1816 777 possumus,

229 789 335 843 nisi
367 791 484 854 bos,
534 791 624 860 qui
673 802 798 846 sunt
851 796 1154 863 pertlitores
1190 806 1246 851 et
1286 799 1498 867 perditi,
1528 801 1645 854 zelo
1699 802 1818 854 lidei

226 877 515 935 dominij
547 896 954 949 pers«~quamur,
984 892 1038 938 et
1066 901 1095 936 a
1119 888 1263 940 sanis
1290 889 1575 952 mentibus,
1614 906 1679 944 ne
1727 907 1821 959 pe-

226 969 329 1022 stis
353 970 466 1023 lucc
499 969 657 1023 latius
685 971 1008 1042 divulgetur.
1035 975 1344 1040 severitate,
1379 993 1480 1045 qua
1514 995 1815 1047 possumus,

225 1068 631 1122 abscindamus.
677 1067 828 1123 Unde
865 1070 1054 1124 hortor
1100 1072 1444 1127 dilectionem
1478 1084 1734 1136 vestram,
1767 1085 1820 1129 et

223 1159 494 1223 obtestor,
527 1169 582 1214 et
609 1177 822 1222 moneo,
847 1170 914 1213 ut
960 1177 1062 1229 qua
1110 1162 1317 1216 debetis
1358 1173 1410 1217 et
1457 1165 1678 1234 potcstis
1709 1167 1818 1220 sol-

222 1248 509 1303 licitudine
545 1251 772 1316 vigili-tis
811 1252 874 1304 ad
909 1253 1310 1320 investigandos
1340 1271 1453 1318 eos,
1503 1266 1694 1309 necubi
1729 1273 1818 1308 oc-

221 1340 463 1394 Cultandi
496 1357 554 1395 se
585 1343 859 1410 reperiant
891 1343 1215 1397 facultatem.
1253 1343 1320 1398 Ut
1357 1347 1497 1399 enim
1526 1348 1740 1401 habebit
1789 1362 1818 1400 a

223 1430 342 1484 Dcu
375 1429 547 1498 dignm
574 1433 1022 1487 remunerationis
1053 1436 1346 1502 pnumium,
1376 1438 1464 1504 qui
1490 1439 1815 1505 diligentius,

222 1523 372 1592 quod
424 1523 489 1576 ad
540 1525 765 1577 salutem
824 1526 1129 1580 connnissm
1177 1528 1275 1580 sibi
1328 1529 1496 1595 plebis
1551 1528 1815 1598 proficiat,

221 1611 386 1666 fuerit
418 1623 706 1668 exsecutus
735 1633 746 1666 :
781 1615 852 1668 ita
885 1625 1010 1670 ante
1045 1618 1275 1671 tribunal
1318 1619 1526 1673 Doani
1570 1622 1636 1676 de
1667 1631 1816 1676 reatu

223 1705 572 1775 negligentiae
601 1721 659 1760 se
689 1723 794 1762 non
827 1710 1026 1777 poterit
1056 1726 1336 1774 excusare,
1369 1714 1675 1782 qniwuque
1706 1715 1821 1782 ple-

221 1803 349 1852 betn
404 1813 552 1850 suam
594 1809 780 1852 contra
829 1801 1105 1868 sacrilegio
1159 1803 1518 1869 persuasionis
1569 1815 1817 1858 auctores

2000 601 2187 681 tionem
2243 602 2449 657 Domini
2501 601 2664 658 nostri
2713 609 2896 661 salutis
2943 601 3271 664 sacramenta
3318 612 3516 682 digesta

1994 679 2119 724 sint.
2709 745 2722 752 α

1999 782 2128 836 Vlll.
2171 784 2398 854 Semper
2416 785 2634 854 quidem
2659 786 2716 855 in
2747 797 2954 842 artemo
2981 790 3206 844 consilio
3236 791 3328 846 Dei
3359 807 3517 846 man-

1926 873 1995 926 sit
2025 874 2241 927 humani
2265 877 2479 942 generis
2511 877 3020 934 incomnmtabiliter
3045 881 3402 948 praeordinata
3431 897 3518 938 re-

1927 965 2158 1031 paratio,
2189 963 2282 1018 sed
2314 965 2448 1018 ordo
2483 981 2659 1018 rerum
2705 982 2800 1035 per
2826 965 3006 1020 Jesum
3035 966 3304 1023 Christum
3337 970 3518 1025 Domi-

1927 1070 2053 1108 num
2086 1064 2328 1109 nostrum
2376 1057 2746 1125 temporaliter
2789 1058 3145 1124 gerendarum
3178 1061 3229 1112 in
3271 1059 3516 1114 incarna-

1925 1146 2072 1198 tione
2113 1145 2273 1199 γει-ω
2304 1149 2532 1216 sumpsit
2576 1149 2877 1211 exordium,
2929 1150 3070 1204 unde
3116 1151 3257 1204 aliud
3307 1159 3518 1222 tempus

1924 1245 2021 1298 (εει,
2065 1251 2171 1304 quo
2200 1239 2550 1290 anituntianle
2585 1239 2786 1306 Angelo
2818 1240 2974 1292 bcata
3008 1240 3165 1308 Virgo
3214 1240 3379 1295 Maria
3437 1241 3519 1296 fe-

1923 1329 2256 1381 cundandam
2281 1344 2338 1381 se
2366 1345 2460 1397 per
2486 1328 2739 1397 Spiritum
2768 1340 3006 1383 sanctqu
3063 1331 3288 1384 credidit
3308 1342 3358 1385 et
3381 1347 3515 1387 con-

1923 1418 2067 1484 cepit
2093 1435 2105 1470 :
2139 1418 2302 1482 aliud,
2325 1434 2433 1486 quo
2465 1418 2608 1472 salva
2643 1419 2947 1487 integritate
2974 1420 3211 1488 virginea
3242 1436 3376 1489 puer
3400 1422 3517 1476 edi-

1924 1518 2009 1563 tus
2039 1511 2311 1567 exaltante
2357 1515 2552 1580 gaudio
2593 1516 2894 1571 etnlestium
2937 1517 3302 1572 ministrorum
3333 1527 3517 1587 pasto-

1923 1599 2069 1652 ribus
2088 1600 2382 1656 indicatur:
2402 1604 2568 1671 aliud,
2584 1620 2690 1674 quo
2716 1605 2886 1660 infans
2908 1607 3330 1662 circumciditur:
3348 1608 3512 1672 aliud,

1921 1703 2029 1757 quo
2077 1691 2252 1746 hostia
2301 1710 2400 1762 pro
2437 1711 2502 1749 eo
2529 1696 2712 1764 legalis
2756 1696 3018 1754 offertur:
3052 1697 3214 1761 aliud,
3253 1712 3372 1751 cum
3406 1707 3516 1752 tres

1924 1777 2061 1848 Magi
2105 1782 2348 1837 claritate
2389 1785 2511 1838 novi
2560 1785 2751 1841 sideris
2795 1785 2999 1840 incitati
3038 1787 3089 1839 in
3133 1785 3407 1841 Bethleem
3447 1787 3515 1842 ab

222 1886 462 1942 noluerit
513 1888 803 1946 custodire.
855 1889 987 1944 Data
1041 1908 1095 1945 ιιι
1154 1868 1257 1945 cal.
1320 1892 1473 1958 Fcb.,
1508 1892 1816 1949 Theodosio

1932 1868 2144 1925 Oriente
2193 1874 2531 1942 perveniunt,
2578 1885 2636 1930 et
2675 1876 2902 1930 adorant
2941 1877 3242 1945 parvulum,
3290 1877 3515 1948 mystica

222 1993 353 2032 mu
385 1988 439 2034 et
466 1977 658 2035 Albino
689 1997 775 2034 vv.
810 1997 893 2036 ce.
936 1997 1112 2037 conss.
1148 1984 1270 2053 (An.
1302 1983 1492 2039 C/tristi
1523 1985 1673 2055 4M.)

302 2069 413 2125 Leo
461 2073 746 2141 cpiscopus
798 2073 1060 2129 universis
1102 2077 1371 2146 episcopis
1434 2093 1530 2148 per
1582 2077 1818 2134 Siciliam

221 2162 530 2216 constitutis
554 2163 603 2216 in
633 2158 860 2218 Domino
891 2165 1214 2219 salutem.—
1234 2167 1430 2221 Divinis
1457 2171 1738 2239 prmceptis
1763 2179 1819 2226 et

223 2255 540 2324 apostolicis
570 2257 788 2311 monitis
821 2258 1128 2327 incitamur,
1163 2268 1220 2314 ut
1245 2276 1342 2330 pro
1373 2263 1613 2318 omnium
1637 2262 1819 2318 Eccle-

222 2347 424 2401 siarurn
475 2357 618 2402 statu
665 2350 890 2420 impigro
936 2351 1215 2420 vigilemus
1262 2352 1486 2415 aiTectu,
1531 2370 1594 2409 ac
1616 2356 1658 2409 si
1691 2356 1816 2425 quid

221 2455 453 2508 usquam
481 2443 887 2512 reprehensioni
912 2444 1184 2498 invenitur
1211 2445 1522 2513 obnoxium,
1551 2448 1681 2501 cleri
1711 2448 1822 2503 sol-

222 2529 507 2587 licitudine
554 2541 645 2587 aut
692 2533 759 2588 ab
807 2535 1120 2602 ignorantia:
1166 2536 1448 2606 imperitia,
1480 2547 1573 2593 aut
1607 2554 1635 2592 a
1681 2554 1820 2608 prte-

220 2621 552 2691 sumptionis
595 2624 946 2692 usurpatione
991 2639 1328 2680 revocemus.
1380 2626 1628 2681 Mauente
1676 2631 1816 2684 enim

219 2708 513 2765 dominica:
544 2715 690 2766 vocis
720 2713 946 2781 imperio
966 2753 981 2775 ,
1031 2729 1140 2782 quo
1171 2716 1512 2770 beatissimus
1540 2721 1820 2786 apostolus

220 2798 424 2857 Petrus
454 2803 591 2857 trina
631 2805 954 2874 repetitione
991 2807 1232 2877 mystitm
1279 2808 1575 2862 santtionis
1623 2810 1818 2864 imbui-

220 2902 334 2956 tur,
379 2902 436 2949 et
475 2894 674 2950 Christi
720 2913 890 2962 oves,
938 2899 1030 2966 qui
1075 2897 1346 2953 Clu-istum
1395 2901 1583 2969 diligit,
1632 2911 1820 2970 pascat

219 2981 410 3052 (Joan.
439 2991 551 3054 xxx)
573 3036 588 3057 ,
656 2989 820 3057 ipsius
855 2989 1018 3055 sedis,
1086 2991 1171 3044 cui
1205 3006 1298 3060 per
1338 2991 1714 3048 abundantiam
1747 2994 1822 3048 di-

221 3075 367 3131 vinte
407 3079 594 3144 gratiae
633 3094 953 3148 prmsumus,
997 3083 1299 3136 reverentia
1348 3092 1708 3147 coarctamur,
1766 3093 1821 3139 ut

219 3165 526 3234 periculum
558 3166 798 3231 desidim,
828 3177 1087 3237 quantum
1123 3185 1434 3238 possumus,
1466 3171 1818 3238 declinemus,

1922 1975 2202 2016 munerum
2229 1965 2501 2020 oblatione
2524 1975 2850 2021 venerantur
2874 1966 3088 2038 (Matth.
3117 1965 3198 2038 ιι).
3225 1967 3335 2023 Nec
3355 1967 3515 2022 iidem

1919 2062 2044 2106 sunt
2073 2054 2208 2116 dies,
2241 2056 2435 2123 quibus
2465 2057 2629 2126 impio
2660 2055 2882 2124 Herodi,
2906 2058 3152 2113 ordinata
3179 2059 3434 2114 divinitus
3459 2059 3514 2114 in

1921 2139 2215 2212 Aigyptum
2246 2147 2620 2212 translatione,
2652 2147 2955 2203 subtractus
2983 2157 3088 2216 est,
3119 2149 3200 2204 vel
3228 2151 3422 2218 quibus
3446 2151 3514 2205 ab

1921 2230 2158 2302 Egypto
2191 2235 2244 2288 in
2271 2235 2565 2302 Galilteam,
2596 2246 2810 2293 mortuo
2834 2249 3197 2307 persecutore,
3231 2249 3515 2296 revocatus

1919 2335 2022 2379 est.
2057 2326 2201 2382 lnter
2232 2329 2328 2385 has
2357 2340 2535 2384 autem
2561 2330 3020 2400 dispensationum
3043 2331 3329 2387 varietates
3355 2347 3514 2387 acce-

1921 2419 2055 2474 dunt
2107 2431 2394 2490 augmenta
2444 2439 2736 2493 corporea,
2794 2424 2989 2480 crescit
3043 2424 3320 2488 Dominus,
3374 2425 3517 2480 sicut

1921 2507 2257 2579 Ermigelista
2291 2520 2519 2567 testatur
2561 2512 2712 2582 (Luc.
2766 2513 2828 2583 ι),
2863 2513 3190 2580 profectibus
3227 2513 3404 2569 anatis
3459 2521 3515 2569 et

1920 2603 2127 2668 gratim,
2155 2618 2250 2671 per
2268 2603 2383 2658 dies
2414 2603 2632 2659 Paschae
2663 2604 2714 2658 in
2747 2605 3001 2673 templum
3030 2603 3361 2658 llierusalem
3390 2619 3512 2658 cum

1927 2694 2244 2761 parentibus
2272 2694 2440 2757 venit,
2468 2703 2664 2749 etcum
2693 2694 2906 2749 abesset
2936 2710 2965 2747 a
2994 2695 3255 2748 societate
3283 2693 3515 2748 redeun-

1925 2785 2082 2853 tium,
2105 2786 2298 2841 sedens
2319 2802 2441 2852 cum
2463 2786 2783 2852 senioribus,
2809 2796 2863 2842 et
2882 2787 3023 2841 inter
3047 2786 3375 2842 admirantes
3396 2801 3512 2840 ma-

1922 2875 2122 2944 gistros
2153 2876 2432 2944 disputans
2463 2876 2754 2945 invenitur,
2795 2877 3168 2947 rationemque
3221 2877 3513 2932 mansionis

1921 2981 2034 3020 sua:
2059 2966 2292 3022 reddens
2318 2985 2330 3020 :
2361 2966 2496 3033 Quid
2527 2975 2628 3033 est,
2663 2967 2850 3038 inquit,
2876 2971 3018 3036 quod
3048 2969 3369 3036 quaerebatis
3393 2972 3514 3023 me?

1924 3058 2245 3113 nesciebatis
2290 3060 2432 3128 quod
2455 3060 2506 3113 in
2539 3059 2638 3123 his,
2665 3075 2783 3129 quae
2809 3059 2978 3115 Patris
3004 3061 3107 3115 mei
3131 3072 3274 3126 sunt,
3301 3071 3514 3129 oportet

1930 3166 2018 3204 me
2053 3164 2178 3204 esse
2216 3148 2368 3218 (Luc.
2403 3147 2507 3216 tt)?
2533 3146 2850 3214 signiﬁcans
2877 3147 2999 3212 ejus
3045 3159 3104 3196 se
3147 3159 3268 3196 esse
3309 3142 3506 3206 lilium,

219 3271 296 3310 ne
329 3257 590 3325 professio
618 3263 811 3314 summi
840 3261 1080 3329 Apostoli
1107 3303 1121 3322 ,
1153 3276 1258 3329 qua
1287 3276 1346 3315 se
1381 3273 1676 3317 amatorem
1711 3264 1816 3318 Do-

1932 3244 2090 3311 cujus
2121 3251 2271 3298 esset
2309 3249 2366 3294 et
2397 3239 2679 3308 templum.
2712 3237 2829 3291 Jam
2867 3253 3015 3300 vero,
3073 3251 3196 3290 cum
3256 3240 3306 3289 in
3349 3237 3512 3288 annis

220 3347 360 3402 mini
387 3354 616 3403 testatus
643 3359 746 3415 est,
783 3366 886 3404 non
917 3350 1221 3405 inveniatur
1246 3351 1298 3404 in
1329 3353 1482 3406 nobis
1507 3391 1524 3416 ,
1564 3353 1686 3420 quia
1719 3369 1818 3408 nc-

219 3435 496 3504 gligenter
527 3454 753 3506 pascens
779 3440 937 3495 toties
983 3440 1417 3496 commendatum
1456 3458 1674 3513 gregem
1697 3460 1822 3500 con-

222 3526 464 3580 vincitur
489 3544 756 3584 summum
786 3546 892 3587 non
922 3547 1104 3586 amare
1133 3543 1428 3603 pastorem.

219 3701 381 3771 Quod
425 3706 756 3776 prohibeatur
801 3711 855 3764 in
909 3709 1000 3786 die
1039 3709 1458 3786 Epiphaniorum
1500 3714 1818 3786 baptismum

874 3779 1144 3836 celebrari.

301 3889 414 3945 V11.
455 3891 589 3946 Cum
621 3908 752 3962 ergo
801 3895 930 3950 mihi
969 3895 1038 3950 de
1067 3896 1348 3951 charitatis
1379 3906 1568 3953 vestra:
1611 3899 1821 3954 actibus

219 3980 470 4038 fraterna
493 3981 781 4040 aﬂ'ectione
808 3985 1039 4041 sollicito
1071 3987 1233 4042 certis
1263 3987 1474 4042 indiciis
1504 3988 1818 4055 innotuerit,

225 4090 331 4132 vos
350 4075 406 4131 in
436 4090 528 4144 eo,
551 4077 696 4146 quod
717 4078 857 4132 inter
882 4088 1221 4134 sacramenta
1245 4078 1503 4135 Ecclesiae
1530 4083 1822 4151 principale

225 4177 338 4228 est,
371 4167 442 4221 ab
469 4168 786 4236 apostolica:
815 4169 1166 4225 institutionis
1201 4172 1591 4226 consuetudine
1621 4173 1824 4227 discre-

221 4273 384 4328 pare,
444 4258 518 4312 ita
559 4266 620 4313 ut
665 4260 910 4330 baptismi
961 4273 1358 4316 sacramentum
1400 4264 1738 4318 numerosius
1768 4266 1820 4318 in

221 4352 315 4407 die
342 4349 690 4421 Epiphaniae,
739 4368 897 4422 quam
930 4354 980 4408 in
1012 4352 1257 4409 Paschali
1313 4364 1555 4425 tempore
1583 4357 1822 4413 celebre-

229 4453 339 4508 tur,
402 4444 571 4498 miror
601 4460 717 4508 vos,
742 4447 826 4500 vel
867 4446 1293 4515 pnedecessores
1325 4458 1531 4503 vestros
1555 4457 1662 4504 tam
1692 4449 1827 4503 irra-

228 4536 552 4592 tionabilem
583 4538 878 4592 novitatem
915 4553 1176 4608 usurpare
1222 4539 1478 4608 potuisse,
1505 4548 1564 4593 ut
1599 4539 1825 4596 confuso

227 4628 496 4698 temporis
518 4628 795 4698 utriusque
818 4630 1093 4699 mysterio,
1121 4629 1317 4684 nullam
1332 4645 1450 4684 esse
1468 4627 1823 4686 tliliérentiam

227 4719 532 4774 credemus
575 4720 717 4774 inter
761 4719 906 4774 diem
944 4736 1052 4790 quo
1111 4723 1366 4776 adoratus
1395 4730 1479 4777 est
1523 4720 1768 4776 Christus
1796 4737 1826 4776 a

229 4808 427 4877 Magis,
457 4815 513 4863 et
538 4809 680 4863 diem
731 4824 841 4878 quo
883 4813 1181 4865 resurrexit
1209 4811 1454 4868 Christus
1499 4827 1529 4866 a
1577 4813 1825 4866 mortuis.

232 4900 413 4967 Quam
462 4901 674 4971 culpam
725 4901 874 4958 nullo
921 4903 1082 4958 modo
1131 4904 1442 4972 potuissetis
1493 4905 1750 4968 incidere,
1784 4902 1830 4957 si

231 4995 378 5048 ιιιιιίε
425 4995 891 5051 consecrationem
940 4995 1163 5052 honoris
1211 4997 1473 5065 accipitis,
1507 4997 1630 5051 inde
1663 4997 1829 5066 legem

232 5087 403 5138 latius
433 5083 790 5141 observantia:
816 5087 1122 5150 sumcretis,
1155 5095 1210 5142 et
1234 5088 1376 5142 beati
1410 5088 1639 5156 apostoli
1684 5085 1830 5140 Petri

229 5176 432 5236 sedes.
462 5192 582 5248 qua:
613 5178 766 5233 vobis
808 5178 1160 5234 sacerdotalis
1199 5188 1374 5233 mater
1399 5188 1484 5234 est
1531 5179 1827 5249 dignitatis,

227 5277 386 5326 esset
415 5269 796 5327 ecclesiastica:
835 5271 1086 5340 magistra
1124 5271 1366 5335 rationis,
1394 5285 1421 5324 a
1451 5270 1603 5338 cujus
1632 5287 1724 5324 vos
1747 5287 1831 5324 re-

227 5363 380 5431 gulis
406 5364 692 5418 recessisse
719 5363 929 5419 minore
957 5371 1139 5434 posset
1162 5365 1558 5432 :cquanimitatc
1590 5364 1832 5427 tolerari,

230 5456 284 5508 si
334 5454 516 5520 aliqua
560 5453 996 5509 commonitionis
1044 5463 1243 5508 nostra:
1276 5453 1572 5522 increpatio
1599 5467 1831 5521 praeces-

229 5554 410 5603 sisset
437 5563 451 5594 :
479 5561 622 5600 nunc
654 5556 856 5611 autem,
880 5546 1008 5614 quia
1035 5561 1142 5600 non
1173 5544 1492 5616 desperatur
1539 5545 1832 5610 correctio,

227 5633 513 5691 servanda
559 5645 642 5690 est
694 5635 1028 5690 consuetudo
1059 5653 1071 5687 :
1106 5643 1163 5688 ut
1206 5636 1329 5691 licet
1363 5635 1446 5688 vix
1496 5633 1716 5689 ferenda
1763 5635 1834 5690 sit

224 5732 294 5786 in
325 5726 704 5784 sacerdotibus
755 5727 1054 5794 excusatio,
1101 5743 1219 5799 qua:
1260 5727 1557 5798 praetendat
1601 5725 1834 5780 inscien-

229 5823 400 5884 tiam,
418 5819 685 5874 malumus
714 5830 894 5874 tamen
922 5829 978 5875 et
997 5835 1277 5877 censuram
1306 5818 1664 5876 necessariam
1695 5823 1835 5873 tem-

231 5924 465 5981 perare,
482 5916 541 5964 et
565 5918 774 5966 ratione
801 5925 897 5968 vos
921 5909 1266 5984 apertissima:
1288 5909 1527 5970 veritatis
1548 5907 1832 5966 instruere.

1931 3334 2235 3404 majoribus
2254 3333 2504 3403 apertius
2523 3331 2888 3386 declarandus
2911 3329 3244 3398 baptismum
3269 3344 3509 3397 praecur-

1931 3432 2076 3483 soris
2100 3427 2181 3481 sui
2199 3425 2428 3482 Joannis
2445 3425 2692 3493 expetiit,
2715 3424 2846 3492 quid
2868 3423 3090 3476 deitatis
3105 3423 3224 3490 ejus
3249 3420 3515 3474 remansit

1932 3522 2271 3591 ambiguum,
2293 3525 2538 3588 quando,
2563 3517 2840 3586 baptizata
2858 3516 3088 3569 Domino
3105 3514 3259 3575 .lesu,
3274 3513 3515 3582 Spiritus

1933 3625 2159 3668 sanctus
2193 3613 2248 3666 in
2278 3610 2549 3666 columbae
2580 3609 2765 3678 specie
2791 3621 2956 3674 super
2983 3620 3110 3659 eum
3140 3603 3428 3658 descendit
3460 3617 3516 3658 et

1935 3701 2344 3764 ntansit,audita
2359 3702 2426 3755 de
2443 3700 2776 3754 cwlisPatris
2796 3712 2928 3751 voce
2941 3695 3515 3766 dicentis(.‘l!attli.tu):

1924 3782 2006 3840 Tu
2032 3799 2091 3840 es
2115 3782 2256 3839 ﬁlius
2275 3797 2428 3838 meus
2448 3781 2694 3844 dilectus,
2725 3780 2777 3834 in
2802 3788 2853 3835 te
2872 3779 3011 3834 bene
3031 3779 3365 3847 complacui?
3385 3776 3516 3844 Quae

1923 3875 2104 3930 omnia
2133 3873 2275 3938 ideo,
2304 3881 2507 3942 quanta
2555 3870 2846 3940 potuimus,
2890 3868 3152 3923 brevitate
3198 3865 3515 3936 perstrinxiv

1925 3979 2064 4029 mus,
2093 3971 2152 4018 ut
2179 3970 2368 4018 notum
2399 3962 2469 4016 sit
2495 3960 2768 4016 dilectioni
2799 3968 2991 4014 vestra:
3021 3957 3300 4012 universos
3320 3954 3518 4011 Christi

1926 4054 2044 4109 dies
2081 4053 2376 4110 innumeris
2419 4059 2769 4108 consecratos
2810 4047 2975 4104 fuisse
3015 4047 3324 4112 virtutibus,
3369 4055 3423 4101 et
3465 4047 3519 4101 in

1929 4146 2140 4202 cunctis
2170 4144 2288 4214 ejus
2314 4144 2618 4199 actionibus
2643 4151 3103 4198 sacramentorum
3136 4139 3387 4210 mysteria
3423 4154 3519 4194 co-

1926 4249 2200 4299 ruscasse;
2229 4233 2322 4290 sed
2351 4233 2507 4287 aliter
2529 4232 2787 4302 quidquid
2811 4232 2977 4302 signis
2997 4230 3341 4292 denuntiarit,
3368 4228 3524 4283 aliter

1929 4333 2090 4389 rebus
2119 4331 2353 4400 impleri,
2382 4345 2482 4385 nec
2516 4344 2850 4398 qumcunque
2879 4338 3233 4383 numerantur
3261 4328 3314 4380 iu
3341 4327 3522 4396 operi-

1929 4424 2031 4478 bus
2061 4420 2376 4482 Salvatoris,
2405 4419 2471 4473 ad
2503 4429 2714 4486 tempus
2743 4433 2901 4486 posse
2933 4419 3202 4487 pertinere
3233 4415 3525 4484 baptisma-

1930 4511 2017 4567 tis.
2050 4509 2183 4565 Nam
2214 4509 2258 4564 si
2280 4510 2444 4564 etiam
2475 4508 2586 4569 illa,
2618 4521 2738 4576 qua:
2779 4515 2902 4576 post
2941 4506 3085 4560 beati
3113 4503 3332 4558 Joannis
3374 4501 3523 4554 lava-

1931 4617 2082 4659 crum
2131 4618 2161 4656 a
2210 4600 2439 4655 Domino
2485 4607 2637 4669 gesta
2677 4599 3042 4667 cognovimus,
3085 4596 3184 4650 sub
3233 4593 3524 4649 indiscrete

1933 4695 2140 4751 honore
2187 4692 2452 4758 colamus,
2494 4691 2675 4746 omnia
2723 4700 2967 4758 tempora
3007 4685 3333 4742 continuatis
3367 4693 3526 4738 erunt

1935 4783 2241 4856 deputanda
2270 4783 2438 4844 festis,
2471 4782 2596 4853 quia
2640 4781 2819 4837 omnia
2866 4786 2991 4833 sunt
3029 4779 3185 4848 plena
3231 4775 3520 4831 miraculis.

1941 4876 2136 4933 Verum
2161 4875 2285 4945 quia
2312 4873 2534 4943 spiritus
2561 4871 2840 4942 sapienti-.1:
2870 4879 2924 4924 et
2961 4868 3265 4924 intellectus
3288 4867 3359 4921 ita
3384 4865 3530 4935 Apo-

1937 4968 2108 5024 stolus
2159 4975 2215 5021 et
2261 4967 2426 5020 totius
2469 4963 2723 5018 Ecclesia:
2768 4961 2998 5016 erudivit
3035 4958 3338 5028 magistros,
3371 4965 3430 5011 ut
3473 4959 3526 5010 in

1939 5061 2242 5117 Christiana
2271 5059 2614 5114 observantia
2645 5055 2774 5111 nihil
2807 5052 3189 5115 inordinatum,
3224 5051 3352 5104 nihil
3377 5057 3530 5120 pate-

1937 5163 2086 5210 retur
2108 5168 2228 5210 csse
2249 5150 2551 5217 confusum,
2598 5145 2969 5203 discernendae
2991 5153 3116 5199 sunt
3136 5158 3311 5198 causae
3331 5141 3529 5196 solem-

1936 5247 2188 5310 nitatum,
2211 5252 2266 5298 et
2292 5243 2344 5298 in
2367 5241 2618 5298 omnibus
2643 5238 2899 5293 institutis
2927 5234 3146 5290 Patrum
3202 5233 3531 5304 principum-

1937 5351 2044 5408 que
2081 5345 2389 5392 nostrorum
2429 5332 2765 5389 rationabilis
2793 5329 3057 5384 servanda
3086 5327 3375 5391 distinctio,
3405 5325 3529 5392 quia

1936 5445 2047 5483 non
2061 5429 2216 5482 aliter
2228 5440 2526 5496 untisgrex,
2548 5433 2752 5478 etunus
2767 5433 2946 5492 pastor
2963 5438 3168 5487 sumus,
3193 5419 3315 5483 nisi,
3337 5432 3532 5484 quem-

1941 5519 2228 5576 admodum
2259 5515 2550 5587 Apostolus
2578 5514 2739 5569 docet
2783 5512 2834 5583 (ι
2901 5510 3020 5565 Cor.
3072 5509 3132 5578 t),
3186 5508 3412 5574 idipsum
3446 5503 3518 5555 di-

1939 5625 2123 5666 camus
2153 5622 2374 5663 omnes:
2405 5605 2586 5660 Simos
2607 5612 2784 5657 autem
2813 5599 3033 5671 pertecti
3057 5599 3108 5650 in
3137 5595 3326 5650 eodem
3366 5607 3527 5647 sensu

1939 5708 1997 5756 et
2026 5701 2079 5756 in
2108 5697 2297 5754 eadem
2323 5697 2604 5769 sapientia.

1945 5829 2095 5896 Quod
2122 5834 2173 5886 in
2205 5829 2455 5898 baptismo
2478 5844 2614 5881 mors
2644 5822 2908 5898 proreniot
2931 5804 3291 5898 interiectione
3315 5817 3533 5896 peccati,

2019 5916 2071 5962 ct
2118 5889 2435 5972 sepulturam
2483 5889 2782 5954 triduanum
2810 5894 3036 5949 imitetur
3063 5890 3202 5944 trina
3258 5889 3535 5954 dentersio,
