3970 6338
463 407 567 462 285

1757 398 2110 457 DlONYSlUS
2146 394 2462 453 EXIGUUS.

3644 384 3752 439 283

534 532 584 575 et
633 519 699 572 ab
752 521 901 588 aquis
949 518 1163 572 eleratio
1206 518 1295 581 sit,
1350 515 1484 569 velut
1524 516 1835 568 resurrectio
1884 513 1946 567 de
1972 528 2058 566 εε-
2085 517 2134 576 Α
2170 507 2456 562 veritatem
2505 500 2684 573 (Joau.
2728 498 2860 571 ινι).
2913 498 3047 554 Cum
3077 499 3258 568 itaque
3285 497 3479 554 veritas
3508 496 3755 553 Christus

539 592 739 645 δαίετο.

537 706 628 761 IX.
657 704 908 772 Quamvis
944 718 1073 771 ergo
1115 712 1170 756 et
1199 703 1286 756 illa
1316 717 1435 771 qua:
1466 700 1532 753 ad
1578 698 1932 753 humilitatem
1959 736 1973 757 ,
2004 704 2060 749 et

469 798 555 853 illa
585 812 704 866 qua:
727 796 793 848 ad
823 795 1048 861 gloriam
1092 794 1362 863 pertinent
1386 792 1584 846 Christi
1612 829 1625 852 ,
1660 791 1713 843 in
1744 803 1907 841 unum
1930 802 2062 841 con-

470 897 704 949 currant,
756 885 1109 953 eamdemque
1161 899 1445 954 personam
1471 923 1485 946 ,
1523 890 1803 948 totumque
1832 877 1975 947 quod
2006 877 2057 930 in

469 986 559 1038 illo
581 994 636 1037 et
666 983 881 1037 virtutis
910 981 1100 1034 divinae
1130 988 1234 1042 est,
1287 988 1343 1033 et
1367 978 1690 1032 inﬁrmitatis
1719 978 1965 1030 humanae
1994 974 2061 1027 ad

468 1084 665 1129 nostra:
700 1073 1053 1143 reparationis
1078 1072 1265 1125 tendat
1313 1069 1563 1124 eﬁ'ectum
1597 1086 1608 1120 ;
1636 1067 1852 1138 proprie
1882 1070 2059 1118 tamen

472 1169 521 1221 in
548 1175 723 1220 morte
747 1164 986 1219 cruciﬁxi
1010 1205 1023 1228 ,
1055 1175 1109 1217 et
1133 1165 1182 1217 in
1212 1162 1613 1217 resurrectione
1645 1159 2063 1227 mortubpoten-

470 1258 541 1311 tia
567 1256 905 1326 baptismatis
935 1271 1128 1309 novam
1160 1263 1461 1308 creaturam
1484 1253 1668 1307 condit
1696 1267 1762 1305 ex
1788 1252 1977 1312 veteri,
2006 1258 2065 1305 ut

473 1352 524 1403 in
569 1347 973 1402 renascentibus
1024 1356 1078 1401 et
1108 1362 1253 1399 mors
1281 1346 1477 1400 Christi
1518 1352 1773 1413 operetur
1796 1383 1811 1408 ,
1845 1350 1900 1395 et
1928 1342 2060 1405 vita,

470 1440 683 1493 dicente
706 1440 865 1492 beato
901 1438 1149 1507 apostolo
1174 1435 1368 1490 Paulo:
1388 1435 1468 1488 An
1497 1433 1772 1503 ignoratis,
1798 1433 1921 1500 quia
1943 1431 2064 1499 qui-

472 1546 685 1598 cunque
716 1530 973 1599 baptizati
1020 1544 1207 1583 sumus
1248 1529 1301 1581 in
1332 1526 1545 1583 Christo
1586 1524 1742 1589 Jesu,
1796 1525 1848 1578 in
1892 1530 2066 1577 morte

470 1623 635 1693 ipsius
686 1622 939 1690 baptizati
986 1636 1169 1673 sumus
1199 1620 1377 1688 (Rom.
1412 1620 1528 1685 vi)?
1569 1616 1889 1685 Consepulti
1919 1615 2064 1669 enim

472 1730 656 1769 sumus
685 1730 804 1767 cum
837 1714 931 1767 illo
964 1729 1061 1781 per
1102 1712 1427 1782 baptismum
1469 1711 1521 1763 in
1552 1718 1781 1763 mortem
1809 1725 1819 1760 :
1849 1716 1908 1761 ut
1931 1721 2067 1775 quo-

474 1804 635 1859 modo
663 1805 897 1858 surrexit
915 1803 1165 1859 Christus
1194 1819 1222 1857 a
1246 1804 1475 1857 mortuis
1504 1818 1599 1870 per
1614 1801 1842 1869 gloriam
1871 1798 2066 1863 Patris,

2163 599 2234 654 sit
2262 597 2442 660 (Joau.
2476 592 2586 660 xxv)
2607 633 2622 657 ,
2654 599 2711 646 et
2737 591 2968 660 Spiritus
2990 598 3209 644 sanctus
3236 588 3457 658 spiritus
3476 588 3757 652 veritatis,

2163 700 2471 751 nomenque
2504 682 2765 737 Paraeleti
2791 682 3006 750 utrique
3029 680 3101 735 sit
3129 680 3429 749 proprium,
3460 694 3565 734 non
3591 679 3755 734 dissi—

2163 779 2291 833 mile
2311 786 2393 833 est
2420 775 2634 839 festum,
2667 774 2756 827 ubi
2788 788 2950 827 unum
2980 780 3065 827 est
3084 780 3507 826 sacramentum.

2168 919 2318 983 Quod
2339 920 2514 971 beatus
2546 915 2810 985 apostolus
2854 912 3037 985 Petrus
3067 913 3121 965 in
3146 912 3230 985 die
3266 910 3586 985 Pentecoste:
3618 913 3764 966 circo

2538 983 2652 1040 rum
2684 987 2787 1038 tria
2816 984 2985 1036 millia
3015 983 3370 1052 baptizauerit.

2237 1098 2304 1152 Χ.
2331 1098 2446 1153 Hoc
2473 1107 2650 1151 autem
2682 1110 2781 1147 nos
2807 1109 2913 1147 non
2942 1108 3007 1145 ex
3057 1101 3238 1145 nostra
3270 1091 3627 1162 persuasione
3657 1096 3762 1146 dc-

2166 1195 2382 1249 fendere
2408 1238 2423 1262 ,
2453 1194 2545 1247 sed
2576 1208 2642 1245 ex
2685 1188 2984 1258 apostolica
3025 1187 3353 1243 auctoritate
3382 1202 3600 1241 servare
3626 1188 3765 1241 satis

2167 1291 2361 1345 idoneo
2393 1286 2682 1357 probamus
2722 1279 2995 1349 exemplo,
3059 1287 3347 1347 sequentes
3390 1278 3605 1332 beatum
3628 1294 3769 1347 apo—

2168 1382 2367 1437 stolum
2399 1378 2636 1441 Petrum,
2662 1375 2753 1444 qui
2786 1374 2837 1427 in
2865 1374 2980 1443 ipso
2999 1371 3118 1429 die.
3151 1386 3258 1439 quo
3288 1386 3502 1425 onmem
3533 1371 3763 1425 credeno

2170 1474 2298 1527 tium
2347 1482 2633 1523 numerum
2685 1464 2983 1535 promissus
3038 1460 3271 1530 Spiritus
3313 1460 3482 1515 sancti
3529 1460 3766 1530 replevit

2169 1563 2447 1622 adventus,
2480 1560 2637 1612 trium
2683 1556 2907 1610 millium
2936 1552 3192 1623 populum
3230 1567 3331 1607 sua
3373 1551 3767 1622 praedicatione

2170 1667 2491 1708 conversum
2542 1649 2761 1702 lavacro
2810 1644 3149 1715 baptismatis
3196 1642 3555 1708 consecravit,
3613 1641 3770 1711 quod

2170 1752 2354 1799 sancta
2382 1740 2679 1809 Scriptura,
2727 1752 2847 1806 quae
2887 1735 3260 1806 apostolorum
3288 1735 3454 1789 Actus
3481 1735 3759 1805 continet,

2184 1832 2323 1886 ﬁdeli
2354 1829 2577 1885 historia
2607 1828 2769 1883 docet
2796 1826 2981 1881 dicens
3014 1842 3026 1877 :
3072 1824 3165 1880 llis
3195 1825 3389 1880 auditis
3411 1862 3426 1888 ,
3457 1825 3771 1895 compuncti

476 1896 549 1949 ita
573 1903 627 1950 et
656 1911 756 1951 nos
778 1911 830 1947 ἠ
855 1895 1093 1948 "amate
1114 1895 1237 1986 Wa?
1271 1892 1627 1986 auib‘ilemusf
1661 1889 1719 1986 Si.
1742 1890 1885 1986 enin?
1916 1904 2067 1986 ecf“-
2105 1898 2142 1953 Β
2175 1933 2299 1979 sunt
2321 1921 2504 1986 corde,
2532 1929 2587 1975 et
2610 1919 2865 1973 dixerunt
2888 1916 2956 1970 ad
2982 1915 3201 1971 Petrum
3223 1925 3280 1971 et
3298 1915 3535 1986 reliquos
3554 1889 3773 1985 aposto-

476 1988 699 2057 plantati
731 1986 853 2041 facti
881 2000 1065 2040 sumus
1093 1982 1432 2039 similitudini
1459 1984 1651 2037 mortis
1673 1980 1809 2048 ejus,
1836 1978 1993 2034 simul
2016 1986 2070 2032 et

474 2077 885 2147 resurrectionis
907 2076 1130 2143 erimus,
1153 2083 1207 2128 et
1228 2084 1443 2136 caetera,
1476 2087 1595 2142 qua:
1623 2071 1787 2124 latius
1813 2069 2069 2137 magister

474 2172 711 2238 gentium
743 2168 810 2223 ad
836 2167 1320 2223 commendandum
1346 2171 1743 2219 sacramentum
1776 2160 2071 2230 baptisma-

475 2263 543 2316 tis
574 2261 888 2331 disputavit,
911 2268 970 2313 ut
1000 2266 1285 2329 appareret
1313 2273 1380 2311 ex
1409 2254 1567 2323 hujus
1590 2252 1852 2308 doctrinae
1880 2250 2070 2320 spiritu

474 2352 856 2421 regenerandis
879 2350 997 2404 ﬁliis
1022 2351 1297 2404 hominum
1330 2357 1386 2402 et
1440 2348 1493 2401 in
1529 2345 1623 2399 Dei
1655 2345 1793 2398 ﬁlios
1816 2344 2073 2412 adeptan-

477 2445 559 2498 dis
588 2444 736 2497 illum
766 2443 908 2497 diem
931 2484 946 2507 ,
969 2449 1024 2496 et
1053 2441 1183 2495 illud
1215 2451 1424 2509 tempus
1446 2440 1680 2493 electum
1714 2455 1726 2489 :
1757 2437 1809 2489 in
1840 2450 1948 2503 quo
1977 2450 2073 2504 per

476 2536 896 2597 similitudinem,
927 2532 1264 2600 formamque
1293 2531 1535 2601 mysterii
1558 2545 1645 2595 ea,
1667 2543 1785 2596 qua:
1814 2535 2072 2595 geruntur

477 2628 532 2683 in
562 2627 818 2682 membris
847 2627 959 2692 his,
989 2640 1107 2694 quae
1139 2626 1192 2677 in
1236 2625 1353 2693 ipso
1386 2632 1513 2676 sunt
1538 2622 1734 2690 capite,
1768 2627 1917 2688 gesta
1943 2634 2073 2673 con-

482 2729 737 2792 gruerent
764 2764 778 2789 ,
826 2721 951 2775 dum
983 2721 1035 2773 in
1067 2718 1403 2787 baptismatis
1432 2716 1617 2783 regula
1647 2723 1700 2767 et
1728 2728 1873 2767 mors
1902 2713 2070 2764 inter-

476 2818 625 2869 venit
654 2811 1032 2868 interfcctione
1059 2810 1285 2880 peccati,
1321 2818 1370 2864 et
1404 2808 1732 2878 sepulturam
1765 2804 2069 2858 triduanam

480 2906 722 2960 imitatur
762 2905 903 2957 trina
933 2902 1231 2966 demersio,
1262 2910 1315 2953 et
1346 2900 1412 2952 ab
1440 2898 1594 2969 aquis
1633 2895 1862 2951 elevatio
1892 2910 2073 2947 resur-

477 2997 654 3065 gentis
676 2996 843 3049 instar
859 2994 1029 3049 estde
1058 2991 1367 3060 sepulchro.
1396 2988 1513 3057 lpsa
1545 2987 1706 3056 igitur
1729 2985 1909 3055 operis
1933 3000 2068 3055 qua-

481 3088 603 3142 litas
628 3087 790 3141 docet
836 3082 1173 3139 celebranda:
1202 3081 1524 3149 generaliter
1552 3078 1736 3146 gratiae
1764 3077 1904 3130 diem
1937 3076 2070 3143 legi-

484 3179 671 3232 timum
701 3192 822 3230 eum
846 3190 983 3239 esse,
1018 3174 1069 3227 in
1097 3187 1204 3241 quo
1236 3180 1353 3225 orta
1386 3178 1469 3225 est
1492 3211 1508 3236 ,
1537 3177 1591 3222 et
1617 3168 1788 3221 virtus
1813 3165 2053 3219 muneris

2172 2019 2272 2085 los,
2308 2017 2443 2084 Quid
2473 2016 2753 2080 faciemus,
2775 2013 2875 2067 viri
2900 2011 3092 2065 fratres
3121 2010 3257 2081 (Act.
3285 2009 3383 2081 n)?
3410 2010 3598 2065 Petrus
3631 2024 3766 2063 vero

2175 2110 2243 2165 ad
2277 2110 2395 2165 illos
2427 2127 2439 2161 :
2472 2106 2853 2163 Pmnitentiam
2878 2145 2893 2170 ,
2928 2103 3141 2171 inquit,
3171 2102 3313 2170 agite
3340 2144 3355 2169 ,
3386 2110 3441 2156 et
3465 2103 3774 2171 baptizetur

2176 2200 2547 2269 unusquisque
2590 2205 2831 2251 vestrum
2863 2195 2915 2247 in
2953 2194 3171 2248 nomine
3199 2192 3325 2247 Jcsu
3356 2192 3572 2255 Christi,
3599 2193 3652 2246 in
3686 2209 3773 2245 re—

2173 2292 2485 2345 missionem
2514 2294 2864 2358 peccatorum
2897 2293 3202 2339 vestrorum
3228 2321 3244 2345 ,
3279 2292 3333 2337 et
3360 2283 3641 2352 accipietis
3670 2283 3772 2337 do-

2172 2398 2300 2437 num
2348 2381 2519 2436 sancti
2547 2379 2799 2449 Spiritus.
2836 2374 2999 2429 Vobis
3027 2375 3171 2429 enim
3206 2381 3288 2428 est
3314 2375 3684 2444 repromissio,
3715 2384 3773 2428 et

2176 2474 2298 2529 ﬁliis
2328 2472 2542 2536 vestris,
2576 2479 2630 2526 et
2651 2468 2902 2524 oumibus
2923 2467 3014 2537 qui
3042 2466 3201 2535 longe
3225 2474 3369 2530 sunt,
3401 2480 3764 2534 quoscunque

2174 2563 2524 2619 advocaverit
2571 2561 2828 2615 Dominus
2870 2558 3011 2612 Deus
3041 2566 3245 2612 noster.
3277 2556 3408 2611 Aliis
3437 2557 3599 2610 etiam
3650 2556 3772 2627 plu-

2174 2655 2324 2710 ribus
2362 2655 2540 2709 verbis
2588 2648 2905 2707 testiﬁcatus
2955 2658 3056 2715 est,
3109 2658 3164 2703 et
3211 2648 3600 2703 exhortabatur
3649 2664 3771 2712 eos,

2176 2745 2408 2799 dicens:
2470 2742 2763 2797 Salvamini
2811 2756 2841 2794 a
2889 2738 3238 2808 generatione
3285 2738 3386 2792 ista
3432 2754 3617 2809 prava.
3667 2740 3773 2804 Qui

2174 2852 2304 2906 ergo
2356 2842 2682 2906 receperunt
2732 2846 3039 2888 sermonem
3067 2829 3200 2899 ejus,
3252 2830 3775 2899 baptizatisunt,et

2172 2930 2433 3001 apposita:
2476 2936 2602 2985 sunt
2630 2927 2682 2982 iu
2711 2926 2802 2981 illa
2832 2925 2919 2979 die
2947 2923 3141 2977 animae
3178 2923 3395 2977 circiter
3440 2922 3540 2976 tria
3570 2923 3769 2977 millia.

2173 3041 2325 3108 Quod
2363 3045 2476 3098 haec
2499 3042 2601 3096 duo
2631 3049 2901 3109 tempora_,
2930 3035 2987 3089 id
3015 3045 3091 3089 est
3122 3033 3327 3109 Pascha
3356 3043 3409 3109 et
3435 3033 3761 3109 Pentecoste,

2242 3114 2310 3167 ad
2366 3105 2742 3183 baptizattdum'
2781 3126 2812 3161 a
2846 3106 3082 3161 Romano
3114 3105 3356 3175 ponti/ire
3393 3105 3620 3174 legitima
3642 3115 3774 3158 sunt

2248 3186 2490 3255 prteﬁxa.

479 3278 535 3324 et
562 3267 771 3338 species
796 3265 1039 3327 actionis,
1071 3264 1138 3318 ad
1168 3263 1320 3331 cujus
1342 3262 1419 3315 rei
1449 3257 1912 3314 conﬁrmationem
1943 3257 2062 3327 plu-
2094 3261 2138 3323 C
2244 3277 2329 3331 χι.
2369 3276 2521 3332 Unde
2548 3275 2671 3344 quia
2711 3269 3146 3327 manifestissime
3176 3276 3323 3339 patet
3351 3266 3686 3335 baptizandis
3712 3266 3770 3319 in

480 3359 677 3413 rimum
724 3358 886 3419 valet,
939 3356 1081 3425 quod
1132 3356 1246 3424 ipse
1301 3352 1558 3407 Dominus
1605 3349 1761 3405 Jesus
1807 3349 2069 3415 Christus,

480 3459 831 3521 posteaquam
860 3447 1158 3503 resurrexit
1184 3460 1214 3498 a
1244 3444 1469 3497 mortuis
1493 3481 1507 3505 ,
1540 3440 1813 3509 discipulis
1838 3438 1947 3493 suis
1973 3480 1986 3497 .
2017 3438 2071 3491 in

482 3541 677 3609 quibus
704 3554 893 3594 onmes
921 3536 1279 3592 Ecclesiarum
1311 3531 1566 3603 praesules
1605 3529 1973 3595 docebantur,
2019 3537 2075 3583 et

481 3633 731 3701 formam,
763 3640 819 3688 et
862 3639 1184 3701 potestatem
1230 3628 1448 3682 tradidit
1472 3622 1811 3694 baptizandi,
1841 3620 2025 3676 dicens
2056 3638 2069 3673 :

484 3723 688 3778 Euntes
717 3722 909 3778 docete
936 3737 1124 3776 omnes
1152 3728 1358 3788 gentes,
1401 3717 1737 3786 baptizantes
1768 3730 1862 3767 eos
1893 3714 1945 3766 in
1977 3727 2076 3766 no—

486 3816 630 3870 mine
647 3813 837 3880 Patris,
866 3822 919 3868 et
940 3812 1077 3876 Filii,
1094 3820 1149 3867 et
1168 3811 1402 3881 Spiritus
1426 3809 1609 3864 Sancti
1626 3806 1837 3878 (Matth.
1864 3804 2071 3869 xxvm).

490 3908 565 3962 De
607 3922 717 3978 quo
758 3907 942 3975 utique
990 3921 1085 3960 eos
1122 3905 1285 3958 etiam
1317 3909 1441 3955 ante
1478 3901 1784 3970 passionem
1816 3899 2077 3967 potuisset

486 4001 779 4064 instruere,
826 3998 926 4052 nisi
955 3996 1170 4066 proprie
1196 3993 1455 4047 voluisset
1496 3992 1721 4057 intelligi
1745 4031 1759 4054 ,
1786 4004 2077 4057 regenera-

488 4089 648 4143 tionis
673 4089 899 4157 gratiam
930 4102 997 4140 εχ
1025 4100 1120 4139 sua
1144 4082 1545 4137 resurrectione
1572 4082 1821 4149 coepisse.
1850 4080 2075 4134 Additur

484 4195 615 4233 sane
645 4179 770 4233 huic
798 4176 1157 4231 observantiae
1176 4174 1336 4228 etiam
1369 4171 1720 4226 Pentecostes
1749 4185 1814 4224 ex
1840 4170 2073 4225 adventu

484 4269 655 4324 sancti
688 4266 916 4336 Spiritus
935 4274 1149 4319 sacrata
1177 4262 1494 4317 solemnitas
1520 4302 1534 4325 ,
1563 4274 1683 4328 quae
1712 4260 1778 4315 de
1802 4260 2075 4317 Paschalis

482 4358 602 4414 festi
635 4359 830 4429 pendet
855 4355 1098 4411 articulo.
1142 4353 1206 4406 Et
1234 4368 1355 4408 cum
1403 4351 1470 4404 ad
1502 4351 1637 4405 alios
1664 4351 1778 4404 dies
1805 4351 1908 4403 alia
1939 4350 2071 4405 festa

481 4450 806 4521 pertineant,
838 4448 952 4501 lucc
981 4461 1196 4515 semper
1225 4442 1292 4497 ad
1317 4459 1441 4498 eum
1495 4442 1637 4497 diem
1658 4483 1672 4507 ,
1707 4442 1797 4511 qui
1843 4457 2075 4497 resurre-

478 4545 659 4599 ctione
692 4541 901 4596 Domini
936 4548 1019 4593 est
1050 4536 1273 4606 insignis
1297 4576 1311 4601 ,
1344 4535 1598 4598 occurrit,
1630 4535 1910 4604 porrigens
1933 4549 2072 4602 quo-o

2176 3368 2417 3424 Ecclesia
2442 3366 2635 3421 electis
2661 3365 2776 3419 haec
2804 3364 2911 3418 duo
2941 3370 3207 3430 tempora,
3254 3358 3321 3413 de
3350 3358 3539 3428 quibus
3584 3358 3755 3413 locuti

2176 3476 2380 3523 sumus,
2408 3472 2527 3512 esse
2549 3455 2803 3525 legitima,
2830 3453 3172 3508 dilectionem
3194 3456 3429 3505 vestram
3460 3465 3765 3515 monemus,

2175 3561 2234 3606 ut
2262 3551 2434 3605 nullos
2461 3550 2595 3603 alios
2624 3548 2738 3602 dies
2766 3546 2894 3600 huic
2924 3542 3279 3599 observantia:
3304 3540 3592 3595 misceatis.

2178 3660 2329 3725 Quod
2351 3658 2493 3714 omni
2518 3667 2743 3724 tempore
2758 3654 2829 3716 hi,
2855 3652 2959 3725 qui
2969 3650 3278 3725 necessitate
3292 3649 3766 3725 mortisurgentur,

2244 3732 2300 3784 id
2322 3740 2396 3784 est
2421 3718 2746 3797 aegritudinis
2765 3765 2779 3788 ,
2813 3718 3120 3797 obsidionis,
3144 3718 3532 3790 persecutionis,
3563 3729 3610 3770 et
3634 3733 3769 3769 nau-

2249 3801 2427 3871 fragii,
2460 3794 2678 3851 debeant
2700 3794 2977 3864 baptizari.

2245 3914 2361 3967 Xll.
2394 3911 2528 3978 Quia
2556 3910 2600 3964 si
2630 3915 2754 3963 sunt
2786 3905 2889 3960 alia
2938 3918 3152 3973 quoque
3178 3902 3309 3955 festa
3336 3943 3352 3968 ,
3378 3900 3570 3969 quibus
3598 3899 3766 3953 multa

2177 4006 2228 4059 in
2255 4006 2515 4059 honorem
2543 3999 2637 4054 Dei
2675 3995 2977 4052 reverentia
3000 3993 3261 4048 debeatur
3282 4033 3296 4055 ,
3329 3991 3638 4062 principalis
3680 4000 3771 4045 ta-

2177 4109 2296 4148 men
2328 4136 2341 4159 ,
2368 4101 2428 4145 et
2466 4088 2686 4144 maximi
2732 4083 3056 4141 sacramenti
3102 4080 3454 4137 custodienda
3499 4079 3654 4134 nobis
3681 4089 3773 4135 est

2176 4184 2425 4254 mystica,
2468 4188 2524 4235 et
2550 4175 2885 4232 rationabilis
2910 4171 3263 4242 exemplatio,
3322 4186 3429 4225 non
3475 4170 3770 4225 interdicta

2176 4275 2413 4337 licentia,
2435 4286 2539 4339 qua
2566 4270 2618 4321 in
2648 4267 2918 4336 baptismo
2942 4264 3229 4318 tribuendo
3250 4262 3491 4331 quolibet
3519 4270 3771 4329 tempore

2174 4363 2602 4436 periclitantibus
2622 4357 2954 4414 subvenitur.
2988 4355 3063 4408 ita
3093 4354 3236 4409 enim
3259 4353 3326 4407 ad
3345 4354 3441 4408 has
3455 4352 3590 4407 duas
3614 4351 3773 4407 festi-

2174 4454 2368 4507 vitales
2388 4461 2661 4505 conuean
2689 4445 2924 4509 sibimet,
2950 4451 3115 4512 atque
3138 4450 3396 4511 cognatas
3411 4441 3767 4496 incolumium

2171 4549 2232 4597 et
2264 4542 2315 4595 in
2346 4538 2493 4611 pacis
2538 4535 2833 4591 securitate
2862 4532 3171 4599 degentium
3201 4531 3371 4586 libera
3398 4539 3524 4584 vota
3561 4530 3769 4586 diﬂ‘eri-

478 4633 767 4688 dammodo
810 4629 1124 4684 auxiliantis
1154 4626 1339 4695 gratia:
1380 4641 1595 4679 manum
1626 4626 1691 4679 ad
1722 4641 1816 4679 eos
1835 4668 1849 4692 ,
1878 4642 2013 4696 quos
2039 4641 2069 4681 a
2103 4628 2149 4687 D
2174 4647 2312 4696 mus,
2356 4628 2487 4684 utin
2518 4626 2709 4681 mortis
2729 4623 2991 4694 periculo,
3018 4622 3070 4675 in
3100 4620 3398 4677 obsidionis
3426 4620 3764 4686 discrimine,

478 4724 565 4778 die
592 4723 808 4777 Paschte
829 4729 920 4774 aut
947 4719 1189 4772 molestia
1220 4714 1562 4780 inﬁrmitatis,
1595 4726 1685 4770 aut
1713 4717 2069 4788 longinquitas

477 4816 703 4876 itineris,
736 4821 827 4867 aut
852 4810 1208 4879 navigationis
1246 4808 1534 4865 difﬁcultas
1581 4810 1898 4875 interclusit,
1935 4811 2070 4865 invi-

478 4913 632 4969 tans,
666 4912 723 4957 ut
745 4901 1078 4970 quibuslibet
1104 4901 1515 4954 necessitatibus
1545 4900 1785 4968 impediti
1813 4901 2067 4955 desiderii

475 4996 557 5050 sui
585 4993 833 5048 ell‘ectum
863 4991 1007 5045 dono
1037 4990 1208 5045 sancti
1239 4990 1470 5059 Spiritus
1497 4998 1916 5058 consequantur.
1949 4988 2067 5059 Ipse

479 5088 622 5141 enim
649 5084 955 5151 unigenitus
976 5082 1088 5147 Dei,
1124 5083 1175 5135 in
1200 5082 1302 5135 ﬁde
1335 5082 1686 5148 credentium,
1710 5091 1764 5137 et
1794 5084 1847 5136 in
1872 5084 2066 5137 virtute

474 5192 697 5247 operum
726 5175 922 5228 nullam
948 5175 1086 5228 inter
1125 5188 1183 5228 se
1235 5182 1290 5227 et
1316 5173 1576 5242 Spiritum
1616 5183 1863 5229 sanctum
1895 5176 2065 5229 voluit

474 5284 592 5325 esse
621 5266 946 5329 distantiam,
977 5264 1101 5334 quia
1147 5264 1291 5318 nulla
1318 5273 1401 5319 est
1448 5264 1735 5319 diversitas
1766 5266 1820 5319 in
1852 5274 2061 5331 natura,

472 5361 659 5414 dicens
695 5387 709 5410 ι
756 5355 974 5423 llogabo
997 5368 1097 5421 ego
1140 5351 1383 5418 Patrem,
1432 5363 1487 5408 et
1518 5353 1682 5407 alium
1726 5355 2063 5410 Paracletum

473 5452 621 5506 dabit
644 5448 827 5514 vobis,
858 5454 918 5499 ut
959 5444 1235 5499 vobiscum
1281 5445 1350 5499 sit
1404 5444 1456 5498 in
1496 5452 1781 5509 aeternum,
1815 5447 2060 5515 spiritum

475 5542 715 5596 veritatis
745 5537 924 5611 (Joan.
959 5535 1089 5605 xlv).
1140 5533 1206 5588 Et
1230 5535 1457 5589 iterum:
1508 5533 1819 5590 Paraclctus
1877 5544 2059 5591 autem

474 5630 701 5698 Spiritus
729 5635 977 5691 sanctus,
1004 5639 1165 5693 quem
1198 5624 1377 5678 mittet
1400 5622 1557 5678 Pater
1586 5640 1738 5678 meus
1763 5625 1814 5677 in
1844 5626 2062 5681 nomine

476 5736 595 5773 meo
618 5760 631 5783 ,
658 5720 744 5772 ille
772 5732 867 5772 vos
894 5714 1108 5769 docebit
1144 5714 1343 5777 omnia,
1402 5722 1455 5768 e-t
1513 5722 1765 5781 suggeret
1809 5715 2058 5769 universa

474 5822 804 5876 qurecunque
832 5805 945 5859 dixi
970 5804 1123 5858 vobis
1154 5802 1364 5875 (Ibid.).
1398 5803 1464 5858 Et
1485 5805 1675 5859 iterum
1700 5821 1712 5857 :
1737 5804 1869 5859 Cum
1896 5819 2059 5860 vene-

476 5899 549 5953 rit
595 5897 684 5952 ille
711 5897 941 5967 Spiritus
978 5896 1218 5949 veritatis
1238 5934 1253 5957 ,
1302 5897 1393 5953 ille
1415 5898 1613 5967 diriget
1640 5912 1734 5953 vos
1764 5897 1816 5952 in
1845 5912 2060 5953 onmem

2172 4722 2225 4775 in
2257 4716 2646 4790 persecutionis
2674 4712 2932 4781 angustiis
2955 4749 2971 4775 ,
3004 4711 3057 4765 in
3086 4710 3285 4764 timore
3307 4708 3571 4777 naufragii
3609 4711 3764 4766 nullo

2173 4819 2416 4879 tempore
2444 4808 2549 4861 hoc
2590 4820 2729 4859 vera:
2774 4801 2962 4856 salutis
3005 4800 3276 4868 singulare
3304 4801 3607 4870 pnesidium
3640 4803 3764 4857 cui-

2171 4913 2333 4968 quam
2354 4896 2701 4962 denegemus.
2735 4891 2793 4945 Si
2819 4889 2942 4958 quis
2966 4897 3147 4944 autem
3171 4886 3479 4958 Epiphaniae
3507 4888 3771 4943 festivita-

2171 4999 2300 5054 tem,
2325 5003 2445 5057 qua:
2464 4986 2516 5040 in
2546 5000 2645 5040 suo
2670 4983 2861 5038 ordine
2889 4981 3071 5036 debito
3096 4981 3303 5035 honore
3328 4981 3632 5035 veneranda
3654 4992 3765 5048 est,

2169 5081 2238 5134 ab
2267 5080 2374 5134 hoc
2403 5078 2636 5133 mstimat
2656 5072 2991 5144 privilegium
3024 5071 3225 5125 habere
3252 5070 3609 5141 baptismatis,
3632 5074 3766 5142 quia

2169 5172 2274 5225 hoc
2302 5169 2519 5240 quidam
2550 5174 2744 5237 putant
2788 5163 2931 5234 quod
2962 5164 3013 5216 in
3054 5160 3245 5217 eadem
3293 5161 3379 5217 die
3406 5162 3667 5218 Dominus
3695 5165 3768 5219 ad

2167 5262 2493 5332 baptismum
2546 5259 2719 5315 sancti
2789 5256 3011 5312 Joannis
3069 5256 3383 5322 accesserit,
3431 5257 3573 5311 sciat
3617 5256 3769 5313 illius

2165 5354 2417 5425 baptismi
2452 5352 2610 5407 aliam
2651 5348 2883 5420 gratiam
2907 5388 2921 5413 ,
2948 5347 3111 5401 aliam
3139 5345 3303 5402 fuisse
3329 5347 3617 5412 rationem,
3651 5364 3762 5404 nec

2166 5447 2233 5501 ad
2262 5446 2510 5502 eamdem
2556 5442 2882 5514 pertinuisse
2929 5439 3182 5493 virtutem
3202 5478 3218 5500 ,
3251 5452 3356 5506 qua
3386 5453 3485 5507 per
3512 5448 3765 5495 sanetum

2167 5539 2425 5609 Spiritum
2454 5543 2832 5596 renascuntur,
2865 5532 2932 5587 de
2955 5532 3152 5599 quibus
3180 5530 3396 5597 dicitur,
3421 5529 3520 5596 Qui
3550 5546 3660 5586 non
3693 5548 3769 5588 ex

2168 5628 2460 5695 sanguine,
2496 5640 2674 5695 neque
2705 5639 2775 5679 ex
2817 5622 3095 5678 voluntate
3124 5618 3303 5676 carnis
3325 5662 3340 5686 ,
3368 5636 3543 5690 neque
3564 5636 3635 5675 es
3663 5638 3769 5674 vo-

2169 5718 2372 5771 luntate
2399 5716 2519 5782 viri,
2548 5714 2644 5771 sed
2668 5730 2735 5770 ex
2760 5714 2872 5768 Deo
2903 5711 3013 5766 nati
3045 5719 3170 5767 sunt
3201 5711 3379 5781 (Joan.
3411 5711 3474 5780 ι).
3500 5711 3769 5767 Dominus

2168 5809 2310 5863 enim
2343 5807 2545 5862 nullius
2588 5806 2832 5875 indigens
2856 5802 3177 5858 remissione
3202 5802 3409 5873 peccati
3433 5842 3447 5865 ,
3482 5817 3585 5857 nec
3613 5816 3771 5868 qua»

2170 5914 2297 5955 reus
2325 5898 2626 5954 remedium
2648 5891 2990 5959 renascendi,
3014 5890 3093 5948 sic
3124 5892 3287 5947 voluit
3319 5892 3598 5962 baptizari,
3624 5908 3771 5963 quo-
