3988 6344
246 356 358 413 9.85

1277 360 1653 416 CULLECTIO
1690 361 2157 419 DECRETORUM
2202 364 2301 421 PP.
2346 365 2455 423 RR.

3418 364 3521 420 εδδ

247 473 419 528 modo
446 481 502 528 et
528 471 697 527 voluit
720 473 1049 539 circumcidi,
1075 474 1412 542 bestiamque
1436 490 1535 545 pro
1560 490 1619 528 se
1646 490 1830 528 emun-
1861 480 1908 536 Α
2014 475 2296 555 Ecclesium
2324 496 2557 555 reversus
2588 479 2777 550 fuerit,
2817 482 2873 535 in
2902 498 2963 536 eo
2992 480 3156 553 gradu
3185 483 3239 537 in
3264 499 3363 555 quo
3388 494 3518 550 erat,

244 566 480 621 dationis
505 564 687 620 offerri
717 583 729 616 τ
763 574 823 618 ιιι
848 566 938 633 qui
962 565 1131 620 factus
1159 567 1331 620 fuerat
1353 583 1418 620 ex
1448 566 1693 629 muliere,
1752 567 1831 621 sic

244 664 310 711 ut
362 656 650 726 Apostolus
679 656 774 717 ait,
805 653 959 711 ﬁeret
986 666 1041 709 et
1061 657 1158 710 sub
1188 657 1324 725 lege,
1351 672 1508 725 quam
1534 673 1639 710 non
1670 672 1827 711 vene—

244 752 336 799 rat
361 745 595 806 solvere,
620 745 714 798 sed
740 745 984 813 implere,
1004 754 1059 799 et
1088 746 1358 815 implendo
1392 744 1538 799 ﬁnire
1556 747 1733 815 (Rom.
1751 748 1827 815 χ).

246 833 316 890 Et
329 836 467 890 sicut
486 837 675 889 beatus
695 834 970 905 apostolus
991 836 1242 904 pnedicat
1260 835 1469 889 dicens:
1494 834 1633 887 Finis
1655 845 1830 887 autem

247 928 381 995 legis
408 926 654 980 Christus
698 925 764 980 ad
801 926 1061 993 justitiam
1094 926 1239 979 omni
1282 926 1538 979 credenti.
1577 926 1831 995 Baptismi

242 1028 429 1071 autem
458 1017 538 1069 sui
569 1017 620 1069 in
651 1031 710 1070 se
740 1015 979 1069 condidit
1008 1024 1435 1078 sacramentum,
1483 1016 1606 1083 quia
1635 1017 1686 1068 in
1718 1032 1833 1069 om-

243 1107 407 1159 nibus
436 1106 722 1176 primatum
755 1113 943 1157 tenens
971 1119 1029 1158 se
1053 1104 1233 1157 docuit
1262 1120 1384 1158 esse
1413 1105 1755 1173 principium,
1778 1115 1833 1159 et

243 1202 378 1247 tunc
424 1192 851 1259 regenerationis
899 1194 1194 1261 potentiam
1246 1196 1441 1258 sanxit,
1496 1196 1712 1263 quando
1767 1196 1833 1250 de

239 1280 419 1335 latere
446 1280 611 1349 ipsius
651 1278 1022 1350 proﬂuxerunt
1066 1281 1280 1347 sanguis
1321 1281 1706 1350 redemptionis
1729 1324 1743 1347 ,
1776 1294 1832 1338 et

242 1384 388 1436 aqua
440 1368 799 1437 baptismatis.
859 1366 1011 1420 Sicut
1060 1382 1189 1435 ergo
1217 1367 1382 1421 Vetus
1426 1367 1831 1424 Testamentum

240 1459 382 1513 Novi
432 1457 739 1514 testiﬁcatio
774 1458 905 1521 fuit,
936 1468 992 1512 et
1036 1458 1123 1513 lex
1172 1476 1265 1529 per
1312 1460 1531 1531 Moysen
1571 1461 1693 1515 data
1726 1470 1830 1527 est,

240 1550 417 1619 gratia
471 1558 671 1611 autem,
719 1557 774 1603 et
801 1550 999 1603 veritas
1043 1564 1139 1618 per
1179 1546 1360 1602 Jesum
1393 1548 1663 1603 Christum
1694 1550 1832 1604 facta

241 1646 367 1703 est,
422 1637 501 1691 sic
545 1636 756 1690 diversa
807 1635 1068 1690 sacriﬁcia
1107 1651 1267 1689 unam
1300 1636 1532 1690 hostiam
1565 1635 1831 1691 reforma-

240 1734 412 1792 runt,
460 1735 515 1781 ct
544 1726 837 1780 multorum
872 1741 1132 1794 agnorum
1166 1726 1365 1780 occisio
1414 1726 1557 1780 illius
1588 1727 1833 1781 immola-

2006 549 2116 601 sine
2136 551 2457 617 promotioue
2484 549 2800 620 permaneat.

2007 657 2145 754 xiv.
2175 658 2282 713 Leo
2304 661 2587 754 episc0pus
2616 662 2759 716 urbis
2783 662 2968 717 Roma:
2987 662 3241 719 Januario
3266 666 3519 736 episcopo
3564 700 3590 754 ν

1937 750 2535 817 Aquileiensi.-—-Lectis
2563 753 2908 809 fraternitatis
2938 764 3039 809 tum
3068 757 3258 812 litteris
3280 758 3518 825 vigorem

1937 838 2057 893 ﬁdei
2102 848 2204 894 tua:
2224 884 2238 907 ,
2284 856 2442 910 quem
2474 843 2599 896 olim
2633 860 2987 911 noveramus,
3017 846 3365 913 agnovimus:
3390 863 3521 902 con-

1934 932 2266 998 gratulantes
2316 935 2446 995 tibi,
2479 936 2621 1003 quod
2661 935 2728 988 ad
2780 935 3072 989 custodiam
3103 937 3278 1005 gregis
3320 936 3518 991 Christi

1938 1023 2257 1090 pastoralem
2290 1039 2470 1076 curam
2502 1024 2786 1090 vigilanter
2806 1024 3134 1091 exsequeris,
3168 1039 3234 1079 ne
3264 1025 3394 1094 lupi,
3428 1041 3519 1094 qui

1935 1114 2034 1166 sub
2060 1115 2240 1182 specie
2270 1116 2448 1168 ovium
2489 1117 2875 1180 subintrarunt,
2909 1116 3116 1170 bestiali
3162 1117 3364 1170 szevitia
3394 1119 3519 1171 sim-

1935 1206 2101 1274 plices
2146 1221 2384 1274 quosque
2414 1206 2707 1260 dilacercnt
2729 1247 2742 1269 ,
2776 1214 2832 1261 et
2880 1223 2984 1260 non
3038 1207 3212 1261 solum
3244 1207 3343 1276 ipsi
3374 1208 3518 1263 nulla

1935 1295 2268 1349 correctione
2298 1296 2582 1364 proﬁciant
2609 1337 2622 1360 ,
2656 1296 2748 1350 sed
2778 1297 2942 1350 etiam
2969 1310 3031 1351 ea
3073 1312 3191 1365 qua:
3219 1306 3341 1351 sunt
3363 1313 3517 1365 sana,

1935 1394 2285 1453 corrumpant
2315 1404 2327 1437 :
2361 1387 2502 1455 quod
2550 1402 2617 1440 ne
2648 1387 2860 1455 viperea
2892 1387 3062 1455 possit
3094 1387 3338 1441 obtinere
3368 1386 3519 1441 falla-

1933 1476 2035 1541 cia,
2065 1476 2407 1531 dilectionem
2440 1486 2582 1530 tuam
2613 1478 2861 1532 duximus
2888 1478 3364 1543 commonendam,
3390 1479 3519 1534 insi—

1935 1576 2163 1621 nuantes
2207 1567 2277 1620 ad
2300 1568 2490 1622 animm
2512 1569 2807 1636 periculum
2834 1570 3126 1637 pertinere,
3155 1570 3198 1625 si
3231 1571 3517 1640 quisquam

1933 1653 1999 1709 de
2027 1656 2109 1711 his
2128 1657 2218 1725 qui
2243 1672 2273 1710 a
2305 1658 2462 1711 nobis
2488 1657 2539 1711 in
2570 1658 2946 1712 haereticorum
2968 1668 3131 1727 atque
3152 1647 3516 1714 schismatico-

1932 1764 2049 1801 rum
2080 1758 2281 1803 sectam
2310 1750 2550 1818 delapsis
2568 1790 2583 1815 ,
2615 1759 2671 1804 et
2708 1765 2765 1804 se
2788 1758 3056 1819 utcunque
3077 1751 3341 1806 bmretica:
3371 1767 3519 1806 com-

238 1819 395 1872 ίίοηθ
427 1816 571 1870 ﬁnita
604 1826 707 1881 es"
729 1816 797 1871 de
812 1832 919 1886 ‘1“0
941 1816 1136 1909 diem?"
1161 1834 1173 1868 ⁵
1207 1814 1347 1909 Εεςε
1376 1829 1542 1883 agnus
1567 1816 1682 1883 Dei,
1702 1831 1830 1909 ἒθεθ
1867 1854 1903 1908 Β
1933 1839 2201 1893 munionis
2230 1840 2552 1906 contagione
2593 1839 2878 1894 macularit
2899 1881 2914 1907 ,
2941 1840 3263 1909 resipiscens
3292 1842 3346 1895 in
3370 1858 3515 1897 com-

237 1910 335 1979 qui
362 1909 501 1963 tollit
523 1917 800 1978 peccatum
829 1907 1029 1961 mundi.
1057 1906 1147 1961 Sic
1188 1916 1241 1960 et
1272 1906 1526 1969 Joannes,
1555 1925 1659 1961 non
1686 1908 1833 1963 Chri-

237 2009 382 2067 stus,
412 1999 505 2054 sed
536 1998 736 2053 Christi
783 1998 1014 2067 prxvius
1047 2015 1061 2061 ;
1092 2014 1198 2051 non
1229 2014 1477 2067 sponsus,
1509 1998 1603 2052 sed
1647 2002 1831 2069 sponsi

237 2090 473 2151 amicus,
527 2086 625 2141 fuit
655 2087 791 2141 adeo
824 2086 1013 2152 ﬁdelis,
1048 2095 1103 2141 et
1132 2104 1238 2141 non
1267 2104 1361 2141 sua
1408 2104 1687 2156 qumrcns,
1736 2089 1831 2143 sed

239 2195 365 2251 qua:
396 2177 523 2232 Jesu
552 2177 774 2240 Christi,
800 2185 857 2231 ut
878 2194 938 2232 se
968 2176 1315 2247 proﬁteretur
1343 2178 1409 2233 ad
1438 2180 1694 2234 solvenda
1716 2182 1827 2235 cal-

237 2256 523 2325 ceameuta
551 2262 744 2339 pedum
774 2268 888 2337 ejus
919 2270 1190 2338 indignum
1209 2269 1386 2339 (Joan.
1419 2288 1502 2337 lll;
1526 2270 1718 2325 Matth.
1752 2288 1827 2339 lll;

236 2356 372 2412 Luc.
406 2358 484 2425 in)
517 2376 528 2409 :
556 2358 810 2426 quoniam
842 2357 956 2426 ipse
977 2358 1192 2427 quidem
1214 2359 1514 2429 baptizarct
1536 2361 1588 2414 in
1615 2376 1751 2431 aqua
1775 2362 1827 2415 in

235 2449 644 2524 pcenitentiam,
670 2449 760 2503 ille
790 2459 967 2504 autem
987 2451 1352 2519 haptizaturus
1378 2460 1526 2507 esset
1554 2453 1604 2505 in
1628 2451 1828 2522 Spiritu

233 2549 433 2596 sancto
482 2548 539 2594 et
593 2539 700 2605 igni
727 2580 741 2603 ,
775 2540 867 2608 qui
896 2539 1095 2609 duplici
1119 2546 1417 2609 potestate,
1442 2549 1496 2594 et
1518 2542 1681 2595 vitam
1708 2543 1831 2598 red-

232 2634 434 2698 deret,
468 2642 523 2686 et
552 2641 773 2702 peccata
822 2638 1183 2685 consumeret.
1226 2629 1321 2685 His
1364 2631 1581 2699 itaque,
1634 2632 1830 2688 fratres

233 2720 583 2787 charissimi,
634 2729 714 2775 tot
757 2735 818 2774 ac
856 2720 1018 2775 tantis
1057 2721 1409 2775 existentibus
1453 2722 1825 2789 documentis,

234 2815 437 2888 quibus
464 2815 611 2867 omni
662 2812 1010 2881 ambiguitate
1052 2812 1300 2866 submota
1350 2813 1629 2873 evidenter
1656 2828 1828 2881 agno-

233 2906 391 2961 scitis
415 2905 467 2959 in
496 2904 832 2974 baptizandis
861 2903 1050 2958 electis
1074 2942 1091 2968 ,
1121 2903 1209 2971 qui
1233 2903 1527 2958 secundum
1565 2906 1827 2974 apostoli-

234 3012 360 3052 cam
412 2996 670 3064 regulam,
726 3003 782 3049 et
810 2993 1126 3049 exorcismis
1175 2993 1470 3058 scrutandi,
1518 3004 1573 3049 et
1611 2991 1829 3064 jejuniis

233 3085 613 3143 sanctiﬁcandi
638 3124 653 3149 ,
684 3093 741 3139 ct
792 3084 1159 3153 frequentibus
1188 3093 1313 3139 sunt
1360 3085 1830 3154 praedicationibus

236 3177 519 3233 imbuendi
541 3218 558 3243 ,
606 3176 715 3231 duo
747 3184 950 3231 tantum
982 3186 1225 3246 tempora
1252 3219 1267 3244 ,
1321 3177 1372 3231 id
1401 3186 1484 3233 est
1511 3176 1733 3245 Pascha,
1776 3187 1831 3234 et

238 3268 769 3333 Pentecosten,esse
823 3267 1107 3322 servanda.
1151 3266 1267 3322 Hoc
1313 3276 1506 3322 vestra:
1547 3269 1831 3326 indicimus

238 3359 497 3415 charitati
520 3400 536 3425 ,
586 3367 643 3413 ut
688 3358 755 3413 ab
786 3358 1095 3428 apostolicis
1123 3358 1381 3413 institutis
1417 3359 1565 3413 nullo
1607 3360 1833 3416 ulterius

240 3448 515 3504 recedatis
560 3464 784 3504 excessu
811 3488 826 3513 ,
866 3448 990 3518 quia
1023 3449 1248 3503 inultum
1278 3449 1520 3518 posthzcc
1558 3464 1678 3505 esse
1724 3468 1832 3506 non

242 3540 487 3611 poterit,
539 3542 584 3595 si
637 3540 917 3609 quisquam
966 3539 1288 3608 apostolicas
1326 3539 1539 3608 regulas
1568 3540 1620 3594 in
1654 3541 1833 3611 aliquo

242 3632 540 3688 crediderit
580 3631 943 3701 negligendas.

246 3772 323 3827 Ut
360 3773 428 3826 de
464 3772 647 3827 Sicilia
670 3773 798 3825 terni
827 3759 1027 3842 semper
1054 3773 1206 3842 annis
1224 3770 1447 3842 singulis
1502 3772 1565 3825 de
1584 3773 1835 3841 episcOpis

318 3846 392 3896 ad
412 3844 547 3896 diem
576 3846 783 3913 tertium
810 3842 912 3895 cal.
941 3839 1178 3895 Octobris
1214 3839 1435 3896 Romam
1471 3839 1711 3897 socia'ndi
1749 3859 1835 3913 ευ·-

320 3913 460 3967 nodo
489 3912 935 3965 indissimulanlcr
957 3922 1250 3965 occurrant.

318 4024 461 4079 X111.
493 4023 733 4090 Quarum
762 4022 892 4077 illud
935 4023 1183 4093 primitus
1210 4039 1312 4094 pro
1339 4024 1580 4079 custodia
1608 4040 1838 4079 concor-

242 4118 485 4173 dissima:
532 4116 750 4169 unitatis
796 4114 1080 4182 exigimus,
1131 4124 1191 4170 ut
1236 4116 1361 4184 quia
1410 4116 1762 4171 saluberrime
1804 4131 1837 4171 a

240 4208 451 4263 sanctis
480 4204 729 4260 Patribus
748 4205 1098 4259 constitutum
1125 4214 1208 4260 est
1231 4207 1385 4260 binos
1402 4206 1456 4259 in
1485 4208 1639 4261 annis
1658 4204 1836 4275 singu-

242 4300 312 4354 lis
332 4297 541 4351 debere
580 4310 699 4350 esse
727 4303 1023 4351 conventus
1049 4314 1062 4348 :
1098 4297 1236 4349 terni
1265 4311 1480 4365 semper
1500 4312 1564 4350 ex
1593 4297 1747 4351 vobis
1767 4296 1835 4351 ad

241 4390 391 4445 diem
423 4388 643 4443 tertium
683 4387 1027 4442 calendarum
1054 4386 1366 4442 Octobrium
1412 4387 1639 4442 Romam
1664 4426 1678 4451 ,
1724 4387 1835 4441 fra-

240 4492 407 4536 terno
436 4478 670 4535 concilio
700 4479 937 4534 sociandi
978 4478 1435 4533 indissimulanter
1478 4486 1830 4543 concurrant,

242 4574 509 4644 quoniam
539 4571 827 4639 adjuvante
852 4572 1022 4639 gratia
1063 4570 1158 4625 Dei
1188 4571 1398 4625 facilius
1422 4571 1622 4641 poterit
1648 4571 1832 4640 provi-

245 4667 388 4731 deri,
422 4675 485 4719 ut
528 4666 583 4719 in
628 4663 884 4720 Ecclesiis
931 4663 1131 4719 Christi
1178 4665 1320 4718 nulla
1368 4662 1648 4731 scandala,
1706 4663 1835 4717 nulli

244 4763 545 4812 nascantur
593 4770 841 4819 errores,
894 4770 1015 4811 cum
1072 4769 1255 4810 coram
1310 4754 1623 4809 beatissimo
1676 4751 1838 4808 Petro

245 4846 505 4917 apostolo
534 4844 583 4899 id
611 4860 827 4915 semper
850 4846 903 4900 in
930 4860 1217 4900 commune
1261 4845 1597 4899 tractandum
1643 4844 1713 4899 sit
1739 4886 1754 4911 ,
1781 4854 1840 4899 ut

245 4936 433 4991 omnia
459 4934 627 5003 ipsius
670 4935 964 4991 constituta
988 4974 1002 4997 ,
1043 4949 1421 5002 canonumque
1451 4934 1667 4988 decreta
1698 4932 1838 5002 apud

245 5042 445 5083 omnes
498 5026 710 5081 Domini
775 5025 1091 5081 sacerdotes
1160 5025 1419 5079 inviolata
1466 5032 1836 5092 permaneant.

244 5116 377 5173 nec
407 5125 612 5180 autem,
632 5130 754 5185 quae
776 5116 1069 5186 inspirante
1097 5115 1323 5169 Domino
1346 5115 1501 5169 vobis
1522 5114 1837 5169 insinuanda

245 5207 600 5272 credidimus,
633 5222 728 5276 per
767 5204 962 5261 fratres
992 5215 1048 5260 et
1074 5205 1431 5275 coepiscopos
1458 5213 1671 5259 nostros
1704 5204 1840 5258 Vac-

245 5302 436 5358 cillum
475 5308 532 5355 et
560 5297 944 5354 Paschasinum
974 5296 1040 5351 ad
1057 5305 1290 5351 vestram
1313 5295 1560 5352 volumus
1590 5297 1833 5351 notitiam

246 5392 537 5465 pervenire
553 5429 569 5453 ,
599 5391 792 5462 quibus
818 5389 1174 5445 referentibus
1199 5402 1585 5457 cognoscamus
1608 5429 1622 5453 ,
1672 5404 1832 5458 quam

247 5490 569 5539 reverenter
593 5496 623 5535 a
646 5480 797 5535 vobis
825 5479 1139 5550 apostolicae
1166 5479 1311 5534 sedis
1342 5479 1582 5534 instituta
1612 5493 1837 5534 serven—

248 5586 360 5629 tur.
416 5572 550 5625 Data
582 5588 653 5627 xu
682 5571 786 5625 cal.
826 5571 1113 5639 Novemb,
1144 5569 1443 5643 Calopodio
1473 5578 1528 5626 ct
1568 5569 1846 5626 Ardahure

246 5678 439 5720 conss.
469 5663 571 5733 (Au
602 5660 791 5716 Christi
814 5661 967 5731 447.)

251 5774 416 5839 Quod
435 5776 603 5827 omnis
630 5774 899 5844 cujuslibet
928 5774 1122 5830 ordinis
1145 5777 1388 5842 clericus,
1420 5776 1506 5842 qui
1536 5775 1845 5829 catholicam

323 5845 570 5898 deserens
617 5845 874 5899 hwreticw
919 5860 974 5897 sc
1018 5848 1361 5905 communioni
1387 5846 1751 5901 miscuerit:.1i
1778 5844 1847 5899 ad

1934 1930 2187 1983 munione
2208 1929 2473 1984 catholica
2515 1930 2632 1984 sine
2670 1929 3005 1999 professione
3032 1930 3284 1999 legitimae
3310 1932 3519 1987 satisfa-

1932 2019 2128 2073 ctionis
2142 2020 2421 2074 habeatur.
2438 2018 2859 2074 Saluberrimum
2882 2020 3043 2086 enim,
3059 2032 3115 2077 et
3132 2024 3386 2092 spiritalis
3409 2039 3493 2078 me

1933 2108 2122 2164 dicina:
2152 2110 2382 2165 utilitate
2414 2110 2782 2180 plenissimum
2827 2120 2941 2177 est,
2971 2123 3029 2165 ut
3057 2113 3169 2167 sive
3197 2114 3515 2184 presbyteri,

1933 2200 2046 2254 sive
2075 2200 2289 2255 diaconi
2314 2239 2331 2266 ,
2381 2200 2470 2255 vel
2502 2199 2815 2255 subdiaconi
2840 2241 2854 2265 ,
2882 2208 2974 2255 aut
3010 2201 3291 2270 cujuslibet
3316 2202 3519 2257 ordinis

1932 2288 2134 2352 clerici,
2181 2289 2274 2357 qui
2308 2304 2368 2344 se
2408 2300 2683 2343 correctos
2713 2288 2881 2342 videri
2910 2289 3127 2356 volunt,
3155 2298 3316 2361 atque
3336 2291 3403 2345 ad
3427 2307 3519 2346 ca-

1931 2379 2185 2434 tholicam
2212 2376 2392 2443 ﬁdem,
2419 2394 2581 2449 quam
2607 2378 2927 2447 jampridem
2957 2379 3283 2448 amiserant,
3308 2396 3519 2438 rursum

1932 2471 2128 2525 reverti
2154 2471 2415 2534 ambiunt,
2446 2470 2597 2539 prius
2618 2485 2831 2525 errores
2860 2486 3006 2535 suos,
3040 2472 3258 2540 etipsos
3274 2482 3527 2531 auctores

1931 2560 2132 2616 erroris
2158 2560 2403 2615 damnari
2431 2575 2463 2613 a
2492 2575 2552 2615 se
2579 2560 2694 2614 sine
2725 2560 3072 2627 ambiguitate
3117 2560 3388 2617 fateantur
3412 2604 3431 2632 ,
3460 2573 3519 2617 ut

1931 2652 2178 2706 sensibus
2190 2651 2370 2721 pravis
2384 2650 2546 2705 etiam
2560 2651 2850 2720 peremptis
2862 2651 3005 2705 nulla
3021 2650 3268 2721 sperandi
3291 2652 3530 2721 supersit

1930 2742 2167 2804 occasio,
2194 2757 2292 2797 nec
2317 2742 2482 2796 ullum
2502 2742 2863 2796 membrorum
2882 2741 3066 2794 talium
3082 2742 3251 2811 possit
3267 2747 3531 2801 societati-

1930 2832 2140 2897 violari,
2160 2848 2283 2887 cum
2312 2847 2411 2902 per
2438 2833 2617 2887 omnia
2640 2834 2746 2890 illis
2770 2835 3032 2904 professio
3057 2836 3275 2906 propria
3298 2837 3523 2906 cmperit

1933 2925 2171 2979 obviare.
2197 2923 2352 2979 Circa
2373 2926 2509 2994 quas
2536 2926 2699 2980 etiam
2726 2926 2871 2980 illam
2897 2942 3165 2981 canonum
3186 2928 3522 2983 constitutio-

1932 3030 2055 3069 nem
2076 3015 2411 3085 praacipimus
2440 3016 2715 3079 custodiri,
2742 3025 2799 3071 ut
2824 3017 2875 3070 in
2894 3031 3088 3084 magno
3112 3017 3342 3072 habeant
3363 3019 3522 3072 bene-

1934 3104 2075 3171 ﬁcio,
2094 3104 2397 3175 siadempta
2419 3106 2519 3159 sibi
2541 3106 2685 3160 omni
2708 3121 2804 3175 spe
2833 3106 3210 3175 promotionis,
3243 3109 3295 3161 in
3313 3109 3519 3176 quoin-

1862 3223 1906 3284 ς
1938 3200 2229 3255 veniuntur
2258 3200 2478 3264 ordine,
2527 3201 2821 3255 stabilitate
2861 3208 3120 3271 perpetua
3152 3208 3405 3254 maneant
3433 3216 3446 3250 :
3477 3198 3523 3253 si

1935 3297 2117 3345 tamen
2177 3291 2368 3345 iterata
2401 3291 2661 3345 tinctione
2708 3306 2818 3345 non
2858 3288 3057 3345 fuerint
3102 3289 3375 3343 maculati.
3406 3287 3522 3343 Non

1930 3384 2109 3439 levem
2137 3383 2277 3453 apud
2301 3382 2582 3437 Dominum
2609 3399 2803 3438 noxam
2834 3384 3058 3438 incurrit
3081 3424 3095 3448 ,
3122 3382 3214 3451 qui
3239 3382 3306 3437 de
3330 3380 3525 3436 talibus

1935 3475 2001 3530 ad
2056 3491 2240 3531 sacros
2287 3474 2680 3545 promovendos
2721 3474 2937 3530 ordines
2982 3474 3276 3544 judicarit;
3308 3472 3450 3543 quod
3478 3472 3523 3528 si

1935 3581 2056 3621 cum
2115 3566 2300 3633 grandi
2354 3568 2752 3621 examinatione
2781 3568 3052 3635 promotio
3093 3568 3411 3623 conceditur
3450 3570 3527 3624 in-

1936 3656 2199 3725 culpatis,
2246 3656 2416 3711 multo
2460 3657 2629 3723 magis
2668 3673 2774 3710 non
2823 3658 2984 3713 debet
3026 3660 3189 3714 licere
3236 3663 3519 3731 suspectis.

1938 3748 2168 3803 Proinde
2197 3748 2414 3804 dilectio
2445 3757 2553 3812 tua,
2585 3750 2739 3818 cujus
2760 3750 3048 3806 devotione
3071 3753 3387 3820 gaudemus,
3407 3754 3525 3822 jun-

1937 3849 2025 3909 gat
2051 3855 2235 3895 curam
2277 3856 2429 3895 suam
2468 3839 2912 3910 dispositionibus
2934 3844 3129 3898 nostris
3150 3887 3165 3910 ,
3188 3854 3241 3898 et
3269 3845 3361 3899 det
3388 3862 3522 3914 ope-

1934 3948 2075 4000 ram,
2104 3939 2165 3985 ut
2192 3932 2578 4001 circumspecte
2624 3947 2686 3987 ac
2738 3933 2993 3989 velociter
3016 3934 3363 4003 impleantur,
3404 3951 3522 4005 quae

1937 4023 2005 4077 ad
2030 4022 2195 4077 totius
2220 4021 2474 4077 Ecclesiae
2499 4022 2940 4086 incolumitatem,
2966 4031 3019 4078 et
3040 4023 3377 4079 laudabiliter
3399 4040 3523 4095 sug-

1937 4123 2087 4185 gesta
2107 4122 2250 4175 sunt,
2277 4123 2331 4168 et
2358 4113 2644 4168 salubriter
2670 4115 2934 4169 ordinata.
2968 4114 3084 4168 Non
3115 4124 3292 4169 autem
3317 4115 3526 4170 dubitet

1939 4206 2158 4261 dilectio
2189 4213 2278 4259 tua
2299 4245 2317 4272 ,
2348 4220 2465 4267 nos,
2491 4204 2536 4259 si
2567 4206 2733 4274 (quod
2763 4221 2871 4259 non
2902 4204 3249 4277 arbitramur)
3279 4207 3525 4273 neglecta

1938 4297 2140 4353 fuerint
2161 4335 2177 4360 ,
2209 4310 2327 4364 quae
2358 4311 2455 4364 pro
2484 4294 2726 4349 custodia
2758 4311 3056 4361 canonum,
3090 4304 3145 4349 et
3174 4311 3271 4365 pro
3301 4297 3421 4351 ﬁdei
3454 4296 3507 4349 in

1938 4386 2191 4455 tegritate
2242 4384 2614 4457 decernimus,
2673 4385 3044 4439 vehementius
3087 4388 3523 4449 commovendos,

1938 4476 2064 4545 quia
2105 4474 2423 4530 inferiorum
2452 4474 2698 4528 ordinum
2730 4475 2901 4543 culpa:
2946 4473 3012 4527 ad
3042 4473 3219 4527 nullos
3246 4474 3415 4541 magis
3441 4488 3527 4527 re-

1869 4602 1916 4660 Ι)
1940 4566 2172 4621 ferenda:
2200 4574 2363 4632 sunt,
2394 4580 2551 4634 quam
2583 4565 2648 4618 ad
2680 4564 2892 4618 desides
2934 4566 3375 4633 negligentesque
3433 4581 3522 4619 re-

1939 4667 2117 4713 ctores
2148 4674 2161 4711 :
2193 4658 2284 4725 qui
2315 4657 2536 4710 multam
2567 4670 2707 4725 smpe
2737 4656 2978 4709 nutriunt
3002 4656 3526 4725 pestilentiam,dum

1939 4748 2301 4803 necessariam
2346 4746 2682 4802 dissimulant
2730 4746 2985 4801 adhibere
3028 4748 3363 4802 medicinam.
3396 4749 3528 4806 Data

1940 4857 1995 4896 iu
2024 4840 2126 4895 cal.
2158 4840 2415 4906 Januarii,
2440 4840 2630 4911 Alypio
2658 4848 2713 4894 et
2741 4838 3018 4894 Ardabure
3046 4856 3225 4898 conss.

2014 4932 2124 4987 Leo
2140 4932 2361 4987 Rustico
2387 4931 2644 5000 episcopo
2656 4929 3010 4985 Narbonensi.
3044 4930 3283 4987 Subditis
3305 4950 3531 5006 respon-
3568 5001 3582 5017 ο

1942 5024 2203 5089 sionibus,
2236 5030 2290 5078 et
2319 5023 2387 5077 ad
2415 5021 2652 5091 ejusdem
2675 5023 2917 5078 consulta
2947 5024 3240 5093 rescriptis.

2017 5112 2286 5183 Epistolas
2313 5112 2662 5167 fraternitatis
2687 5122 2788 5166 tua:
2812 5154 2826 5177 ,
2859 5128 2992 5181 quas
3013 5112 3238 5169 Hermes
3264 5115 3530 5170 archidia—

1940 5220 2112 5261 conus
2144 5203 2376 5271 detulit,
2408 5205 2638 5260 libenter
2682 5204 2885 5273 accepi.
2937 5202 3276 5259 Diversarum
3313 5206 3528 5274 quidem

1937 5310 2222 5352 causarum
2250 5295 2587 5349 connexione
2612 5292 2949 5367 multiplices,
2981 5292 3077 5347 sed
3108 5310 3213 5348 non
3233 5294 3303 5347 ita
3328 5296 3529 5364 paticn.

1939 5392 2024 5446 tia:
2055 5390 2279 5460 legentis
2300 5404 2558 5444 onerosas
2575 5428 2589 5451 ,
2624 5397 2680 5441 ut
2702 5386 2901 5457 aliquid
2927 5389 3277 5455 earuminter
3300 5402 3527 5441 concur-

1945 5492 2129 5537 rentes
2159 5480 2391 5549 undique
2438 5478 2823 5535 sollicitudines
2874 5476 3033 5531 fuerit
3082 5477 3521 5546 praetermissum.

1952 5571 2103 5627 Unde
2157 5572 2321 5625 totius
2360 5570 2625 5624 sermonis
2681 5570 2757 5622 tui
2815 5568 3136 5635 allegationc
3164 5576 3445 5635 concepta,
3475 5576 3527 5621 et

1947 5664 2134 5731 gestis,
2189 5676 2309 5731 qua:
2349 5661 2401 5714 in
2441 5662 2816 5730 episcoporum
2864 5658 3357 5725 honoratorumque
3402 5673 3533 5713 exa-

1949 5755 2094 5809 mine
2124 5751 2369 5806 confecta
2397 5759 2521 5804 sunt
2548 5792 2563 5817 ,
2589 5747 2887 5811 recensitis,
2920 5746 3213 5801 Sabiniano
3241 5758 3296 5803 et
3320 5746 3486 5803 Leoni
3510 5788 3526 5813 ,

1956 5841 2286 5916 presbyteris
2332 5840 2559 5897 actionis
2603 5852 2706 5891 tua:
2757 5835 3114 5894 intelleximus
3157 5835 3402 5896 fiduciam
3437 5840 3531 5896 do-
