3988 6344
404 415 503 473 ἳΒἸ

1701 395 2053 454 DIONYSIUS
2091 388 2407 447 EXIGUUS.

3548 367 3660 421 288

403 530 588 594 fuisse,
619 541 716 581 nec
739 525 815 578 eis
833 522 1030 592 justam
1055 531 1336 588 superesse
1359 511 1768 584 querimoniam,
1799 509 1889 579 qui
1919 522 1977 560 se
2007 509 2054 566 Α
2086 502 2227 558 nulla
2258 505 2480 569 possunt
2509 493 2719 550 ratione
2746 487 3017 558 compelli,
3045 487 3115 541 ita
3153 483 3324 538 multa
3366 489 3513 547 sunt,
3537 495 3658 547 qua:

405 623 472 674 ab
517 615 780 672 inchoatis
822 607 1297 680 disceptationibus
1351 611 1546 674 sponte
1574 602 1974 657 subtraxernnt.

405 712 559 767 Circa
589 722 722 778 quos
741 719 900 774 quam
928 701 1172 762 formam,
1196 711 1426 766 quamve
1451 705 1755 756 mensuram
1783 687 1980 741 debeas

409 809 590 853 tenere
615 795 833 864 justitiae
857 833 871 856 ,
907 801 997 846 tuo
1027 789 1269 857 relinquo
1313 782 1684 840 moderamini.
1739 779 1982 833 Suadens

407 903 583 943 tamen
606 886 881 941 charitatis
898 885 1132 944 hortatu,
1162 876 1482 933 utsanandis
1508 874 1661 940 aegris
1689 869 1982 940 spiritalem

411 980 607 1032 debeas
657 975 913 1030 adhibere
959 972 1304 1034 medicinam,
1336 975 1392 1021 et
1420 965 1631 1017 dicente
1659 961 1933 1028 Scriptura
1967 974 1981 1009 :

413 1070 531 1124 Noli
545 1084 661 1123 esse
681 1067 899 1119 nimium
916 1064 1088 1131 justus
1102 1059 1388 1125 (Eccl.vtt),
1419 1055 1598 1107 mitius
1611 1066 1735 1120 agas
1749 1066 1868 1102 cum
1886 1048 1983 1111 eis,

414 1163 502 1230 qui
549 1161 665 1214 zelo
715 1157 979 1227 pudicitiae
1009 1153 1254 1205 videntur
1283 1147 1498 1202 modum
1533 1141 1826 1196 excessisse
1874 1139 1990 1191 vin-

415 1226 590 1315 dicta},
625 1265 691 1303 ne
710 1226 953 1302 diabolus
981 1243 1066 1313 qui
1089 1240 1301 1308 decepit
1329 1236 1619 1298 adulteros,
1644 1231 1711 1285 de
1739 1226 1988 1282 adulterii

417 1343 648 1397 exsultet
673 1337 957 1391 ultoribus.
986 1332 1152 1384 Miror
1185 1337 1364 1382 autem
1393 1323 1736 1379 dilectionem
1770 1328 1914 1372 tuam
1939 1316 1991 1370 in

419 1442 625 1488 tantum
677 1427 1048 1482 scandalorum
1102 1432 1422 1490 quacunque
1452 1412 1736 1468 occasione
1764 1423 1992 1462 nascen-

421 1525 548 1576 tium
572 1520 893 1573 advcrsitate
917 1514 1180 1575 titubare,
1215 1518 1270 1562 ut
1297 1506 1627 1560 vacationem
1658 1502 1996 1570 episcopatus

421 1613 996 1677 lahoribusprmOptarc
1011 1612 1062 1656 te
1084 1601 1249 1662 dicas,
1269 1607 1319 1652 et
1339 1597 1494 1650 malle
1520 1595 1570 1646 in
1594 1591 1806 1647 silentio
1837 1596 1997 1654 atque

422 1703 534 1758 otio
554 1701 718 1754 vitam
748 1699 940 1764 degere
961 1734 976 1757 ,
1008 1706 1167 1761 quam
1218 1689 1270 1742 in
1301 1687 1410 1748 his,
1443 1697 1561 1752 qua:
1590 1681 1684 1735 tibi
1711 1678 1996 1733 commissa

422 1799 567 1852 sunt,
596 1799 909 1856 permanere
934 1824 950 1849 ,
981 1781 1192 1834 dicente
1215 1791 1338 1830 vere
1366 1774 1610 1839 Domino,
1634 1770 1831 1822 Beatus
1861 1785 1872 1818 :
1907 1765 1998 1833 qui

2080 603 2171 652 aut
2199 606 2298 660 pro
2325 585 2757 643 consideratione
2801 590 3017 634 natatum
3041 617 3056 641 ,
3081 584 3172 630 aut
3204 590 3301 645 pro
3339 572 3662 626 necessitate

2082 697 2260 735 rerum
2314 684 2562 748 Oporteat
2604 671 2888 741 temperari
2924 687 2935 720 :
2967 668 3055 722 illa
3096 679 3310 733 semper
3352 661 3665 717 conditione

2083 779 2315 833 servata,
2349 776 2408 821 ut
2428 768 2479 822 in
2504 765 2607 830 his,
2635 779 2752 832 qua:
2775 759 2858 815 vel
2897 759 3056 813 dubia
3080 755 3278 811 fuerint
3297 761 3390 806 aut
3412 752 3661 814 obscura,

2087 862 2137 915 id
2165 859 2470 914 noverimus
2497 855 2850 924 sequendum,
2878 849 3018 918 quod
3051 862 3150 901 nec
3178 841 3461 914 praiceptis
3488 840 3661 896 Evan-

2087 952 2270 1021 gelicis
2289 949 2634 1011 contrarium,
2663 961 2762 1000 nec
2782 940 3012 998 decretis
3032 946 3340 991 sanctorum
3365 933 3668 988 inveniatur

2089 1042 2389 1094 adversum.

2159 1129 2424 1197 Incipiunt
2451 1126 2517 1179 ad
2565 1122 2936 1194 inquisitiones
2982 1115 3222 1186 ejusdem
3269 1113 3506 1183 episcopi
3535 1112 3662 1167 sub-

2087 1220 2230 1288 jecta
2257 1231 2539 1287 responsa.

2097 1330 2245 1392 Quod
2289 1344 2392 1381 non
2427 1325 2712 1378 habeantur
2750 1319 2994 1391 episcopi,
3024 1332 3277 1392 quosnec
3303 1317 3468 1392 clerus
3493 1313 3671 1392 elegit,

2166 1416 2256 1452 nec
2278 1398 2496 1466 papulas
2518 1385 2805 1466 exquisiuit,
2839 1385 2930 1466 nec
2950 1385 3287 1466 provinciales
3307 1385 3530 1466 episcopi
3551 1400 3674 1435 con-

2165 1453 2432 1522 secrizrimt
2466 1482 2482 1519 :
2513 1466 2555 1517 si
2575 1453 2657 1533 q'ui
2683 1472 2851 1513 tamen
2879 1453 3142 1533 cleriri__ab
3171 1456 3246 1533 his
3277 1453 3675 1533 pseudoepisw-

2167 1540 2249 1608 pis
2272 1524 2600 1594 ordinantur,
2632 1545 2745 1586 rata
2773 1537 2938 1599 potest
2965 1527 3222 1580 ordinatio
3255 1525 3370 1577 talis
3395 1524 3639 1575 existere.

2169 1627 2285 1682 XV.
2330 1625 2483 1680 Nulla
2514 1623 2652 1676 ratio
2696 1621 2822 1675 sinit
2863 1627 2920 1672 ut
2950 1617 3088 1669 inter
3119 1614 3404 1684 episcopos
3437 1612 3677 1666 habean-

2102 1731 2209 1786 tur,
2241 1720 2332 1788 qui
2363 1734 2460 1772 nec
2489 1732 2518 1770 a
2561 1713 2775 1770 clericis
2805 1719 2928 1765 sunt
2974 1704 3132 1763 eleCti
3157 1745 3170 1770 ,
3218 1721 3317 1759 nec
3362 1719 3392 1758 a
3430 1703 3679 1773 plebibus

2105 1808 2346 1880 expetiti,
2377 1822 2475 1862 nec
2503 1820 2533 1859 a
2556 1799 3090 1872 comprovincialibus
3116 1795 3383 1866 episcopis
3411 1809 3532 1848 eum
3560 1808 3678 1846 tne-

426 1877 789 1971 perseveravit
833 1887 998 1942 usque
1047 1871 1098 1924 in
1140 1868 1294 1921 liuent
1328 1864 1542 1938 (Matth.
1597 1862 1651 1930 ι)
1677 1900 1691 1924 ,
1721 1858 1859 1912 unde
1898 1858 2000 1910 erit
2036 1871 2074 1927 Β
2105 1858 2642 1971 [ξοτρᾘῶᾖῆηῶρίο
2672 1858 2971 1948 ἐθηεθρωιί
3035 1858 3186 1942 Und'c
3212 1858 3330 1940 cun}
3363 1899 3501 1953 εωρο
3537 1897 3679 1948 ψη),

946 1961 973 1971 γ.
1113 1958 1122 1967 -
1159 1958 1170 1968 .
1220 1955 1230 1971 .
1342 1957 1350 1965 -
1391 1959 1493 1971 ..μμ
1539 1947 1840 1971 _._-.:._-..:.-.o
1874 1945 2000 1971 νη...
2981 1929 2994 1941 ⁶
3613 1918 3628 1935 ι

427 1970 583 2023 beata
616 1961 1042 2036 perseverantia,
1073 1958 1173 2011 nisi
1204 1955 1267 2010 de
1307 1957 1499 2006 virtute
1539 1947 1840 2020 patientim?
1873 1945 2004 1998 Nam

429 2057 719 2114 secundum
763 2052 1109 2123 apostolicam
1157 2045 1628 2116 plaudicationetn:
1659 2036 1886 2099 Omnes,
1915 2033 2005 2102 qui

430 2151 700 2202 voluerint
729 2148 781 2199 in
813 2143 1026 2198 Christo
1070 2139 1157 2208 pie
1187 2138 1365 2191 vivere
1390 2175 1406 2201 ,
1435 2130 1862 2202 persecutionem
1909 2141 2005 2197 pa-

434 2241 632 2294 tientur
655 2234 740 2307 (ll
775 2234 902 2287 Tim.
936 2231 1013 2299 ιιι)
1039 2269 1054 2294 ,
1085 2242 1204 2298 (tua:
1234 2241 1339 2280 non
1370 2226 1422 2278 in
1453 2238 1521 2278 eo
1549 2229 1754 2275 tantum
1795 2233 2011 2286 compu-

435 2328 594 2384 tanda
642 2335 743 2389 est,
798 2323 942 2392 quod
989 2328 1177 2376 contra
1231 2314 1588 2370 Christianam
1638 2307 1890 2381 pietatem
1917 2316 2012 2361 aut

435 2417 596 2483 ferro,
617 2425 709 2470 aut
732 2415 940 2483 ignibus
961 2411 1151 2480 agitur,
1171 2415 1263 2461 aut
1283 2406 1689 2475 quibuscunque
1710 2399 2008 2471 suppliciis:

435 2525 556 2565 cum
597 2504 1027 2577 persecutionum
1067 2500 1323 2554 saevitiam
1352 2495 1638 2566 suppleant
1657 2502 1712 2548 et
1738 2489 2010 2546 dissimili-

441 2599 650 2654 tudines
666 2609 895 2658 morum,
927 2583 1800 2650 etcontumaeiuainobedientium,
1825 2589 1879 2636 et
1902 2595 2015 2634 ma-

438 2693 700 2759 lignarum
747 2687 850 2740 tela
891 2685 1210 2752 linguarum.
1269 2678 1474 2744 Quibus
1529 2671 2016 2730 Conflictationibus

440 2799 563 2840 cum
591 2781 766 2836 omnia
796 2791 1007 2846 semper
1037 2773 1273 2829 membra
1306 2772 1615 2842 pulsentur,
1641 2776 1696 2822 et
1724 2766 1868 2820 nulla
1910 2764 2020 2833 pio.

441 2887 558 2929 rum
581 2871 758 2942 portio
787 2884 818 2922 a
840 2865 1236 2922 conﬂictatione
1257 2863 1326 2917 sit
1356 2861 1553 2924 libera,
1588 2859 1659 2912 ita
1691 2854 2020 2924 utpericulis

442 2979 545 3020 nec
570 2963 680 3018 otia
711 2967 957 3022 careant,
987 2972 1087 3012 nec
1114 2955 1342 3010 labores.
1374 2952 1503 3020 Quis
1533 2951 1669 3005 inter
1698 2947 1886 3004 ﬂuctus
1915 2961 2020 3000 ma-

444 3055 521 3109 ris
549 3067 739 3106 navem
768 3051 998 3117 diriget,
1030 3047 1075 3101 si
1112 3045 1437 3114 gubernator
1484 3039 1770 3095 abscedat?
1800 3036 1929 3103 Quis
1956 3035 2023 3090 ab

449 3142 650 3198 insidiis
676 3142 919 3210 lupormn
937 3136 1200 3193 custodiet
1227 3148 1374 3196 oves,
1393 3132 1436 3186 si
1468 3139 1740 3200 pastorum
1765 3141 1894 3182 cura
1915 3141 2023 3179 non

449 3234 633 3303 vigilet
663 3233 841 3301 (Joan.
872 3233 928 3300 χ)
953 3231 975 3283 ?
1000 3228 1128 3294 Quis
1156 3227 1385 3294 denique
1407 3223 1702 3278 latronibus
1727 3221 1951 3281 obsistet
1970 3226 2025 3274 et

450 3327 653 3382 furibus
678 3366 694 3392 ,
724 3325 766 3378 si
797 3323 1186 3393 speculatorem
1214 3319 1265 3371 in
1313 3323 1598 3386 prospectu
1644 3309 2027 3382 explorationis

453 3419 688 3474 locatum
721 3416 788 3469 ab
812 3413 1106 3468 intentione
1133 3407 1504 3464 sollicitudinis
1536 3421 1688 3458 amor
1713 3402 1906 3472 quietis
1933 3400 2032 3455 ab-

455 3508 616 3562 ducat
646 3506 856 3578 (Ezech.
886 3503 962 3574 ιιι)
993 3506 1015 3557 ?
1063 3499 1488 3556 Permanendum
1513 3510 1640 3564 ergo
1680 3502 1763 3549 est
1791 3495 1842 3548 in
1867 3507 2031 3562 opere

454 3598 660 3654 credito
707 3605 762 3651 et
813 3597 864 3650 in
908 3594 1091 3648 labore
1117 3602 1387 3659 suscepto.
1443 3587 1771 3642 Constanter
1801 3581 2031 3638 tenenda

456 3688 784 3756 estjustitia,
831 3695 884 3740 ct
932 3684 1160 3750 benigne
1205 3679 1505 3749 praestanda
1545 3675 1849 3731 clementia.
1901 3673 2033 3726 Otiio

459 3780 758 3834 habeantur
784 3784 1002 3848 peccata
1029 3816 1043 3842 ,
1078 3790 1181 3828 non
1227 3772 1491 3825 homines.
1538 3766 1908 3835 Corripiantur
1948 3771 2032 3816 tu-

461 3871 588 3925 midi
615 3912 630 3932 ,
675 3869 967 3924 tolerentur
995 3865 1187 3920 inﬁrmi
1213 3905 1226 3928 ,
1260 3872 1313 3918 et
1348 3862 1492 3932 quod
1523 3859 1761 3914 severius
1788 3853 2037 3921 castigari

463 3976 684 4016 necesse
713 3969 792 4014 est
817 4000 832 4025 ,
865 3974 970 4011 non
993 3953 1259 4010 saevientis
1284 3951 1549 4021 plectatur
1577 3947 1778 4011 animo,
1808 3943 1900 3997 sed
1927 3956 2040 3996 me-

465 4053 662 4109 dentis.
696 4050 764 4103 At
792 4049 835 4103 si
863 4045 1232 4102 vehementior
1274 4040 1547 4095 tribulatio
1572 4036 1872 4091 incubuerit
1893 4075 1907 4099 ,
1932 4049 2039 4087 non

466 4144 540 4198 ita
566 4153 986 4211 expavescamus
1005 4177 1018 4200 ,
1047 4134 1199 4203 quasi
1229 4132 1303 4186 illi
1334 4128 1642 4184 adversitati
1673 4124 1902 4196 propriis
1923 4123 2046 4176 viri-

467 4235 568 4289 bus
596 4231 894 4286 resistendo
919 4270 935 4295 ,
965 4242 1085 4281 cum
1116 4233 1170 4279 et
1197 4222 1475 4278 consilium
1504 4225 1765 4284 nostrum,
1805 4225 1860 4270 et
1888 4214 2041 4268 forti-

470 4321 598 4376 tudo
639 4320 709 4375 sit
746 4317 989 4372 Christus
1015 4353 1029 4378 ,
1062 4328 1126 4368 ac
1154 4313 1269 4366 sine
1297 4325 1404 4380 quo
1435 4307 1562 4362 nihil
1598 4319 1878 4376 possumus
1903 4345 1918 4372 ,
1948 4316 2044 4371 per

472 4413 643 4479 ipsum
671 4417 859 4464 cuncta
888 4419 1190 4476 possumus,
1214 4401 1304 4470 qui
1332 4400 1651 4454 confirmans
1672 4394 2048 4466 przcdicatores

473 4499 783 4569 Evangelii,
826 4506 881 4552 et
925 4500 1380 4550 sacramentorum
1411 4487 1680 4542 ministros
1713 4503 1724 4538 :
1763 4483 1902 4537 Ecce
1950 4495 2048 4550 ego

2105 1995 2211 2049 stio
2236 1993 2302 2046 de
2327 1990 2466 2044 male
2489 1993 2714 2056 accepto
2746 1985 2952 2039 honore
2983 1987 3252 2042 nascatur,
3278 1977 3396 2046 quis
3419 1975 3683 2042 ambigat,

2108 2096 2445 2152 nequaquam
2490 2080 2556 2133 ab
2585 2078 2700 2132 istis
2727 2090 2846 2130 esse
2892 2071 3246 2132 tribuendum,
3278 2067 3419 2136 quod
3446 2083 3553 2120 non
3583 2066 3686 2120 do-

2108 2184 2296 2230 ceatur
2322 2172 2484 2226 fuisse
2528 2168 2816 2225 collatum?
2846 2165 2902 2221 Si
2930 2165 3019 2233 qui
3049 2171 3226 2217 autem
3268 2159 3450 2214 clerici
3477 2158 3545 2212 ab
3566 2156 3688 2210 istis

2109 2265 2586 2342 pseudoepiscopis
2611 2264 2664 2317 in
2709 2262 2788 2316 eis
2829 2256 3085 2313 Ecclesiis
3113 2253 3347 2310 ordinati
3381 2259 3535 2317 sunt,
3564 2263 3688 2318 qum

2111 2330 2178 2418 ad
2208 2330 2458 2432 proprios
2484 2330 2770 2426 episcopos
2797 2347 3158 2421 pertinebant,
3190 2353 3244 2399 et
3281 2341 3550 2398 ordinatio
3585 2330 3696 2393 e04

2115 2470 2231 2508 rum
2284 2464 2549 2506 consensu
2579 2456 2633 2502 et
2648 2443 2849 2514 judicio
2876 2437 3273 2511 pnesidentium
3294 2436 3431 2489 facta
3458 2440 3558 2495 est,
3587 2446 3692 2500 po-

2118 2556 2222 2601 test
2251 2553 2364 2598 rata
2399 2539 2587 2595 haberi
2635 2555 2647 2590 :
2681 2537 2754 2590 ita
2803 2533 2944 2589 utin
2987 2530 3115 2601 ipsis
3159 2526 3411 2581 Ecclesiis
3439 2537 3692 2595 perseve-

2116 2644 2258 2692 rent.
2302 2635 2470 2688 Aliter
2499 2637 2676 2684 autcm
2706 2640 2843 2679 vana
2888 2619 3131 2676 habenda
3180 2626 3263 2672 est
3305 2612 3684 2674 consecratio,

2117 2743 2237 2797 qure
2267 2741 2366 2780 nec
2395 2724 2518 2778 loco
2548 2716 2764 2773 fundata
2791 2723 2892 2780 est,
2921 2727 3020 2767 nec
3047 2707 3368 2764 auctoritate
3394 2703 3620 2757 munita.

2123 2835 2271 2898 Quod
2297 2830 2599 2902 presbyteri,
2623 2835 2711 2880 aut
2741 2825 2973 2902 diaconi,
2999 2823 3043 2873 si
3067 2821 3122 2872 in
3145 2813 3554 2895 aliquo_crimine
3579 2827 3704 2877 pro-

2192 2883 2325 2972 lapsri
2367 2883 2598 2973 ['ueiint,'
2618 2913 2726 2973 non.
2745 2895 2941 2964 possint
2960 2883 3081 2970 iper.
3097 2883 3283 2941 manus
3314 2883 3696 2954 impositionem

2193 2961 2507 3044 ptint'téntiw
2538 2961 2815 3022 remedium
2843 2961 3101 3031 consequi.

2194 3041 2332 3119 Χνι.
2386 3061 2629 3116 Alienum
2678 3065 2760 3111 est
2796 3071 2826 3108 a
2876 3048 3259 3107 consuetudine
3297 3041 3700 3104 ecclesiastica,

2127 3167 2188 3212 ut
2235 3156 2329 3225 qui
2374 3155 2427 3208 in
2474 3147 2826 3222 presbyterali
2873 3145 3080 3198 honore
3129 3149 3221 3193 aut
3258 3134 3488 3192 diaconii
3535 3133 3704 3204 gradu

2054 3242 2097 3303 C
2131 3246 2333 3301 fuerint
2377 3240 2722 3302 consecrati,
2772 3236 2827 3290 hi
2858 3248 2956 3304 pro
2985 3231 3205 3287 crimine
3245 3228 3424 3295 aliquo
3461 3239 3562 3278 suo
3609 3237 3709 3292 per

2132 3353 2322 3393 manus
2345 3333 2743 3405 impositionem
2766 3326 3059 3383 remedium
3082 3321 3348 3391 accipiant
3370 3316 3664 3390 prenitendi
3689 3331 3706 3369 :

2133 3428 2276 3498 quod
2319 3427 2436 3480 sine
2477 3423 2640 3478 dubio
2669 3436 2736 3474 ex
2775 3415 3072 3489 apostolica
3098 3412 3386 3467 traditione
3410 3407 3711 3472 descendit,

2133 3517 2424 3574 secundum
2449 3513 2591 3585 quod
2617 3512 2876 3580 scriptum
2907 3517 3009 3570 est,
3043 3504 3300 3560 Sacerdos
3326 3504 3371 3556 si
3405 3501 3712 3571 peccaverit,

2135 3613 2249 3683 quis
2273 3607 2438 3663 orabit
2461 3623 2554 3674 pro
2575 3604 2666 3658 illo
2687 3601 2737 3675 (Ι
2763 3601 2888 3672 Reg.
2915 3600 3014 3670 tt)?
3046 3595 3196 3651 Unde
3223 3592 3526 3663 hujusmodi
3550 3589 3717 3660 lapsis

2137 3702 2204 3757 ad
2255 3696 2664 3771 promerendam
2696 3690 3123 3748 misericordiam
3155 3688 3248 3742 Dei
3277 3686 3483 3755 privata
3514 3691 3598 3737 est
3622 3697 3720 3736 ειη

2139 3793 2372 3865 petenda
2391 3789 2628 3846 secessio
2659 3805 2671 3839 :
2696 3786 2789 3841 ubi
2819 3785 2920 3838 illis
2938 3780 3256 3844 satisfactio,
3278 3778 3321 3833 si
3347 3777 3507 3831 fuerit
3535 3775 3719 3842 digna,

2139 3886 2211 3941 sit
2235 3884 2395 3938 etiam
2421 3882 2716 3936 fructuosa.

2144 3995 2295 4062 Quod
2325 3993 2568 4056 diaconi,
2610 3992 2740 4046 sicut
2781 4005 3050 4062 episcopus
3107 3993 3156 4039 et
3198 3981 3477 4055 presbyter,
3514 3992 3725 4062 res-sure

2215 4047 2494 4147 deheittoab
2541 4047 2694 4134 opere
2733 4047 3000 4132 conjuga'ti
3039 4074 3056 4111 :
3100 4047 3208 4110 non'
3239 4047 3410 4108 tamin
3449 4047 3729 4118 repudiare

2216 4152 2480 4206 conjugta.

2220 4226 2379 4280 XVII.
2412 4224 2522 4279 Lex
2545 4220 2891 4278 continentia:
2915 4218 3103 4274 eadem
3126 4223 3208 4272 est
3236 4212 3418 4268 altaris
3445 4209 3730 4270 ministris,

2147 4334 2266 4388 qua:
2318 4316 2605 4386 episcopis,
2648 4321 2810 4382 atque
2855 4309 3218 4383 presbyteris,
3264 4305 3354 4375 qui
3399 4319 3520 4357 cum
3547 4308 3736 4354 essent

2151 4411 2296 4478 laici,
2328 4410 2443 4464 sive
2482 4408 2735 4472 lectores,
2766 4405 2914 4460 licito
2945 4410 3000 4458 et
3043 4414 3238 4456 uxores
3265 4398 3481 4463 ducere,
3508 4402 3565 4448 et
3595 4392 3736 4445 ﬁlios

2154 4515 2440 4572 procreare
2470 4504 2764 4569 potuerunt
2813 4513 2825 4547 :
2853 4493 2947 4548 sed
2978 4508 3097 4546 cum
3124 4489 3189 4544 ad
3229 4487 3512 4558 prmdictos
3542 4499 3740 4553 perve-

476 4593 689 4665 (inquit)
716 4590 989 4645 vobiscum
1019 4601 1134 4640 sum
1165 4582 1413 4638 omnibus
1432 4580 1619 4634 diebus
1642 4591 1808 4644 usque
1837 4575 1902 4629 ad
1927 4589 2052 4668 con-
2081 4609 2132 4668 Β
2157 4591 2331 4646 ﬁeri,“
2381 4588 2580 4658 gradus
2606 4626 2621 4652 ’
2676 4586 2842 4654 οωρη
2887 4583 2964 4637 eis
3011 4597 3116 4636 non
3166 4579 3332 4633 “cere
3377 4575 3524 4644 quod
3559 4574 3735 4628 licuit.

475 4684 883 4739 summationem
926 4678 1101 4734 sreculi
1127 4674 1339 4747 (Matth.
1379 4672 1520 4741 ult.).
1568 4669 1636 4724 Et
1659 4670 1889 4723 iterum:
1927 4666 2048 4720 llaec

477 4773 690 4845 (inquit)
725 4773 933 4825 locutus
953 4784 1070 4822 sum
1094 4766 1263 4828 vobis,
1295 4772 1352 4818 ul.
1383 4764 1432 4816 in
1463 4777 1547 4815 me
1569 4775 1753 4830 pacem
1777 4758 2044 4812 habeatis:

479 4867 531 4919 in
575 4865 680 4917 hoc
716 4869 894 4913 autem
942 4856 1139 4910 nmndo
1187 4853 1583 4908 tribulationem
1629 4849 1926 4915 habebitis,
1956 4845 2049 4901 sed

480 4953 734 5011 confidite
757 4992 771 5014 ,
803 4951 927 5020 quia
959 4963 1057 5016 ego
1087 4947 1188 5000 vici
1236 4944 1492 4999 mundum
1535 4941 1712 5013 (Joan.
1759 4939 1888 5008 xw).
1921 4939 2050 5004 Qnte

399 5067 413 5082 ο
481 5042 895 5115 pollicitationes
915 5039 1038 5107 quia
1070 5039 1186 5092 sine
1216 5036 1377 5090 dubio
1402 5033 1694 5087 manifesta:
1716 5038 1858 5092 sunt,
1895 5028 2052 5083 nullis

477 5136 735 5191 debemus
762 5131 1026 5186 scandatis
1055 5127 1307 5182 infirmari
1336 5170 1351 5195 ,
1381 5143 1447 5182 ne
1479 5125 1731 5180 electioui
1760 5123 1853 5177 Dei
1873 5121 2056 5176 videa-

482 5241 601 5280 mur
631 5223 840 5292 ingrati,
865 5220 1017 5289 eujus
1049 5229 1154 5272 tam
1184 5217 1420 5287 patentia
1441 5223 1566 5270 sunt
1591 5213 1872 5283 adjutoria,
1896 5225 2055 5278 quam

483 5328 609 5370 vera
632 5311 915 5381 promissa.
943 5309 1017 5362 De
1045 5305 1528 5362 consultationibus
1557 5311 1734 5356 autem
1755 5299 2056 5355 dilectionis

485 5413 587 5459 tua:
606 5445 620 5469 ,
653 5418 785 5473 quas
809 5400 1098 5470 separatim
1129 5397 1464 5465 conscriptas
1501 5393 1906 5448 archidiaconus
1937 5399 2058 5442 tuus

483 5496 694 5563 detulit,
721 5493 849 5564 quid
878 5491 1212 5546 sentiendum
1242 5489 1311 5542 sit
1336 5488 1474 5540 inter
1502 5492 1791 5554 prtesentes
1810 5490 2061 5550 opportu-

486 5588 605 5642 nius
632 5593 965 5656 qnzereretur
987 5625 1000 5648 ,
1051 5583 1094 5636 si
1125 5581 1282 5635 nobis
1311 5585 1630 5646 conspectus
1662 5575 1734 5628 tui
1764 5573 1915 5642 copia
1945 5588 2063 5641 pro-

484 5680 730 5743 veniret;
765 5692 886 5730 nam
917 5690 1038 5729 cum
1068 5671 1310 5741 quaedam
1368 5665 1804 5734 interrogationis
1843 5663 2060 5716 modum

488 5768 772 5820 vidcantur
794 5765 1056 5819 excedere
1080 5804 1093 5828 ,
1126 5761 1364 5827 intelligo
1393 5775 1484 5813 eas
1524 5756 1805 5825 colloquiis
1830 5755 2064 5823 aptiores

489 5873 627 5923 esse,
661 5872 819 5926 quam
866 5856 1098 5928 scriptis.
1130 5853 1265 5921 Quia
1294 5854 1433 5909 sicut
1483 5849 1723 5924 quatdam
1771 5857 1918 5916 sunt,
1946 5861 2065 5916 qua:

2158 4681 2311 4736 Unde
2337 4687 2396 4734 ut
2421 4679 2491 4733 de
2519 4677 2721 4732 carnali
2753 4674 2847 4727 fiat
2879 4671 3118 4742 spiritale
3148 4669 3475 4737 conjugium,
3519 4673 3739 4733 Oportet

2157 4787 2250 4824 cos
2281 4784 2378 4822 nec
2409 4767 2678 4821 dimittere
2706 4778 2935 4827 uxores,
2982 4769 3038 4815 et
3077 4758 3228 4827 quasi
3263 4773 3366 4811 non
3397 4755 3637 4809 habeant
3663 4755 3741 4809 sic

2175 4859 2396 4922 habere,
2430 4873 2536 4925 quo
2565 4867 2620 4911 et
2667 4855 2813 4908 salva
2841 4853 2909 4905 sit
2947 4849 3178 4905 Charitas
3206 4846 3600 4903 connubiorum
3626 4885 3641 4908 ,
3691 4855 3745 4897 et

2158 4958 2332 5004 cesset
2357 4947 2599 5017 operatio
2627 4945 2952 5014 nuptiarum.
3360 4949 3364 4994 j

2166 5075 2314 5138 Quod
2346 5073 2489 5126 aliud
2517 5073 2582 5124 sit
2613 5087 2766 5132 uxor,
2795 5067 2936 5120 aliud
2967 5063 3269 5138 concubina.
3305 5077 3395 5114 nec
3423 5071 3564 5138 erret
3605 5077 3749 5130 quis-

2234 5146 2346 5266 znis
2388 5145 2551 5213 ﬁliam
2581 5157 2728 5194 suam
2755 5140 2809 5192 in
2853 5137 3240 5191 matrimonium
3269 5132 3613 5186 concubinum
3655 5132 3750 5182 ha—

2269 5216 2372 5266 enti
2404 5212 2696 5265 tradiderit.

2269 5216 2372 5268 cati
2388 5212 2696 5265 tradiderit.

2235 5301 2421 5356 XVIII.
2445 5301 2562 5354 Non
2587 5299 2760 5355 omnis
2776 5297 2967 5352 mulier
2993 5295 3108 5349 viro
3123 5293 3310 5363 juncta
3330 5305 3466 5343 uxor
3486 5298 3575 5343 est
3626 5287 3750 5352 viri,

2167 5395 2288 5465 quia
2321 5409 2422 5447 nec
2448 5393 2623 5447 omnis
2649 5391 2785 5444 filius
2815 5389 2987 5442 hzeres
3024 5393 3106 5440 est
3129 5383 3288 5454 patri.
3320 5381 3640 5450 Nuptiarum
3670 5395 3756 5431 au—

2171 5495 2276 5540 tem
2307 5483 2507 5539 foedera
2559 5483 2698 5536 inter
2740 5481 2998 5548 ingenuos
3026 5485 3150 5532 sunt
3198 5473 3431 5540 legitima
3461 5513 3476 5538 ,
3517 5479 3576 5528 et
3618 5471 3759 5523 inter

2169 5577 2421 5646 aequales,
2455 5565 2510 5630 et
2539 5573 2708 5649 ιιιμίιο
2741 5573 2889 5641 prius
2934 5571 3038 5622 hoc
3086 5569 3256 5636 ipsum
3287 5564 3518 5618 Domino
3551 5561 3759 5616 consti-

2177 5676 2396 5730 tucnte,
2440 5679 2596 5734 quam
2629 5663 2834 5716 initium
2885 5658 3114 5713 Romani
3151 5656 3285 5724 juris
3331 5655 3617 5707 existeret.
3655 5651 3760 5705 Ita-

2175 5772 2279 5824 que
2309 5755 2448 5809 aliud
2478 5762 2562 5808 est
2591 5768 2746 5818 uxor,
2776 5749 2918 5804 aliud
2951 5747 3247 5802 concubina
3286 5763 3298 5798 :
3329 5745 3470 5798 sicut
3494 5742 3646 5795 aliud
3671 5758 3764 5793 an-

2177 5845 2337 5910 cilla,
2387 5843 2530 5899 aliud
2574 5843 2758 5897 libera.
2808 5839 3036 5909 I’mpter
3077 5837 3219 5906 quod
3267 5835 3431 5890 etiam
3472 5833 3764 5902 Apostolus
