3988 6344
270 333 378 390 289

1306 339 1674 396 COLI.ECTIO
1714 341 2178 398 οεοιιιῐτοιιυιι
2222 344 2324 401 PP.
2370 347 2483 400 RR.

3443 355 3546 411 ΞΜ

269 447 418 512 (Gal.
447 454 521 519 tv)
568 450 633 503 ad
665 452 1108 507 manili-stamlum
1150 453 1334 508 harum
1364 472 1488 524 pers
1507 473 1720 511 marum
1749 458 1858 511 dis-
1891 466 1936 524 Α
1967 456 2118 521 Quod
2148 459 2218 512 ad
2246 461 2482 514 militiam
2513 463 2815 537 sa’cularem
2845 474 2959 534 post
2997 467 3352 537 paenitentiam
3382 472 3550 525 redire

273 544 593 606 cretioncm,
627 545 993 599 testimonium
1025 548 1175 615 ponit
1202 563 1267 601 ex
1297 545 1494 602 Genesi
1547 553 1684 620 (cap.
1712 550 1857 621 xxi),

272 635 364 688 ubi
396 634 590 690 dicitur
618 636 844 689 Abrahae
871 655 883 689 :
914 635 1062 705 Ejiee
1103 638 1348 692 ancillam
1369 679 1382 702 ,
1433 649 1487 694 et
1529 639 1692 694 ﬁlium
1723 641 1861 710 ejus,

276 745 384 782 non
425 727 568 781 enim
612 728 783 782 Ineres
828 729 931 783 erit
979 728 1119 783 ﬁlius
1160 731 1365 784 ancillre
1413 746 1534 784 cum
1586 731 1694 787 ﬁlio
1742 749 1864 788 meo

273 816 448 872 Isaac.
503 814 653 871 Unde
698 833 818 871 cum
864 820 1098 873 societas
1147 821 1451 888 nuptiarum
1498 823 1570 875 ita
1614 823 1680 877 ab
1714 825 1864 879 initio

277 910 568 963 constituta
591 909 678 974 sit,
706 918 763 964 ut
793 920 987 979 praeter
1005 928 1228 965 sexuum
1257 912 1719 980 conjunctionem,
1744 932 1863 985 qua:

278 1001 505 1055 haberet
527 1001 579 1055 in
602 1002 804 1056 Christi
847 1010 902 1057 et
921 1001 1181 1057 Ecclesize
1203 1016 1617 1070 sacramentum,
1647 1009 1863 1062 dubium

278 1107 387 1144 non
420 1101 503 1146 est
548 1107 666 1146 eam
710 1093 990 1146 mulierem
1025 1110 1129 1148 non
1163 1097 1435 1165 pertinere
1475 1098 1539 1150 ad
1585 1100 1866 1152 matrimo-

277 1185 451 1248 nimn,
483 1184 534 1236 in
557 1200 660 1252 qua
693 1184 919 1239 docetur
949 1187 1186 1256 nuptiale
1217 1204 1322 1241 non
1348 1188 1509 1243 fuisse
1535 1192 1864 1260 mysterium.

275 1271 449 1341 Igitur
480 1273 764 1341 cujuslibet
790 1274 894 1328 loci
926 1276 1170 1337 clericus,
1203 1277 1244 1331 si
1271 1277 1430 1331 ﬁliam
1461 1295 1610 1332 suam
1631 1281 1744 1333 viro
1774 1281 1868 1334 ha-

278 1362 431 1416 benti
461 1364 814 1417 concubinam
845 1365 894 1417 in
941 1367 1338 1422 matrimonium
1367 1369 1593 1434 dederit,
1647 1388 1750 1423 non
1797 1373 1867 1425 ita

279 1455 658 1521 accipiendum
700 1463 800 1518 est,
837 1458 987 1524 quasi
1019 1474 1136 1512 eam
1175 1460 1462 1529 conjugan
1507 1462 1731 1527 dederit,
1768 1465 1866 1518 nisi

281 1544 429 1599 forte
455 1545 544 1598 illa
577 1545 769 1600 mulier
793 1556 846 1600 et
867 1548 1095 1614 ingenua
1127 1550 1287 1618 facta,
1317 1561 1371 1604 et.
1400 1551 1586 1605 dotata
1610 1553 1868 1621 legitime,

283 1645 340 1688 et
365 1635 593 1703 publicis
622 1635 820 1705 nuptiis
849 1637 1136 1694 bonestata
1156 1641 1423 1696 videatur.
1459 1642 1692 1699 Paterno
1724 1645 1872 1700 arbi-

285 1726 396 1776 trio
427 1725 552 1778 viris
576 1724 776 1792 juncta:
821 1735 1007 1781 carent
1050 1730 1205 1799 culpa
1232 1773 1246 1797 ,
1287 1731 1331 1786 si
1361 1733 1611 1788 mulieres
1631 1776 1644 1800 ,
1693 1750 1810 1804 quae
1841 1751 1871 1790 a

288 1815 425 1870 viris
448 1815 801 1881 habebantur,
833 1818 884 1871 in
913 1821 1260 1876 matrimonio
1307 1839 1413 1878 non
1468 1824 1702 1888 fuerunt,
1751 1829 1873 1896 quia
1909 1839 1953 1898 Β

289 1903 440 1957 aliud
467 1911 549 1958 est
578 1914 763 1974 nupta,
792 1907 935 1961 aliud
966 1911 1288 1966 concubina.

367 2033 520 2100 Quod
545 2052 648 2090 non
686 2038 752 2090 sit
777 2039 1005 2116 conjugii
1029 2042 1332 2110 duplicatio,
1363 2047 1570 2116 quando
1599 2050 1809 2104 ancilla

761 2109 943 2164 relicta
981 2128 1114 2165 uxor
1142 2109 1440 2169 assumitur.

368 2212 512 2268 XIX.
547 2217 804 2272 Ancillam
834 2235 864 2273 a
895 2228 1016 2275 toro
1044 2222 1278 2292 abjicere
1301 2266 1316 2290 ,
1365 2236 1421 2280 et
1461 2245 1682 2284 uxorem
1713 2242 1875 2287 certae

295 2304 645 2374 ingenuitatis
680 2309 926 2379 accipere
955 2352 971 2378 ,
1015 2327 1122 2366 non
1163 2311 1455 2383 duplicatio
1496 2319 1749 2389 conjugii,
1781 2324 1878 2378 sed

294 2395 573 2465 profectus
601 2408 685 2452 est
714 2400 1031 2457 honestatis.
1063 2402 1342 2474 Culpanda
1386 2415 1470 2463 est
1512 2425 1644 2466 sane
1693 2414 1876 2468 talium

297 2487 622 2555 negligentia
645 2530 659 2554 ,
708 2490 804 2544 sed
834 2507 940 2546 non
969 2493 1180 2562 penitus
1208 2495 1504 2553 deserenda
1547 2518 1559 2552 :
1594 2510 1649 2555 ut
1678 2504 1880 2558 crebris

294 2580 764 2638 cohortationibus
806 2584 1041 2652 incitati,
1088 2589 1231 2656 quod
1260 2592 1570 2648 necessario
1599 2596 1876 2664 expetive-

298 2680 428 2724 runt
456 2671 684 2728 ﬁdeliter
709 2686 1092 2744 exsequantur.
1135 2679 1306 2736 Nemo
1335 2683 1479 2736 enim
1513 2683 1880 2753 desperandus

296 2772 385 2816 est
414 2763 539 2818 dum
568 2765 622 2820 in
662 2766 768 2822 hoc
795 2783 1024 2838 corpore
1056 2772 1381 2828 constitutus
1421 2783 1536 2843 est,
1585 2776 1708 2844 quia
1739 2794 1878 2833 non-

299 2869 577 2924 nunquam
605 2857 751 2924 quod
792 2857 1086 2915 difﬁdentia
1114 2863 1292 2918 (etatis
1338 2863 1603 2931 differtur,
1650 2870 1878 2925 consilio

299 2944 599 3000 maturiore
625 2946 920 3016 perﬁcitur.

481 3073 560 3128 De
588 3079 945 3133 communione
972 3082 1208 3150 privatis,
1239 3091 1288 3138 et
1317 3086 1390 3138 ita
1423 3087 1699 3158 defunctis.

370 3185 490 3240 XX.
533 3185 733 3243 Horum
763 3207 924 3247 causa
955 3193 1049 3247 Dei
1073 3195 1276 3264 judicio
1318 3201 1644 3258 reservanda
1675 3213 1778 3270 est,
1829 3205 1880 3259 in
1911 3209 1954 3270 C

298 3276 456 3346 cujus
478 3293 637 3333 manu
680 3280 800 3348 fuit,
831 3291 888 3336 ut
918 3284 1103 3337 talium
1135 3287 1313 3342 obitus
1343 3305 1513 3361 usque
1542 3291 1608 3347 ad
1637 3309 1881 3349 commu-

302 3370 482 3424 nionis
511 3373 804 3426 remedium
854 3390 960 3430 non
998 3375 1292 3433 differatur.
1343 3380 1450 3436 Nos
1479 3392 1658 3438 autem
1688 3388 1882 3458 quibus

300 3460 606 3516 viventibus
637 3479 740 3516 non
773 3467 1302 3536 communicavimus,
1327 3475 1551 3528 mortuis
1580 3481 1882 3540 communio

301 3565 432 3606 care
451 3567 558 3606 non
590 3568 889 3622 possumus.

517 3686 595 3741 De
624 3688 702 3742 his
721 3689 809 3759 qui
847 3692 1196 3760 paenitentiam
1219 3712 1371 3767 agerc
1392 3698 1663 3768 differunt.

374 3801 516 3856 XXI.
549 3805 911 3862 Dissimulatio
941 3808 1054 3864 haec
1096 3819 1276 3879 potest
1319 3827 1427 3866 non
1459 3814 1524 3868 de
1572 3825 1880 3887 contemptu

299 3906 426 3946 esse
456 3894 697 3959 remedii,
727 3896 820 3951 sed
841 3896 909 3951 de
938 3908 1081 3953 metu
1103 3903 1316 3968 gravius
1336 3905 1699 3975 delinquendi.
1733 3907 1880 3964 Unde

299 3984 618 4054 pmnitentia
649 4027 665 4052 ,
707 4001 828 4055 qua:
868 3988 1030 4044 dilata
1080 4001 1198 4058 est,
1243 4010 1363 4049 cum
1391 3998 1678 4053 studiosius
1714 4003 1878 4070 petita

301 4072 485 4135 fuerit,
520 4090 625 4128 non
654 4087 881 4143 negetur
913 4097 925 4130 :
965 4089 1023 4133 ut
1053 4095 1273 4151 quoquo
1304 4085 1463 4141 modo
1491 4090 1554 4141 ad
1596 4091 1878 4157 indulgen-

298 4167 386 4220 tia:
417 4169 738 4222 medicinam
771 4173 946 4224 anima
979 4175 1256 4230 vulnerata
1282 4182 1577 4247 perveniat.

336 4276 491 4343 Quod
522 4290 754 4362 oporteat
790 4287 1040 4365 enntnqni
1061 4305 1180 4365 pro
1196 4288 1391 4365 illicitis
1424 4294 1625 4346 veniant
1656 4297 1838 4365 poscit,

655 4353 810 4405 etiam
842 4356 1015 4408 multis
1052 4353 1206 4410 licitis
1237 4360 1515 4414 abstinere.

371 4436 532 4493 XXII.
578 4440 734 4494 Aliud
775 4445 989 4512 quidem
1024 4456 1105 4501 est
1133 4449 1311 4504 debita
1358 4451 1501 4519 justa
1549 4471 1874 4524 reposcere,

255 4591 262 4595 _
293 4529 444 4584 aliud
472 4533 690 4600 propria
722 4535 1072 4601 perfectionis
1119 4555 1303 4596 amore
1345 4555 1693 4600 contemnere
1721 4590 1736 4615 ,
1785 4552 1876 4604 sed

296 4620 605 4675 iﬂicitornm
636 4626 849 4678 veniam
880 4629 1240 4696 postulantem
1272 4645 1484 4702 oportet
1505 4637 1664 4690 etiam
1696 4656 1724 4691 a
1759 4641 1876 4694 lici-

293 4708 367 4762 tis
395 4709 668 4765 abstinere
699 4752 713 4775 ,
757 4714 968 4769 dicente
999 4717 1260 4785 Apostolo
1293 4738 1305 4772 :
1337 4721 1524 4777 Omnia
1565 4724 1745 4790 licent,
1781 4731 1878 4784 sed

295 4815 406 4852 non
433 4805 615 4854 omnia
655 4807 948 4874 expediunt
979 4807 1032 4874 (l
1073 4809 1270 4865 Corint.
1306 4813 1400 4882 vi).
1435 4812 1588 4871 Unde
1618 4819 1661 4871 si
1707 4823 1870 4888 pinni-

295 4898 475 4946 tentes
506 4892 708 4948 habent
752 4911 970 4951 causam
998 4942 1012 4964 ,
1060 4917 1218 4969 quam
1267 4905 1538 4971 negligere
1583 4907 1720 4963 forte
1764 4927 1870 4965 non

294 4980 552 5048 debeant,
603 4987 797 5040 melius
820 4991 1022 5059 expetit
1062 4993 1181 5061 quis
1208 4995 1632 5052 ecclesiasticum
1654 5041 1667 5065 ,
1719 5017 1876 5072 quam

293 5074 512 5130 forem
528 5075 804 5145 judicium.

368 5186 524 5251 Quod
548 5188 812 5257 pmitenti
834 5191 977 5244 nulla
1001 5192 1540 5276 litera-negotiationis
1570 5218 1807 5258 exercere

950 5277 1235 5318 conveniat.

362 5342 554 5400 XXIII.
585 5345 828 5414 Qualitas
848 5350 984 5406 lucri
1011 5355 1372 5422 negotiantem
1403 5368 1495 5413 aut
1524 5371 1749 5417 excusat
1783 5375 1875 5418 aut

287 5437 512 5504 arguit,
561 5441 685 5511 quia
725 5450 810 5496 est
835 5441 1098 5500 honestus
1127 5456 1392 5518 qumstus,
1433 5458 1487 5505 et
1535 5454 1725 5522 turpis.
1773 5455 1873 5512 Ve-

288 5536 600 5582 rumtamen
641 5531 922 5598 pmnitenti
969 5534 1152 5589 utilius
1192 5535 1471 5609 dispendia
1515 5542 1662 5610 pati,
1711 5557 1871 5612 quam

286 5616 554 5687 periculis
583 5621 960 5688 negotiationis
976 5625 1254 5697 obstringi,
1286 5631 1410 5701 quia
1443 5629 1660 5687 difﬁcile
1688 5640 1769 5688 est
1793 5635 1873 5689 in-

283 5715 378 5760 ter
416 5708 645 5763 acernis
679 5711 1068 5784 vendentisque
1108 5722 1498 5782 commercium
1542 5737 1651 5778 non
1707 5723 1872 5782 inter-

283 5794 485 5853 venire
512 5805 814 5868 peceatum.

2589 549 2691 586 non
2721 534 2918 589 debeat.

2040 617 2230 672 XXIV.
2264 619 2610 676 Contrarium
2639 633 2723 677 est
2750 626 2970 679 omnino
2993 627 3375 682 ecclesiasticis
3401 643 3551 697 regu-

1969 709 2033 763 lis
2062 719 2183 777 post
2211 713 2540 780 pmnitentite
2567 716 2839 768 actionem
2871 717 3048 771 redire
3084 719 3148 771 ad
3180 715 3419 773 tﬁilitiam
3445 736 3546 774 sa!-

1968 800 2231 866 cularem,
2301 818 2422 856 cum
2452 804 2742 872 Apostolus
2765 805 2910 859 dicat
2937 825 2948 858 :
2973 807 3141 861 Nemo
3171 810 3408 864 militans
3437 811 3547 864 lico

1970 889 2210 958 implicat
2252 907 2311 945 se
2344 894 2575 960 negotiis
2615 896 2961 949 saeculm'ibus
2985 897 3069 966 (Il
3103 898 3236 951 Tim.
3268 900 3347 967 ιι).
3397 898 3547 955 Unde

1970 995 2074 1032 non
2105 990 2189 1033 est
2219 980 2352 1034 liber
2380 999 2407 1034 a
2440 983 2646 1049 laqueis
2675 985 2868 1038 diaboli
2895 1026 2908 1051 ,
2959 988 3049 1054 qui
3093 1003 3150 1041 se
3183 989 3369 1041 militia
3400 1007 3525 1042 man

1969 1074 2106 1127 daua
2138 1077 2367 1129 voluerit
2401 1077 2700 1146 implicare.

1973 1186 2124 1252 Quod
2152 1191 2467 1250 adolescens,
2501 1193 2566 1257 si,
2595 1209 2805 1260 urgente
2834 1213 3128 1267 quocunque
3151 1199 3399 1265 periculo,
3439 1213 3546 1265 pae-

2044 1261 2313 1312 nitentiam
2351 1263 2538 1329 gessit,
2584 1273 2630 1313 et
2662 1279 2715 1314 se
2758 1261 2859 1317 non
2894 1261 3351 1329 continctﬂta‘oris
3384 1261 3549 1336 potest

2043 1330 2267 1382 remedio
2296 1332 2558 1384 sustineri.

2045 1418 2209 1476 XXV.
2243 1421 2296 1474 In
2345 1423 2708 1477 adolescentia
2741 1426 3085 1488 constitutus,
3108 1429 3171 1491 si,
3208 1438 3428 1495 urgente
3457 1440 3552 1484 aut

1977 1520 2120 1562 metu
2149 1513 2333 1565 mortis
2357 1553 2371 1574 ,
2423 1522 2515 1566 aut
2543 1515 2864 1583 captivitatis
2887 1519 3142 1586 periculo,
3179 1522 3548 1588 paenitentiam

1977 1605 2160 1672 gessit,
2191 1613 2246 1657 et
2275 1615 2461 1673 postea
2495 1607 2686 1662 timens
2716 1609 2926 1678 lapsum
2975 1611 3374 1668 incontinentize
3397 1655 3412 1680 ,
3460 1631 3553 1670 ve-

1980 1694 2131 1748 nialis
2162 1697 2409 1763 copulam
2445 1699 2626 1751 uxoris
2651 1700 2830 1768 elegit,
2864 1716 2930 1754 ne
2961 1703 3161 1756 crimen
3187 1703 3553 1760 fornicationis

1981 1785 2034 1837 ir.
2057 1794 2308 1851 -nrreret,
2350 1801 2466 1838 rem
2494 1787 2701 1841 videtur
2728 1790 2920 1844 fecisse
2975 1793 3260 1859 venialem,
3293 1795 3338 1848 si
3362 1805 3554 1864 pneler

1982 1873 2289 1942 conjugium
2319 1875 2518 1929 nullam
2550 1879 2769 1932 omnino
2798 1883 3129 1949 cognoverit.
3160 1882 3217 1936 In
3245 1899 3353 1952 quo
3377 1894 3554 1942 tamen

1981 1980 2088 2019 non
2119 1965 2356 2033 regulam
2399 1968 2800 2036 constituimus,
2847 1973 2938 2026 sed
2975 1974 3100 2041 quid
3132 1975 3202 2027 sit
3231 1976 3555 2031 tolerabilius

1980 2055 2308 2108 aestimamus
2343 2073 2355 2106 :
2389 2071 2511 2109 nam
2539 2058 2832 2112 secundum
2863 2075 3043 2116 veram
3073 2065 3433 2131 cognitionem
3476 2068 3555 2120 ni-

1981 2147 2055 2201 hil
2085 2148 2250 2214 magis
2279 2147 2328 2201 ei
2357 2151 2632 2218 congruit,
2663 2152 2752 2220 qui
2782 2154 3154 2221 paenitentiam
3183 2158 3364 2224 gessit,
3398 2173 3556 2227 quam

1981 2239 2197 2293 ca-titas
2225 2253 2594 2306 perseverans,
2619 2248 2675 2293 et
2698 2243 2892 2296 mentis
2921 2253 2977 2296 et
3000 2249 3262 2313 corporis.

1989 2343 2136 2407 Quod
2166 2347 2336 2415 siqnis
2367 2348 2682 2415 propositum
2713 2351 2951 2426 monac/ti
2982 2352 3258 2407 deseruerit
3281 2397 3295 2419 ,
3343 2358 3557 2426 publica

2196 2420 2262 2468 sit
2289 2419 2599 2484 pwniteutiw
2639 2418 2998 2490 satisfactione
3026 2418 3324 2493 purgandus

2056 2504 2393 2577 Propositum
2423 2511 2671 2565 monachi
2719 2516 2937 2583 proprio
2998 2518 3222 2571 arbitrio
3253 2528 3345 2573 aut
3371 2522 3558 2576 volun-

1985 2605 2094 2651 tate
2121 2609 2428 2668 susceptum
2456 2642 2470 2667 ,
2515 2600 2690 2655 deseri
2739 2620 2844 2658 non
2876 2615 3056 2674 potest
3085 2610 3284 2678 absque
3314 2621 3556 2680 peccato.

1982 2684 2134 2750 Quod
2163 2688 2306 2740 enim
2335 2689 2455 2756 quis
2481 2690 2628 2743 vovit
2657 2689 2788 2756 Deo,
2829 2692 2990 2746 debet
3029 2704 3084 2749 et
3113 2697 3359 2752 reddere.
3411 2698 3560 2756 Unde

1981 2777 2071 2844 qui
2101 2777 2286 2832 relicta
2320 2778 2705 2848 singularitatis
2732 2782 3081 2852 professione,
3108 2788 3172 2840 ad
3203 2789 3442 2844 militiam
3474 2793 3560 2846 vel

1985 2867 2050 2920 ad
2085 2867 2296 2937 nuptias
2324 2868 2610 2926 devolutus
2637 2880 2741 2940 est,
2791 2875 3018 2943 publica:
3048 2879 3374 2946 pmnitentia:
3403 2883 3558 2938 satis-

1984 2961 2216 3018 factione
2246 2965 2550 3034 purgandus
2577 2975 2681 3034 est,
2704 2969 2826 3036 quia
2851 2971 2950 3023 etsi
2977 2970 3236 3026 innocens
3257 2975 3472 3043 militia,
3504 2985 3560 3032 et

1985 3054 2273 3108 honestum
2304 3065 2482 3124 potest
2510 3073 2630 3111 esse
2655 3060 2982 3128 conjugium,
3027 3063 3342 3120 electionem
3371 3068 3562 3123 melio-

1985 3159 2098 3198 rem
2126 3145 2431 3203 deseruisse
2461 3152 2815 3220 t-ransgressio
2843 3163 2946 3208 est.

1991 3255 2141 3341 Quod
2168 3261 2372 3341 puellm,
2404 3280 2517 3334 quir
2546 3281 2647 3341 non
2689 3274 2895 3330 θοαί-ιω,
2939 3268 3030 3320 scd
3067 3270 3326 3341 voluntate
3352 3274 3561 3341 propria

2055 3331 2362 3408 uirginitatis
2387 3331 2703 3408 propositum
2733 3348 3079 3406 susceperunt,
3105 3331 3426 3408 delinquant,
3448 3331 3560 3396 cum

2054 3404 2342 3465 nupserim,
2394 3406 2490 3456 etsi
2520 3406 2746 3458 nondum
2774 3404 2978 3476 fuerant
3008 3404 3342 3464 cousecratw.

2056 3486 2264 3543 XXVII.
2303 3489 2519 3557 Puellze,
2567 3508 2686 3561 quae
2716 3510 2825 3548 non
2853 3505 3133 3565 parentum
3164 3509 3360 3554 coacta:
3390 3500 3560 3570 impe-

1986 3579 2100 3643 rio,
2149 3579 2243 3634 sed
2279 3591 2580 3650 spontaneo
2630 3585 2834 3652 judicio
2863 3585 3180 3654 virginitatis
3223 3591 3558 3660 propositum

1984 3677 2144 3738 atque
2187 3670 2430 3730 habitum
2461 3682 2851 3744 susceperunt,
2901 3680 2945 3731 si
2988 3688 3174 3747 postea
3205 3684 3420 3751 nuptias
3463 3686 3558 3741 eli-

1983 3770 2132 3828 gunt,
2163 3763 2598 3830 praevaricantur,
2624 3765 2830 3821 etiamsi
2873 3769 3107 3824 nondum
3135 3772 3211 3825 eis
3233 3776 3401 3841 gratia
3431 3793 3558 3832 con-

1983 3851 2297 3906 secrationis
2325 3854 2551 3907 accessit
2584 3872 2596 3906 :
2644 3855 2796 3922 cujus
2825 3859 3010 3926 utique
3039 3875 3144 3913 non
3186 3862 3558 3922 fraudarentur

1984 3958 2226 4007 munere,
2256 3943 2299 4000 si
2327 3944 2378 3998 in
2405 3946 2683 4015 proposito
2710 3960 3109 4016 permanerent.

1983 4053 2061 4108 De
2082 4056 2160 4110 his
2200 4056 2378 4138 quibus
2398 4057 2629 4138 dubium
2658 4068 2758 4122 est,
2784 4071 2954 4115 utrum
2981 4064 3289 4134 baptismum
3315 4085 3557 4138 percepe-

2299 4137 2426 4194 rint,
2453 4145 2658 4183 necesse
2683 4139 2758 4183 est
2794 4141 2850 4184 ut
2879 4148 3236 4192 renascantur.

2053 4213 2285 4269 XXVIII.
2316 4216 2373 4270 Si
2404 4217 2548 4270 nulla
2571 4227 2784 4272 exstant
2813 4220 3006 4276 indicia
3039 4224 3178 4279 inter
3208 4228 3560 4298 propinques,

1983 4311 2076 4356 aut
2103 4301 2410 4368 familiares,
2443 4305 2586 4358 nulla
2617 4305 2758 4361 inter
2785 4308 3035 4379 clericos,
3066 4322 3159 4367 aut
3187 4315 3410 4381 vicinos,
3443 4321 3562 4386 qui-

1980 4391 2082 4447 bus
2122 4391 2196 4454 hi,
2231 4391 2299 4446 de
2326 4394 2518 4462 quibus
2545 4397 2824 4464 quaeritur,
2857 4399 3112 4468 baptizati
3141 4403 3302 4457 fuisse
3329 4405 3554 4461 docean-

1985 4489 2090 4544 tur,
2151 4482 2414 4548 agendum
2444 4491 2546 4545 est,
2581 4493 2639 4538 ut
2668 4497 3039 4556 renascantur,
3073 4507 3138 4546 ne
3168 4494 3446 4550 manifeste
3467 4513 3562 4565 pe-

1914 4589 1958 4645 υ
1986 4579 2156 4633 reant,
2191 4571 2243 4626 in
2287 4573 2478 4641 quibus
2511 4575 2653 4641 quod
2685 4592 2790 4630 non
2822 4579 3123 4632 ostenditur
3160 4592 3392 4649 gestum,
3421 4588 3561 4641 ratio

1987 4677 2092 4716 non
2124 4663 2270 4729 sinit,
2300 4671 2359 4716 ut
2386 4663 2630 4718 videatur
2673 4666 2944 4724 iteratum.
2977 4668 3077 4735 Qui
3115 4681 3294 4726 autem
3337 4687 3560 4744 possunt

1988 4753 2312 4819 meminisse,
2339 4754 2481 4821 quod
2522 4755 2588 4808 ad
2639 4757 2924 4812 ecclesiam
2955 4761 3245 4816 veniebant
3284 4779 3406 4820 cum
3458 4783 3558 4837 pa-

1986 4842 2225 4897 rentibus
2257 4844 2386 4909 suis,
2433 4855 2658 4914 possunt
2684 4847 2956 4904 recordari
2986 4867 3050 4904 an
3076 4854 3220 4922 quod
3247 4871 3434 4912 eorum
3464 4876 3562 4930 pa-

1985 4933 2224 4986 rentibus
2249 4933 2496 5000 dabatur,
2545 4937 2852 5007 acceperint
2884 4957 2896 4992 :
2928 4942 3022 4996 sed
3068 4944 3110 4996 si
3160 4943 3262 5000 hoc
3290 4948 3450 5003 etiam
3492 4953 3563 5006 ab

1987 5021 2097 5090 ipsa
2128 5024 2387 5078 memoria
2429 5024 2663 5082 alienum
2710 5039 2829 5095 cst,
2879 5031 3262 5089 conferendum
3291 5037 3371 5093 eis
3413 5041 3562 5097 vide-

1987 5119 2090 5174 tur,
2139 5113 2282 5180 quod
2327 5114 2579 5169 collatum
2610 5133 2730 5172 esse
2761 5121 3032 5188 nescitur,
3077 5127 3202 5194 quia
3233 5143 3341 5184 non
3387 5142 3560 5189 teme-

1981 5203 2114 5257 ritas
2163 5205 2450 5260 intervenit
2497 5211 2970 5282 praesumptionis,
3024 5217 3113 5272 ubi
3158 5227 3241 5273 est
3285 5221 3559 5291 diligentia

1981 5287 2246 5364 pietatisf

1983 5408 2134 5502 Quod
2174 5428 2280 5476 eos,
2444 5432 2498 5468 se
2541 5414 2832 5502 baptizatos
2873 5435 3188 5502 agnoscunt,
3240 5429 3413 5502 sedgiu
3458 5448 3558 5502 qua

2049 5483 2165 5563 [idc-
2184 5483 2439 5553 nesciunt,
2466 5503 2560 5555 per
2594 5483 2777 5542 inuitus
2806 5483 3188 5561 impositioncni
3209 5500 3399 5564 suscipi
3429 5483 3557 5555 con;

2051 5561 2241 5606 veniat.

2034 5641 2222 5698 XXIX.
2237 5642 2300 5698 Ili
2319 5647 2588 5710 autem,de
2602 5649 2792 5718 quibus
2803 5653 3174 5722 scripsisti.qui
3189 5673 3244 5709 se
3258 5656 3561 5728 baptizatos

1979 5731 2172 5796 sciunt,
2200 5735 2290 5787 sed
2318 5737 2471 5804 cujus
2499 5738 2616 5794 tidei
2647 5739 2862 5806 fuerint,
2887 5739 2975 5811 qui
3004 5759 3098 5798 ens
3129 5745 3559 5820 baptizaverunt,

1983 5836 2040 5874 se
2067 5822 2272 5878 nescire
2302 5826 2621 5896 proﬁtentur
2654 5846 2665 5881 :
2689 5831 2946 5897 quoniam
2976 5835 3223 5904 quolibet
3252 5843 3414 5902 modo
3443 5844 3552 5902 for-
