3988 6344
373 359 473 417 991

1655 335 2009 395 DIONYSIUS
2047 329 2365 387 EXICUUS.

3526 309 3628 365 2'52

374 490 514 529 mam
556 468 892 540 baptismatis
921 471 1248 534 acceperunt
1269 503 1285 528 ,
1334 459 1638 532 baptizandi
1667 472 1773 511 non
1798 462 1945 519 sunt,
1982 457 2019 510 Α
2054 466 2172 503 mus
2200 448 2271 501 ita
2296 445 2496 510 dicere,
2528 456 2634 495 non
2664 438 2731 493 de
2757 452 2926 508 parvo
2951 433 3116 489 animi
3148 431 3334 485 dolete
3363 429 3623 498 procedit.

2057 537 2101 540 __
2146 538 2154 540 ξ
2413 533 2423 540 .
2637 529 2650 540 ι
2858 529 2868 540 ι
2943 534 2954 540 -
3028 524 3038 540 ι
3065 523 3075 533 ·
3112 522 3123 534 ο
3198 520 3398 540 Α--1...μ...
3433 518 3600 540 ..Α-..ελ

375 562 467 616 sed
489 576 584 631 per
603 573 791 613 manus
819 553 1212 623 impositioncm
1227 550 1479 603 virtutem
1500 545 1733 615 Spiritus
1756 540 1950 603 sancti,

378 668 538 721 quam
564 651 629 704 ab
651 646 913 703 haereticis
933 644 1179 711 accipere
1200 656 1306 695 non
1330 643 1640 708 potuerunt,
1674 632 1953 689 catholicis

380 742 663 813 copulandi
691 747 832 793 sunt.

381 857 461 910 De
490 856 565 908 his
596 854 677 923 qui
711 849 937 904 convivio
975 845 1243 916 gentilium
1271 852 1319 895 et
1340 840 1470 894 escis
1500 834 1845 891 immolatiliis
1871 833 1955 885 usi

1101 922 1241 967 sunt.

453 1013 621 1070 XXX.
646 1012 703 1066 Si
726 1008 970 1065 convivio
998 1005 1114 1061 solo
1140 1000 1418 1071 gentilium
1466 1006 1521 1054 et
1560 997 1697 1051 escis
1723 991 1962 1048 immola-

387 1109 519 1161 titiis
547 1105 628 1159 usi
658 1110 803 1167 sunt,
826 1104 1046 1168 possunt
1070 1093 1285 1163 jejnniis
1327 1099 1382 1146 et
1409 1104 1599 1143 manus
1620 1085 1962 1155 impositione

387 1198 619 1270 purgari.
656 1204 715 1249 ut
742 1192 996 1258 deinceps
1033 1187 1100 1240 ab
1145 1181 1455 1252 idolothytis
1519 1178 1850 1231 abstinentes
1878 1188 1966 1227 sa-

390 1297 784 1344 cramentorum
812 1278 1013 1341 Christi
1053 1275 1260 1345 possint
1284 1287 1402 1326 esse
1438 1268 1744 1339 participes.
1773 1264 1829 1318 Si
1869 1279 1965 1316 au-

390 1389 499 1435 tem
530 1385 621 1431 aut
644 1374 782 1430 idola
814 1372 1188 1429 adoraverunt,
1215 1371 1307 1416 aut
1336 1358 1636 1415 homicidiis
1681 1356 1765 1410 vel
1794 1352 1964 1408 forni-

390 1470 690 1529 cationibus
717 1459 1067 1520 contaminati
1106 1463 1261 1518 sunt,
1308 1452 1374 1506 ad
1414 1449 1845 1505 communionem
1873 1459 1968 1499 eos

395 1564 497 1620 nisi
519 1576 616 1632 per
642 1555 1010 1629 pmnitentiam
1040 1548 1308 1619 publicam
1341 1559 1445 1597 non
1473 1544 1688 1610 oportet
1736 1534 1965 1591 admitti.

399 1674 548 1742 Quod
596 1686 796 1740 semper
836 1656 1307 1742 Thessalonicensis
1353 1653 1567 1735 antistes
1597 1650 1728 1702 vices
1756 1653 1968 1715 aposto-

860 1736 974 1789 licw
1001 1730 1139 1785 aedis
1175 1725 1479 1797 impleverit.

2056 537 2312 606 Meipsum
2340 533 2481 587 enim
2512 529 2907 599 quodammodo
2942 523 3079 578 trahi
3111 522 3162 575 in
3189 520 3400 588 culpam
3430 518 3626 583 sentio,

2055 645 2177 683 cum
2209 637 2261 681 te
2306 641 2335 679 a
2377 623 2583 678 traditis
2612 621 2703 674 tibi
2747 617 2945 685 regulis
2995 612 3281 669 innnodice
3318 609 3631 665 discessisse

2056 734 2361 789 cognosco,
2411 714 2499 784 qui
2546 714 2588 766 si
2621 721 2723 764 tum
2749 705 3118 763 :estimationis
3163 717 3351 773 parum
3400 700 3628 767 diligens

2058 826 2195 873 eras,
2228 822 2362 862 mea:
2406 806 2596 858 saltem
2630 802 2782 855 fama:
2828 814 3053 869 parcere
3080 794 3313 850 debuisti
3348 811 3361 845 :
3396 808 3482 849 ne,
3514 806 3630 858 qua:

2060 909 2156 951 tuo
2197 905 2403 949 tantum
2450 894 2589 946 facta
2643 897 2768 945 sunt
2818 888 3035 947 animo,
3086 892 3273 939 nostro
3320 881 3634 934 viderentur

2060 997 2208 1057 gesta
2228 986 2450 1055 judicio.
2473 983 2697 1049 Relegat
2727 980 3032 1034 fraternitas
3054 985 3142 1030 tua
3167 975 3386 1044 paginas
3400 981 3636 1037 nostras,

2063 1080 2349 1145 onmiaqne
2381 1075 2447 1129 ad
2477 1085 2597 1127 tuos
2639 1072 2832 1126 emissa
2862 1069 3095 1138 majores
3141 1065 3451 1135 apostolica:
3494 1063 3637 1116 sedis

2066 1169 2352 1241 prmsulum
2388 1166 2587 1233 scripta
2618 1169 2917 1232 percurrat,
2944 1167 2997 1212 et
3024 1157 3108 1212 vel
3138 1172 3169 1209 a
3194 1171 3303 1221 me,
3332 1153 3416 1209 vel
3445 1168 3474 1205 a
3504 1168 3640 1221 pra:-

2066 1260 2376 1315 ccssoribus
2406 1256 2538 1310 meis
2580 1252 2817 1306 inveniet
2843 1251 3146 1305 ordinatum
3175 1289 3190 1315 ,
3228 1244 3371 1316 quod
3402 1260 3431 1297 a
3462 1252 3515 1298 te
3545 1258 3643 1297 co—

2068 1350 2351 1419 gnovimus
2381 1361 2499 1400 esse
2528 1353 2931 1414 praesumptum.
2982 1340 3139 1393 Venit
3176 1350 3405 1405 namque
3434 1335 3497 1387 ad
3541 1350 3643 1388 nos

2071 1456 2190 1495 cum
2227 1437 2494 1511 episcopis
2534 1434 2823 1504 provincia:
2864 1446 2973 1485 suae
3015 1430 3181 1483 frater
3205 1436 3387 1480 uester
3412 1425 3645 1491 Atticus,

2069 1534 2267 1588 veteris
2297 1531 2443 1601 Epiri
2470 1525 2920 1597 metropolitanus
2942 1523 3185 1587 antistes,
3217 1527 3272 1572 et
3300 1519 3367 1572 de
3398 1517 3639 1584 indignis-

2072 1629 2207 1683 sima
2239 1623 2560 1685 afﬂictione,
2603 1636 2765 1691 quam
2795 1616 3034 1688 pertulit,
3065 1611 3393 1683 lacrymabili
3432 1610 3649 1665 actione

2075 1723 2403 1786 conquestus
2454 1721 2557 1774 est,
2606 1725 2789 1766 coram
2829 1706 3125 1763 astantibus
3153 1702 3464 1757 diaconibus
3499 1699 3646 1754 tuis:

468 1830 659 1887 XXXI.
686 1828 796 1883 Leo
825 1825 1064 1895 episcop.
1094 1790 1452 1873 urbisillomie
1482 1807 1764 1864 Anastasio
1806 1804 1971 1874 epise.
2007 1816 2051 1874 Β
2079 1807 2169 1875 qui
2191 1803 2424 1873 querelis
2451 1800 2714 1855 ﬂebilibus
2734 1796 2867 1852 nihil
2889 1804 3075 1851 contra
3101 1790 3400 1855 referendo,
3424 1805 3507 1855 ea,
3531 1804 3653 1859 quin

409 1919 873 2000 Thessalonicensi
884 1916 1178 1981 .—Quanta
1193 1904 1509 1965 fraternitati
1524 1910 1629 1957 tua:
1641 1917 1668 1953 a
1683 1896 1975 1954 beatissimi

406 1994 549 2070 Petri
578 2010 807 2083 apostoli
846 2006 1167 2062 auctoritate
1195 1999 1483 2057 commissa
1512 1996 1655 2056 sint,
1706 1999 1763 2044 et
1799 1987 1975 2060 qualia

405 2104 567 2159 etiam
607 2079 792 2156 nostro
826 2098 919 2151 tibi
954 2094 1136 2149 favore
1161 2093 1270 2146 sint
1291 2087 1518 2151 credita,
1542 2084 1589 2138 si
1618 2095 1742 2136 vera
1772 2079 1980 2134 ratione

408 2192 759 2263 perspiceres,
791 2196 845 2242 et
870 2187 1016 2255 justo
1057 2181 1305 2237 examine
1346 2176 1672 2246 ponderares
1695 2209 1710 2237 ,
1755 2168 1979 2223 multum

408 2259 689 2356 possemus
734 2280 800 2334 de
841 2278 1094 2346 injunctzn
1127 2271 1220 2325 tibi
1270 2263 1643 2323 sollicitudinis
1697 2259 1984 2315 devotione

409 2351 662 2447 gaudere.
704 2367 969 2435 Quoniam
1001 2364 1142 2418 sicut
1170 2369 1530 2431 prmcessores
1559 2351 1662 2405 mei
1696 2361 1986 2417 praacesso—

411 2440 561 2521 ribus
598 2462 720 2524 tuis,
750 2459 824 2511 ita
854 2456 1016 2510 etiam
1056 2464 1156 2519 ego
1186 2444 1461 2503 dilectioni
1493 2452 1618 2506 tute,
1640 2440 1876 2509 priorum
1902 2450 1990 2491 se-

414 2564 572 2613 cutus
607 2549 939 2618 exemplum,
968 2546 1112 2599 vices
1161 2541 1268 2596 mei
1300 2533 1677 2592 moderaminis
1698 2527 1939 2597 delegavi
1970 2542 1986 2579 :

417 2656 475 2704 ut
511 2660 715 2707 curam,
757 2654 917 2710 quam
948 2635 1215 2692 universis
1242 2628 1498 2685 Ecclesiis
1525 2622 1893 2695 principaliter
1923 2635 1990 2675 ex

415 2738 594 2793 divina
624 2730 957 2787 institutione
997 2726 1251 2779 debemus
1276 2761 1292 2785 ,
1333 2718 1572 2772 imitator
1605 2721 1802 2767 nostra:
1842 2724 1997 2763 man-

420 2827 717 2886 suetudinis
740 2822 1045 2889 adjuvares,
1075 2824 1132 2870 et
1152 2809 1455 2881 longinquis
1477 2822 1505 2861 a
1534 2805 1687 2861 nobis
1708 2799 1995 2873 provinciis

421 2916 760 2991 prazsentiam
791 2905 1188 2982 quodammodo
1217 2910 1415 2958 nostra:
1445 2895 1768 2951 visitationis
1793 2894 1997 2962 impen-

422 3013 582 3068 deres
608 3048 624 3072 ,
691 3014 748 3061 et
808 2998 1151 3061 continenti,
1235 3000 1649 3064 opportunaque
1712 2992 2000 3055 prospectu

427 3106 734 3173 promptum
763 3094 860 3148 tibi
902 3097 1045 3147 esset
1088 3100 1379 3156 agnoscere
1402 3123 1417 3149 ,
1463 3082 1589 3151 quid
1620 3081 1673 3134 in
1701 3079 2001 3148 quibusque

2079 1894 2232 1950 nobis
2278 1890 2677 1959 ingerebantur,
2723 1885 2826 1941 ﬁde
2868 1900 2975 1939 non
3025 1897 3211 1936 carere
3255 1878 3653 1934 monstrabant.

2082 1987 2385 2057 Legebatnr
2413 1996 2627 2054 quoque
2673 1980 2727 2033 in
2772 1977 2970 2032 litteris
3001 1975 3104 2027 tuis
3123 2015 3137 2038 ,
3187 1987 3321 2042 quas
3351 1970 3509 2024 iidem
3540 1969 3658 2022 dia—

2080 2083 2204 2137 coni
2233 2081 2309 2135 tui
2333 2077 2661 2136 detulerunt,
2693 2070 2837 2140 quod
2866 2068 3030 2122 frater
3058 2066 3266 2119 Atticus
3311 2061 3659 2117 Thessaloni-

2082 2187 2201 2227 cam
2223 2169 2481 2233 venisset,
2512 2163 2763 2232 quodque
2805 2172 3127 2214 consensum
3150 2169 3301 2209 snum
3334 2154 3492 2206 etiam
3523 2148 3659 2205 scri-

2084 2271 2256 2332 pturre
2285 2257 2619 2329 professione
2645 2254 2935 2320 signasset,
2968 2256 3030 2301 ιιι
3072 2246 3137 2301 de
3182 2246 3271 2299 illo
3300 2259 3403 2298 non
3433 2242 3578 2295 aliud
3628 2256 3663 2293 a

2087 2352 2244 2407 nobis
2271 2356 2454 2420 posset
2478 2344 2722 2412 intelligi,
2754 2355 2911 2411 quam
2941 2338 3141 2409 proprii
3165 2334 3393 2401 arbitrii,
3421 2342 3476 2388 et
3503 2347 3661 2401 spon-

2089 2451 2263 2497 taneze
2306 2437 2608 2494 devotionis
2654 2433 2853 2495 fuisse,
2905 2428 3050 2499 quod
3099 2434 3357 2485 venerat,
3407 2423 3663 2492 quodque

2091 2533 2388 2590 chartulam
2419 2529 2487 2584 de
2528 2524 2848 2583 obedientim
2897 2522 3188 2593 sponsione
3218 2518 3651 2585 conscripserat:

2092 2628 2148 2681 in
2177 2623 2329 2693 cujus
2354 2630 2532 2675 tamen
2562 2616 2820 2673 chartula:
2848 2613 3123 2668 mentione
3159 2610 3369 2678 signum
3399 2605 3669 2677 prodeba-

2096 2724 2187 2772 tur
2211 2713 2438 2783 injuriae.
2484 2710 2598 2764 Non
2630 2708 2774 2762 enim
2802 2704 3164 2761 necessarium
3206 2701 3400 2765 fuerat,
3433 2706 3490 2751 ut
3530 2694 3672 2751 obli-

2101 2814 2322 2877 garetur
2349 2802 2570 2872 scripto,
2601 2800 2691 2870 qui
2722 2796 3082 2853 obedientiam
3111 2807 3261 2849 suam
3294 2793 3407 2862 ipso
3433 2789 3544 2859 jam
3573 2804 3673 2843 vo-

2096 2896 2318 2953 luntarii
2347 2895 2607 2949 adventus
2638 2892 2899 2962 probabat
2928 2887 3107 2943 ofﬁcio
3127 2929 3142 2955 ,
3172 2885 3312 2939 unde
3341 2882 3675 2951 deploratio-

2099 2991 2255 3045 nibus
2275 2985 2566 3059 supradicti
2592 2985 2704 3039 hrec
2724 2983 2887 3038 verba
2910 2978 3150 3051 epistola:
3173 2986 3274 3032 tua:
3307 2975 3675 3030 testimonium

2100 3082 2463 3151 prmbnerunt,
2497 3084 2552 3130 et
2599 3090 2697 3144 per
2725 3074 2847 3137 hoc,
2886 3070 3031 3141 quod
3060 3084 3165 3123 non
3193 3076 3277 3122 est
3302 3065 3543 3130 tacitum,
3569 3079 3677 3117 nu-

426 3152 701 3245 ;ebusivcl
733 3193 823 3238 tuo
863 3179 1040 3236 studio
1068 3152 1445 3245 co'mponeres,
1473 3170 1559 3225 vel
1588 3178 1772 3223 nostro
1796 3164 1997 3234 judicio
2027 3185 2071 3248 ρ
2103 3170 2283 3223 datum
2313 3176 2395 3222 εει
2425 3165 2570 3231 illud,
2596 3163 2739 3235 quod
2767 3162 2979 3217 silentio
3002 3161 3175 3214 fuerat
3198 3157 3539 3226 adapertum,
3559 3152 3677 3208 ad}-

426 3290 750 3334 reservares.
789 3270 920 3325 Nam
952 3284 1070 3323 cum
1101 3264 1304 3334 majora
1332 3260 1565 3328 negotia,
1595 3266 1647 3312 et
1673 3253 1998 3311 dilliciliores

426 3381 710 3426 causarum
749 3363 926 3419 exitus
948 3359 1176 3413 liberum
1223 3355 1317 3408 tibi
1347 3359 1490 3407 esset
1515 3349 1614 3404 sub
1655 3356 1853 3403 nostras
1876 3360 1999 3399 sen-

429 3461 607 3517 tentia:
634 3454 1042 3525 exspectatione
1068 3447 1418 3517 suspendere,
1453 3458 1550 3497 nec
1575 3441 1712 3495 ratio
1741 3438 1856 3503 tibi,
1900 3450 2000 3491 nec

431 3550 724 3607 necessitas
746 3546 844 3600 fuit
864 3545 915 3599 in
940 3544 1011 3606 id,
1035 3539 1178 3610 quod
1202 3549 1506 3592 mensuram
1531 3541 1673 3587 tuam
1695 3529 2001 3592 excederet,

430 3639 697 3698 deviandi.
722 3635 1010 3692 Abundant
1037 3632 1179 3687 enim
1209 3627 1348 3698 apud
1378 3635 1431 3680 te
1457 3623 1781 3678 monitorum
1803 3617 2003 3687 scripta

434 3742 743 3790 nostrorum
768 3770 785 3797 ,
826 3725 1020 3795 quibus
1049 3732 1102 3777 te
1127 3723 1193 3776 de
1222 3719 1460 3775 omnium
1500 3715 1770 3769 actionum
1802 3720 2009 3779 tempe-

433 3824 607 3881 rantia
636 3821 945 3889 frequenter
973 3815 1318 3869 instruximus
1342 3851 1357 3876 ,
1402 3817 1462 3864 ut
1488 3803 1888 3861 commendatas
1912 3801 2008 3855 tibi

435 3912 632 3970 Christi
662 3907 926 3965 Ecclesias
954 3920 1049 3975 per
1076 3901 1507 3959 exhortationem
1528 3893 1802 3951 charitatis
1824 3890 1888 3943 ad
1918 3904 2006 3943 sa-

436 4002 743 4058 lubritatem
770 3995 1053 4052 audientiae
1094 4004 1416 4062 provocares
1448 4006 1462 4041 :
1491 3988 1615 4057 quia
1644 3985 1743 4040 etsi
1774 3983 2009 4053 plerum-

435 4107 543 4162 que
568 4091 803 4147 existunt
833 4086 972 4139 inter
1002 4083 1328 4151 negligentes
1350 4119 1364 4144 ,
1411 4078 1496 4133 vel
1537 4076 1748 4132 desides
1787 4074 2010 4137 fratres,

438 4194 557 4250 quae
586 4182 836 4247 oporteat
871 4172 1073 4238 majore
1116 4170 1438 4224 auctoritate
1476 4166 1689 4230 curari,
1721 4166 1797 4220 sic
1835 4173 2012 4219 tamen

440 4264 740 4322 adhibenda
763 4272 849 4318 est
872 4259 1164 4327 correptio,
1188 4267 1246 4312 ut
1272 4271 1485 4326 semper
1504 4257 1570 4311 sit
1601 4254 1748 4308 salva
1772 4254 2008 4308 dilectio.

446 4357 595 4413 Unde
621 4362 677 4410 et
725 4355 914 4408 beatus
942 4350 1218 4420 apostolus
1244 4347 1440 4402 Paulus
1482 4346 1548 4400 ad
1594 4344 2012 4400 ecclesiasticum

444 4446 685 4516 regimen
723 4441 1065 4497 Timotheum
1107 4439 1352 4492 imbuens
1397 4436 1573 4491 dicit:
1622 4435 1898 4489 Seniorem
1948 4449 2018 4488 ne

2104 3267 2213 3313 tam
2244 3258 2449 3312 scilicet
2476 3246 2667 3324 Illyrici
2699 3252 3072 3324 praefecturam
3094 3290 3111 3318 ,
3153 3256 3210 3303 et
3238 3244 3677 3302 sublimissimam

2106 3351 2247 3404 inter
2278 3346 2577 3402 mundanos
2626 3344 2805 3413 apices
2831 3349 3154 3412 potestatem
3204 3338 3257 3391 in
3289 3335 3678 3391 exhibitionem

2106 3440 2332 3495 insontis
2374 3436 2631 3492 antistitis
2677 3435 2972 3496 incitatam,
3021 3442 3079 3485 ut
3119 3430 3279 3485 missa
3325 3426 3680 3482 exsecutione

2109 3528 2366 3595 terribili,
2401 3542 2519 3596 qua:
2561 3525 2739 3580 omnia
2768 3524 2867 3578 sibi
2895 3520 3068 3577 ofﬁcia
3097 3520 3309 3590 publica
3332 3517 3398 3572 ad
3427 3515 3682 3571 eﬁectum

2107 3616 2484 3689 praeceptionis
2534 3614 2875 3682 adjungeret,
2927 3627 2957 3665 a
2995 3608 3161 3665 sacris
3208 3608 3459 3663 Ecclesia:
3506 3606 3685 3675 adytis

2111 3712 2256 3765 nullo
2290 3709 2373 3763 vel
2402 3707 2536 3764 falso
2575 3705 2912 3759 insimulatus
2936 3702 3158 3757 crimine
3187 3700 3569 3755 extraheretur
3596 3711 3681 3751 sa—

2111 3801 2301 3856 cerdos
2334 3818 2347 3852 :
2381 3797 2464 3853 cui
2495 3812 2599 3851 non
2630 3796 2698 3850 ob
2728 3794 3030 3849 molestiam
3058 3790 3407 3861 :cgritudinis,
3452 3803 3562 3843 non
3612 3789 3683 3842 ob

2112 3892 2368 3946 smvitiam
2419 3890 2613 3945 hiemis
2650 3888 2909 3941 darentur
2956 3882 3215 3946 inducite,
3259 3880 3351 3935 sed
3396 3881 3498 3933 iter
3526 3893 3661 3948 aspe

2112 4000 2252 4048 rum,
2295 3993 2348 4038 et
2390 3980 2639 4052 periculis
2665 3979 2876 4050 plenum
2906 3992 3001 4046 per
3030 3974 3199 4031 invias
3228 3974 3375 4028 nives
3401 3985 3564 4038 agere
3594 3985 3684 4025 co-

2114 4082 2346 4143 geretur,
2378 4071 2519 4142 quod
2548 4070 2680 4123 tanti
2707 4068 2923 4132 laboris,
2955 4068 3194 4133 tantique
3220 4063 3539 4119 discriminis
3566 4060 3690 4127 fuit,

2117 4176 2177 4219 ut
2218 4180 2283 4218 ex
2316 4164 2415 4226 his,
2465 4162 2556 4231 qui
2613 4160 2923 4229 episcopum
2974 4156 3214 4211 comitati
3264 4164 3422 4221 sunt,
3466 4151 3692 4222 quidam

2117 4254 2376 4311 deiecisse
2406 4253 2669 4307 dicantur.
2716 4250 2940 4304 Multum
2989 4258 3201 4318 stupeo,
3245 4245 3407 4301 frater
3435 4245 3694 4300 charissi-

2117 4360 2227 4410 me,
2276 4343 2369 4397 sed
2399 4350 2454 4396 et
2499 4340 2786 4412 plurimum
2832 4339 3022 4401 doleo,
3061 4337 3206 4407 quod
3233 4337 3284 4390 in
3313 4350 3459 4401 eum,
3488 4334 3555 4388 de
3582 4348 3696 4401 quo

2122 4437 2251 4492 nihil
2275 4434 2501 4505 amplius
2517 4432 2869 4497 indieaveras,
2885 4445 3048 4499 quam
3071 4429 3214 4500 quod
3232 4436 3488 4483 evocatus
3502 4426 3699 4481 adesse

448 4534 846 4606 increpaveris,
897 4530 991 4586 sed
1046 4530 1289 4627 obsecra.
1335 4536 1395 4582 ut
1422 4536 1649 4597 patrem,
1695 4526 1919 4595 juvenes
1959 4533 2018 4579 ut
2044 4528 2388 4627 1)differret,
2441 4535 2497 4580 et
2535 4525 2942 4579 excusationem
2982 4521 3305 4576 inﬁrmitatis
3349 4519 3697 4584 obtenderet,

446 4630 677 4693 fratres,
728 4640 863 4679 anus
912 4631 970 4676 ut
996 4630 1226 4684 matres,
1270 4619 1583 4689 juvenculas
1623 4625 1679 4671 ut
1721 4632 1934 4671 somres
1963 4616 2017 4670 in

449 4721 595 4776 omni
623 4719 870 4775 castitate
899 4713 955 4785 (I
985 4713 1172 4768 Timet.
1205 4713 1281 4783 v).
1328 4710 1456 4777 Quae
1484 4710 1802 4774 moderatio,
1834 4710 1879 4763 si
1901 4709 2019 4778 qui-

447 4813 759 4877 buscumque
785 4806 1126 4862 inferioribus
1155 4804 1408 4859 membris
1436 4817 1505 4857 ex
1532 4802 1831 4872 apostolica
1875 4802 2021 4855 insti-

452 4902 660 4956 tutione
686 4898 929 4960 debetur,
960 4904 1164 4965 quanto
1194 4896 1361 4961 magis
1390 4892 1642 4948 fratribus
1669 4900 1725 4946 et
1752 4891 2022 4961 coepisco«

450 4991 533 5061 pis
562 4988 758 5043 nostris
781 4986 898 5040 sine
923 4984 1218 5039 oiiensione
1238 4983 1505 5038 reddenda
1533 4989 1636 5047 est,
1661 4990 1719 5035 ut
1740 4982 1865 5036 licet
1885 4997 2017 5035 non-

449 5095 721 5150 nunquam
753 5078 1035 5141 accidant,
1088 5090 1210 5145 quae
1241 5076 1292 5128 in
1332 5073 1755 5129 sacerdotalibus
1783 5081 1906 5126 sunt
1935 5086 2021 5126 re-

453 5166 831 5243 prehendenda
859 5165 1138 5235 personis:
1170 5164 1289 5233 plus
1318 5172 1496 5217 tamen
1526 5176 1651 5230 erga
1674 5161 2023 5229 corrigendos

452 5268 576 5329 agat
601 5256 973 5312 benevolentia
1006 5269 1167 5324 quam
1222 5254 1499 5320 severitas,
1555 5253 1675 5322 plus
1721 5252 2023 5307 cohortatio

450 5367 611 5421 quam
640 5348 953 5412 commotio,
995 5347 1115 5416 plus
1167 5345 1401 5400 charitas
1438 5359 1599 5412 quam
1630 5350 1887 5413 potestas.
1916 5342 2023 5397 Sed

454 5447 521 5501 ab
552 5444 655 5509 his,
685 5442 773 5511 qui
803 5455 921 5509 qua:
944 5454 1039 5494 sua
1067 5445 1194 5494 sunt
1220 5444 1466 5505 quierunt
1489 5476 1504 5500 ,
1548 5451 1655 5489 non
1681 5448 1799 5503 qua:
1826 5432 2023 5487 Christi

451 5533 577 5588 Jesu
606 5530 824 5603 (Philip.
850 5533 930 5599 ιι),
956 5528 1110 5583 facile
1129 5528 1196 5581 ab
1226 5528 1327 5581 hac
1352 5527 1469 5595 lege
1486 5524 1799 5588 disceditur,
1828 5529 1881 5577 et
1902 5521 2025 5575 dum

456 5626 719 5680 dominari
751 5624 920 5692 magis
962 5638 1122 5691 quam
1143 5622 1426 5676 consulere
1448 5620 1674 5673 subditis
1703 5619 1900 5689 placet,
1932 5618 2031 5671 ho-

456 5731 555 5769 nor
587 5716 732 5769 inﬂat
760 5714 1090 5784 superbiam,
1124 5718 1179 5765 et
1206 5710 1351 5779 quod
1383 5709 1654 5779 provisum
1698 5717 1781 5763 est
1809 5708 1874 5761 ad
1907 5723 2031 5761 con-

452 5806 715 5876 cordiam,
759 5806 929 5862 tendit
966 5804 1033 5861 ad
1074 5819 1290 5868 noxam,
1325 5801 1485 5873 quod,
1528 5810 1584 5857 ut
1612 5817 1831 5857 necesse
1876 5799 2034 5858 habe-

2122 4628 2230 4673 tam
2262 4616 2517 4672 atrociter
2565 4624 2621 4669 et
2667 4622 2774 4668 tam
2805 4614 3154 4668 vehementer
3181 4611 3422 4681 potueris
3451 4622 3701 4665 commo-

2123 4710 2232 4764 veri
2267 4728 2279 4762 :
2313 4707 2607 4779 praesertim
2636 4721 2790 4769 cum,
2826 4704 3038 4758 etiamsi
3096 4702 3204 4757 tale
3232 4699 3430 4771 aliquid
3457 4713 3703 4753 merere-

2123 4808 2227 4863 tur,
2260 4796 2677 4867 exspectandum
2726 4795 2818 4849 tibi
2850 4795 3047 4857 fuerat,
3082 4792 3209 4861 quid
3238 4791 3305 4845 ad
3335 4800 3422 4845 tua
3450 4788 3700 4845 consulta

2122 4893 2495 4948 rescriberem.
2546 4888 2651 4944 Sed
2687 4897 2746 4943 ut
2791 4887 2948 4941 video
2990 4886 3127 4940 bene
3167 4885 3233 4939 de
3280 4884 3415 4939 meis
3456 4883 3703 4936 moribus

2124 4983 2463 5047 existimasti,
2492 4992 2547 5036 et
2575 4996 2732 5050 quam
2760 4979 2936 5034 civilia
2973 4993 3071 5047 pro
3109 4975 3479 5033 conservanda
3517 4989 3705 5027 sacer-

2126 5074 2289 5129 dotali
2322 5071 2607 5127 concordia
2635 5084 2993 5140 responsurus
3022 5084 3225 5133 essem,
3257 5066 3537 5123 verissime
3567 5079 3703 5134 prae-

2126 5165 2319 5220 vidisti.
2364 5163 2429 5217 Et
2457 5164 2578 5218 ideo
2607 5170 2787 5216 motus
2832 5169 2952 5216 tuos
2986 5160 3209 5228 exsequi
3251 5158 3368 5213 sine
3394 5156 3706 5212 dissimula-

2128 5255 2277 5310 tione
2325 5253 2627 5324 properasti
2670 5270 2685 5305 :
2727 5266 2798 5306 ne
2825 5292 2839 5317 ,
2896 5266 3016 5307 cum
3065 5247 3457 5304 moderationis
3501 5256 3704 5302 nostra

2129 5346 2271 5401 aliud
2317 5345 2655 5414 diSponentia
2704 5345 2908 5413 scripta
2943 5343 3298 5412 sumpsisses,
3348 5338 3585 5395 meiendi
3626 5340 3704 5405 id,

2130 5436 2275 5508 quod
2305 5435 2503 5490 factum
2534 5444 2647 5499 est,
2690 5435 2960 5489 licentiam
2992 5449 3099 5489 non
3146 5432 3396 5487 haberes.
3452 5431 3534 5485 An
3564 5429 3709 5485 forte

2129 5527 2345 5597 aliquod
2375 5527 2472 5582 tibi
2524 5528 2731 5580 facinus
2760 5526 3091 5592 innotuerat,
3121 5532 3178 5578 et
3225 5522 3709 5591 metropolitanum

2133 5616 2445 5687 episcopum
2484 5616 2611 5670 novi
2660 5615 2801 5685 apud
2836 5630 2896 5670 se
2934 5614 3172 5669 criminis
3200 5611 3409 5682 pondus
3438 5612 3713 5679 urgebat!

2135 5706 2203 5759 At
2230 5708 2335 5761 hoc
2361 5706 2576 5775 quidem
2602 5707 2834 5761 alienum
2858 5706 2925 5758 ab
2952 5704 3043 5758 illo
3072 5719 3192 5759 esse
3219 5704 3385 5757 etiam
3410 5711 3467 5756 tu
3498 5701 3637 5756 nihil
3664 5702 3716 5755 ei

2140 5796 2442 5868 ohjiciendo
2466 5795 2767 5863 conﬁrmas,
2810 5794 2906 5852 sed
2936 5794 3097 5849 etiam
3125 5794 3169 5849 si
3210 5792 3339 5863 quid
3372 5805 3541 5862 grave
3573 5792 3713 5848 into-
