3988 6344
250 314 361 367 293

1296 310 1670 366 COI.l.ECTlO
1710 311 2167 367 DECRETORUM
2213 312 2314 369 PP.
2360 318 2474 372 liii.

3411 333 3517 391 295

242 422 639 494 lcundumque
670 426 1036 480 committeret
1075 467 1090 493 ,
1126 435 1307 480 nostra
1331 436 1447 481 erat
1475 430 1837 497 exspectanda
1874 435 1916 492 Α
1947 440 2003 484 et
2037 431 2129 484 ﬁat
2154 432 2330 488 minus
2356 436 2626 503 religiosa,
2674 453 2833 508 quam
2879 445 3154 515 convenit,
3204 447 3288 502 cui
3320 466 3425 507 non
3456 454 3523 508 li-

246 528 481 568 tzcusura
517 531 532 567 :
564 524 626 569 ut
670 515 745 570 nil
772 515 922 584 prius
951 516 1067 584 ipse
1094 516 1451 582 decerneres,
1502 533 1662 586 quam
1692 519 1835 587 quod

246 604 410 657 nobis
457 605 672 674 placere
710 619 1090 673 cognosceres.
1122 605 1282 661 Vices
1332 609 1473 661 enim
1504 617 1717 663 nostras
1763 610 1837 664 ita

249 702 357 747 tua!
392 693 719 748 credidimus
744 696 1023 758 charitati,
1068 704 1125 748 ιιι
1165 696 1215 749 in
1253 707 1459 765 partem
1510 698 1584 752 sis
1613 708 1835 753 vocatus

242 785 644 850 sollicitudinis,
698 802 803 841 non
836 788 890 841 in
918 788 1123 856 pleuitu
1146 788 1306 842 linem
1340 791 1659 859 potestatis:
1694 792 1835 847 unde

239 877 387 931 sicut
419 877 644 931 multum
676 892 772 931 nos
801 892 885 942 ea,
917 891 1038 946 qua:
1075 893 1105 930 a
1137 886 1189 931 te
1218 879 1307 948 pie
1336 888 1462 933 sunt
1502 888 1708 946 curata,
1740 882 1835 935 la:-

240 968 484 1031 tilicant;
519 969 592 1022 ita
624 967 847 1023 nimium
874 985 936 1023 ea
962 1011 978 1036 ,
1025 985 1144 1040 qua:
1175 979 1299 1024 sunt
1338 987 1619 1041 perperam
1660 984 1831 1042 gesta,

240 1059 577 1111 contristant
616 1075 629 1109 :
662 1065 719 1112 et
764 1073 987 1113 necesse
1013 1070 1097 1113 est
1139 1069 1264 1129 post
1292 1063 1581 1115 multarum
1628 1065 1834 1133 experi-

239 1157 431 1202 menta
462 1163 745 1203 causarum
785 1148 1071 1203 sollicitius
1115 1151 1380 1220 prospici,
1432 1160 1487 1205 et
1526 1152 1834 1219 diligentius

240 1240 561 1307 pnecaveri,
591 1247 861 1307 quatenus
888 1255 985 1309 per
1004 1240 1249 1309 spiritum
1275 1243 1552 1298 charitatis
1580 1254 1636 1299 et
1664 1246 1829 1315 pacis,

237 1329 425 1381 omnis
475 1330 698 1383 materia
728 1331 1106 1385 scandalorum
1161 1330 1231 1386 de
1282 1331 1539 1389 Ecclesiis
1586 1336 1829 1402 Domini,

235 1432 381 1486 quas
413 1419 508 1472 tibi
548 1419 1073 1485 commendavimus,
1105 1421 1399 1489 auferatur,
1446 1428 1832 1494 przeetninente

236 1508 462 1576 quidein
507 1510 561 1564 in
601 1511 706 1566 illis
745 1513 1037 1582 provinciis
1076 1514 1419 1585 episcopatus
1460 1519 1535 1571 tui
1588 1518 1829 1587 fastigio,

236 1599 339 1654 sed
367 1610 647 1670 amputato
670 1603 832 1657 totius
863 1604 1223 1675 usurpationis
1277 1622 1523 1663 excessu.

485 1739 554 1794 Ut
595 1741 1001 1813 metropolitanis
1030 1760 1125 1797 sua
1149 1745 1279 1815 jura
1306 1756 1588 1803 serventur.

298 1855 343 1908 Χ
358 1852 689 1923 XXIIJgitur
703 1857 1004 1911 secundum
1019 1866 1329 1913 sanctorum
1344 1859 1560 1914 Patrum
1575 1877 1825 1924 canones,

234 1948 437 2018 spiritu
467 1946 561 2002 Dei
587 1946 840 2002 conditos
886 1957 940 2002 et
965 1950 1131 2005 totius
1153 1951 1336 2005 mundi
1367 1953 1667 2006 reverentia
1698 1968 1829 2008 con-

236 2045 525 2101 secratos,
581 2035 1029 2105 mctropolitanos
1066 2037 1393 2108 singularum
1432 2041 1835 2109 provinciarum

237 2127 555 2195 episcopos,
580 2127 775 2196 quibus
804 2143 871 2183 ex
901 2127 1239 2197 delegatione
1269 2137 1451 2183 nostra
1483 2130 1831 2188 fraternitatis

238 2228 349 2270 tua:
377 2234 508 2272 cura
542 2219 912 2288 praetenditur,
941 2218 1030 2288 jus
1062 2220 1270 2276 tradita:
1299 2222 1397 2275 sibi
1429 2224 1722 2291 antiquitus
1750 2224 1830 2278 di-

235 2311 461 2378 gnitatis
504 2310 881 2365 intemeratum
926 2310 1127 2367 habere
1167 2313 1505 2367 decernimus
1540 2332 1553 2367 :
1606 2316 1677 2368 ita
1713 2327 1827 2371 uta

235 2400 442 2467 regulis
477 2400 789 2470 pnestitutis
817 2402 963 2456 nulla
993 2411 1086 2457 aut
1134 2404 1462 2473 negligentia
1485 2443 1500 2469 ,
1550 2416 1645 2460 aut
1689 2424 1827 2477 prae-

234 2492 551 2560 sumptione
579 2491 879 2547 discedant.

236 2605 375 2661 Ut'a
406 2609 813 2680 metropolitanis
842 2625 945 2662 non
991 2609 1149 2675 laici,
1201 2626 1303 2680 non
1353 2609 1563 2680 bigomi,
1612 2628 1713 2665 non
1754 2614 1827 2666 ri-

311 2678 535 2754 dnarttm
557 2679 750 2741 mariti,
776 2680 865 2732 sed
884 2679 1357 2748 irrepreltensibiles
1387 2678 1691 2736 ordinentur
1717 2685 1829 2754 epi-

310 2749 475 2816 scopi.

308 2853 545 2910 XXXIII.
578 2856 634 2910 In
665 2858 992 2925 civitatibus,
1039 2875 1265 2930 quarum
1303 2869 1543 2916 rectores
1572 2861 1824 2928 obierint,

228 2945 305 3001 de.
351 2946 740 3035 snbstitqendis
782 2950 1047 3019 episcopis
1098 2951 1211 3005 [nec
1252 2949 1422 3003 forma
1471 2960 1735 3017 servetur,
1768 2962 1827 3009 ut

231 3035 287 3089 is
309 3035 403 3105 qui
428 3036 752 3091 ordinandus
778 3046 882 3104 est,
927 3039 1137 3094 etiamsi
1169 3040 1322 3093 bona:
1365 3040 1488 3094 vita:
1520 3042 1824 3097 testimonio

226 3124 507 3190 fulciatur,
544 3142 648 3181 non
676 3127 861 3191 laicus,
916 3145 1022 3183 non
1065 3131 1386 3200 ueophytus,
1441 3146 1538 3186 nec
1578 3131 1825 3187 secundae

225 3216 480 3284 mojugis
521 3217 590 3272 sit
618 3220 861 3285 maritus,
900 3230 994 3275 aut
1022 3222 1111 3292 qui
1154 3236 1312 3276 unam
1341 3222 1555 3291 quidem
1604 3224 1819 3291 habeat,

224 3307 318 3361 vel
348 3308 618 3373 habuerit,
642 3310 737 3365 sed
763 3326 924 3379 quam
952 3312 1050 3367 sibi
1080 3312 1295 3367 viduam
1324 3314 1603 3383 copularil.
1632 3314 1822 3371 Sacer-

224 3396 425 3451 dotum
451 3399 593 3453 enim
623 3411 730 3455 tam
758 3402 1032 3458 excellens
1055 3412 1137 3458 est
1158 3403 1351 3458 electio
1378 3412 1436 3457 ut
1466 3403 1597 3469 lucc,
1628 3421 1747 3475 qua:
1768 3407 1821 3461 in

223 3487 353 3541 aliis
378 3489 636 3545 membris
664 3488 916 3547 Ecclesia:
959 3508 1067 3547 non
1113 3500 1375 3549 vocantur
1402 3494 1467 3549 ad
1507 3495 1736 3566 culpam,
1767 3498 1822 3552 in

222 3576 338 3631 illis
369 3587 553 3634 tamen
582 3579 886 3637 habeantur
915 3584 1122 3639 illicita.

319 3715 476 3782 Quod
505 3720 836 3776 subdiaconis
858 3724 1072 3777 carnale
1093 3726 1404 3781 connubium
1434 3728 1728 3801 denegatur.

302 3829 539 3887 XXXIV.
569 3833 701 3888 Nam
725 3850 845 3891 cum
875 3846 1025 3891 extra
1069 3838 1391 3895 clericorum
1422 3842 1661 3897 ordinem
1687 3859 1818 3899 con-

217 3922 433 3979 stitutis
458 3924 764 3993 nuptiarum
794 3926 1040 3981 societati
1087 3935 1143 3982 et
1199 3932 1563 3999 procreationi
1592 3922 1820 3989 ﬁliorum

215 4013 445 4070 studere
473 4015 545 4069 sit
568 4015 791 4069 liberum
823 4018 1122 4083 arbitrium,
1152 4019 1219 4074 ad
1242 4021 1603 4076 exhibendam
1636 4032 1815 4078 tamen

218 4106 488 4179 perfecta)
508 4109 853 4164 continentiae
882 4111 1192 4180 puritatem,
1236 4130 1304 4169 ne
1333 4116 1673 4171 subdiaconis
1698 4119 1817 4186 qui-

217 4202 347 4257 dem
373 4202 705 4257 connuhium
728 4203 945 4259 carnale
964 4207 1297 4270 conceditur,
1321 4217 1379 4262 ut
1402 4218 1455 4263 et
1477 4209 1565 4279 qui
1594 4210 1813 4275 habent,

216 4293 326 4345 sint
357 4299 618 4361 tanquam
659 4308 767 4347 non
800 4292 1063 4351 habentes
1110 4295 1165 4366 (1
1195 4296 1429 4352 Corinth.
1462 4300 1580 4371 vn),
1624 4311 1678 4356 et
1724 4304 1815 4371 qui

218 4400 326 4439 non
358 4384 584 4449 habent,
618 4394 971 4454 permaneant
1000 4387 1315 4457 singulares.
1349 4389 1503 4456 Quod
1542 4393 1586 4446 si
1626 4394 1679 4447 in
1713 4394 1817 4449 hoc

217 4475 433 4538 ordine,
465 4475 556 4544 qui
592 4484 815 4545 quartus
856 4483 939 4530 est
968 4492 996 4530 a
1028 4478 1224 4549 capite,
1258 4478 1473 4548 dignum
1519 4491 1603 4537 est
1630 4492 1814 4538 custo-

216 4565 339 4630 diri,
373 4575 582 4635 quanto
626 4566 796 4634 magis
826 4566 878 4621 in
922 4568 1115 4636 primo,
1149 4568 1235 4623 vel
1284 4570 1538 4637 secundo,
1584 4573 1814 4629 tertiove
1846 4552 1890 4609 θ

215 4658 549 4714 servandum
592 4670 694 4723 est,
726 4674 794 4713 ne
825 4669 917 4713 aut
939 4659 1173 4727 levitico,
1214 4670 1306 4715 aut
1330 4663 1679 4735 presbyterali
1711 4667 1810 4720 bo-

216 4764 376 4815 nore,
429 4755 525 4801 aut
568 4748 864 4818 episcopali
902 4750 1223 4805 excellentia
1261 4753 1544 4822 quisquam
1588 4755 1812 4811 idoneus

210 4840 540 4907 astitnetur,
560 4840 652 4909 qui
677 4855 737 4895 se
757 4855 787 4894 a
811 4840 1086 4910 voluptate
1107 4844 1289 4898 uxoris
1311 4828 1535 4901 necdum
1576 4846 1810 4903 frenasse

212 4928 495 5001 detegitur
511 4928 525 4980 !

491 5039 562 5095 Ut
589 5042 759 5096 nullus
788 5043 961 5097 invitis
991 5046 1260 5100 ordinetur
1288 5049 1524 5103 antistes.

288 5142 505 5199 XXXV.
537 5142 672 5198 Cum
718 5158 846 5213 ergo
875 5144 942 5200 de
970 5148 1163 5202 summi
1205 5148 1501 5203 sacerdotis
1544 5150 1807 5206 electione

204 5235 563 5300 tractabitur,
612 5234 703 5288 ille
750 5237 999 5291 omnibus
1044 5240 1395 5308 prmponitur,
1443 5255 1602 5308 quem
1653 5242 1803 5307 cleri,

202 5329 503 5399 plebisque
530 5342 825 5383 consensus
850 5330 1193 5384 concorditer
1238 5332 1560 5400 postularim
1601 5350 1614 5385 :
1646 5334 1719 5387 ita
1750 5345 1808 5388 ut

202 5422 259 5475 si
294 5422 351 5474 in
382 5419 544 5473 aliam
594 5418 733 5473 forte
760 5434 1046 5489 personam
1075 5423 1305 5491 partium
1352 5438 1411 5479 se
1440 5434 1563 5479 vota
1608 5425 1806 5482 divise-

198 5513 350 5577 rint,
380 5510 784 5580 metropolitani
807 5511 1011 5580 judicio
1041 5512 1086 5568 is
1113 5514 1266 5569 alteri
1322 5526 1689 5587 praeponatur,
1716 5520 1806 5587 qui

200 5603 522 5670 majoribus
563 5611 618 5657 et
643 5602 837 5658 studiis
861 5604 1099 5672 juvatur,
1148 5616 1203 5662 et
1250 5610 1477 5673 meritis,
1510 5616 1717 5662 tantum
1749 5621 1808 5664 ut

198 5695 405 5752 uoltus
434 5694 614 5749 invitis
638 5700 695 5749 et
722 5709 829 5748 non
857 5696 1159 5763 petentibus
1205 5702 1503 5767 ordinetur,
1529 5716 1597 5755 ne
1618 5701 1807 5757 civitas

202 5789 543 5856 episcopum
570 5799 677 5840 non
709 5792 953 5856 optatum
979 5798 1071 5846 aut
1108 5802 1439 5865 contemnat,
1488 5801 1583 5851 aut
1611 5793 1804 5861 oderit,

1941 524 2113 577 cucrit
2141 527 2364 593 habere,
2395 542 2554 596 quem
2586 530 2770 584 voluit.

1944 632 2012 687 Ut
2037 639 2461 714 metropolitamts
2488 637 2642 714 Epiri
2682 641 2745 714 de
2781 643 2959 710 electo,
3007 663 3154 714 quem
3187 658 3262 701 est
3306 651 3521 703 ordina-

2009 714 2151 759 turus
2192 710 2483 777 episcopum
2514 748 2529 771 ,
2574 710 2642 761 ad
2680 710 3179 789 Thessalonicensem
3226 722 3519 789 pontiﬁcem

2011 779 2222 860 referat,
2265 788 2318 858 et
2346 781 2422 860 de.
2442 782 2834 849 melroyolitano
2863 786 3019 839 electo
3050 779 3286 842 similiter
3311 779 3515 860 pr'orin-

2007 847 2164 899 ciales
2194 848 2441 916 episcopi.
2603 847 2610 849 ⁷
3311 847 3322 860 ⁸
3510 870 3519 879 -

2007 958 2232 1014 XXXVI.
2268 961 2343 1014 De
2374 977 2598 1028 persona
2642 973 2817 1017 autem
2849 970 3201 1023 consecrandi
3252 974 3513 1043 episcopi,

1936 1054 1990 1101 et
2019 1048 2085 1102 de
2116 1050 2265 1113 cleri,
2299 1052 2577 1120 plebisque
2614 1070 2878 1109 consensu
2926 1062 3372 1129 melropolitanus
3399 1067 3517 1134 epi-

1934 1154 2129 1207 scopus
2177 1140 2242 1193 ad
2293 1140 2683 1197 fraternitatem
2732 1153 2873 1199 tuam
2924 1146 3140 1214 referat,
3189 1152 3435 1221 quodque
3467 1155 3518 1209 in

1935 1230 2207 1298 provincia
2248 1232 2383 1286 bene
2414 1232 2611 1301 placuit
2638 1236 2777 1289 scire
2809 1246 2859 1290 te
2906 1237 3085 1303 faciat,
3135 1250 3193 1294 ιιι
3221 1243 3520 1298 ordinatio-

1935 1332 2055 1369 nem
2087 1318 2187 1371 rite
2230 1320 2605 1375 celebrandam
2640 1330 2727 1376 tua
2758 1341 2971 1394 quoque
3000 1324 3172 1383 ﬁrmet
3202 1336 3517 1400 auctoritas,

1935 1424 2053 1475 qure
2078 1411 2237 1465 rectis
2261 1412 2698 1481 dispositionibus
2724 1418 2854 1471 nihil
2881 1435 3062 1483 morte,
3080 1430 3169 1475 aut
3195 1422 3519 1482 difficultatis

1934 1498 2151 1553 debebit
2178 1500 2389 1567 afferre,
2441 1519 2506 1557 ne
2548 1507 2797 1574 gregibus
2829 1509 3039 1564 Domini
3068 1511 3157 1566 diu
3204 1513 3343 1567 desit
3387 1530 3516 1570 cura

1935 1597 2231 1655 pastorum.

2004 1680 2418 1752 Mctropolitano
2447 1701 2577 1742 vero
2618 1688 2887 1755 defuncto,
2938 1708 3056 1747 cum
3090 1694 3140 1748 in
3191 1696 3367 1750 locum
3399 1698 3515 1767 ejus

1867 1798 1907 1855 Β
1938 1770 2073 1825 alius
2118 1772 2277 1828 fuerit
2319 1776 2707 1843 subrogandos,
2758 1782 3116 1848 provinciales
3161 1785 3399 1856 episcopi
3449 1788 3516 1841 ad

1934 1859 2202 1913 civitatem
2251 1865 2591 1932 metropolim
2638 1870 2927 1923 convenire
2973 1870 3264 1937 debebunt,
3312 1884 3514 1930 utom—

1932 1948 2078 2002 nium
2110 1950 2448 2020 clericorum,
2497 1963 2661 2023 atque
2710 1959 2947 2013 omnium
2997 1962 3192 2017 civimn
3237 1966 3514 2021 voluntate

1931 2037 2190 2104 discussa,
2238 2057 2303 2096 ex
2351 2045 2677 2115 presbyteris
2723 2048 2959 2115 ejusdem
3003 2052 3272 2120 Ecclesia),
3323 2059 3406 2111 vel
3446 2074 3512 2113 ex

1930 2127 2172 2184 diaconis
2204 2134 2439 2201 optimus
2467 2136 2713 2204 eligatur.
2754 2138 2832 2193 De
2862 2141 3014 2208 cujus
3042 2146 3257 2199 nomine
3276 2146 3343 2200 ad
3368 2159 3512 2202 tuam

1932 2219 2178 2274 notitiam
2217 2224 2579 2291 provinciales
2606 2227 2844 2283 referant
2870 2234 3197 2300 sacerdotes,
3242 2237 3511 2306 impleturi

1930 2322 2057 2364 vota
2086 2313 2443 2380 poscentium,
2489 2331 2611 2371 cum
2642 2319 2785 2386 quod
2825 2321 2954 2390 ipsis
2983 2323 3201 2392 placuit,
3252 2328 3346 2382 tibi
3375 2318 3509 2398 quo-

1928 2416 2033 2469 que
2056 2403 2321 2472 placuisse
2346 2409 2719 2474 cognoverint.
2743 2411 2894 2466 Sicut
2918 2415 3061 2469 enim
3086 2414 3262 2485 justas
3287 2421 3508 2481 electio-

1929 2509 2024 2549 nes
2054 2496 2210 2549 nullis
2236 2497 2579 2555 dilationibus
2602 2503 2847 2558 volumus
2875 2504 3104 2577 fatigari,
3129 2509 3201 2562 ita
3225 2511 3355 2565 nihil
3384 2529 3507 2582 per-

1927 2584 2186 2642 mittimus
2213 2595 2263 2641 te
2293 2588 2572 2655 ignorante
2600 2594 2871 2660 praesumi.

1923 2683 1993 2739 Ut
2021 2686 2144 2765 bina
2173 2704 2267 2757 per
2294 2706 2485 2745 annum
2512 2696 2851 2764 provincialia
2885 2698 3241 2765 episcoporum
3279 2699 3503 2752 concilia

1990 2758 2334 2835 celebrentur,“
2361 2772 2409 2814 et
2429 2764 2492 2835 psi
2512 2758 2610 2819 ’νει
2653 2766 2875 2835 di/[icilis
2908 2758 3192 2833 emerserit,
3225 2784 3316 2820 nec
3347 2769 3502 2835 fuerit

1993 2825 2464 2885 Thessalonicensis
2495 2825 2939 2905 episcopi-judicio
2970 2825 3264 2903 terminata,
3294 2825 3362 2890 ad
3390 2836 3499 2891 Ro-

1998 2920 2208 2959 manum
2238 2908 2494 2977 referatur
2522 2909 2827 2963 antistitem.

1998 2992 2258 3049 XXXVII.
2312 2997 2387 3051 De
2437 2999 2678 3054 conciliis
2726 3010 2905 3056 autem
2963 3006 3357 3076 episcopalibus
3395 3025 3504 3067 non

1928 3083 2071 3138 aliud
2102 3086 2404 3154 indicimus,
2434 3103 2595 3157 quam
2634 3092 2805 3145 sancti
2834 3093 3018 3149 Patres
3046 3097 3331 3153 salubriter
3358 3100 3506 3154 ordi-

1854 3165 1900 3229 C
1930 3180 2146 3238 narunt,
2177 3184 2234 3228 ut
2256 3176 2461 3231 scilicet
2488 3178 2598 3231 bini
2628 3190 2922 3236 conventus
2952 3199 3047 3253 per
3075 3202 3244 3242 annos
3270 3190 3506 3256 singulos

1926 3265 2245 3330 habeantur,
2279 3268 2331 3321 in
2360 3268 2552 3337 quibus
2582 3270 2647 3325 de
2672 3273 2920 3328 omnibus
2947 3277 3179 3343 querelis
3221 3293 3338 3347 quae
3369 3280 3505 3335 inter

1924 3354 2163 3410 diversos
2195 3356 2447 3413 Ecclesiae
2475 3359 2691 3415 ordines
2731 3364 2877 3418 nasci
2900 3366 3156 3429 assolent,
3187 3368 3455 3435 judicetur
3483 3387 3496 3423 :

1924 3458 1989 3499 ac
2016 3445 2059 3499 si
2089 3445 2227 3500 forte
2274 3448 2412 3502 inter
2456 3448 2620 3518 ipsos,
2671 3453 2761 3521 qui
2810 3464 3064 3523 prtesunt,
3094 3457 3161 3511 de
3210 3458 3501 3526 majoribus

1926 3535 2091 3608 (quod
2121 3538 2281 3609 absit)
2324 3541 2560 3609 peccatis
2607 3557 2767 3597 causa
2816 3546 3072 3612 nascitur,
3124 3563 3241 3616 quae
3288 3552 3502 3619 provin-

1924 3627 2047 3680 ciali
2077 3638 2309 3696 nequeat
2348 3632 2595 3686 examine
2645 3631 2883 3699 difliniri,
2927 3634 3314 3693 fraternitatem
3355 3650 3501 3697 tuam

1921 3716 1990 3772 de
2035 3719 2199 3773 totius
2246 3721 2447 3787 negotii
2486 3722 2745 3790 qualitate
2794 3728 3244 3797 melropolitanus
3290 3732 3502 3787 curabit

1921 3807 2206 3872 instruere,
2238 3817 2297 3863 ut
2324 3810 2367 3863 si
2399 3824 2582 3865 coram
2615 3813 2804 3881 positis
2831 3817 3069 3885 partibus
3096 3834 3195 3874 nec
3225 3829 3314 3875 tuo
3343 3821 3501 3877 fuerit

1921 3916 2009 3955 res
2038 3900 2212 3971 scpita
2230 3901 2454 3971 judicio,
2486 3902 2551 3958 ad
2575 3914 2811 3960 nostram
2834 3908 3215 3978 cognitionem,
3245 3912 3501 3982 quidquid

1920 3992 2051 4047 illud
2074 4003 2176 4060 est,
2207 3994 2573 4051 transferatur.

1923 4105 1992 4162 Ut
2013 4107 2188 4189 si‘quis
2210 4109 2475 4189 episcopus
2505 4127 2650 4164 suam
2681 4112 2920 4189 deserens
2944 4116 3217 4189 ciuitatem,
3246 4120 3496 4189 majorem

1988 4178 2159 4259 sedem
2182 4178 2401 4232 ambitus
2430 4195 2592 4261 causa
2617 4185 2836 4261 petierit,
2867 4200 2958 4238 nec
2985 4186 3129 4239 illam
3150 4178 3378 4244 obtinere
3400 4207 3497 4261 po-

1989 4249 2126 4309 terit,
2156 4260 2206 4301 et
2232 4265 2327 4302 sua
2355 4266 2531 4303 carere
2558 4249 2776 4306 debebit.

1988 4337 2269 4392 XXXVIII.
2298 4338 2353 4393 Si
2395 4340 2515 4408 quis
2543 4350 2721 4396 autem
2763 4343 3065 4414 episcopus,
3115 4347 3347 4403 civitatis
3386 4365 3497 4405 sua:

1915 4428 2292 4483 mediocritate
2329 4428 2607 4498 despecta,
2652 4432 3175 4491 administrationem
3214 4438 3315 4493 loci
3354 4439 3497 4494 cele-

1917 4518 2111 4574 brioris
2137 4519 2403 4586 ambierit,
2452 4529 2508 4573 et
2550 4521 2617 4574 ad
2647 4524 2904 4590 majorem
2932 4540 2991 4580 se
3018 4526 3227 4594 plebem
3251 4542 3493 4596 quacun-

1917 4623 2022 4677 que
2051 4609 2261 4663 ratione
2289 4610 2642 4678 transtulerit,
2687 4627 2717 4665 a
2742 4613 2994 4669 cathedra
3025 4617 3238 4683 quidem
3265 4620 3495 4690 pellatur

1915 4700 2112 4764 aliena,
2159 4699 2253 4753 sed
2286 4700 2493 4755 carebit
2520 4709 2575 4755 et
2621 4705 2858 4773 propria,
2908 4716 2968 4759 ut
3011 4722 3111 4761 nec
3155 4709 3261 4764 illis
3306 4714 3493 4781 pnesi-

1913 4790 2058 4855 deat,
2091 4805 2229 4861 quos
2268 4807 2365 4861 per
2404 4793 2681 4849 avaritiam
2712 4798 3038 4867 concupivit,
3090 4816 3188 4857 nec
3217 4802 3322 4858 illis
3356 4821 3494 4874 quos

1915 4897 2012 4952 per
2054 4882 2358 4951 superbiam
2406 4885 2628 4952 sprevit.
2680 4884 2804 4941 Suis
2848 4887 3009 4957 igitur
3062 4885 3308 4949 terniinis
3346 4896 3494 4964 quis-

1913 4989 2019 5043 que
2044 4983 2330 5031 contentus
2358 4976 2445 5042 sit,
2480 4991 2578 5031 nec
2603 4992 2765 5047 supra
2796 4993 3100 5036 mensuram
3133 4983 3270 5052 juris
3306 4987 3387 5041 sui
3415 4986 3495 5041 af-

1916 5063 2082 5119 fectet
2105 5066 2308 5133 augeri.

1919 5177 1986 5233 Ut
2016 5179 2188 5233 nullus
2215 5180 2700 5263 alienumclcricnm
2727 5184 3027 5263 sollicitare,
3054 5188 3131 5242 vel
3160 5198 3328 5245 tenere
3355 5209 3492 5263 prm-

2030 5260 2219 5314 snmat,
2251 5266 2345 5306 suo
2372 5252 2608 5321 episcopo
2638 5268 2741 5307 non
2766 5256 3021 5324 prabente
3046 5252 3367 5315 consensum:

1982 5337 2219 5393 XXXIX.
2252 5339 2497 5395 Alienum
2524 5343 2798 5409 clericum,
2822 5346 2989 5401 invito
3019 5350 3273 5420 episcopo
3302 5352 3487 5420 ipsius,

1913 5447 2072 5486 nemo
2097 5433 2373 5502 suscipiat,
2408 5450 2565 5488 nemo
2593 5435 2868 5505 sollicitet,
2899 5440 3000 5494 nisi
3035 5439 3172 5495 forte
3200 5456 3265 5495 ex
3291 5441 3491 5509 placito

1908 5521 2185 5576 charitatis
2216 5522 2266 5575 id
2296 5523 2436 5577 inter
2464 5524 2705 5593 dantem,
2735 5529 3193 5597 accipientemque
3220 5545 3491 5588 convene-

1908 5612 1997 5665 rit.
2031 5612 2161 5667 Nam
2189 5615 2405 5682 gravius
2435 5617 2643 5685 injuriae
2672 5632 2797 5673 reus
2818 5628 2921 5684 est,
2966 5621 3055 5690 qui
3082 5622 3149 5674 de
3176 5622 3355 5677 fratris
3382 5622 3487 5681 Ec-

1908 5701 2072 5757 clesia
2102 5704 2177 5771 id,
2207 5705 2351 5772 quod
2395 5714 2480 5760 est
2508 5707 2708 5770 utilius,
2742 5716 2836 5761 aut
2880 5709 3166 5777 pretiosius
3205 5715 3367 5767 audet
3402 5717 3489 5771 vel

1911 5792 2164 5864 abjicere,
2196 5795 2279 5850 vel
2308 5803 2515 5853 tenere.
2562 5796 2748 5863 Itaque
2775 5799 2820 5853 si
2868 5799 3003 5853 intra
3041 5802 3369 5869 provinciam
3400 5822 3491 5869 res
