3988 6344
1676 282 1699 293 ,ο

539 308 646 368 9.95

1808 311 2162 381 DIONYSIUS
2202 316 2539 375 EXIGUUS.‘
3664 327 3746 383 €96

541 427 734 493 agitur,
778 423 1105 495 transfugam
1138 424 1389 480 clericum
1421 424 1484 480 ad
1518 424 1813 482 Ecclesiam
1839 444 1989 483 suam
2021 446 2126 483 mc-
2176 444 2196 494 δ,
2230 430 2485 486 Ecclesiae
2508 447 2635 487 cura
2666 432 2981 498 conflueret,
3027 443 3083 489 et
3120 436 3250 491 nihil
3280 452 3498 505 usquam
3523 453 3550 492 a
3572 454 3650 493 suo
3672 457 3747 496 ca-

542 515 900 583 tropolitauus
943 516 1117 569 redire
1143 516 1450 584 compellet.
1502 517 1557 571 5i
1587 527 1766 572 autem
1797 519 2004 587 longius
2030 537 2117 573 re-

540 606 720 669 cessit,
773 608 845 659 tui
878 604 1126 674 prcecepti
1159 608 1483 660 auctoritate
1511 609 1876 671 revocabitur,
1926 618 1984 664 ut
2026 626 2121 665 nec

540 697 838 764 cupiditati,
871 711 970 750 nec
1000 696 1279 750 ambitioni
1314 698 1529 751 occasio
1561 699 1910 766 relinquatur.

500 864 509 873 ,
544 807 611 862 Ut
642 810 692 862 in
724 811 996 863 erocandis
1026 811 1423 879 provincialibus
1451 812 1699 881 episcopis
1732 830 1760 864 a
1795 811 2123 867 Thessaloni-

611 897 757 933 ccnse
796 881 1040 950 ponti/ire
1085 884 1368 935 moderatio
1417 896 1757 940 conserretur.
1809 902 1870 934 nr
1900 888 1988 935 sub
2033 889 2124 935 hoc

607 950 779 1003 colore
805 952 1139 1004 sacerdotalis
1171 953 1333 1005 honor
1364 956 1684 1005 contumeliis
1707 955 1998 1005 addicatur.
2035 971 2123 1006 ην(

609 1022 830 1087 αηη,>1ἱηδ
860 1039 1010 1091 quant
1042 1020 1145 1073 ltini
1178 1024 1239 1074 de
1268 1025 1540 1088 provinciis
1572 1025 1818 1088 t‘plSCOpt,
1861 1042 1984 1088 quos
2021 1042 2122 1078 nic-

610 1090 911 1161 trapetitmti
941 1092 1287 1159 probat‘crittt,
1317 1094 1631 1162 dirigantur.

611 1200 719 1257 XL.
750 1200 805 1255 In
832 1202 1118 1256 evocandis
1147 1213 1324 1257 autem
1351 1218 1379 1256 a
1413 1215 1463 1257 te
1495 1204 1763 1272 episcopis
1802 1205 2116 1258 moderatis-

538 1296 731 1349 simum
761 1311 878 1349 esse
911 1304 961 1349 te
1007 1296 1271 1355 volumus,
1330 1314 1395 1349 ne
1446 1313 1538 1362 per
1591 1296 1806 1362 majoris
1837 1298 2124 1363 diligentite

538 1386 772 1453 Speciem
815 1386 1064 1442 fraternis
1092 1386 1310 1455 gloriari
1357 1387 1585 1440 videaris
1627 1386 1851 1454 injuriis.
1904 1387 2053 1443 Unde
2081 1389 2122 1442 si

537 1493 695 1531 causa
729 1477 903 1547 aliqua
932 1478 1104 1545 major
1133 1480 1255 1541 erit,
1286 1477 1355 1531 ob
1385 1492 1545 1544 quam
1577 1478 1914 1539 rationabile,
1940 1494 2001 1531 ac
2034 1493 2124 1533 ne-

536 1569 821 1623 cessarium
849 1569 916 1621 sit
961 1566 1252 1622 fraternum
1284 1567 1548 1623 advocare
1577 1577 1922 1631 conventum,
1968 1570 2124 1624 binos

537 1657 601 1710 de
631 1658 852 1725 singulis
881 1658 1167 1727 provinciis
1197 1657 1502 1727 episcopos,
1548 1673 1684 1726 quos
1726 1659 2121 1728 metropolitani

538 1749 863 1803 crediderint
901 1765 1019 1803 esse
1066 1748 1376 1818 mittendos,
1425 1748 1493 1803 ad
1539 1746 1927 1805 fraternitatem
1975 1760 2119 1804 tuam

539 1838 726 1892 venire
752 1838 1002 1893 sufﬁciat.

538 1948 608 2003 Ut
638 1965 741 2003 non
768 1951 990 2017 amplius
1020 1967 1051 2002 τι
1080 1958 1271 2005 statuto
1304 1952 1509 2006 concilii
1538 1959 1783 2017 tempore,
1833 1968 1985 2021 quam
2014 1952 2121 2005 dies
2166 1972 2171 1979 ·

610 2036 675 2073 xv
700 2030 1019 2073 remorentur
1052 2022 1302 2090 cpierpi,
1333 2032 1381 2075 et
1422 2026 1465 2076 si
1504 2023 1639 2075 inter
1663 2040 1745 2075 cos
1764 2025 1914 2091 fuerit
1941 2025 2121 2074 oborta

608 2092 1088 2163 coiitctttio,cuuctu
1119 2092 1351 2144 Romano
1387 2092 1618 2163 pontifici
1647 2091 1737 2163 salt
1756 2103 2009 2161 gestorum
2039 2094 2121 2144 itt-

604 2162 897 2232 sinuatioue
926 2162 1222 2227 pandantur
1244 2177 1261 2213 :
1284 2172 1339 2213 ut
1366 2161 1428 2215 ab
1457 2178 1515 2215 eo
1542 2162 1677 2232 quod
1710 2161 1813 2215 Dco
1848 2163 2121 2230 placuerit,

606 2230 896 2283 ordinetur.

602 2340 736 2396 XLI.
770 2342 845 2396 lta
893 2352 948 2398 ut
986 2358 1017 2397 a
1060 2346 1359 2413 praestituto
1405 2353 1652 2414 tempore
1703 2359 1810 2398 non
1862 2345 2003 2399 ultra
2049 2343 2124 2398 ’15

533 2435 669 2499 dies,
714 2435 803 2502 qui
833 2437 1203 2501 convenerint,
1238 2453 1341 2491 non
1374 2438 1735 2492 retartlentur.
1769 2437 1826 2492 Si
1855 2448 2033 2494 autem
2066 2440 2121 2494 in

535 2540 605 2579 eo
642 2525 784 2594 quod
837 2541 958 2580 cum
1016 2526 1268 2581 fratribus
1314 2529 1656 2582 tractandum
1691 2527 2122 2585 deﬁniendumve

534 2614 847 2682 credideris,
876 2616 1085 2670 diversa
1115 2632 1301 2672 eorum
1332 2615 1491 2671 fuerit
1514 2633 1541 2670 a
1576 2628 1661 2671 tua
1691 2619 1969 2673 voluntate
1996 2634 2122 2673 sen-

534 2706 724 2774 tentia,
757 2706 822 2759 ad
847 2722 945 2760 nos
973 2707 1153 2760 omnia
1180 2709 1279 2758 suh
1309 2715 1583 2775 gestorum
1616 2709 1994 2764 testiﬁcatione
2038 2707 2119 2764 fe-

534 2803 739 2859 rentur,
768 2805 826 2850 ut
853 2796 1073 2852 remotis
1102 2797 1556 2864 ambiguitatibus,
1600 2798 1744 2868 quod
1781 2798 1889 2854 Deo
1913 2800 2119 2868 placeat

532 2885 869 2940 decernatur.
921 2886 998 2941 Ad
1043 2885 1187 2943 hunc
1214 2888 1356 2941 ettitn
1404 2887 1564 2944 ﬁnem
1605 2906 1819 2944 omnem
1863 2890 2117 2947 allectum

533 2986 775 3033 nostrum
826 2994 1119 3048 curamque
1146 2980 1442 3051 dirigiiuus,
1486 2988 1545 3036 ut
1573 2983 1715 3052 quod
1746 2983 1812 3037 ad
1856 2984 2115 3039 unitatem

532 3070 853 3137 concordim,
879 3080 934 3126 et
959 3072 1099 3141 quod
1127 3073 1193 3126 ad
1216 3074 1515 3128 custodiam
1547 3074 1778 3143 pertinet
1803 3074 2113 3145 disciplinae,

533 3161 679 3215 nulla
708 3161 1042 3217 dissensione
1070 3162 1321 3229 violetur,
1370 3163 1515 3217 nulla
1558 3164 1763 3219 desidia
1794 3166 2110 3234 negligatur.
2143 3184 2187 3246 (ς
2220 3161 3336 3265 gmw;:enﬁhvseﬁ“,agnita“;

532 3251 597 3306 Et
630 3261 681 3308 te
704 3252 881 3322 igitur,
910 3252 1073 3307 frater
1096 3252 1460 3321 dilectissime,
1479 3262 1642 3309 cteos
1665 3255 1856 3309 fratres
1880 3264 2113 3321 nostros,

532 3345 623 3414 qui
652 3343 718 3399 de
748 3344 850 3398 tuis
878 3342 1221 3399 oﬂ‘enduntur
1249 3345 1575 3410 excessibus,
1625 3359 1747 3399 eum
1780 3354 1959 3400 tamen
2006 3361 2111 3399 non

530 3433 719 3488 similis
766 3434 835 3489 sit
863 3434 1111 3491 omnibus
1155 3435 1381 3488 materia
1411 3435 1775 3509 querelarum,
1822 3438 2010 3491 hortor
2060 3446 2117 3491 et

530 3540 747 3590 moneo,
780 3536 837 3580 ut
865 3542 984 3596 quas
1006 3527 1090 3596 pie
1118 3535 1242 3581 sunt
1270 3527 1537 3592 ordinata,
1579 3528 1973 3597 salubriterque
2000 3530 2080 3583 dis
2098 3562 2111 3572 -

529 3619 727 3689 posita,
771 3619 913 3673 nulla
962 3618 1368 3673 concertatione
1411 3619 1725 3683 turbentur,
1770 3636 1927 3675 nemo
1968 3620 2110 3691 quod

529 3719 687 3765 Suom
730 3716 811 3763 est
855 3718 1080 3777 qurrrat,
1131 3710 1223 3764 sed
1280 3710 1423 3777 quod
1463 3710 1684 3765 alterius
1716 3709 1769 3777 (Ι
1790 3709 1907 3765 Cor.
1938 3712 2012 3780 x).
2049 3710 2113 3765 Et

528 3800 668 3854 sicut
694 3800 769 3854 ait
806 3799 1113 3869 Apostolus,
1168 3803 1532 3868 unusquisque
1577 3809 1814 3856 vestrum
1862 3802 2111 3869 proximo

526 3907 627 3948 suo
666 3892 879 3962 placeat
923 3892 976 3945 in
1022 3892 1220 3945 bonum
1250 3891 1317 3945 ad
1344 3891 1751 3945 mditicationem
1781 3889 1957 3959 (Rom.
1995 3891 2107 3960 xv).

528 3981 643 4036 Non
669 3982 810 4036 enim
834 3980 1033 4049 poterit
1053 3979 1273 4032 unitatis
1295 3988 1492 4032 nostra:
1516 3979 1665 4032 lirtna
1685 3994 1803 4033 esse
1825 3994 2106 4050 compago,

528 4073 631 4127 nisi
661 4085 759 4125 nos
787 4069 854 4123 ad
882 4069 1293 4139 inseparabilem
1324 4068 1652 4123 soliditatem
1680 4069 1950 4124 vinculum
1982 4071 2109 4125 cha-

528 4165 703 4224 ritatis
731 4164 1041 4218 astrinxerit
1068 4180 1080 4217 :
1113 4163 1235 4232 quia
1276 4163 1416 4218 sicut
1454 4162 1506 4218 in
1538 4179 1644 4218 uno
1684 4179 1913 4233 corpore
1943 4165 2107 4219 multa

528 4257 771 4311 membra
802 4254 1076 4319 habemus,
1112 4255 1289 4309 omnia
1314 4264 1493 4308 autem
1531 4256 1772 4309 membra
1805 4271 1910 4309 non
1954 4272 2105 4309 eum-

523 4349 649 4403 dem
672 4356 849 4402 actum
879 4346 1109 4411 habent;
1141 4346 1215 4399 ita
1245 4345 1398 4400 multi
1429 4362 1590 4399 unum
1618 4360 1815 4414 corpus
1842 4361 2025 4400 sumus
2056 4347 2106 4399 in

524 4439 764 4503 Christo,
807 4437 998 4506 singuli
1029 4445 1207 4490 autem
1257 4436 1391 4490 alter
1421 4437 1640 4491 alterius
1673 4437 1931 4490 membra.
1956 4436 2102 4490 Con-

525 4533 687 4586 nexio
714 4529 881 4584 totius
902 4528 1141 4597 corporis
1165 4543 1322 4581 unam
1352 4528 1659 4591 sanitatem,
1688 4542 1848 4580 unam
1871 4528 2103 4596 pulchri-

524 4623 761 4677 tudinem
793 4620 935 4675 facit.
971 4619 1037 4673 Et
1082 4620 1194 4673 lucc
1222 4619 1433 4687 quidem
1461 4620 1730 4673 connexio
1777 4620 1943 4673 totius
1983 4634 2103 4673 cor-

525 4713 673 4782 poris
720 4710 1123 4765 unanimitatem
1171 4708 1427 4777 requirit,
1478 4705 1573 4761 sed
1623 4706 1892 4775 praecipue
1938 4706 2103 4776 exigit

522 4800 868 4855 concordiam
915 4798 1274 4863 sacerdotum,
1322 4797 1515 4865 quibus
1551 4798 1650 4850 etsi
1696 4797 1927 4865 dignitas
1952 4812 2104 4851 com-

522 4891 703 4945 munis
731 4904 836 4942 non
876 4896 977 4953 est,
1028 4897 1202 4943 tamen
1251 4887 1384 4941 ordo
1408 4890 1673 4955 generalis
1703 4896 1802 4941 est.
1834 4886 2100 4951 Quoniam

521 4992 581 5035 et
608 4983 747 5035 inter
773 4978 1107 5033 beatissimos
1129 4978 1403 5047 apostolos
1428 4978 1482 5031 in
1512 4977 1858 5032 similitudine
1879 4976 2099 5031 honoris

523 5072 622 5126 fuit
648 5070 889 5140 quaedam
917 5068 1170 5123 discretio
1197 5069 1495 5137 potestatis,
1521 5077 1574 5124 et
1600 5084 1721 5123 eum
1742 5068 1980 5123 omnium
2002 5084 2099 5139 par

522 5171 668 5217 esset
693 5160 901 5223 electio,
929 5160 1020 5213 uni
1061 5169 1239 5213 tamen
1269 5159 1450 5214 datum
1512 5168 1595 5214 est
1637 5168 1692 5213 ut
1727 5160 1936 5215 caneris
1962 5174 2098 5229 pra:-

521 5249 1008 5318 emineret.Dequa
1037 5248 1206 5303 forma
1234 5250 1606 5318 episcoporum
1632 5263 1847 5317 quoque
1868 5257 1951 5303 est
1979 5257 2097 5302 orta

518 5344 810 5400 distinctio.
843 5342 911 5397 Et
952 5356 1142 5411 magna
1186 5343 1524 5398 ordinatione
1570 5343 1841 5411 provisum
1893 5349 1993 5407 est,
2028 5355 2097 5396 ne

517 5450 708 5489 omnes
732 5434 831 5489 sibi
864 5434 1042 5489 omnia
1065 5433 1418 5499 vindicarent,
1448 5434 1540 5489 sed
1569 5441 1750 5487 essent
1778 5432 1832 5487 in
1869 5431 2093 5500 singulis

517 5528 807 5597 provinciis
851 5527 1071 5594 singuli,
1122 5540 1347 5594 quorum
1390 5527 1527 5579 inter
1567 5522 1759 5579 fratres
1807 5524 2094 5579 haberetur

518 5616 689 5684 prima
716 5616 1001 5677 sententia,
1034 5623 1089 5667 et
1112 5629 1320 5669 rursum
1352 5613 1562 5680 quidam
1594 5613 1647 5666 in
1678 5612 1969 5680 majoribus
1997 5627 2089 5666 ur-

518 5703 674 5759 bibus
703 5705 977 5759 constituti
1009 5703 1419 5757 sollieitudinem
1464 5702 1585 5769 ejus
1614 5701 1947 5771 susciperent
1973 5717 2089 5755 am—

517 5794 764 5866 pliorem,
786 5810 880 5867 per
908 5811 1044 5869 quos
1088 5796 1157 5853 ad
1197 5808 1356 5851 unam
1380 5791 1537 5850 Petri
1563 5792 1746 5851 sedem
1776 5792 2092 5853 universalis

2231 526 2336 593 pite
2365 525 2666 581 dissideret.
2701 528 2799 592 Qui
2845 543 2973 593 ergo
3000 529 3104 583 scit
3141 545 3201 583 sc
3250 531 3554 596 quibusdam
3580 549 3749 602 πιπτειιο-

2228 616 2410 683 situm,
2436 632 2541 671 non
2564 616 2793 671 moleste
2822 615 2959 672 ferat
2980 618 3213 686 aliquem
3237 620 3338 673 sibi
3369 637 3487 674 esse
3507 626 3749 691 praelatum,

2227 708 2319 761 sed
2349 707 2729 771 obedientiam,
2776 724 2934 778 quam
2967 710 3150 777 exigit,
3181 710 3344 763 etiam
3377 713 3488 780 ipse
3514 714 3752 782 dependat,

2228 808 2283 852 et
2311 799 2450 852 sicut
2480 815 2584 853 non
2636 802 2747 854 vult
2788 802 2962 868 gravis
3009 803 3190 856 oneris
3218 802 3480 857 sarcinam
3522 804 3651 869 ferre,
3695 810 3753 861 ita

2232 906 2335 943 non
2365 890 2556 944 audeat
2581 892 2666 944 alii
2703 892 3042 961 importabile
3077 893 3287 961 pondus
3318 895 3593 961 imponere.
3621 896 3759 953 Disci-

2231 981 2338 1047 puli
2370 982 2512 1035 enim
2542 998 2726 1038 sumus
2759 982 2972 1038 humilis
3001 991 3057 1038 et
3100 983 3244 1038 mitis
3267 986 3521 1053 magistri,
3542 987 3758 1045 dicentis:

2233 1069 2430 1124 Discite
2459 1086 2487 1124 a
2518 1087 2621 1134 me,
2654 1074 2777 1142 quia
2819 1073 2962 1126 mitis
3008 1088 3127 1137 sum
3169 1081 3226 1127 et
3270 1074 3485 1130 humilis
3527 1077 3683 1135 corde.
3714 1091 3761 1133 tt

2232 1150 2513 1218 invenietis
2563 1165 2800 1233 requiem
2848 1165 3128 1220 animabus
3174 1166 3399 1230 vestris;
3443 1166 3605 1234 jugum
3643 1171 3761 1223 enim

2233 1267 2407 1307 meum
2437 1270 2603 1308 suave
2628 1265 2729 1319 est,
2768 1265 2822 1309 et
2850 1270 2987 1311 onus
3012 1272 3190 1311 meum
3221 1257 3336 1311 leve
3359 1268 3443 1311 est
3472 1258 3655 1328 (Matth.
3680 1266 3762 1316 ait.

2229 1344 2383 1408 Quod
2406 1346 2676 1413 quomodo
2707 1348 3069 1417 experiemur,
3120 1348 3219 1403 nisi
3259 1358 3313 1403 et
3364 1349 3493 1403 illud
3533 1352 3576 1404 in
3605 1353 3766 1407 obser-

2228 1443 2462 1497 vantiam
2491 1444 2690 1509 veniat,
2724 1443 2869 1513 quod
2896 1444 3033 1498 idem
3067 1444 3322 1499 Dominus
3353 1446 3430 1499 ait
3457 1463 3468 1496 :
3507 1445 3592 1511 Qui
3623 1446 3770 1514 major

2228 1543 2311 1588 est
2350 1545 2608 1597 vestrum,
2643 1538 2746 1591 erit
2785 1538 3028 1591 minister
3056 1546 3232 1593 vester
3278 1535 3489 1607 (Matth.
3531 1555 3617 1603 xx;
3658 1537 3768 1592 Ιιιιε.

2231 1627 2398 1691 xxn);
2430 1628 2519 1693 qui
2551 1637 2730 1681 autem
2761 1643 2820 1683 se
2848 1629 3169 1682 exaltaverit
3219 1628 3589 1696 humiliabitur,
3622 1639 3671 1684 et
3693 1632 3775 1700 qui

2228 1731 2287 1771 se
2316 1717 2559 1771 humiliat
2582 1717 2909 1773 exaltabitur
2936 1718 3088 1789 (Luc.
3122 1718 3270 1790 xxv)?

2158 1811 2205 1872 Β
2300 1828 2410 1885 Leo
2444 1829 2640 1886 Niccta:
2668 1831 2925 1902 episcopo
2952 1832 3281 1901 Aquileiensi
3312 1834 3554 1888 salutem.

2301 1919 2593 1988 Regressus
2623 1921 2686 1975 ad
2723 1939 2818 1976 nos
2847 1923 2984 1975 filius
3017 1939 3165 1979 meus
3198 1924 3516 1989 Adeodatus,
3541 1923 3670 1979 sedis
3694 1943 3780 1981 no-

2226 2019 2349 2064 strzu
2374 2010 2649 2073 diaconus,
2683 2010 3029 2065 dilectionem
3077 2022 3220 2066 tuam
3266 2015 3566 2083 poposcisse
3594 2031 3781 2069 memo-

2227 2102 2382 2164 ravit,
2426 2110 2484 2156 ut
2525 2102 2592 2155 de
2624 2102 2704 2156 liis
2735 2104 3111 2159 auctoritatem
3140 2107 3454 2175 apostolica:
3498 2106 3629 2162 sedis
3656 2111 3783 2165 acet-

2226 2206 2403 2260 pcres,
2453 2206 2572 2260 qum
2600 2192 2814 2261 quidem
2866 2208 3112 2263 magnam
3163 2194 3525 2251 dillieultatem
3556 2198 3787 2269 dijudica‘

2226 2282 2387 2336 tionis
2411 2282 2656 2337 videntur
2685 2284 2875 2339 alferre
2904 2303 2915 2337 :
2940 2285 3033 2341 sed
3063 2302 3158 2355 pro
3185 2288 3512 2357 inspectione
3541 2297 3786 2359 tempora-

2227 2372 2353 2426 lium
2384 2375 2763 2428 necessitatum
2794 2376 3090 2431 adhibenda
3119 2378 3327 2431 curatio
3349 2387 3449 2443 est,
3481 2387 3536 2433 ut
3560 2380 3785 2444 vulnera,

2225 2476 2342 2530 quae
2392 2462 2718 2519 adversitatc
2767 2464 3075 2520 hostilitatis
3122 2466 3267 2521 illata
3315 2474 3436 2521 sunt
3466 2509 3483 2537 ,
3532 2467 3789 2537 religionis

2227 2556 2461 2611 maxime
2494 2557 2705 2610 ratione
2736 2568 3012 2611 rattt‘nltlt‘.
3128 2554 3136 2558 ⁴

2227 2673 2375 2739 Quod
2395 2674 2611 2727 debeant
2635 2675 2855 2740 (entiam,
2894 2690 3009 2744 qua:
3027 2674 3188 2744 captis
3214 2674 3332 2728 ciris
3359 2684 3631 2744 nupserant
3656 2676 3793 2743 aliis,

2295 2744 2537 2817 regressis
2584 2744 2647 2796 dc
2682 2746 2972 2812 captivitate
3000 2748 3119 2798 viris
3154 2747 3410 2817 prioribus
3451 2746 3700 2817 capulari,
3740 2755 3795 2799 ut

2293 2815 2428 2883 quod
2457 2831 2603 2868 suum
2630 2822 2701 2867 cst
2729 2817 3068 2884 minantisque
3093 2816 3323 2883 recipiat.

2292 2924 2450 2983 XLII.
2500 2923 2633 2980 Cum
2663 2941 2790 2995 ergo
2816 2942 2914 2996 per
2944 2926 3187 2982 bellicam
3243 2926 3447 2981 cladem
3478 2936 3531 2981 et
3559 2942 3652 2995 per
3680 2942 3798 2995 gra-

2219 3017 2468 3072 vissimos
2504 3015 2812 3073 hostilitatis
2856 3019 3098 3074 incursus
3130 3019 3203 3074 ita
3231 3020 3470 3088 quaedam
3501 3019 3689 3074 dicatis
3718 3020 3799 3073 di-

2220 3108 2331 3164 visa
2363 3123 2482 3163 esse
2509 3108 2777 3177 eonjugia,
2808 3118 2865 3163 ut
2891 3109 3131 3163 abductis
3178 3108 3229 3163 iu
3278 3110 3640 3181 captivitatem
3678 3112 3806 3168 viris

3365 3216 3485 3270 quae
3515 3202 3659 3256 viros
3674 3219 3803 3272 pro-

2218 3289 2364 3358 prius
2407 3296 2498 3341 aut
2534 3287 2887 3357 interemptos
2914 3297 3182 3357 putarent,
3224 3298 3316 3343 aut
3342 3306 3617 3361 nunquam
3643 3307 3677 3346 a
3708 3292 3809 3347 do-

2218 3377 2511 3431 minatione
2540 3377 2820 3432 crederent
2849 3378 3174 3444 liberandos,
3226 3388 3283 3435 et
3323 3381 3373 3435 in
3407 3381 3638 3436 aliorum
3685 3398 3812 3438 eon-

2212 3467 2416 3535 jugium
2446 3467 2731 3523 solitudine
2760 3478 2987 3535 cogente
3019 3470 3363 3525 transierint:
3396 3487 3630 3543 cumque
3665 3490 3810 3531 nunc

2216 3564 2356 3609 statu
2384 3572 2583 3623 rerum,
2615 3558 2906 3613 auxiliante
2936 3559 3182 3623 Domino,
3202 3544 3263 3614 in
3288 3562 3509 3617 meliora
3540 3580 3812 3623 converso

2216 3649 2454 3703 nonnulli
2494 3665 2704 3715 eorum,
2733 3652 2821 3719 qui
2856 3652 3179 3719 putabantur
3215 3655 3457 3724 periisse,
3489 3660 3811 3720 retnearint,

2215 3739 2407 3792 merito
2434 3738 2669 3793 charitas
2698 3748 2784 3794 tua
2816 3741 3027 3795 videtur
3052 3743 3322 3811 ambigere
3365 3747 3493 3815 quid
3518 3746 3589 3801 de
3623 3750 3821 3803 mulie-

2213 3828 2379 3896 ribus,
2430 3846 2549 3898 qua:
2589 3830 2704 3883 aliis
2727 3831 2929 3898 junetm
2978 3842 3105 3886 sunt
3152 3834 3299 3899 viris,
3342 3850 3373 3890 a
3405 3837 3566 3892 nobis
3614 3838 3821 3894 debeat

2212 3925 2469 3977 ordinari.
2517 3924 2622 3979 Sed
2668 3925 2792 3993 quia
2844 3926 3088 3980 novimus
3124 3928 3401 3997 scriptum,
3453 3930 3607 4000 quod
3640 3947 3672 3985 a
3706 3932 3824 3986 Deo

2206 4012 2447 4081 jungitur
2491 4015 2680 4068 mulier
2710 4016 2842 4076 viro.
2893 4024 2948 4069 et
2985 4016 3177 4071 iterum
3208 4028 3538 4088 perceptum
3580 4024 3826 4087 agnovi-

2213 4117 2349 4159 mus.
2383 4113 2435 4155 ut
2466 4102 2609 4172 quod
2636 4102 2773 4156 Deus
2800 4102 2975 4172 junxit
3023 4104 3182 4159 homo
3205 4120 3311 4159 non
3333 4116 3555 4175 separet
3588 4108 3827 4177 (Matth.

2213 4194 2349 4258 xu),
2377 4209 2598 4249 necesse
2628 4201 2710 4246 est
2749 4203 2807 4246 ut
2858 4194 3213 4261 legitimarum
3256 4197 3457 4252 findere
3491 4200 3829 4267 nuptiarum

2211 4284 2621 4352 redintegranda
2652 4286 2951 4347 credamus,
2994 4295 3045 4357 et
3076 4290 3296 4341 remotis
3338 4290 3515 4352 malis,
3549 4306 3690 4358 qua:
3724 4292 3833 4346 lto-

2210 4376 2403 4429 stilitas
2456 4375 2651 4439 intulit,
2718 4376 3001 4445 unicuique
3044 4377 3093 4430 id
3139 4377 3282 4447 quod
3321 4378 3567 4447 legitime
3628 4382 3840 4437 habuit

2210 4466 2570 4527 relormetur,
2622 4466 2874 4535 omnique
2922 4468 3098 4523 studio
3168 4471 3571 4537 procurandum
3629 4482 3725 4527 est
3778 4485 3841 4528 ut

2131 4550 2178 4607 D
2206 4560 2429 4627 recipiat
2453 4559 2812 4625 unusquisque
2840 4559 2983 4627 quod
3015 4562 3287 4629 prepriunt
3315 4570 3415 4616 est.

2208 4696 2359 4761 Quod
2386 4714 2487 4751 non
2512 4700 2754 4773 probetur
2776 4715 2885 4773 esse
2906 4701 3199 4769 cutpabilis,
3222 4703 3305 4771 qui
3334 4718 3558 4757 uxorem
3588 4706 3751 4773 capti
3782 4706 3841 4757 in

2528 4771 2856 4825 matrimonio
2885 4772 3082 4823 videtur
3110 4789 3219 4825 esse
3239 4774 3473 4826 sortitus.

2275 4877 2450 4934 XLIII.
2486 4879 2591 4937 Nec
2624 4892 2800 4936 tamen
2831 4882 3108 4951 culpaltilis
3130 4884 3415 4951 judicetur,
3449 4898 3506 4940 et
3540 4897 3849 4958 umquam

2203 4969 2360 5025 alieni
2406 4970 2544 5040 juris
2583 4988 2841 5042 pervasor
2877 4974 3155 5040 habeatur,
3200 4976 3292 5045 qui
3340 4992 3655 5046 personam
3714 4982 3849 5047 ejus

2204 5066 2404 5131 mariti,
2434 5064 2653 5135 quijam
2686 5083 2792 5120 non
2836 5082 2954 5121 esse
2993 5066 3421 5131 existimabatur,
3474 5074 3847 5141 assumpsit.

2202 5154 2292 5210 Sic
2320 5157 2461 5210 enim
2505 5158 2671 5211 multa
2699 5173 2815 5227 qum
2843 5157 2909 5212 ad
2938 5174 3033 5213 eos
3082 5160 3174 5226 qui
3207 5161 3260 5213 in
3287 5160 3692 5228 captivitatem
3728 5164 3853 5216 ἀλ-

2201 5247 2272 5300 eti
2302 5256 2427 5299 sunt
2454 5248 2813 5315 pertinebant,
2862 5248 2913 5302 in
2940 5247 3025 5316 jus
3071 5249 3301 5304 alienum
3334 5252 3581 5305 transite
3616 5264 3855 5321 potuc-

2202 5344 2346 5397 runt,
2374 5345 2432 5388 et
2455 5343 2633 5390 tamen
2662 5337 2879 5404 plenum
2898 5336 3117 5404 iustitiae
3145 5349 3230 5392 est
3272 5348 3328 5392 ut
3376 5339 3588 5395 iisdem
3627 5356 3862 5395 rever-

2201 5425 2274 5478 sis
2322 5426 2537 5494 propria
2566 5425 2941 5483 reformentur.
2959 5427 3113 5493 Quod
3140 5430 3185 5482 si
3213 5431 3265 5482 in
3296 5431 3599 5499 mancipiis
3645 5432 3754 5485 vel
3796 5433 3865 5485 in

2195 5516 2354 5581 agris,
2387 5524 2481 5569 aut
2506 5517 2666 5570 etiam
2715 5517 2767 5571 in
2796 5517 3042 5572 domibus
3088 5535 3153 5573 ac
3209 5521 3682 5589 possessionibus
3740 5526 3871 5576 rite

2193 5613 2463 5670 servatur,
2513 5617 2717 5674 quanto
2741 5608 2907 5675 magis
2935 5608 2985 5662 in
3030 5609 3399 5678 conjugiorutn
3441 5611 3871 5680 redintegra—

2198 5700 2341 5752 tioue
2370 5698 2668 5753 faciendum
2695 5707 2793 5763 est,
2820 5708 2877 5753 ut
2904 5700 3047 5768 quod
3078 5700 3269 5757 bellica
3294 5702 3683 5760 ,neceSsitate
3714 5712 3876 5762 tur-

2195 5792 2379 5852 batum
2401 5800 2483 5848 est
2510 5790 2658 5865 pacis
2679 5791 2915 5851 remedio
2939 5791 3290 5853 refertncturt
