3988 6344
217 394 328 453 Ξ97

1259 406 1630 463 COLLECTIO
1671 382 2130 465 υιῖαῐιιῖτοῖιωι
2174 411 2276 465 pr.
2321 411 2435 466 nn.

3392 422 3458 475 29
3470 420 3502 474 8

200 507 289 563 ὐτ
319 513 364 565 si
399 514 508 599 viri
526 513 914 599 de_captivitute_
953 517 1622 599 regressinintemperautia
1669 535 1804 599 uro-
1838 522 1887 580 Α
1915 528 2193 587 ceperunt,
2249 539 2370 577 cum
2418 524 2672 594 baptizati
2722 535 2877 583 antea
2926 544 3030 583 non
3078 529 3331 599 fuissent,
3379 534 3497 588 sola

284 598 399 635 rum
427 583 613 651 oﬁ'ensi
645 583 748 637 non
772 586 972 707 [uer-int
992 583 1028 651 ,⁷
1044 595 1093 639 et
1131 583 1393 639 voluerint
1410 604 1498 640 eas
1532 590 1584 641 in
1616 590 1800 657 conju-

286 653 424 707 aistm
452 655 698 707 recinere.
731 654 767 707 li
804 672 945 707 eram
974 655 1198 707 habeant
1227 658 1545 707 facultatem.

286 653 424 722 gistm
452 655 698 723 recipere,
731 653 945 719 liberam
974 655 1198 710 habeant
1224 658 1545 727 facultatem.

287 759 467 814 XLIV.
499 758 564 813 Et
589 761 711 816 ideo
739 762 786 816 si
816 763 915 818 viri
942 770 1064 833 post
1090 765 1305 835 longam
1330 769 1696 838 captivitatem
1718 783 1803 824 re-

210 851 353 905 versi
380 851 455 905 ita
484 852 538 905 in
566 852 858 908 dilectione
882 869 1097 910 suarum
1119 857 1403 926 conjugum
1433 867 1797 929 perseverent,

205 952 269 995 ut
297 956 391 995 eas
415 942 639 1011 cupiant
682 942 735 997 in
779 960 934 999 suum
962 945 1139 1001 redire
1165 949 1516 1015 consortium,
1548 950 1802 1005 omitten-

203 1033 336 1087 dum
363 1039 469 1097 est,
500 1040 556 1087 et
580 1033 906 1103 inculpabile
930 1035 1295 1103 iudicandum,
1329 1038 1473 1106 quod
1508 1040 1799 1095 necessitas

203 1124 408 1189 intulit,
442 1131 499 1178 et
525 1125 915 1180 restituendum
943 1135 1029 1182 est
1054 1128 1197 1197 quod
1222 1128 1351 1184 ﬁdes
1380 1130 1571 1199 poscit.

201 1238 275 1319 Ut
299 1238 345 1292 si
355 1236 611 1319 _mul_ieres
641 1235 712 1319 ad
740 1237 939 1319 priores
968 1239 1382 1319 maritos_redire
1398 1241 1679 1319 noluerint,
1713 1260 1795 1295 ve-

242 1309 320 1361 lut
348 1308 545 1377 inspice,
571 1308 921 1361 ecclesiastica
948 1310 1306 1364 communione
1332 1311 1597 1373 privandw
1615 1314 1741 1365 sint.

272 1417 431 1473 XLV.
468 1418 526 1474 Si
568 1427 750 1474 autem
798 1421 989 1490 aliquae
1026 1422 1277 1478 mulieres
1323 1422 1396 1477 ita
1436 1424 1793 1494 posteriorum

196 1511 441 1564 virorum
472 1526 659 1566 amore
688 1519 812 1567 sunt
850 1520 1039 1582 captae,
1087 1521 1146 1567 ut
1176 1514 1363 1568 malint
1391 1514 1473 1570 bis
1500 1515 1792 1583 cohcerere,

195 1617 367 1671 quam
390 1602 457 1657 ad
488 1602 780 1672 legitimum
827 1604 1003 1659 redire
1032 1606 1383 1670 consortium,
1432 1607 1626 1662 merito
1669 1615 1795 1661 sunt

196 1693 491 1756 notandus,
557 1694 628 1748 ita
676 1702 733 1749 ut
778 1696 938 1749 etiam
989 1696 1352 1751 ecclesiastica
1418 1697 1793 1753 communione

196 1786 501 1855 priventur,
557 1802 677 1855 quas
724 1786 791 1842 de
838 1802 898 1841 re
942 1788 1236 1842 excusabili
1283 1789 1790 1844 contaminationem

1908 612 2077 665 sancti
2095 611 2327 681 Spiritus
2350 614 2686 672 invocatione
2709 634 2804 688 per
2823 620 3216 690 impositionem
3240 639 3492 681 manuum

1906 702 2255 759 conﬁrmandi
2284 715 2425 773 sunt,
2458 709 2581 780 quia
2613 711 2837 765 formam
2866 721 3071 768 tantum
3102 707 3355 784 baptismi
3377 718 3495 771 sine

1903 795 2340 852 sanctiﬁcationis
2362 799 2555 854 virtute
2577 812 2939 871 sumpserum.
2982 803 3047 858 Et
3068 805 3207 860 hanc
3226 806 3486 875 regulam.

1902 892 1960 937 ut
1982 886 2141 951 scitis,
2161 889 2477 944 servandam
2507 892 2559 945 in
2585 893 2830 947 omnibus
2847 890 3098 950 Ecclesiis
3118 896 3491 967 praedicamus,

1901 982 1961 1028 ut
1990 976 2262 1033 lavacrum
2302 982 2469 1037 semel
2512 983 2699 1039 initum
2730 985 2875 1039 nulla
2924 987 3208 1043 iteratione
3238 989 3491 1053 violetur,

1900 1065 2111 1123 dicente
2140 1069 2400 1139 Apostolo
2444 1091 2454 1125 :
2501 1068 2648 1130 Unus
2676 1076 2836 1144 Deus,
2869 1088 2972 1131 una
3005 1078 3157 1147 lides,
3186 1094 3350 1134 unum
3388 1081 3489 1136 ba-

1901 1156 2091 1224 ptisma
2126 1156 2342 1229 (Ep/tes.
2377 1162 2473 1232 tv),
2507 1162 2659 1233 eujus
2688 1162 2891 1221 ablutio
2923 1166 3065 1222 nulla
3096 1169 3381 1225 iteratione
3410 1178 3489 1226 te-

1901 1248 2153 1302 meranda
2185 1258 2285 1316 est,
2318 1252 2430 1317 sed,
2465 1262 2523 1307 ut
2546 1254 2795 1321 diximus,
2840 1257 2955 1312 sola
2983 1258 3336 1315 sanctiﬁcatio
3362 1260 3488 1330 Spi-

1901 1337 2035 1392 ritus
2080 1341 2249 1394 sancti
2304 1340 2600 1397 invocanda
2650 1354 2771 1410 est,
2819 1354 2879 1400 ut
2914 1345 3057 1415 quod
3107 1348 3174 1403 ab
3223 1348 3487 1405 haereticis

1901 1440 2059 1483 nemo
2090 1429 2305 1499 accipit,
2338 1447 2366 1485 a
2408 1434 2687 1509 catholicis
2709 1438 3074 1494 sacerdotibus
3106 1451 3481 1510 consequatur.

1899 1514 2048 1572 llanc
2077 1529 2253 1572 autem
2277 1522 2556 1589 epistolam
2610 1534 2867 1594 nostram,
2915 1544 3075 1598 quam
3106 1530 3172 1583 ad
3212 1533 3485 1587 consulta-

1899 1606 2099 1663 tionem
2129 1618 2232 1663 tua:
2256 1610 2606 1668 fraternitatis
2631 1616 2922 1685 emisimus,
2959 1619 3023 1673 ad
3055 1636 3243 1675 onmes
3272 1621 3482 1689 fratres,

1897 1706 1951 1751 et
1979 1701 2457 1769 comprovincialcs
2489 1714 2608 1761 tuos
2652 1708 2937 1779 episc0pos
2986 1710 3150 1766 facias
3179 1716 3481 1782 pervenire,

1898 1798 1954 1842 ut
1985 1792 2223 1845 omnium
2253 1793 2606 1850 observantia:
2648 1797 2769 1851 data
2800 1802 2969 1869 prosit
2998 1804 3306 1859 auctoritas.
3350 1804 3485 1864 Data

195 1876 445 1932 criminis
468 1879 767 1947 elegerunt,
800 1880 1146 1934 ostendentes
1192 1881 1408 1935 sibimet
1437 1896 1536 1949 pro
1584 1896 1679 1936 sua
1711 1881 1789 1935 in-
1824 1887 1867 1945 It
1898 1878 1963 1930 12
1992 1879 2091 1933 cal.
2126 1881 2404 1951 Aprilium,
2437 1901 2585 1940 cons.
2618 1887 2908 1957 Maioriano
2940 1891 3197 1960 Augusto.

198 1967 536 2022 continentia
581 1968 876 2039 placuisse,
919 1970 1062 2039 quod
1092 1970 1237 2039 justa
1284 1970 1530 2027 remissio
1577 1980 1789 2041 poterat

194 2056 440 2125 expiare.
490 2057 733 2112 Redeunt
762 2074 890 2128 ergo
940 2060 992 2114 in
1039 2075 1195 2116 suum
1242 2069 1439 2115 statum
1489 2060 1787 2116 voluntaria
1870 2067 1880 2076 '

192 2149 654 2217 redintegrationc
678 2148 948 2218 conjugia,
974 2166 1149 2219 neque
1173 2148 1281 2206 ullo
1308 2150 1471 2205 modo
1495 2152 1559 2205 ad
1588 2165 1785 2221 Oppro~

193 2240 370 2294 brium
402 2241 554 2294 malae
605 2241 893 2296 voluntatis
942 2242 1202 2309 trahatur,
1244 2243 1384 2313 quod
1424 2242 1661 2299 conditio
1693 2260 1787 2298 ne-

193 2332 464 2387 cessitatis
493 2334 753 2387 extorsit:
778 2333 900 2403 quia
929 2332 1067 2388 sicut
1118 2334 1199 2388 ha:
1246 2336 1517 2402 mulieres,
1564 2350 1683 2405 quae
1709 2350 1787 2391 reo

192 2423 332 2476 verti
364 2423 428 2476 ad
459 2424 603 2478 viros
641 2438 769 2477 suos
798 2422 1088 2487 noluerint,
1136 2421 1310 2494 impia:
1353 2434 1477 2480 sunt
1504 2426 1781 2492 habendas,

191 2511 267 2563 ita
300 2511 421 2575 ῑιιω,
453 2526 572 2579 quac
603 2512 655 2565 in
686 2506 937 2567 affectum
960 2527 1027 2567 ex
1053 2512 1165 2569 Deo
1189 2514 1376 2569 initum
1402 2516 1644 2581 redeunt,
1672 2531 1783 2570 mes

191 2604 300 2659 rito
330 2613 456 2659 sunt
481 2604 779 2659 laudandm.

190 2712 422 2784 Captivis
454 2725 542 2769 aut
572 2733 765 2787 errore,
815 2725 903 2769 aut
948 2718 1107 2787 fante,
1149 2735 1250 2771 non
1282 2721 1603 2773 veneratione
1644 2720 1783 2774 cibos

223 2786 583 2840 immolatitios
603 2786 753 2840 edere
773 2786 1047 2856 compulsis
1072 2789 1369 2857 paenitentia
1397 2790 1742 2845 concedenda.

262 2896 447 2951 XLVI.
482 2896 555 2951 De
582 2897 664 2951 his
687 2905 861 2951 autem
902 2896 1241 2964 Christianis,
1286 2900 1374 2968 qui
1414 2901 1556 2955 inter
1603 2917 1717 2968 eos,
1749 2919 1779 2958 a

186 2991 385 3059 quibus
425 2986 636 3043 fuerant
661 2990 933 3059 captivati,
986 2990 1336 3045 immolatitiis
1373 2992 1504 3047 cibis
1532 3008 1781 3049 asserun-

185 3089 277 3134 tur
299 3095 423 3134 esse
445 3080 657 3148 polluti,
672 3081 1054 3135 consultationi
1077 3079 1355 3136 charitatis
1374 3089 1475 3136 tua:
1496 3083 1599 3137 hoc
1620 3085 1778 3138 etiam

184 3171 624 3241 respondendum
659 3187 779 3227 esse
805 3171 1146 3239 credidimus,
1192 3181 1247 3227 ut
1276 3173 1602 3242 poenitentia:
1630 3176 1782 3230 satis-

184 3262 427 3317 factione
454 3273 767 3333 purgentur,
810 3278 927 3333 qua:
956 3278 1062 3318 non
1113 3271 1219 3319 tam
1260 3264 1514 3334 temporis
1544 3265 1777 3335 Iongitu-
1806 3243 1852 3306 (ἶ

182 3353 338 3417 dine,
391 3370 553 3423 quam
591 3354 770 3410 cordis
814 3355 1230 3424 compunctione
1277 3355 1548 3426 pensanda
1577 3365 1677 3411 est.
1710 3356 1779 3412 Et

181 3446 300 3498 sive
329 3444 437 3498 hoc
477 3459 629 3498 error
658 3444 961 3509 extorserit,
1005 3444 1117 3498 sive
1163 3444 1328 3501 fames
1373 3445 1621 3512 suaserit,
1667 3462 1775 3503 non

180 3534 463 3587 dubitetur
483 3533 825 3599 abolendum,
843 3551 962 3589 cum
990 3532 1292 3602 huiusmodi
1316 3538 1466 3592 cibus
1487 3553 1585 3607 pro
1608 3520 1772 3601 metu,

179 3631 277 3675 aut
327 3622 649 3692 indigentia,
696 3637 805 3677 non
856 3637 955 3692 pro
1003 3622 1272 3692 religionis
1318 3625 1662 3681 veneratione
1707 3628 1777 3681 sit

177 3721 453 3785 sumptus.

179 3824 336 3890 Quod
366 3827 441 3888 lti,
471 3825 567 3895 qui
586 3827 654 3879 ad
681 3827 1003 3881 iterationem
1033 3827 1272 3895 baptismi
1300 3830 1377 3883 vel
1404 3829 1473 3897 vi,
1496 3831 1572 3884 rei
1596 3826 1783 3886 timore

249 3898 423 3950 coacti
443 3898 643 3950 animos
664 3898 999 3963 inclinarunt,
1023 3900 1333 3967 paenitentite
1352 3900 1455 3952 sint
1475 3899 1774 3955 sublevandi

251 3968 481 4041 remedio
506 3968 633 4041 :“ita
667 3976 724 4019 ut
756 3967 934 4020 senilis
970 3968 1156 4032 (etatis,
1196 3970 1772 4041 parvulommrquoque,

246 4048 296 4089 et
317 4036 710 4108 tegritudimmt,
734 4045 1132 4108 caeterarumque
1151 4036 1507 4095 necessitatum
1527 4036 1776 4095 habeatur

246 4108 478 4161 sollicita
508 4106 919 4161 consideratione
939 4106 1214 4177 respectus.

246 4219 459 4274 XLVII.
494 4218 557 4273 lli
588 4234 735 4286 vero,
786 4220 854 4275 de
891 4222 1084 4291 quibus
1130 4222 1378 4278 similiter
1418 4222 1637 4278 dilectio
1684 4231 1773 4277 tua

168 4327 275 4365 nos
314 4309 549 4364 credidit
574 4310 968 4376 consulendos,
1018 4312 1108 4381 qui
1150 4311 1215 4366 ad
1253 4312 1555 4368 iterandum
1597 4313 1773 4382 bapti-

170 4418 357 4457 smum
389 4401 475 4456 vel
507 4411 651 4456 metu
689 4403 885 4469 coacti,
932 4402 1018 4456 vel
1054 4416 1240 4457 errore
1267 4402 1495 4458 traducti
1523 4410 1670 4469 sunt,
1718 4410 1775 4456 et

166 4509 317 4551 nunc
349 4509 412 4549 se
440 4502 629 4549 contra
674 4495 951 4550 catholica:
998 4495 1117 4550 lidei
1166 4504 1559 4550 sacramentum
1597 4496 1773 4564 egisse

164 4595 533 4657 agnoscunt,
583 4602 646 4641 ea
694 4595 778 4641 est
805 4588 1153 4642 custodienda
1195 4587 1517 4653 moderatio,
1567 4602 1671 4657 qua
1716 4589 1769 4642 in
1801 4619 1848 4676 ο

164 4681 492 4733 societatem
540 4686 779 4733 nostram
824 4693 932 4732 non
963 4678 1064 4732 nisi
1110 4693 1207 4749 per
1233 4678 1563 4748 poenitentiae
1596 4692 1769 4733 reme-

162 4769 343 4829 dium,
376 4776 433 4822 et
461 4783 557 4837 per
590 4768 985 4837 impositionem
1014 4770 1335 4839 episcopalis
1364 4784 1589 4834 manus,
1617 4783 1765 4823 cont-

162 4859 449 4912 tnunionis
478 4859 741 4928 recipiant
767 4859 1046 4914 unitatem.
1093 4860 1355 4931 Tempora
1394 4860 1764 4930 paenitudinis,

158 4948 357 5001 habita
391 4946 779 5013 moderatione,
815 4957 910 5005 tuo
953 4952 1328 5006 constituenda
1356 4951 1581 5019 judicio,
1609 4960 1768 5022 prout

157 5052 562 5093 conversorum
592 5040 801 5095 animos
828 5040 1129 5111 inspexeris
1158 5056 1279 5097 esse
1322 5042 1573 5108 devotos,
1624 5043 1765 5111 pari—

154 5138 367 5196 terque
398 5129 559 5183 etiam
588 5130 847 5185 habentes
872 5133 1046 5187 :ntatis
1072 5132 1258 5187 senilis
1286 5133 1556 5194 intuitum,
1589 5142 1644 5186 et
1674 5148 1766 5202 pe-

150 5219 466 5271 riculorum
495 5232 849 5288 quorumque,
901 5230 995 5273 aut
1021 5221 1391 5288 augritudinum
1421 5221 1767 5292 respicientes

150 5310 550 5366 necessitates.
596 5309 653 5364 In
695 5311 889 5380 quibus
915 5312 958 5365 si
985 5313 1105 5381 quis
1131 5312 1203 5365 ita
1230 5313 1464 5379 graviter
1490 5322 1762 5380 urgeatur,

150 5410 227 5456 In
261 5402 391 5453 dum
417 5399 592 5454 adhuc
623 5402 863 5469 ικιξηίιρι,
912 5402 980 5456 de
1007 5401 1182 5456 salute
1224 5401 1389 5470 ipsius
1428 5402 1763 5470 despcrctur,

145 5499 396 5563 oportet
433 5492 482 5545 ei
512 5508 612 5561 per
649 5494 1039 5559 sacerdotalem
1082 5494 1495 5550 sollicitudinem
1525 5509 1767 5548 commu-

150 5586 352 5639 nionis
384 5586 555 5653 gratia
584 5585 876 5640 subveniri.

148 5696 237 5751 Us
274 5697 345 5757 lci,
374 5696 462 5767 qui
490 5697 554 5750 ab
584 5697 831 5774 hereticis
860 5699 1272 5774 baptizatisttnt,
1305 5702 1414 5756 sola
1443 5704 1609 5755 sancti
1643 5702 1764 5774 Spi-

580 5768 708 5820 ritus
736 5768 1057 5823 invocatione
1084 5771 1377 5839 ﬁrmentur.

238 5854 478 5912 XLVIII.
536 5855 669 5909 Nam
700 5857 773 5917 hi,
818 5858 909 5925 qui
937 5855 1252 5926 baptisnmm
1284 5866 1355 5919 ab
1382 5863 1643 5919 haereticis
1672 5878 1764 5918 ac-

468 5950 735 6008 ΡΑτιιοι.
786 5947 1033 6009 LXVII.

1893 1968 1957 2023 In
1986 1972 2408 2057 causanLupicini
2439 1978 2665 2057 episcopi
2691 1978 2815 2057 ⁸[ιινοΔ
2840 1982 3091 2057 universis
3116 1985 3366 2054 episcopis
3392 2000 3479 2057 per

2125 2042 2497 2099 Cwsaricnsem
2526 2042 2903 2104 Mauritaniam
2930 2042 3237 2107 constitutis.

1962 2129 2144 2184 XLIX.
2194 2131 2329 2187 Cum
2376 2135 2444 2189 de
2492 2138 2920 2195 ordinationibus
2967 2144 3306 2198 sacerdotum
3334 2161 3479 2214 qua:-

1887 2221 2012 2276 dam
2039 2222 2181 2292 apud
2221 2239 2316 2279 vos
2338 2225 2522 2282 illicite
2549 2236 2803 2298 usurpata
2828 2232 3069 2286 crebrior
3091 2234 3158 2286 ad
3181 2249 3279 2288 nos
3317 2251 3470 2290 com-

1888 2314 2182 2367 meantium
2212 2329 2390 2371 sermo
2420 2317 2707 2386 perferret,
2757 2320 2899 2375 ratio
2930 2322 3145 2390 pietatis
3188 2326 3387 2393 exegit,
3419 2336 3477 2383 ut

1887 2417 1986 2472 pro
2014 2404 2372 2462 sollicitudine
2402 2408 2583 2477 (quam
2612 2410 2875 2466 universas
2909 2411 3161 2469 Ecclesia:
3188 2416 3267 2470 'ex
3295 2418 3476 2474 divina

1886 2494 2223 2551 institutione
2262 2497 2649 2571 dependimus)
2706 2517 2885 2557 rerum
2930 2504 3087 2560 ﬁdem
3134 2508 3475 2567 studeremus

1886 2598 2201 2652 agnoscere,
2251 2586 2425 2643 vicem
2468 2604 2610 2644 curm
2647 2599 2844 2647 nostra:
2875 2593 3234 2661 proﬁciscenti
3261 2613 3292 2651 a
3320 2600 3475 2656 nobis

1886 2673 2144 2730 contratri
2172 2685 2227 2731 et
2254 2679 2627 2735 consacerdoti
2656 2689 2842 2737 nostro
2865 2681 3117 2741 Potentia
3138 2686 3470 2757 delegantes,

1884 2767 1975 2833 qui
2002 2768 2294 2823 secundum
2320 2770 2539 2841 scripta,
2584 2786 2702 2841 qua:
2730 2789 2828 2845 per
2856 2775 3029 2845 ipsum
3056 2777 3123 2831 ad
3151 2794 3248 2834 vos
3274 2780 3473 2836 direxi-

1884 2872 2022 2923 mus,
2054 2859 2121 2913 de
2145 2860 2429 2932 episcopis,
2478 2877 2707 2931 quorum
2753 2865 3035 2935 culpabilis
3062 2866 3331 2925 ferebatur
3362 2873 3471 2927 cle-

1883 2947 2014 3013 ctio,
2045 2948 2170 3016 quid
2203 2950 2401 3005 veritas
2426 2950 2671 3023 haberet,
2700 2954 3014 3026 inquireret,
3066 2960 3329 3030 nobisque
3352 2978 3470 3017 om-

1885 3040 1971 3094 nia
2005 3038 2234 3096 ﬁdeliter
2283 3042 2571 3099 indicaret.
2620 3045 2772 3102 Unde
2817 3048 2942 3119 quia
2987 3050 3126 3106 idem
3164 3053 3471 3123 plenissime

1884 3129 2089 3185 notitiae
2112 3141 2308 3187 nostra:
2329 3144 2519 3188 cuncta
2550 3138 2827 3198 reseravit,
2859 3147 2915 3193 et
2934 3142 3034 3197 sub
3058 3144 3272 3211 quibus,
3300 3146 3471 3215 quali-

1883 3218 2091 3290 basque
2118 3223 2419 3280 rectoribus
2446 3227 2689 3296 quasdam
2707 3228 2904 3287 Christi
2930 3234 3116 3303 plebes
3144 3236 3198 3295 in
3228 3239 3471 3308 partibus

1880 3312 2171 3381 provincia:
2198 3312 2545 3373 Caesariensis
2583 3318 2903 3389 habeantur,
2950 3325 3157 3381 sincera
3200 3329 3353 3387 nobis
3383 3346 3481 3395 re—,

1878 3401 2081 3458 latione
2104 3402 2379 3475 patefecit,
2409 3410 2772 3466 necessarium
2798 3411 2918 3481 fuit,
2941 3423 3001 3469 ut
3019 3415 3263 3473 dolorem
3289 3422 3469 3478 cordis

1878 3495 2068 3557 nostri,
2099 3507 2207 3564 quo
2234 3509 2332 3565 pro
2350 3496 2743 3556 dominicorum
2764 3517 2987 3572 gregum
3009 3507 3256 3576 periculis
3274 3518 3468 3566 aestua-

1879 3596 2016 3649 mus,
2043 3583 2183 3640 datis
2211 3602 2354 3642 nunc
2390 3604 2607 3660 quoque
2644 3592 2713 3647 ad
2741 3594 3082 3651 dilectionem
3112 3608 3342 3656 vestram
3374 3604 3466 3659 lit--

1878 3676 2008 3729 teris
2036 3690 2427 3745 promeremus,
2475 3681 2734 3739 mirantes
2777 3692 2985 3740 tantum
3034 3690 3175 3759 apud
3221 3707 3318 3748 vos
3366 3709 3465 3765 per

1877 3765 2220 3821 occasionem
2252 3770 2508 3838 temporis
2536 3771 2787 3842 impacati
2824 3784 2917 3830 aut
2952 3779 3302 3839 ambientium
3327 3786 3465 3856 prte-

1876 3856 2257 3925 sumptionem,
2307 3869 2402 3915 aut
2442 3864 2727 3919 tumultum
2758 3868 2987 3926 valuisse
3014 3875 3353 3943 popularem,
3404 3890 3466 3936 ut

1877 3947 2108 4018 indignis
2136 3951 2457 4022 quibusque,
2501 3963 2556 4011 et
2577 3955 2736 4027 longe
2760 3968 2911 4015 extra
2937 3964 3463 4025 sacerdotale‘meri-

1879 4048 1991 4093 tum
2038 4042 2344 4098 constitutis
2391 4048 2661 4115 pastorale
2700 4049 3001 4122 fastigium,
3052 4064 3108 4112 et
3148 4059 3464 4126 gubernatio

1877 4129 2132 4226 Ecclesia:
2159 4134 2466 4193 dederetur.
2516 4139 2631 4196 Non
2663 4151 2747 4198 est
2786 4146 2890 4201 hoc
2919 4151 3201 4207 consulere
3230 4158 3459 4226 populis,

1875 4220 1971 4275 sed
2002 4237 2215 4289 nocere,
2246 4241 2346 4281 nec
2375 4238 2632 4296 prasstare
2657 4234 2914 4303 regimen,
2939 4239 3032 4294 sed
3053 4220 3249 4310 augere
3277 4220 3465 4303 discri-

1874 4327 2019 4368 men.
2067 4313 2354 4383 lntegritas
2382 4320 2524 4374 enim
2556 4324 2955 4391 praesidentium
2984 4332 3129 4387 salus
3172 4344 3255 4389 est
3283 4338 3464 4392 subdi-

1874 4412 2072 4471 torum,
2100 4414 2155 4460 et
2182 4406 2270 4462 ubi
2299 4416 2384 4463 est
2412 4408 2752 4469 incolumitas
2769 4416 3108 4489 obedientiaa,
3132 4422 3200 4476 ibi
3224 4438 3353 4478 sana
3383 4437 3465 4482 est

1874 4489 2048 4549 forma
2070 4494 2348 4551 doctrinas.
2383 4496 2721 4571 Principatus
2749 4514 2949 4573 autem,
2977 4523 3137 4577 quem
3157 4521 3249 4565 aut
3268 4515 3463 4570 seditio

1875 4584 2123 4650 contulit,
2156 4594 2250 4640 aut
2275 4588 2509 4645 ambitus
2534 4595 2842 4662 occupavit,
2873 4597 3082 4654 etiamsi
3121 4603 3359 4659 moribus
3390 4615 3465 4661 at-

1876 4690 1982 4745 que
2007 4678 2215 4735 actibus
2244 4696 2351 4737 non
2376 4681 2630 4752 offendat,
2678 4687 2845 4756 ipsius
2876 4698 3055 4747 tamen
3104 4695 3241 4751 initii
3270 4699 3349 4753 sui
3380 4714 3465 4758 est

1876 4769 2211 4837 perniciosus
2238 4775 2507 4843 exemplo,
2540 4784 2596 4831 et
2622 4777 2838 4835 diﬁcile
2876 4790 2979 4848 est,
3030 4794 3087 4839 ut
3114 4787 3258 4845 bono
3304 4808 3466 4862 pera-

1875 4867 2069 4951 gantur
2095 4862 2263 4929 exitu,
2279 4878 2397 4933 quae
2418 4866 2560 4923 malo
2584 4877 2710 4924 sunt
2730 4871 2981 4928 inchoata
3011 4877 3292 4950 principio.
3312 4883 3464 4951 Quod

1836 4967 1845 4976 ·
1874 4950 1917 5003 si
1942 4949 1994 5004 in
2021 4954 2346 5020 quibuslibet
2366 4956 2617 5014 Ecclesia:
2638 4962 2889 5031 gradibus
2910 4949 3274 5040 providenter,
3298 4949 3465 5033 scien-

1876 5049 2066 5111 terque
2095 5047 2388 5102 curandum
2415 5043 2516 5116 est,
2558 5061 2620 5106 ut
2648 5054 2701 5108 in
2725 5053 2935 5111 Domini
2960 5058 3122 5118 domo
3151 5065 3282 5120 nihil
3303 5068 3372 5122 sit
3394 5070 3465 5125 in-

1872 5134 2199 5203 ordinatum,
2230 5138 2469 5209 nihilque
2491 5153 2902 5212 praeposterum,
2926 5160 3130 5217 quanto
3158 5158 3328 5225 magis
3356 5160 3465 5215 ela-

1872 5225 2171 5280 borandum
2186 5238 2288 5293 est,
2305 5233 2429 5287 utin
2445 5234 2710 5293 electione
2726 5238 2862 5308 ejus,
2875 5242 2966 5309 qui
2977 5258 3138 5316 supra
3150 5262 3336 5303 omnes
3353 5265 3464 5319 gra-

1871 5316 1974 5372 dus
2001 5321 2361 5387 constituitur,
2391 5339 2497 5380 non
2520 5331 2769 5384 erretur?
2789 5329 2920 5384 Nam
2944 5339 3108 5390 totius
3132 5336 3344 5392 familitc
3360 5316 3462 5392 Do~

1873 5410 2004 5463 mini
2033 5419 2225 5481 status,
2242 5423 2297 5468 et
2317 5415 2449 5471 ordo
2472 5420 2700 5487 nutabit,
2718 5422 2763 5476 si
2792 5424 2936 5490 quod
2960 5428 3246 5497 requiritur
3267 5431 3318 5482 in
3341 5446 3457 5483 cor-

1870 5514 2006 5569 pore
2035 5518 2141 5557 non
2163 5504 2464 5563 inveniatur
2488 5509 2540 5563 in
2571 5513 2767 5581 capite.
2796 5513 2894 5569 Ubi
2917 5527 3000 5571 est
3024 5519 3114 5572 illa
3141 5520 3286 5574 beati
3310 5520 3458 5576 Pauli

1873 5594 2114 5664 Apostoli
2144 5614 2242 5669 per
2287 5602 2531 5671 spiritum
2581 5605 2675 5659 Dei
2723 5608 2915 5661 emissa
2963 5610 3293 5679 pratceptio:
3349 5628 3457 5681 qua

1873 5686 1927 5740 in
1960 5702 2190 5756 persona
2218 5690 2483 5748 Timothei
2507 5696 2743 5750 omnium
2773 5698 2970 5752 Christi
2991 5700 3331 5758 sacerdotum
3363 5721 3457 5760 nn-

1874 5791 2056 5834 merus
2084 5780 2344 5847 eruditur,
2368 5792 2421 5838 et
2448 5786 2735 5852 unicuique
2756 5796 2999 5843 nostrum
3021 5788 3233 5857 dicitur,
3268 5793 3458 5853 Manus

1874 5868 1984 5923 cito
2008 5872 2206 5926 nemini
2237 5872 2579 5943 imposneris,
2625 5890 2798 5943 neque
2827 5882 3191 5938 communiccs
3219 5891 3457 5953 peccatis

2873 5970 2945 6030 10
