3988 6344
511 390 617 445 ΞΊΩ

1791 376 2145 437 DIONYSIL'S
2183 379 2507 438 EXIGUUS.
3676 384 3761 440 300

518 499 706 556 alienis
730 495 821 568 (II
856 498 987 553 Tim.
1012 498 1104 568 v)?
1135 496 1273 564 Quid
1303 502 1385 552 est
1425 493 1533 549 cito
1582 448 1772 548 manus
1802 494 2099 562 imponere,
2137 494 2183 553 A
2210 494 2480 564 adjuvant,
2509 511 2669 565 quam
2699 495 2941 564 diligens,
2992 506 3045 552 et
3073 508 3234 566 quam
3278 497 3513 566 prudens
3540 498 3765 559 habenda

450 606 459 645 δ
519 590 619 646 nisi
649 597 776 645 ante
801 597 1015 644 aetatem
1044 586 1390 651 maturitatis,
1423 591 1549 639 ante
1575 592 1786 654 tempus
1814 585 2098 653 examinis,

518 690 647 737 ante
675 680 927 737 meritum
951 679 1293 747 obedientiaa,
1318 677 1543 746 laboris,
1569 684 1693 730 ante
1713 676 2102 746 experientiam

454 828 459 831 ,
519 771 812 842 disciplinae
837 768 1231 825 sacerdotalem
1263 768 1529 823 honorem
1560 767 1797 822 tribuere
1824 781 1932 821 non
1972 781 2101 838 pro-

521 863 695 918 batis?
723 862 791 918 Et
819 862 948 933 quid
973 868 1055 918 est
1074 861 1472 918 communicare
1494 858 1732 929 peccatis
1761 859 1974 928 alienis,
2003 858 2104 914 nisi

457 948 459 951 ’
521 963 575 1009 et
603 955 763 1008 talem
814 953 955 1010 eftici
999 953 1371 1018 ordinantem,
1403 950 1577 1021 qualis
1609 958 1691 1006 est
1720 950 1828 1013 ille,
1877 951 1966 1020 qui
1994 965 2102 1004 non

522 1044 719 1099 meruit
746 1043 1016 1099 ordinari?
1037 1043 1187 1099 Sicut
1213 1042 1355 1098 enim
1388 1041 1513 1097 boni
1553 1040 1733 1111 operis
1760 1041 1861 1096 sibi
1887 1055 2105 1109 compa-

525 1143 607 1188 rat
652 1133 903 1199 fructum,
929 1134 1021 1204 qui
1050 1143 1258 1189 rectum
1287 1139 1436 1187 tenet
1467 1131 1519 1185 in
1551 1131 1797 1200 eligendo
1821 1130 2105 1185 sacerdote

523 1227 783 1297 judicium
811 1245 823 1279 :
851 1227 922 1280 ita
938 1225 1087 1295 gravi
1107 1224 1460 1294 semetipsum
1489 1223 1654 1278 allicit
1682 1222 1901 1287 damno,
1929 1221 2021 1290 qui
2052 1221 2105 1275 in

524 1335 679 1376 suum
710 1318 992 1386 collegium
1021 1317 1245 1374 assumit
1272 1315 1568 1385 indignum.
1600 1314 1719 1369 Non
1749 1327 1879 1383 ergo
1911 1314 1963 1367 in
2012 1329 2107 1367 cu-

524 1409 770 1479 jusquam
799 1422 1030 1477 persona
1051 1403 1570 1477 prtetermittendum
1602 1412 1715 1468 est,
1747 1403 1891 1474 quod
1918 1405 1972 1458 in
1998 1413 2107 1458 sta-

524 1501 655 1554 tutis
683 1498 1021 1567 generalibus
1043 1498 1375 1565 continetur,
1405 1510 1504 1550 nec
1525 1496 1794 1564 putandus
1823 1504 1905 1550 est
1934 1496 2109 1550 honor

525 1590 615 1645 ille
644 1589 1035 1658 lcgitimus,qui
1059 1588 1219 1643 fuerit
1245 1595 1432 1643 contra
1457 1587 1648 1643 divina:
1677 1586 1809 1654 legis
1838 1592 2106 1657 prmcepta

525 1680 769 1735 collatus.
806 1679 1025 1734 Dicente
1048 1679 1191 1734 enim
1240 1677 1522 1749 Apostolo,
1556 1687 1616 1732 ut
1648 1677 1787 1733 inter
1832 1676 1965 1731 alias
1992 1676 2105 1730 ele-

528 1770 725 1825 ctionis
755 1769 966 1839 regulas
997 1770 1041 1825 is
1090 1769 1377 1839 episcopus
1404 1768 1703 1834 ordinetur,
1733 1782 1895 1837 quem
1950 1766 2107 1822 unius

2203 595 2288 641 est
2333 587 2659 656 dispensatio
2703 588 3008 644 divinorum
3039 605 3345 657 munerum,
3380 597 3439 646 et
3486 593 3765 648 cmlestium

2204 679 2559 746 dignitatum?
2631 678 2709 735 Ne
2753 680 2806 735 in
2853 679 3036 750 aliquo
3080 682 3373 752 apostolica
3416 690 3473 738 et
3523 684 3768 739 canonica

2205 770 2421 825 decreta
2461 770 2750 838 violentur,
2781 780 2838 828 et
2886 772 2972 828 his
3016 771 3261 829 Ecclesia
3314 774 3525 830 Domini
3552 776 3771 845 regenda

2206 858 2481 923 credatur,
2526 861 2618 929 qui
2664 861 3025 930 legitimarum
3074 862 3472 919 institutionum
3511 867 3691 932 nescii,
3721 875 3773 923 et

2206 948 2372 1003 totius
2398 948 2715 1005 humilitatis
2738 951 2907 1021 ignari
2928 967 3035 1007 non
3067 953 3134 1008 ab
3164 951 3365 1008 inﬁmis
3380 969 3593 1010 sumere
3616 956 3774 1011 incre-

2206 1048 2465 1104 mentum,
2495 1039 2589 1096 sed
2617 1056 2647 1095 a
2678 1042 2902 1097 summis
2947 1043 3138 1097 volunt
3186 1042 3387 1099 habere
3440 1044 3773 1114 principium,

2208 1145 2329 1186 cum
2369 1130 2531 1185 valde
2577 1131 2818 1200 iniquum
2866 1133 2955 1199 sit,
2988 1144 3043 1193 et
3088 1133 3403 1200 absurdum,
3452 1143 3512 1190 ut
3558 1136 3774 1205 imperiti

2206 1223 2496 1290 magistris,
2551 1225 2674 1279 novi
2700 1226 2965 1294 antiquis,
3000 1234 3059 1281 et.
3082 1226 3242 1283 rudes
3270 1227 3619 1299 prteferantur
3641 1242 3775 1282 eme-

2205 1314 2341 1370 ritis.
2371 1314 2428 1369 In
2457 1315 2618 1370 domo
2644 1315 2860 1384 quidem
2889 1331 3104 1386 magna,
3134 1319 3276 1374 sicut
3301 1318 3591 1391 Apostolus
3614 1320 3776 1376 disse.

2206 1404 2294 1467 rit,
2321 1419 2543 1460 necesse
2570 1413 2671 1472 est,
2703 1414 2761 1460 ut
2785 1421 2911 1462 vasa
2940 1408 3149 1464 diversa
3176 1410 3305 1475 sint,
3330 1411 3573 1479 quaedam
3601 1426 3776 1475 aurea,

2207 1504 2260 1550 et
2288 1505 2561 1564 argentea,
2591 1498 2832 1568 quaedam
2864 1515 2993 1555 vero
3022 1501 3217 1571 lignea,
3247 1511 3303 1558 et
3334 1504 3542 1571 tictilia,
3570 1505 3664 1560 sed
3690 1506 3777 1560 ho-

2206 1601 2324 1642 rum
2352 1588 2705 1645 ministerium
2743 1606 2842 1660 pro
2880 1593 3119 1648 materiae
3146 1594 3407 1664 qualitate
3442 1597 3777 1665 discernitur,

2206 1692 2309 1733 nec
2332 1686 2415 1733 est
2439 1681 2801 1749 pretiosorum
2831 1682 2971 1737 idem
3001 1699 3154 1751 usus,
3172 1692 3230 1739 et
3256 1686 3461 1741 vilium.
3487 1686 3618 1741 Nam
3651 1688 3777 1743 inor-

2209 1767 2391 1823 dinata
2424 1779 2582 1826 erunt
2616 1773 2818 1839 omnia,
2850 1773 2897 1829 si
2928 1774 3111 1829 fictilia
3137 1776 3338 1841 aureis,
3369 1785 3426 1832 et
3457 1776 3633 1847 lignea
3652 1793 3779 1847 pra:-

526 1861 711 1916 uxoris
738 1860 909 1915 virum
932 1859 1120 1929 fuisse,
1143 1870 1235 1914 aut
1264 1874 1383 1915 esse
1407 1857 1802 1930 consiterit(1
1834 1857 1965 1912 Tim.
2000 1854 2102 1927 ιιι),
2141 1880 2182 1939 Β
2209 1857 2453 1914 feruntur
2477 1862 2766 1930 argenteis.
2797 1863 2949 1919 Sicut
2991 1872 3168 1919 autem
3196 1864 3248 1919 in
3275 1865 3485 1935 ligneis,
3527 1875 3583 1922 et
3611 1867 3779 1922 lictili-

527 1959 637 2005 tam
692 1958 901 2005 sacrata
943 1965 1158 2021 semper
1204 1949 1383 2005 habita
1422 1957 1506 2005 est
1552 1950 1653 2007 ista
1688 1949 1995 2020 prmceptio,
2050 1957 2107 2004 ut

526 2041 691 2096 etiam
713 2040 781 2096 de
826 2040 1050 2095 muliere
1095 2040 1393 2097 sacerdotis
1417 2040 1649 2110 eligendi
1681 2041 1870 2096 eadem
1903 2038 2105 2096 intelli-

522 2137 742 2199 geretur
761 2131 1022 2186 servanda
1047 2131 1285 2188 conditio
1317 2148 1332 2185 :
1362 2146 1429 2186 ne
1457 2131 1598 2187 forte
1640 2132 1752 2197 illa,
1794 2133 2105 2201 priusquam

523 2223 580 2278 in
602 2222 1002 2279 matrimonium
1028 2223 1147 2292 ejus
1174 2223 1398 2291 veniret,
1423 2223 1517 2293 qui
1558 2223 1718 2278 aliam
1747 2239 1855 2279 non
1886 2223 2107 2280 habuis-

522 2323 608 2372 set
640 2330 883 2379 uxorem,
914 2315 1136 2371 alterius
1161 2315 1263 2369 viri
1310 2322 1460 2372 esset
1505 2322 1728 2385 experta
1775 2314 2103 2385 conjugium.

524 2407 657 2477 Quis
678 2408 842 2479 igitur
868 2408 1102 2464 tolerare
1127 2408 1345 2477 audeat,
1367 2408 1513 2478 quod
1541 2410 1597 2464 in
1619 2410 1751 2464 tanti
1780 2409 2106 2464 sacramenti

523 2507 871 2570 perpetratur
896 2498 1179 2569 injuriam,
1225 2515 1347 2555 cum
1395 2500 1521 2556 huic
1547 2513 1743 2568 magno
1772 2499 2108 2555 venerando-

524 2605 632 2660 que
680 2592 961 2662 mysterio,
993 2605 1094 2646 nec
1120 2591 1314 2646 divina:
1343 2591 1562 2660 quidem
1588 2591 1723 2661 legis
1764 2599 1965 2646 statuta
2012 2592 2109 2648 de-

526 2679 744 2748 fuerint,
772 2680 964 2751 quibus
991 2680 1273 2736 evidenter
1300 2689 1385 2738 est
1420 2679 1719 2749 deﬁnitum,
1758 2690 1816 2737 ut
1842 2683 2104 2753 virginem

525 2772 775 2828 sacerdos
799 2772 1027 2843 accipiat
1056 2787 1279 2829 uxorem
1304 2771 1514 2845 (Levit.,
1536 2789 1659 2841 xxx;
1692 2772 1909 2842 Ezeclr.,
1929 2776 2101 2847 χιιι),

525 2870 582 2918 et
617 2862 838 2919 alterius
876 2870 1051 2919 torum
1074 2863 1289 2921 nesciat
1314 2864 1575 2934 conjugis,
1617 2880 1737 2935 quae
1764 2882 1900 2921 uxor
1920 2866 2100 2923 futura

523 2962 608 3009 est
630 2952 958 3008 sacerdotis?
976 2951 1096 3027 Jam
1123 2961 1237 3009 tum
1257 2955 1401 3010 enim
1433 2955 1485 3010 in
1514 2956 1887 3012 sacerdotibus
1920 2957 2106 3027 [igura-

523 3046 683 3102 batur
726 3042 924 3099 Christi
963 3052 1018 3099 et
1062 3023 1319 3100 Ecclesia:
1365 3046 1605 3116 spiritale
1654 3023 1993 3118 conjugium‘,
2044 3057 2105 3103 ut

523 3134 778 3204 quoniam
804 3133 886 3189 vir
920 3140 1083 3204 caput
1108 3141 1192 3191 est
1218 3135 1478 3203 mulieris,
1506 3135 1680 3190 discat
1718 3151 1915 3206 sponsa
1940 3137 2105 3192 Verbi

522 3241 632 3281 non
663 3225 829 3280 alium
858 3226 1031 3281 virum
1060 3241 1241 3293 nosse,
1273 3243 1436 3297 quam
1480 3226 1753 3284 Christum
1784 3228 1999 3300 (Ephes.
2032 3246 2097 3297 v;
2131 3246 2175 3309 ρ

523 3314 553 3371 1
582 3314 702 3371 Cor.
733 3316 836 3387 χι).
891 3315 992 3383 Qui
1013 3318 1211 3374 merito
1233 3332 1394 3374 unam
1432 3318 1614 3389 elegit,
1643 3334 1803 3374 unam
1831 3319 2022 3388 diligit,
2048 3328 2105 3376 et

521 3408 680 3463 aliam
710 3416 906 3477 praeter
932 3409 1105 3478 ipsam
1151 3424 1249 3465 suo
1285 3411 1561 3467 consortio
1606 3426 1717 3466 non
1753 3410 2011 3481 adjungit.
2043 3410 2103 3466 Si

522 3512 652 3567 ergo
675 3498 837 3551 etiam
861 3497 912 3552 in
944 3496 1125 3553 Veteri
1155 3497 1501 3555 Testamento
1539 3501 1654 3556 haec
1680 3501 2102 3557 sacerdotalium

520 3586 890 3657 conjugiorum
936 3587 1108 3642 forma
1154 3597 1371 3645 servata
1413 3598 1535 3645 est:
1568 3600 1769 3661 quanto
1812 3592 1980 3662 magis
2003 3592 2104 3648 sub

522 3676 799 3747 Evangelii
827 3679 1001 3748 gratia
1048 3681 1325 3740 constituti
1353 3683 1666 3754 apostolicis
1704 3684 1963 3741 debemus
1991 3699 2104 3741 ser-

521 3768 639 3823 vire
694 3771 1020 3840 praeceptis?
1049 3769 1120 3826 Ut
1157 3773 1454 3842 quamlibet
1493 3774 1615 3845 quis
1660 3774 1819 3831 bonis
1864 3776 2106 3831 moribus

521 3858 792 3931 prmditus,
818 3869 873 3916 et
901 3864 1102 3918 sanctis
1128 3864 1382 3933 operibus
1412 3865 1713 3921 inveniatur
1738 3877 1978 3933 ornatus,
2012 3884 2106 3924 ne-

522 3963 792 4020 quaquam
815 3958 995 4006 tamen
1017 3952 1103 4006 vel
1129 3952 1196 4007 ad
1224 3953 1436 4009 diaconi
1459 3955 1705 4022 gradum,
1740 3956 1826 4011 vel
1864 3957 1931 4011 ad
1953 3973 2104 4027 pres—

520 4040 712 4112 byterii
736 4042 1018 4106 honorem,
1040 4042 1123 4096 vel
1146 4042 1213 4095 ad
1235 4042 1579 4113 episcopatus
1594 4044 1805 4100 culmen
1828 4048 2101 4103 ascendat:

521 4133 567 4188 si
611 4141 703 4187 aut
740 4134 914 4203 ipsum
960 4150 1067 4189 non
1097 4135 1254 4191 unius
1304 4135 1485 4191 uxoris
1515 4136 1705 4201 virum,
1734 4144 1827 4191 aut
1880 4154 2101 4195 uxorem

521 4223 639 4290 ejus
683 4238 789 4278 non
842 4223 996 4279 unius
1022 4224 1123 4279 viri
1166 4223 1328 4281 fuisse
1371 4225 1659 4281 claruerit?
1682 4225 1934 4283 Monente
1974 4244 2104 4285 vero

521 4315 801 4385 Apostolo,
829 4324 990 4386 atque
1012 4316 1224 4399 dicente
1250 4337 1263 4371 :
1288 4317 1357 4372 Et
1378 4318 1432 4372 hi
1460 4326 1639 4373 autem
1667 4319 1966 4389 probentur
1986 4323 2101 4391 pri-

521 4422 686 4471 mum,
718 4415 775 4462 et
796 4407 874 4461 sic
902 4407 1205 4463 ministrent
1226 4407 1281 4479 (Ι
1313 4408 1447 4463 Tim.
1479 4408 1579 4480 ιιι),
1625 4408 1753 4478 quid
1781 4409 1925 4465 aliud
1947 4411 2105 4467 intel-

520 4497 788 4565 ligendqu
831 4506 1102 4568 putamus,
1127 4500 1228 4555 nisi
1258 4508 1315 4554 ut
1339 4500 1392 4554 in
1418 4500 1500 4556 his
1529 4502 1965 4570 provectionibus
1995 4518 2102 4558 non

2210 1948 2310 2005 bus
2339 1964 2525 2005 eorum
2550 1952 2829 2008 hominum
2852 1954 3061 2025 species
3089 1953 3363 2024 ﬁguratur,
3394 1958 3485 2027 qui
3514 1956 3673 2013 nullis
3691 1957 3781 2012 ad-

2211 2040 2316 2097 huc
2343 2040 2628 2098 virtutibus
2655 2043 2860 2108 nitent,
2905 2044 2979 2099 ita
3029 2044 3082 2100 in
3124 2046 3303 2102 aureis
3332 2058 3387 2103 et
3433 2050 3705 2119 argenteis
3730 2050 3783 2107 lii

2207 2131 2325 2186 sine
2353 2131 2517 2189 dubio
2571 2134 2945 2203 declarantur,
2978 2138 3069 2208 qui
3112 2154 3209 2209 per
3255 2139 3426 2209 longa:
3473 2141 3787 2200 eruditionis

2208 2219 2409 2289 ignem,
2434 2231 2489 2277 et
2518 2238 2614 2293 per
2641 2225 2913 2281 fornacem
2960 2226 3200 2283 diuturni
3229 2228 3429 2285 laboris
3458 2232 3673 2287 excocti
3696 2248 3786 2287 au-

2206 2325 2327 2365 rum
2354 2314 2663 2383 probatum,
2692 2324 2747 2371 et
2774 2327 3055 2387 argentum
3091 2334 3283 2390 purum
3309 2335 3429 2377 esse
3450 2333 3785 2379 meruerunt.

2208 2400 2411 2469 Quibus
2436 2406 2479 2458 sl
2504 2419 2711 2460 merces
2737 2420 2837 2475 pro
2862 2407 3150 2465 devotione
3190 2426 3295 2465 non
3325 2411 3582 2479 redditur,
3613 2415 3791 2471 omnis

2207 2492 2569 2550 ecclesiastica
2597 2493 2881 2566 disciplina
2904 2498 3228 2554 resolvitur:
3253 2501 3427 2556 omnis
3453 2502 3587 2557 ordo
3612 2503 3795 2563 turba,-

2206 2590 2314 2649 tur,
2340 2583 2466 2639 dum
2499 2585 2551 2639 in
2581 2584 2844 2653 Ecclesia,
2874 2590 2965 2657 qui
3006 2589 3209 2645 nullum
3238 2592 3517 2647 subierunt
3544 2594 3797 2649 ministe—

2205 2672 2633 2743 rium,perverso
2656 2675 2967 2744 eligentium
2988 2677 3191 2747 judicio
3218 2680 3513 2736 indebitum
3535 2682 3800 2738 obtinent

2206 2764 2584 2835 principatum.
2614 2765 2770 2823 Cum'
2800 2783 2929 2839 ergo
2972 2771 3113 2826 inter
3145 2787 3242 2829 vos
3284 2781 3491 2828 tantum
3520 2774 3806 2832 valuerint

2206 2865 2299 2911 aut
2325 2857 2501 2916 studia
2529 2860 2877 2931 populorum,
2908 2872 3001 2918 aut
3030 2864 3265 2919 ambitus
3293 2866 3650 2936 superborum
3687 2885 3702 2921 :
3740 2880 3808 2923 ut

2205 2961 2314 3002 non
2340 2948 2514 3002 solum
2536 2949 2724 3018 laicos,
2752 2953 2846 3008 sed
2875 2954 3035 3009 etiam
3064 2955 3419 3011 secundarum
3450 2973 3688 3013 uxorum
3713 2961 3811 3014 vi-

2204 3054 2315 3105 ros,
2361 3047 2454 3094 aut
2478 3039 2758 3096 viduarum
2786 3044 3012 3099 maritos
3039 3044 3106 3099 ad
3135 3044 3367 3101 cilicium
3395 3060 3812 3116 cognoscamus

2206 3131 2479 3200 pastorale
2523 3139 2808 3201 provectos
2858 3151 2874 3188 :
2938 3150 3117 3189 nonne
3164 3136 3517 3205 apertissimae
3565 3137 3817 3207 exigunt

2206 3233 2402 3286 causae,
2433 3226 2492 3275 ut
2540 3218 2795 3277 Ecclesia:
2845 3223 2899 3278 in
2928 3225 3120 3293 quibus
3148 3225 3248 3279 ista
3296 3226 3581 3281 commissa
3638 3236 3813 3295 sunt,

2200 3308 2401 3379 judicio
2444 3312 2720 3367 severiore
2750 3322 3061 3383 purgentur,
3094 3322 3150 3369 et
3185 3330 3297 3371 non
3342 3315 3517 3370 solum
3564 3316 3618 3370 in
3654 3318 3817 3373 tales

2204 3401 2480 3471 prassules;
2509 3402 2604 3457 sed
2633 3403 2795 3458 etiam
2828 3405 2880 3459 in
2902 3404 3241 3461 ordinatores
3268 3421 3457 3461 eorum
3479 3406 3613 3461 ultio
3641 3423 3820 3464 com-

2204 3498 2395 3560 petens
2422 3492 2764 3563 proferatur?
2803 3493 2910 3550 Sed
2953 3495 3304 3551 circumstant
3351 3511 3450 3551 nos
3486 3496 3614 3552 hinc
3648 3514 3821 3553 man.

2205 3582 2433 3637 suetudo
2461 3583 2780 3652 clementize,
2810 3585 2937 3640 hinc
2986 3600 3214 3645 censura
3256 3586 3477 3658 justitiae
3506 3604 3520 3641 :
3576 3597 3639 3642 et
3670 3591 3822 3659 quia

2206 3672 2471 3729 universa:
2499 3674 2644 3729 sedis
2686 3675 2996 3744 apostolicae
3045 3676 3249 3745 pietate
3294 3677 3685 3747 compellimur
3729 3680 3824 3737 ita

2206 3773 2447 3821 nostram
2478 3773 2783 3837 temperare
2811 3768 3162 3834 sententiam,
3186 3776 3247 3823 ut
3269 3768 3525 3824 trutinato
3547 3770 3830 3839 pondere

2206 3856 2547 3935 delictorum,
2578 3873 2804 3928 quorum
2853 3863 3039 3928 utique
3084 3874 3191 3915 non
3222 3874 3327 3914 una
3383 3875 3643 3916 mensura
3692 3872 3828 3933 est,

2190 3949 2449 4016 aquzedam
2471 3947 2753 4005 credamus
2778 3958 3046 4020 utcunque
3063 3950 3360 4018 toleranda,
3385 3952 3641 4021 quaedam
3666 3969 3837 4012 vero

2205 4039 2419 4109 penitus
2462 4042 2805 4111 amputanda.
2839 4040 2946 4098 Eos
2975 4044 3116 4097 enim
3144 4042 3235 4112 qui
3264 4034 3352 4097 vel
3392 4044 3671 4099 secundas
3702 4061 3843 4100 nu-

2208 4130 2348 4199 ptias
2374 4131 2642 4198 inierunt,
2681 4133 2765 4188 vel
2807 4132 3085 4188 viduarum
3113 4141 3172 4188 se
3208 4132 3459 4203 conjugio
3491 4135 3847 4202 sociat-unt,

2206 4236 2306 4275 nec
2333 4224 2655 4291 apostolica,
2701 4239 2801 4278 nec
2849 4222 3036 4293 legalis
3082 4224 3379 4279 auctoritas
3425 4222 3850 4281 sacerdotium

2205 4312 2502 4368 obtendere
2524 4314 2806 4382 permittit.
2850 4311 2918 4367 Et
2945 4313 3116 4369 multo
3158 4314 3326 4381 magis
3356 4312 3528 4377 illum,
3554 4313 3607 4368 si
3640 4312 3856 4373 fuerit

2205 4403 2259 4458 in
2310 4412 2488 4463 vestro
2513 4404 2714 4475 judicio
2744 4403 3068 4474 confutatus,
3101 4406 3212 4475 qui,
3245 4406 3389 4462 sicut
3421 4405 3490 4461 ad
3521 4421 3631 4461 nos
3657 4406 3859 4462 rela-

2207 4500 2319 4548 tum
2348 4503 2449 4561 est,
2479 4495 2706 4550 duarum
2733 4495 2891 4550 simul
2931 4505 3013 4552 est
3060 4496 3291 4551 maritus
3320 4510 3573 4561 uxorum,
3620 4495 3719 4551 vel
3758 4498 3820 4551 il

518 4590 691 4645 solum
714 4590 1179 4648 matrimoniorum
1201 4593 1591 4654 castimoniam.
1623 4592 1719 4647 sed
1748 4594 1911 4648 etiam
1950 4594 2103 4650 labo-
2133 4612 2177 4668 υ
2205 4588 2315 4642 lum
2345 4588 2436 4656 (ιυί
2458 4587 2525 4642 ab
2554 4603 2724 4643 uxore
2748 4587 3018 4655 dimissus.
3048 4589 3276 4643 altera"!
3299 4587 3518 4643 duxisse
3538 4587 3863 4657 Petilii-’8‘

517 4697 640 4736 rum
670 4682 858 4737 merita
890 4683 1207 4753 cogitemus,
1250 4698 1319 4738 ne
1341 4692 1436 4740 aut
1480 4699 1514 4738 a
1534 4684 1803 4755 baptismo
1851 4685 2100 4752 novellis,

517 4779 610 4826 aut
639 4787 668 4826 a
691 4773 933 4828 smculari
962 4783 1084 4844 actu
1108 4784 1333 4845 repente
1354 4776 1628 4832 conversis
1658 4774 1898 4832 cilicium
1926 4784 2106 4846 pasto-

518 4862 634 4916 rale
658 4862 940 4916 credatur?
977 4862 1111 4925 Cum
1134 4880 1232 4935 per
1260 4879 1449 4922 omnes
1476 4866 1678 4936 gradus
1705 4867 1907 4922 militia:
1947 4866 2102 4923 Chri-

518 4951 709 5005 stianae
738 4951 804 5006 de
830 4953 1175 5009 incrementis
1197 4954 1532 5025 profectuum
1562 4956 1795 5013 debeant
1824 4958 2097 5023 :estimari,

520 5059 587 5097 an
638 5045 844 5114 possint
868 5046 1116 5116 cuiquam
1146 5048 1351 5118 majora
1380 5051 1665 5118 committi,
1692 5051 1889 5108 merito
1918 5052 2103 5109 beato-

519 5152 636 5191 rum
666 5136 885 5192 Patrum
909 5140 1244 5197 venerabiles
1283 5144 1611 5211 sanctiones,
1659 5160 1782 5200 cum
1826 5145 1895 5199 de
1924 5160 2103 5199 sacer.

520 5226 709 5284 dolum
738 5231 1003 5288 electione
1021 5233 1393 5305 loquerentur,
1416 5236 1635 5292 eosdem
1664 5246 1726 5292 ut
1755 5238 1979 5293 idoneos
2008 5252 2097 5293 sa-

518 5321 626 5376 cris
660 5320 1209 5395 administrationibus
1243 5328 1583 5395 censuerint,
1621 5328 1715 5397 qui
1753 5328 1924 5383 multo
1966 5336 2101 5383 tem-

517 5424 651 5480 pore
676 5426 774 5481 per
799 5412 1038 5483 singulos
1077 5416 1378 5475 ofﬁciorum
1407 5416 1608 5487 gradum
1634 5418 1899 5488 provecti,
1927 5434 2097 5488 expe-

515 5500 804 5556 rimentum
832 5503 915 5558 sui
953 5506 1230 5574 probabile
1274 5507 1650 5576 praebuissent,
1697 5515 1758 5561 ut
1811 5506 2099 5574 unicuique

514 5594 883 5651 testimonium
912 5597 1036 5652 vita:
1063 5614 1173 5654 sua:
1193 5608 1409 5656 actuum
1437 5615 1654 5657 suorum
1684 5600 1823 5654 ratio
1851 5599 2101 5669 perhibe-

516 5690 617 5739 ret.
646 5684 704 5741 Si
725 5688 867 5742 enim
898 5688 967 5743 ad
997 5690 1438 5751 honoresmundi
1460 5692 1577 5748 sine
1604 5689 1859 5759 sutl‘ragio
1891 5697 2099 5759 tempo-

521 5769 613 5836 ris,
643 5773 758 5830 sine
803 5778 998 5833 merito
1024 5777 1225 5833 laboris
1274 5778 1547 5847 indignum
1591 5786 1677 5833 est
1706 5778 2009 5849 pervenire,
2043 5788 2098 5833 et

519 5863 692 5921 notari
721 5866 953 5922 ambitus
973 5868 1166 5935 solent,
1188 5883 1325 5940 quos
1336 5869 1620 5939 probitatis
1638 5869 1961 5927 documenta
1989 5883 2095 5924 non

2208 4687 2311 4734 tur.
2337 4677 2571 4735 Caeteros
2597 4692 2747 4747 vero,
2778 4694 3009 4749 quorum
3033 4679 3315 4749 provectio
3344 4679 3452 4741 hoc
3478 4687 3707 4733 tantum
3741 4696 3867 4737 re.

2206 4768 2580 4838 prehensionis
2608 4769 2849 4835 incurrit,
2880 4767 3026 4838 quod
3054 4783 3122 4825 ex
3145 4767 3297 4824 laicis
3325 4770 3392 4824 ad
3410 4767 3659 4823 ofﬁcium
3681 4773 3874 4840 epi-

2204 4858 2423 4929 scopale
2442 4859 2640 4915 delecti
2666 4868 2810 4926 sunt,
2842 4874 3017 4929 neque
3038 4875 3109 4916 ex
3135 4860 3261 4925 hoc,
3288 4860 3435 4929 quod
3466 4875 3676 4915 uxores
3712 4861 3874 4917 ha-

2204 4952 2353 5017 bent,
2365 4960 2590 5022 possunt
2613 4968 2734 5009 esse
2753 4952 3068 5024 culpabiles,
3091 4961 3400 5023 susceptum
3428 4953 3882 5017 sacerdotium

2206 5049 2392 5097 tenere
2442 5043 2822 5112 permittimus,
2855 5057 2964 5098 non
3018 5042 3431 5113 przejudicantes
3478 5043 3885 5111 apostolicae

2205 5133 2347 5188 sedis
2373 5135 2615 5201 statutis,
2655 5149 2758 5190 nec
2786 5134 3070 5189 beatorum
3098 5133 3319 5189 Patrum
3354 5132 3576 5203 regulas
3626 5142 3890 5195 resol-

2203 5233 2412 5290 ventes,
2450 5226 2645 5293 quibus
2694 5225 2983 5280 salubriter
3037 5225 3391 5280 constitutum
3416 5232 3522 5290 est,
3578 5239 3651 5280 ne
3718 5234 3890 5299 pri.

2203 5332 2373 5383 mum,
2400 5326 2492 5371 aut
2518 5317 2833 5382 secundum,
2858 5327 2953 5372 aut
2975 5318 3192 5373 tertium
3221 5318 3283 5395 in.
3298 5316 3543 5373 Ecclesia
3571 5322 3890 5387 gradum

2201 5408 2487 5478 quisquam
2515 5407 2797 5473 laicorum,
2830 5408 3159 5477 quibuslibet
3186 5405 3455 5477 suffragiis
3492 5407 3679 5464 fultus
3767 5430 3890 5469 as

2202 5498 2422 5567 cendat,
2439 5498 2753 5568 priusquam
2775 5499 2844 5552 ad
2872 5498 2978 5553 hoc
2997 5498 3252 5553 meritum
3267 5512 3366 5568 per
3393 5498 3637 5566 legitima
3690 5515 3889 5575 aug.

2202 5599 2381 5648 menta
2404 5596 2701 5662 perveniat.
2731 5591 2884 5658 Quod
2910 5592 3051 5647 enim
3084 5608 3225 5648 nunc
3254 5601 3533 5661 utcunque
3556 5595 3890 5661 palimui

2201 5699 2320 5739 esse
2348 5684 2575 5749 veniale,
2612 5683 2840 5738 inultum
2883 5684 3232 5754 postmodum
3278 5698 3396 5739 esse
3426 5698 3537 5738 non
3568 5693 3890 5752 poterit

2199 5776 2243 5831 si
2271 5776 2552 5846 quisquam
2578 5775 2631 5831 id
2653 5774 2798 5845 quod
2830 5776 3051 5831 omnino
3091 5774 3462 5829 interdicimus
3489 5788 3890 5845 usurparil

2201 5867 2335 5935 Quia
2363 5867 2619 5924 remissio
2631 5867 2837 5935 peccati
2872 5880 2977 5921 non
2998 5864 3091 5919 dat
3120 5863 3389 5920 licentiam
3414 5860 3890 5936 delinquendi
