3988 6344
206 306 301 361 ὅυὶ

1244 303 1620 363 COLLECTIO
1661 304 2128 364 DECRETORUM
2170 306 2274 365 PP.
2316 306 2434 363 RR.

3385 317 3493 374 tiu-2

207 434 381 488 neque
432 417 575 486 quod
605 420 781 487 potuit
831 420 1009 488 aliqua
1040 421 1250 476 ratione
1278 422 1538 491 concedi,
1591 422 1670 476 fas
1701 421 1804 476 erit
1832 424 1878 481 Α
1908 421 2198 491 episcopus
2227 422 2426 478 factum
2455 438 2574 480 esse
2602 432 2853 483 causatus
2883 434 2981 492 est,
3016 434 3074 483 et
3103 427 3494 489 rationabiliter

206 510 438 579 amplius
468 510 688 579 impune
718 512 1002 565 committi.
1035 510 1185 566 Cum
1218 514 1400 581 itaque
1438 514 1506 569 de
1545 512 1796 569 omnibus

208 597 342 666 fere,
372 615 493 669 quae
548 599 730 655 fratris
757 604 924 656 nostri
952 600 1189 657 Potentii
1240 604 1434 659 relatio
1461 603 1791 660 continebat.

209 693 523 763 plenissime
552 692 895 746 dilectionem
928 704 1161 749 vestram
1211 710 1310 764 per
1352 695 1519 749 David
1573 695 1793 749 fratrem

205 794 259 840 et
289 784 677 853 coepiscopum
734 792 1012 850 nostrum,
1042 785 1133 853 qui
1165 793 1221 839 et
1263 784 1549 839 sacerdotii
1606 783 1799 837 merito

211 879 371 933 nobis
403 886 485 933 est
514 879 792 947 probatus,
840 886 898 932 et
928 879 1168 933 moribus
1196 878 1423 931 videatis
1455 878 1794 941 instructum,

205 978 480 1039 superest,
516 968 731 1037 fratres,
764 981 823 1023 ut
848 969 1186 1024 concorditer
1207 976 1261 1023 et
1286 969 1528 1024 salubres
1550 968 1801 1037 suscipia-

209 1061 281 1115 tis
313 1062 586 1125 hortatus,
613 1070 667 1115 et
714 1061 845 1115 nihil
876 1077 974 1130 per
1012 1062 1410 1116 contentionem
1442 1070 1681 1131 agentes,
1705 1059 1801 1113 sed

207 1154 279 1207 ad
338 1168 503 1208 omne
551 1154 784 1207 studium
837 1153 1140 1209 devotionis
1183 1155 1461 1209 unanimes
1516 1152 1711 1208 divinis
1747 1162 1804 1208 et

208 1243 529 1313 apostolicis
560 1244 1038 1318 constitutionibus
1065 1245 1320 1313 parcatis,
1352 1253 1407 1298 et
1436 1244 1491 1298 in
1536 1245 1682 1299 nullo
1706 1260 1802 1313 pa-

208 1336 421 1390 tiamini
480 1336 951 1406 providentissima
1001 1326 1270 1392 canonum
1315 1338 1532 1392 decreta
1588 1336 1797 1390 violari.

206 1428 342 1494 Quae
393 1429 535 1483 enim
566 1437 836 1482 certarum
868 1428 1170 1483 remisimus
1199 1428 1631 1483 consideratione
1667 1441 1799 1481 cau-

208 1534 416 1579 sarum,
451 1520 684 1589 antiquis
730 1519 984 1590 deinceps
1023 1522 1373 1578 custodienda
1425 1528 1551 1575 sunt
1578 1519 1797 1588 regulis,

206 1626 276 1662 ne
308 1608 454 1676 quod
484 1610 549 1661 ad
596 1618 807 1678 tempus
855 1611 940 1679 pia
971 1610 1194 1665 lenitate
1235 1610 1618 1671 concessimus,
1656 1608 1800 1677 justa

206 1698 577 1767 postulatione
600 1698 917 1766 plectamus,
951 1698 1001 1753 in
1030 1715 1125 1754 eos
1159 1699 1443 1768 Specialius
1473 1705 1529 1753 et
1568 1712 1800 1767 propen-

1906 512 2213 581 postulavit,
2240 520 2298 566 ut
2345 514 2388 568 si
2437 515 2678 586 episcopi
2704 530 2891 573 eorum
2920 518 3186 585 locorum,
3225 519 3277 573 in
3300 520 3496 589 quibus

1903 618 2011 656 non
2035 603 2334 669 debuerant
2360 606 2619 673 ordinari,
2643 609 2875 665 humana
2902 611 3215 668 conditione
3244 612 3497 667 decessu-

1903 693 2031 755 rint,
2057 693 2175 749 loca
2228 696 2339 766 ipsa
2390 696 2453 751 ad
2480 697 2568 767 jus
2598 698 2713 765 ejus
2760 701 3014 779 antistitis
3061 703 3309 772 redeant,
3340 702 3497 773 cujus

1904 779 2102 836 fuerint
2148 792 2275 839 ante
2321 787 2541 855 priora:
2576 796 2631 842 et
2662 789 2848 843 inutile
2888 799 2989 859 est,
3049 799 3107 845 ut
3142 794 3493 853 sacerdotalis

1905 872 2134 941 dignitas
2165 874 2560 932 inconsiderata
2592 879 2905 936 ordinandis
2935 881 3191 939 facilitate
3219 886 3491 955 superflua

1905 964 2353 1034 multiplicatione
2376 969 2665 1022 minuatur.

1978 1054 2054 1109 De
2085 1055 2167 1109 his
2197 1064 2374 1112 autem
2392 1098 2406 1123 ,
2440 1073 2558 1127 quae
2591 1060 2644 1112 in
2674 1074 2827 1115 sacro
2856 1060 3180 1130 virginitatis
3210 1066 3488 1134 proposito

1906 1145 2210 1200 constitutae
2235 1148 2573 1204 barbaricam
2601 1151 2873 1219 pertulere
2903 1152 3237 1220 violentiam,
3271 1163 3327 1210 et
3348 1156 3488 1211 inte-

1905 1233 2156 1306 gritatem
2180 1239 2400 1308 pudoris
2416 1256 2523 1295 non
2545 1242 2743 1309 animo,
2757 1242 2851 1299 sed
2872 1258 3100 1314 corpore
3120 1247 3487 1316 perdiderunt,

1907 1344 1969 1382 ea
2002 1330 2155 1385 nobis
2180 1331 2392 1386 videtur
2444 1333 2705 1389 servanda
2752 1335 3072 1403 moderatio,
3124 1346 3183 1394 ut
3233 1354 3410 1409 neque
3437 1343 3489 1395 in

1908 1420 2183 1477 viduarum
2207 1421 2529 1492 dejiciantur
2552 1425 2741 1493 gradu,
2774 1442 2873 1481 nec
2897 1427 2948 1482 in
2978 1444 3269 1497 sacrarum,
3296 1439 3351 1486 et
3375 1447 3492 1501 per-

1905 1514 2267 1570 severantiqu
2299 1515 2566 1585 virginum
2598 1531 2825 1571 numero
2856 1528 3179 1574 censeantur
3205 1538 3217 1573 :
3273 1520 3487 1590 quibus,

1905 1603 1949 1657 si
1980 1604 2032 1657 in
2064 1604 2312 1658 omnibus
2333 1605 2680 1674 virginalibus
2704 1617 3073 1677 perseverant,
3093 1618 3147 1664 et
3160 1611 3491 1666 castimonia:

1905 1692 2233 1749 soliditatem
2261 1699 2816 1767 mentecustodiunt,
2866 1710 3329 1758 sacramentorum
3382 1720 3491 1759 non

204 1795 320 1846 sius
342 1792 738 1860 commovendi,
763 1792 852 1860 qui
884 1791 935 1845 in
960 1789 1229 1860 episcopis
1257 1788 1566 1845 ordinandis
1586 1795 1802 1847 sancto-
1832 1796 1880 1856 Β
1908 1794 1990 1839 est
2015 1785 2260 1853 neganda
2292 1788 2621 1857 communio,
2655 1790 2780 1860 quia
2812 1790 3069 1860 injustam
3091 1800 3174 1848 est
3200 1792 3318 1849 illas
3341 1794 3392 1848 in
3424 1809 3491 1849 eo

206 1900 328 1937 rum
361 1882 579 1937 Patrum
609 1892 809 1937 statum
860 1883 1238 1951 neglexerunt,
1289 1887 1344 1936 et
1396 1897 1532 1951 quos
1561 1879 1799 1935 refutare

204 1974 517 2040 debuerint,
549 1974 1007 2028 consecraverint.
1044 1971 1198 2027 Unde
1228 1972 1271 2026 si
1302 1972 1395 2040 qui
1438 1970 1678 2041 episcOpi
1717 1978 1801 2024 ta-

204 2064 314 2119 lem
349 2066 785 2120 consecraverint
806 2065 1166 2129 sacerdotem,
1199 2065 1413 2132 qualem
1444 2077 1565 2117 esse
1590 2078 1696 2117 non
1728 2062 1795 2116 li-

204 2164 348 2221 ceat,
374 2156 584 2211 etiamsi
627 2156 809 2226 aliquo
857 2155 1020 2209 modo
1067 2154 1318 2209 damnum
1350 2152 1550 2223 proprii
1578 2152 1799 2207 honoris

204 2247 499 2311 evaserint,
531 2246 887 2301 ordinationis
912 2254 1091 2299 tamen
1126 2244 1214 2313 jus
1238 2244 1463 2298 ulterius
1489 2257 1597 2297 non
1628 2242 1797 2298 habe-

204 2336 357 2398 bunt,
394 2351 494 2390 nec
543 2351 778 2405 unquam
810 2335 859 2388 ei
892 2341 1233 2389 sacramento
1282 2333 1620 2397 intererunt,
1653 2331 1797 2400 quod

203 2425 457 2494 neglecto
488 2424 672 2481 divino
695 2425 899 2491 judicio
947 2424 1217 2479 immerito
1242 2425 1629 2494 praestiterunt.
1661 2421 1796 2477 Illud

201 2531 362 2582 sane,
387 2516 530 2584 quod
561 2515 627 2568 ad
656 2514 1048 2569 sacerdotalem
1090 2515 1324 2584 pertinet
1350 2514 1685 2582 dignitatem,
1713 2513 1796 2567 in-

200 2614 293 2662 ter
314 2607 497 2660 omnia
520 2606 772 2660 volumus
800 2594 1068 2661 canonum
1090 2612 1291 2660 statuta
1314 2606 1518 2663 servari
1549 2623 1563 2659 :
1598 2614 1659 2661 ut
1687 2620 1796 2660 non

201 2699 257 2754 in
289 2698 622 2767 quibuslibet
646 2698 801 2762 locis,
830 2712 1001 2766 neque
1029 2698 1081 2751 in
1105 2684 1512 2769 quibuscunque
1539 2697 1796 2762 castellis,

199 2799 261 2845 et
286 2790 375 2843 ubi
408 2798 532 2843 ante
553 2804 658 2844 non
692 2787 905 2845 fuermtt
933 2790 1190 2861 episcopi,
1217 2798 1601 2846 cousecrentur
1635 2808 1647 2845 :
1674 2805 1794 2846 cum

201 2883 298 2936 ubi
352 2881 592 2937 minores
643 2889 771 2937 sunt
824 2881 1028 2951 plebes,
1085 2882 1430 2950 minoresque
1477 2891 1793 2947 conventus,

199 2975 650 3044 presbyterorum
678 2987 806 3027 cura
844 2971 1097 3038 suflieiat,
1129 2972 1455 3043 episcopalia
1491 2979 1672 3026 autem
1700 2985 1797 3040 gu-

199 3064 497 3118 bernacula
522 3078 629 3118 non
659 3064 760 3118 nisi
790 3064 1085 3133 majoribus
1114 3064 1354 3134 populis,
1387 3061 1795 3132 etfrequentio-

197 3154 352 3211 ribus
382 3156 694 3211 civitatibus
740 3164 992 3226 oporteat
1039 3157 1348 3227 prtesidere,
1380 3171 1450 3211 ne
1497 3157 1641 3225 quod
1670 3172 1796 3213 san-

196 3254 417 3300 ctorum
448 3244 662 3301 Patrum
685 3245 940 3303 divinitus
961 3246 1218 3316 inspirata
1240 3247 1459 3302 decreta
1482 3255 1793 3319 vetuerunt,

198 3338 420 3403 viculis,
450 3346 507 3390 et
553 3337 985 3405 possessionibus
1031 3337 1116 3391 vel
1146 3337 1415 3399 obscuris,
1442 3344 1501 3391 et
1538 3336 1796 3394 solitariis

196 3430 514 3498 municipiis
541 3430 807 3483 tribuatur
832 3428 1173 3484 sacerdotale
1196 3428 1485 3498 fastigium,
1519 3440 1575 3487 et
1596 3433 1789 3499 honor,

199 3521 289 3573 cui
320 3520 527 3573 debent
555 3521 935 3575 excellentiora
966 3520 1249 3585 committi,
1286 3522 1397 3589 ipsa
1426 3522 1508 3576 sui
1540 3538 1795 3579 numero-

200 3612 366 3666 sitate
390 3612 633 3666 vilescat.
657 3611 812 3677 Quod
843 3626 985 3666 nunc
1015 3611 1067 3666 in
1098 3627 1193 3667 sua
1224 3612 1444 3668 dioecesi
1496 3613 1796 3670 Restitutus

252 3764 3153 3790 mw

1905 1878 1988 1933 vel
2010 1879 2181 1947 argui,
2208 1880 2294 1934 vel
2319 1881 2512 1945 notari,
2540 1881 2685 1951 quod
2713 1898 2822 1938 non
2870 1884 3120 1940 voluntas
3146 1886 3375 1953 amittit,
3396 1887 3492 1942 sed

1904 1970 1982 2026 vis
2008 1971 2219 2027 hostilis
2239 1972 2453 2042 eripuit.
2486 1974 2714 2029 Causam
2736 1990 2951 2046 quoque
2979 1977 3219 2048 Lupicini
3242 1980 3484 2049 episcopi

1902 2058 2011 2114 illic
2034 2059 2284 2128 jubemus
2306 2064 2499 2127 audiri,
2542 2065 2625 2118 cui
2650 2067 2876 2120 multum
2904 2075 2958 2121 et
2978 2069 3171 2138 saepius
3195 2068 3489 2140 postulanti

1901 2151 2334 2206 communionem
2366 2168 2428 2207 ac
2456 2154 2720 2209 rationem
2766 2155 3055 2222 reddimus,
3086 2159 3340 2226 quoniam
3363 2176 3486 2216 cum

1902 2239 1967 2294 ad
2000 2249 2243 2297 nostrum
2298 2242 2559 2309 judicium
2614 2253 2986 2313 provocasset,
3039 2246 3309 2302 immerito
3362 2262 3485 2304 eum

1900 2333 2167 2403 pendente
2195 2335 2431 2403 negotio,
2465 2350 2495 2390 a
2525 2337 2907 2393 communione
2948 2337 3266 2395 videbamus
3321 2338 3489 2398 fuisse

1900 2439 2241 2492 suspensum.
2272 2423 2554 2493 Adjectum
2585 2425 2746 2480 etiam
2777 2423 2903 2480 illud
2934 2435 3036 2493 est,
3069 2428 3213 2497 quod
3243 2427 3370 2484 huic
3409 2438 3489 2484 te-

1901 2529 2051 2567 mere
2080 2516 2525 2583 superordinatus
2556 2532 2675 2572 esse
2704 2518 3068 2585 cognoscitur,
3113 2520 3202 2588 qui
3235 2536 3340 2575 non
3390 2522 3486 2577 dc-

1898 2602 2018 2658 buit
2039 2604 2298 2670 ordinari,
2332 2613 2619 2676 antequam
2669 2604 2960 2678 Lupicinus
2990 2606 3042 2661 in
3070 2609 3318 2677 praesenti
3342 2613 3492 2679 posi~

1902 2703 2009 2759 tus,
2054 2703 2147 2750 aut
2176 2694 2501 2761 confutatus,
2527 2703 2619 2750 aut
2646 2703 2794 2751 certe
2823 2694 3103 2752 confessus
3135 2696 3294 2765 justze
3317 2700 3491 2768 possit

1900 2786 2179 2854 snbjacere
2211 2786 2511 2849 sentcntize,
2558 2794 2617 2839 ut
2643 2793 2923 2840 vacantem
2974 2785 3173 2849 locum,
3222 2785 3486 2856 quemad-

1899 2879 2115 2932 modum
2139 2878 2421 2944 disciplina
2451 2876 2815 2932 eeelesiastica
2844 2878 3039 2947 exigit,
3073 2879 3136 2943 is,
3169 2878 3258 2947 qui
3291 2895 3484 2936 conse-

1900 2969 2168 3030 crabatur,
2224 2968 2512 3037 acciperet.
2548 2966 2603 3021 Si
2659 2983 2779 3038 qure
2820 2984 2950 3023 vero
3002 2970 3117 3023 alia:
3168 2972 3491 3025 emerserint

1900 3073 2093 3122 causae,
2110 3073 2229 3127 qua:
2252 3058 2316 3112 ad
2347 3066 2545 3112 statum
2568 3057 2943 3127 Ecclesiarum,
2964 3068 3017 3114 et
3045 3060 3110 3113 ad
3139 3062 3482 3116 concordiam

1822 3168 1866 3229 ς
1899 3134 2207 3221 pertineant
2233 3150 2594 3216 sacerdotum,
2622 3150 2730 3206 illic
2753 3150 2852 3205 sub
2877 3151 3070 3206 timore
3095 3152 3302 3206 Domini
3333 3151 3489 3205 voln.

1900 3258 2019 3299 mus
2060 3242 2265 3313 judicio
2306 3242 2661 3310 ventilentur,
2692 3252 2746 3299 et
2799 3243 2870 3298 de
2896 3243 3286 3313 componendis
3327 3253 3497 3313 atqnq

1900 3334 2214 3405 compositis
2241 3335 2491 3390 omnibus
2518 3333 2584 3389 ad
2616 3348 2714 3389 nos
2761 3334 2954 3389 relatio
2984 3335 3140 3403 plena
3187 3334 3433 3388 mittatur
3471 3351 3483 3385 :

1899 3435 1960 3482 ut
1986 3442 2049 3482 ea
2073 3467 2087 3491 ,
2127 3442 2246 3496 qua:
2269 3427 2422 3495 juxta
2453 3424 2876 3481 ecclesiasticum
2909 3440 3111 3481 morem
3141 3425 3286 3493 juste
3314 3434 3369 3480 et
3391 3441 3479 3479 ra-

1899 3518 2230 3573 tionabiliter
2252 3516 2450 3571 fuerint
2470 3516 2708 3580 detinita,
2762 3524 2943 3570 nostra
2974 3530 3191 3586 quoque
3219 3514 3487 3569 sententia

1897 3610 2246 3665 roborentur.
2278 3608 2411 3662 Data
2452 3624 2500 3662 tv
2526 3605 2600 3659 ld.
2636 3606 2880 3676 Augusti.

1342 3877 1705 3938 DECRETA
1754 3876 2065 3939 GELASII
2113 3877 2207 3936 ΡΑ
2220 3873 2361 3933 PE.

206 4106 281 4161 De
308 4104 607 4158 constitutis
635 4102 993 4222 ecclesiascticis
1023 4120 1117 4224 pdro
1148 4104 1390 4173 temporis
1412 4102 1659 4173 qualitate
1690 4118 1801 4156 mo-

910 4190 1033 4224 ermt
1077 4188 1137 4224 ts.
1720 4186 1723 4187 '

910 4186 1137 4225 ermiats.
1720 4186 1723 4187 ν

274 4268 315 4321 I.
341 4264 596 4321 Gelasius
624 4263 878 4317 fratribus
907 4264 1172 4318 universis
1200 4264 1467 4335 episcopis
1495 4279 1593 4335 per
1621 4264 1795 4319 Luca-

204 4362 353 4415 niam
407 4366 465 4413 et
489 4356 725 4421 Brutios,
758 4364 814 4410 et
847 4355 1085 4409 Siciliam
1117 4358 1442 4411 constitutis.
1485 4356 1799 4411 Necessaria

201 4464 392 4504 rerum
421 4446 825 4516 dispensatione
879 4446 1322 4511 constringimur,
1382 4455 1438 4501 et
1485 4446 1799 4516 apostolica:

198 4540 353 4594 sedis
380 4536 751 4592 moderamine
778 4536 1146 4598 convenimur,
1178 4536 1255 4591 sic
1302 4552 1570 4590 canonum
1616 4546 1799 4606 pater~

200 4646 407 4686 norum
445 4629 665 4683 decreta
697 4628 924 4695 librare,
954 4636 1009 4682 et
1039 4638 1183 4683 retro
1219 4629 1505 4698 prmsulum
1544 4628 1798 4684 decesso-

201 4736 438 4791 rumque
490 4729 798 4775 nostrorum
828 4727 1095 4789 praecepta
1126 4719 1323 4784 metiri,
1384 4729 1441 4775 ut
1486 4734 1606 4790 qurc
1662 4735 1800 4790 prae-

204 4816 447 4869 scntium
479 4814 775 4868 necessitas
798 4819 1101 4881 temporum
1131 4812 1495 4866 restaurandis
1547 4809 1802 4867 Ecclesiis

202 4901 506 4955 relaxamla
536 4902 798 4970 deposcit,
822 4901 1057 4955 adhibita
1080 4899 1515 4957 consideratione
1535 4902 1798 4969 diligenti,

199 5000 472 5060 quantum
506 4998 686 5057 potest
717 4989 852 5054 fieri,
881 4999 1262 5059 temperemus,
1286 5005 1396 5063 quo
1425 5006 1523 5045 nec
1551 4992 1602 5044 in
1630 5000 1800 5045 totutn

200 5080 444 5133 formam
472 5088 715 5133 veterum
756 5079 1035 5134 videamur
1063 5080 1329 5136 excedere
1384 5074 1713 5149 regularum,
1745 5091 1802 5137 et

196 5168 529 5236 reparandis
558 5170 760 5223 militia:
781 5170 1046 5226 clericalis
1066 5171 1278 5239 officiis,
1299 5188 1421 5242 quae
1448 5189 1545 5243 per
1564 5174 1804 5230 diversas

198 5257 375 5311 Italia:
406 5267 589 5328 partes
613 5260 685 5313 ita
717 5261 839 5315 belli
895 5262 1158 5332 famisque
1186 5266 1516 5335 consumpsit
1545 5265 1800 5332 incursio,

197 5358 269 5405 ut
298 5351 351 5404 in
385 5350 571 5405 multis
598 5350 852 5408 Ecclesiis
881 5356 1041 5422 (sicut
1070 5354 1251 5411 fratris
1274 5365 1329 5410 et
1356 5358 1663 5427 coepiscopi
1697 5374 1797 5411 no-

190 5442 303 5498 stri
318 5438 569 5504 Joannis,
587 5438 913 5497 Ravennatis
938 5442 1187 5499 Ecclesiae
1201 5446 1514 5511 sacerdotis,
1536 5448 1799 5515 frequenti

194 5528 479 5582 relatione
522 5532 917 5603 comperimus)
952 5550 1339 5605 usquequaque
1366 5536 1653 5591 deﬁciente
1683 5553 1799 5591 ser-

192 5628 339 5672 utto
369 5620 764 5684 ministrorum,
798 5624 899 5679 nisi
944 5626 1265 5681 remittendo
1313 5628 1586 5697 paulisper
1633 5628 1801 5682 eccle-

190 5710 445 5762 sasttcis
473 5711 904 5777 promotionibus
929 5713 1219 5781 antiquitus
1251 5715 1531 5770 intervalla
1557 5712 1793 5784 pra-fixa,

192 5811 535 5859 remaneant
561 5803 696 5872 (sine
711 5805 903 5873 quibus
928 5804 1281 5866 administrari
1314 5806 1605 5877 nequeant)
1634 5808 1804 5862 sacris

1905 4102 2185 4157 ordinibus
2207 4098 2462 4157 Ecclesiae
2501 4097 2738 4154 funditus
2767 4097 3059 4168 destitutae,
3090 4108 3251 4170 atque
3278 4102 3329 4157 in
3370 4102 3491 4176 plu-

1910 4190 2063 4245 rimis
2093 4190 2226 4246 locis
2257 4204 2351 4259 per
2378 4189 2615 4260 in0piam
2660 4190 3019 4258 competentis
3048 4192 3232 4246 auxilii
3260 4193 3494 4249 salutare

1904 4283 2196 4340 subsidium
2252 4281 2685 4338 redimendarum
2738 4281 2877 4336 desit
2930 4282 3250 4346 animarum,
3283 4301 3488 4353 nosque

1907 4390 2102 4446 magno
2132 4383 2308 4443 reatu,
2355 4375 2399 4429 si
2432 4382 2584 4429 tanto
2616 4382 2927 4429 eoarctante
2958 4375 3220 4444 periculo,
3251 4391 3357 4430 non
3387 4378 3485 4430 ali-

1834 4513 1879 4570 D
1908 4477 2172 4537 quatenus
2201 4465 2567 4531 consulemus,
2600 4466 2813 4521 invecti.

1911 4577 1978 4631 Ut
2001 4578 2087 4630 ubi
2116 4576 2259 4630 nulla
2288 4584 2524 4645 perurget
2578 4574 2884 4645 necessitas,
2941 4574 3222 4645 constituta
3274 4574 3493 4628 Patrum

1978 4647 2227 4702 inuiolata
2250 4643 2532 4701 serventur.
2564 4644 2639 4698 vel
2662 4659 2775 4698 cum
2799 4643 3057 4703 defuerint
3083 4644 3275 4711 clerici,
3301 4646 3364 4699 de
3394 4663 3494 4700 mo-

1980 4716 2160 4771 nachis
2191 4716 2467 4787 eligantur.

1981 4809 2044 4863 Il.
2098 4806 2293 4863 Priscis
2335 4806 2495 4876 igitur
2539 4820 2640 4877 pro
2679 4804 2760 4860 sui
2805 4806 3109 4861 reverentia
3156 4807 3495 4864 manemihus

1909 4900 2235 4965 constitutis,
2264 4912 2385 4968 qua:
2424 4899 2512 4952 ubi
2545 4898 2687 4953 nulla
2717 4899 2801 4954 vel
2839 4913 3041 4965 rerum,
3071 4900 3157 4955 vel
3186 4909 3493 4971 temporum

1908 5000 2162 5063 perurget
2183 4991 2447 5060 angustia,
2474 4991 2793 5059 regulariter
2815 4993 3068 5048 convenit
3094 4994 3371 5059 custodiri,
3398 5010 3493 5048 ea—

1908 5094 2067 5138 tenus
2108 5082 2387 5149 Ecclesiis,
2418 5097 2537 5152 qua:
2568 5083 2652 5138 vel
2677 5085 2889 5141 cunctis
2916 5093 3041 5139 sunt
3086 5086 3307 5157 privata:
3338 5088 3497 5141 mini-

1905 5174 2055 5239 stris,
2086 5172 2172 5227 vel
2191 5171 2583 5229 sufficientibus
2624 5187 2795 5243 usque
2820 5173 2956 5228 adeo
2987 5173 3290 5248 dispoliata:
3324 5176 3499 5231 servi-

1908 5264 2016 5331 tiis,
2045 5270 2104 5317 ut
2150 5262 2396 5333 plebibus
2425 5263 2492 5318 ad
2539 5277 2600 5319 se
2623 5265 3015 5333 pertinentibus
3060 5267 3239 5321 divina
3270 5280 3493 5322 munera

1912 5356 2164 5426 supplere
2193 5371 2300 5410 non
2321 5356 2555 5420 valeant,
2590 5364 2698 5411 tam
2730 5356 3065 5423 instituendi,
3094 5374 3255 5428 quam
3286 5373 3497 5428 promo-

1908 5446 2064 5500 vendi
2088 5447 2355 5511 clericalis
2376 5446 2538 5502 officii
2569 5448 2646 5503 sic
2694 5450 2865 5517 spatia
2912 5450 3269 5519 dispensanda
3300 5464 3496 5504 conce-

1911 5537 2105 5601 dimus,
2138 5546 2195 5591 ut
2223 5539 2266 5592 si
2297 5539 2416 5607 quis
2442 5540 2605 5594 etiam
2627 5537 2693 5593 de
2714 5540 2964 5608 religioso
2987 5540 3284 5609 proposito,
3310 5549 3365 5594 et
3385 5540 3498 5593 dis-

1911 5628 2124 5698 ciplinis
2150 5629 2618 5685 monasterialibus
2641 5630 2879 5683 eruditus
2918 5630 2984 5683 ad
3022 5629 3277 5684 clericale
3304 5646 3499 5685 munus

1908 5715 2151 5779 accedat,
2186 5717 2446 5785 imprimis
2497 5718 2612 5785 ejus
2639 5716 2747 5769 vita
2776 5717 3061 5785 prmteritis
3092 5726 3216 5772 acta
3243 5720 3503 5789 tempori.

1908 5806 2007 5859 bus
2037 5806 2353 5877 iuquiratur,
2390 5806 2475 5861 vel
2500 5807 2544 5863 si
2571 5804 2718 5862 nullo
2768 5806 2917 5876 gravi
2957 5804 3196 5864 facinore
3242 5808 3505 5879 probatur
