3988 6344
490 369 612 429 ’303

1799 354 2154 415 DlONYSlUS
2194 356 2514 415 EXIGUUS.
3670 346 3779 404 504

506 460 755 551 infectus,
787 482 832 540 si
860 480 1152 540 secundam
1176 493 1285 534 non
1325 477 1513 532 habuit
1557 476 1801 533 fortassis
1831 491 2081 541 uxorem,
2119 476 2169 537 Α
2196 474 2370 530 aliena
2391 472 2690 545 pervadere
2719 470 2923 540 absque
2955 468 3097 524 sedis
3145 464 3455 537 apostolicae
3481 462 3627 533 justa
3670 464 3776 519 dis-

504 594 609 635 nec
632 594 662 633 a
691 576 886 632 marito
914 575 1157 631 relictam
1204 570 1427 626 sortitus
1479 569 1807 636 ostenditur,
1836 570 1882 623 si
1913 570 2091 640 pceni-

508 671 735 727 tentiam
759 664 1027 737 publicam
1057 663 1300 719 fortassis
1326 677 1434 717 non
1461 661 1663 731 gessit,
1713 675 1815 715 nec
1841 660 1950 715 ulla
1973 675 2095 715 cor-

512 763 658 834 poris
686 766 838 831 parte
867 756 1085 813 vitiatus
1114 761 1354 825 apparet,
1382 752 1425 807 si
1454 752 1657 819 servili,
1680 758 1773 806 aut
1793 748 2096 819 originarize

522 869 631 909 non
681 858 763 907 est
786 848 1081 906 conditioni
1129 845 1413 908 obnoxius,
1449 844 1491 898 si
1520 843 1681 897 curiae
1701 841 1812 912 jam
1840 841 2098 912 probatur

517 944 745 1000 nexibus
766 940 1060 1006 absolutus,
1094 938 1139 993 si
1166 944 1439 993 assecutus
1464 940 1547 989 est
1568 933 1793 997 litteras,
1822 932 1938 987 sine
1981 931 2100 1001 qui-

516 1036 617 1090 bus
645 1033 737 1086 vix
762 1017 1006 1086 fortassis
1034 1027 1241 1084 ostiarii
1270 1027 1441 1097 possit
1470 1024 1693 1093 implere
1722 1022 2099 1087 ministerium,

518 1133 579 1179 ut
605 1123 650 1178 si
675 1122 761 1177 his
800 1120 1070 1187 omnibus,
1105 1133 1223 1187 qua:
1248 1124 1371 1171 sunt
1400 1113 1679 1187 praedicta,
1710 1112 1946 1180 fulcitur,
1973 1128 2104 1168 con-

519 1215 673 1268 tinuo
699 1213 892 1278 lector,
914 1210 1001 1265 vel
1028 1208 1290 1274 notarius,
1313 1214 1406 1260 aut
1429 1212 1577 1260 certe
1604 1202 1855 1258 defensor
1883 1201 2104 1258 effectus

523 1314 647 1377 post
669 1315 778 1360 tres
819 1318 1031 1358 menses
1078 1300 1273 1356 existat
1301 1297 1598 1369 acolythus,
1631 1296 1864 1351 maxime
1907 1294 1953 1351 si
1982 1293 2106 1349 huic

523 1405 654 1452 retas
692 1394 855 1450 etiam
884 1392 1225 1460 suffragatur,
1254 1397 1410 1445 sexto
1457 1402 1643 1443 mense
1670 1386 1986 1441 subdiaconi
2008 1400 2109 1440 no-

526 1508 650 1548 men
679 1491 925 1563 accipiat,
953 1504 1017 1543 ac
1037 1488 1084 1543 si
1104 1487 1359 1559 modestae
1378 1482 1824 1551 conversationis,
1848 1482 2112 1537 honesta:-

532 1600 642 1656 que
694 1581 991 1638 voluntatis
1045 1579 1245 1644 existit,
1304 1591 1449 1633 nouo
1501 1589 1687 1630 mense
1733 1573 1803 1628 sit
1830 1572 2109 1637 diaconus,

531 1673 907 1744 completoque
934 1685 1074 1725 anno
1095 1670 1165 1725 sit
1193 1668 1495 1739 presbyter,
1528 1665 1614 1721 cui
1642 1672 1822 1718 tamen
1851 1661 1996 1733 quod
2017 1677 2112 1717 an-

535 1776 727 1817 norum
756 1759 970 1814 fuerant
1020 1757 1306 1812 interstitia
1338 1755 1618 1822 collatura,
1650 1753 1823 1809 sancti
1852 1752 2114 1824 propositi

535 1858 726 1921 sponte
753 1856 1003 1920 suscepta
1032 1847 1291 1903 doceatur
1320 1846 1633 1916 prasstitisse
1664 1844 1900 1900 devotio.

520 2029 609 2085 ‘Ut
637 2032 682 2083 si
722 2028 806 2094 qui
834 2028 897 2081 de
924 2027 1072 2081 laicis
1099 2026 1359 2096 eliguntur
1387 2024 1454 2077 ad
1482 2025 1694 2096 clerum,
1725 2023 1884 2078 multo
1927 2023 2122 2096 sollici-

596 2101 709 2153 tius
737 2093 790 2152 in
822 2100 924 2163 his,
946 2114 1007 2151 ea
1035 2112 1147 2168 qua:
1170 2093 1251 2150 'de
1296 2095 1563 2149 monachis
1610 2094 1748 2149 dicta
1776 2104 1915 2158 sunt,
1951 2093 2123 2165 inqui-

600 2177 810 2222 rantur.
1146 2198 1154 2206 -

609 2306 694 2363 Ill.
729 2307 787 2362 Si
808 2322 935 2362 vero
962 2306 1028 2361 de
1057 2305 1206 2361 laicis
1225 2306 1489 2377 quispiam
1516 2304 1895 2361 ecclesiasticis
1923 2312 2005 2359 est
2033 2318 2126 2373 ag-

530 2397 844 2468 ‘gregandus
872 2396 1080 2462 officiis,
1114 2403 1264 2451 tanto
1317 2395 1601 2452 sollicitius
1651 2394 1703 2449 in
1733 2394 1977 2463 singulis,
2007 2408 2127 2464 quae

528 2488 787 2559 superius
814 2485 1207 2557 comprehensa
1235 2494 1382 2555 sunt,
1408 2485 1717 2556 hujusmodi
1746 2484 1902 2540 decet
1924 2485 2127 2540 exami-

543 2582 661 2636 nari
700 2594 1012 2652 personam,
1044 2588 1304 2657 quantum
1352 2579 1494 2634 inter
1532 2578 1857 2634 mundanam
1913 2577 2131 2646 religio-

545 2688 769 2743 samque
798 2672 962 2726 vitam
990 2679 1203 2726 constat
1247 2686 1367 2727 esse
1392 2670 1739 2738 discriminis,
1770 2670 1897 2739 quia
1945 2670 2131 2740 utique

546 2763 922 2821 convenientia
945 2760 1201 2817 Ecclesiae
1232 2761 1527 2817 ministeria
1551 2761 1849 2832 reparanda
1877 2768 2003 2818 sunt
2023 2776 2129 2816 non

548 2856 1052 2915 iuconvenientibus
1080 2855 1284 2913 meritis
1307 2854 1601 2925 ingerendi.
1635 2853 1919 2924 Tantoque
1940 2855 2128 2923 magis,

549 2950 694 3024 quod
740 2948 907 3004 sacris
935 2954 1119 3017 aptum
1162 2947 1334 3017 possit
1385 2961 1504 3002 esse
1548 2946 1802 3011 servitiis,
1853 2947 1906 3001 in
1946 2960 2133 3002 eorum

550 3042 895 3114 quzercndum
924 3048 1007 3096 est
1034 3039 1311 3106 institutis,
1343 3049 1602 3110 quantum
1624 3039 1692 3095 de
1733 3048 1998 3110 tempore,
2023 3054 2133 3108 quo

552 3134 765 3188 fuerant
787 3131 902 3186 hCBC
931 3129 1281 3200 assequenda,
1312 3129 1622 3200 decerpitur
1652 3147 1665 3183 :
1698 3138 1758 3184 ut
1795 3146 2007 3186 morum
2037 3130 2134 3184 ha-

2196 564 2467 642 positione
2487 563 2797 617 mandante.

2203 679 2271 735 Ut
2299 679 2363 733 ab
2387 654 2662 750 episcopis,
2685 674 3027 750 pra-ceptione
3051 684 3203 741 papa:
3221 708 3236 735 ,
3267 684 3411 725 novat
3436 666 3665 723 basilice
3691 665 3785 720 de-

2861 744 3115 797 dicentur.

2271 839 2359 894 lV.
2411 838 2667 895 Basilicas
2718 836 2931 892 noviter
2990 832 3289 895 institutas,
3341 844 3451 884 non
3492 827 3674 898 petitis
3719 842 3789 882 ex

2203 948 2355 988 more
2401 928 2875 1002 praeeeptionibus,
2932 924 3183 980 dedicare
3230 936 3337 975 non
3380 919 3631 984 audeant,
3682 934 3790 973 non

2204 1021 2444 1076 ambiant
2470 1019 2685 1075 sibimet
2714 1015 2985 1073 vindicare
3015 1012 3239 1068 clericos
3263 1007 3548 1079 potestatis
3580 1007 3786 1060 alieuze.

2212 1135 2280 1190 Ut
2322 1133 2463 1187 nulla
2486 1132 2648 1200 pretia
2672 1130 2751 1200 deA
2763 1126 3090 1200 baptizandis
3118 1122 3584 1200 cortsignandisque
3617 1119 3795 1200 fideli-

2279 1204 2371 1259 bus
2393 1190 2685 1272 exigantur.
2716 1190 2866 1272 Quod
2887 1199 2932 1253 si
2954 1197 3040 1272 qui
3062 1197 3155 1249 hoc
3180 1190 3596 1265 perpetraterint,
3630 1190 3791 1243 Itono-

2279 1276 2355 1327 ris
2383 1274 2464 1327 sui
2479 1267 2719 1342 'periculo
2739 1270 2830 1323 sub
2828 1267 3090 1341 jacebunt.

2285 1386 2347 1441 V.
2411 1381 2753 1452 Baptizandis
2813 1377 3299 1448 consignandisque
3346 1372 3589 1428 ﬁdelibus
3629 1369 3801 1443 pretia

2213 1478 2360 1534 nulla
2389 1473 2686 1546 praefigant,
2715 1488 2814 1528 nec
2835 1470 3166 1525 illationibus
3188 1466 3515 1537 quibuslibet
3542 1463 3805 1533 impositis

2216 1572 2495 1641 exagitare
2515 1568 2735 1638 cupiant
2761 1571 3135 1627 renascentes,
3161 1560 3416 1630 quoniam
3468 1556 3613 1627 quod
3644 1555 3807 1625 gratis

2218 1662 2531 1731 accipimus,
2565 1658 2729 1727 gratis
2761 1656 2890 1711 dare
2918 1654 3233 1709 mandamur
3256 1650 3468 1722 (Matth.
3490 1649 3569 1719 χ).
3595 1646 3661 1699 Et
3691 1646 3809 1700 ideo

2224 1752 2358 1807 nihil
2388 1765 2418 1804 a
2450 1748 2718 1821 praedictis
2738 1761 2957 1818 prorsus
2988 1745 3205 1812 exigere
3245 1742 3556 1805 moliantur,
3586 1734 3694 1807 quo
3727 1737 3810 1789 vel

2150 1828 2197 1888 Β
2225 1847 2541 1914 paupertate
2561 1847 2788 1908 cogente
2800 1835 3061 1900 deterriti,
3089 1833 3173 1889 vel
3195 1832 3558 1901 indignatione
3574 1829 3811 1884 revocati

2224 1929 2609 2001 redemptionis
2663 1927 2747 1983 sui
2797 1940 2987 1981 causas
3029 1923 3177 2000 adire
3228 1920 3527 1991 despiciant
3561 1938 3571 1971 :
3605 1924 3812 1974 certum

2224 1997 2518 2085 habentes,
2545 2017 2691 2087 quod
2715 2017 2805 2086 qui
2844 1997 3113 2085 prohibita
3142 2012 3462 2083 deprehensi
3497 2010 3696 2065 fuerint
3730 2008 3813 2061 ad-

2226 2109 2459 2176 misisse,
2486 2107 2572 2162 vel
2600 2105 2882 2161 commissa
2913 2119 3018 2158 non
3048 2101 3223 2172 potius
3238 2116 3334 2155 sua
3354 2108 3545 2170 sponte
3571 2112 3815 2155 corrcxc‘

2227 2200 2353 2268 rint,
2387 2199 2684 2271 periculum
2708 2196 2936 2251 subituri
2969 2194 3172 2265 proprii
3199 2192 3307 2248 sint
3330 2191 3571 2247 honoris.

2234 2314 2301 2369 Ut
2347 2312 2630 2383 presbyteri
2678 2310 2885 2364 modum
2916 2307 3152 2383 debitum
3194 2315 3413 2368 servent,
3456 2321 3560 2357 non
3589 2302 3819 2383 citri-suta

2301 2371 2599 2452 cdnﬁcidnt,
2635 2397 2736 2433 non
2785 2380 3241 2452 consigttcnt,_nec
3296 2384 3545 2452 prasente
3594 2371 3821 2452 quolibet

2304 2445 2559 2524 episc0po,
2589 2445 2694 2504 nisi
2729 2445 3008 2522 jubeantur
3032 2447 3096 2524 ait
3131 2448 3265 2524 ipso,
3314 2445 3391 2524 vel
3411 2461 3588 2524 orare,
3627 2445 3706 2495 ret
3737 2459 3825 2493 se-

2304 2513 2425 2578 dere
2464 2513 2799 2591 presumat'tt,
2834 2535 2925 2572 nec
2971 2513 3283 2587 acolythum,
3318 2517 3391 2569 vel
3444 2513 3826 2568 subdiaconmn

2307 2595 2521 2665 faciant.

2312 2701 2395 2756 Vl.
2440 2700 2551 2756 Nec
2579 2701 2754 2754 minus
2778 2699 2942 2754 etiam
2976 2696 3319 2767 presbyteros
3346 2695 3486 2750 ultra
3525 2707 3679 2749 suum
3705 2708 3833 2746 mo~

2233 2793 2359 2848 dum
2389 2791 2613 2847 tendere
2633 2790 3000 2862 prohibemus,
3035 2803 3135 2844 nec
3164 2787 3456 2858 episcopali
3484 2785 3702 2852 fastigio
3731 2784 3836 2838 de-

2234 2881 2369 2947 bita,
2423 2880 2638 2936 sibimet
2680 2879 2940 2936 audacter
2994 2892 3268 2933 assumere
3304 2894 3317 2928 :
3348 2891 3455 2931 non
3503 2874 3840 2931 conﬁciendi

2236 2971 2558 3037 chrismatis,
2589 2985 2696 3025 non
2718 2967 3139 3038 consignationis
3159 2962 3483 3036 pontificalis
3506 2964 3845 3021 adhibendae

2237 3062 2455 3118 sibimet
2482 3060 2725 3130 arripere
2750 3059 3063 3114 facultatem
3096 3074 3109 3112 :
3139 3072 3248 3111 non
3289 3064 3553 3125 praesente
3580 3055 3846 3124 quolibet

2238 3151 2499 3217 antistite,
2528 3151 2632 3206 nisi
2674 3149 2905 3205 fortasse
2947 3148 3258 3217 iubeantur,
3291 3146 3374 3201 vel
3420 3146 3707 3210 orationis,
3743 3148 3846 3202 vel

554 3226 681 3281 bere
704 3224 963 3280 doceatur
990 3222 1093 3277 hoc
1137 3221 1396 3292 probitas,
1427 3220 1572 3291 quod
1599 3220 1862 3291 prolixior
1900 3234 2131 3276 consue-
2163 3205 2208 3268 C
2240 3205 2468 3296 έέίίὸηίέ
2705 3205 2991 3308 ευρρθιειῖο
3038 3237 3139 3292 sibi
3168 3205 3493 3306 pm'esumam
3516 3205 3806 3289 “centiam
3827 3276 3844 3299 ’

554 3315 684 3371 tudo
711 3330 817 3369 non
845 3313 1091 3379 contulit,
1118 3327 1185 3368 ne
1206 3327 1303 3383 per
1327 3311 1673 3367 occasionem
1698 3310 2011 3381 supplendae
2040 3326 2133 3381 pe-

557 3406 721 3461 nuriae
748 3404 1011 3460 clericalis
1046 3404 1173 3458 vitia
1196 3404 1375 3473 potius
1405 3401 1602 3457 divinis
1627 3400 1862 3457 cultibus
1891 3400 2136 3457 intulisse

556 3496 872 3565 iudicemur,
920 3509 1027 3549 non
1054 3493 1305 3562 legitima:
1334 3492 1549 3547 familiae
1574 3491 1917 3548 confutemur
1940 3508 2137 3563 procu-

557 3606 703 3647 rasse
732 3588 1050 3660 compendia
1081 3606 1094 3642 :
1120 3602 1347 3657 quorum
1369 3586 1801 3658 promotionibus
1822 3601 1986 3657 super
2013 3587 2140 3642 anni

556 3689 729 3737 metas
749 3696 844 3736 sex
865 3694 1077 3736 menses
1099 3678 1447 3734 nihilominus
1460 3678 1831 3746 subrogamus.
1853 3677 2138 3745 Quoniam,

558 3774 695 3830 sicut
747 3772 949 3828 dictum
1001 3779 1106 3839 est,
1131 3771 1332 3827 distare
1376 3771 1632 3826 convenit
1682 3770 1826 3826 inter
1854 3785 2140 3842 personam

558 3864 742 3921 divino
770 3863 937 3919 cultui
967 3861 1221 3928 deditam,
1253 3870 1309 3917 et
1329 3860 1398 3917 de
1426 3861 1686 3916 laicorum
1729 3860 2144 3916 conversatione

560 3955 886 4011 venientem.
919 3951 1049 4019 Quae
1088 3960 1271 4007 tamen
1300 3959 1527 4006 eatenus
1556 3950 1881 4020 indulgenda
1909 3949 2144 4006 credidi-

562 4061 699 4113 mus,
726 4052 786 4099 ut
815 4043 918 4098 illis
962 4040 1245 4107 Ecclesiis,
1274 4039 1470 4109 quibus
1505 4038 1851 4094 infestatioue
1879 4038 2145 4096 bellorum

564 4134 650 4190 vel
677 4132 822 4188 nulla
844 4130 1075 4201 penitus,
1104 4128 1186 4182 vel
1209 4128 1403 4196 exigua
1424 4134 1804 4183 remanserunt
1828 4128 2144 4197 ministeria,

566 4228 913 4277 renoventur.
937 4218 1222 4285 Quatenus
1268 4218 1351 4272 his
1378 4217 1490 4274 Deo
1525 4218 1763 4288 propitio
1807 4219 2070 4276 restitutis
2093 4221 2147 4276 in

566 4310 942 4370 ecclesiasticis
969 4307 1227 4379 gradibus
1255 4308 1633 4377 subrogandis,
1662 4324 1932 4365 canonum
1962 4319 2147 4381 pater—

568 4421 758 4462 norum
790 4411 944 4458 vetus
967 4402 1136 4457 forma
1160 4409 1421 4467 servetur,
1458 4416 1556 4456 nec
1584 4408 1771 4456 contra
1800 4417 1896 4458 eos
1926 4402 2034 4457 ulla
2063 4419 2150 4457 ra-

569 4500 714 4553 tione
740 4494 1045 4567 prrevaieat,
1073 4494 1217 4564 quod
1246 4509 1342 4563 pro
1370 4494 1678 4550 accedentis
1707 4494 1949 4551 defectus
1970 4511 2147 4551 reme-

568 4592 655 4647 dio
684 4587 1017 4660 providetur,
1067 4601 1173 4640 non
1230 4584 1487 4641 adversus
1533 4586 1669 4640 scita
1698 4586 1967 4656 majorum
2009 4603 2147 4644 nova
2181 4587 2229 4647 Ι)

569 4682 686 4751 lege
708 4678 1046 4750 proponitur,
1078 4677 1287 4731 caeteris
1317 4675 1573 4732 Ecclesiis
1609 4678 1677 4732 ab
1716 4678 1818 4733 hac
1861 4679 2148 4734 occasione

568 4771 920 4833 cessantibus,
946 4782 1079 4839 quas
1108 4783 1215 4823 non
1245 4767 1406 4823 simili
1427 4767 1580 4823 clade
1610 4776 1845 4840 vastatas
1869 4769 2150 4839 pristinam

570 4860 826 4917 faciendis
854 4857 1280 4914 ordinationibus
1308 4859 1560 4913 convenit
1590 4862 1776 4915 tenere
1803 4860 2148 4925 sententiam,

570 4969 679 5023 quo
706 4952 874 5020 magis
900 4951 1005 5004 hac
1046 4950 1446 5019 opportunitate
1490 4949 1808 5005 commoniti
1848 4949 2151 5006 observan-

573 5047 702 5100 tiam
724 5038 1148 5097 venerandorum
1173 5053 1440 5094 canonum
1472 5041 1789 5110 propensius
1821 5039 2153 5108 delegamus,

572 5136 901 5204 singulorum
928 5132 1188 5202 graduum
1214 5131 1572 5188 conscientias
1613 5130 1981 5196 admonentes,
2012 5147 2079 5185 ne
2104 5132 2155 5185 in

575 5230 792 5284 illicitos
813 5241 1165 5299 prorumpere
1189 5226 1477 5279 moliantur
1499 5239 1771 5279 excessus.
1797 5224 1905 5279 Nec
1929 5224 2006 5279 fas
2037 5240 2161 5280 esse

575 5322 807 5377 confidat
836 5321 1061 5391 quisque
1108 5318 1418 5390 pontificum
1474 5318 1737 5386 bigamos,
1773 5326 1865 5371 aut
1904 5318 2152 5386 conjugia

576 5413 866 5467 sorticutcs
895 5412 960 5464 ab
992 5410 1108 5464 aliis
1137 5408 1409 5472 derelicta,
1453 5409 1567 5462 sive
1601 5408 1869 5477 quoslibet
1896 5418 2019 5478 post
2050 5425 2155 5477 pm-

575 5505 873 5565 nitcntiam,
911 5501 993 5555 vel
1022 5501 1138 5553 sine
1177 5500 1390 5565 litteris,
1422 5499 1506 5552 vel
1543 5514 1769 5567 corpore
1801 5497 2036 5561 vitiatos,
2072 5498 2155 5551 vel

577 5593 1019 5657 conditionarios,
1043 5598 1133 5643 aut
1156 5588 1335 5655 curiae,
1361 5587 1801 5656 publicarumque
1821 5601 1995 5640 rerum
2013 5587 2158 5639 uexi-

579 5685 678 5739 hus
708 5685 1029 5754 implicatos,
1060 5687 1150 5733 aut
1180 5678 1377 5748 passim
1406 5676 1551 5749 nulla
1581 5676 1837 5746 temporis
1864 5691 2154 5745 congruen-

578 5777 647 5829 tis
675 5774 1080 5842 exspectatione
1127 5771 1400 5824 discussos
1430 5768 1622 5822 divinis
1672 5768 1967 5822 servituros
1992 5768 2154 5837 appli-

581 5879 703 5921 care
731 5862 1014 5935 mysteriis,
1066 5874 1239 5930 neque
1284 5874 1381 5932 pro
1431 5874 1527 5917 suo
1580 5857 1730 5915 libito
1756 5856 1874 5928 jura
1906 5855 2159 5927 suideant

2241 3347 2415 3403 neque
2438 3332 2538 3389 sub
2560 3331 2675 3402 ejus
2723 3337 2962 3400 aspectu,
2992 3328 3094 3383 nisi
3139 3328 3433 3398 jubeantur
3452 3370 3469 3394 ,
3518 3334 3611 3380 aut
3636 3327 3851 3383 sedero

2238 3430 2584 3494 praesumant,
2613 3428 2707 3477 aut
2742 3420 3070 3476 venerabilia
3120 3426 3355 3474 tractare
3398 3416 3687 3489 mysteria,
3736 3434 3851 3475 nec

2240 3514 2342 3570 sibi
2389 3512 2733 3568 meminerint
2756 3511 2863 3567 ulla
2912 3510 3122 3566 ratione
3170 3510 3415 3574 concedi,
3446 3510 3562 3563 sine
3615 3524 3850 3563 summo

2238 3606 2517 3677 pontifice,
2566 3604 2977 3665 subdiaconum,
3011 3603 3097 3657 vel
3144 3601 3455 3671 acolythum
3497 3600 3586 3669 jus
3627 3599 3854 3655 habere

2241 3697 2498 3763 faciendi;
2532 3712 2635 3753 nec
2684 3710 2907 3766 prorsus
2959 3693 3297 3759 addubitem,
3328 3692 3394 3747 si
3416 3689 3724 3761 quidquam
3776 3690 3852 3744 ad

2244 3788 2553 3859 episcopale
2568 3788 2923 3842 ministerium
2940 3784 3242 3856 specialiter
3267 3783 3544 3854 pertinens
3564 3796 3668 3836 suo
3688 3789 3859 3835 motu

2245 3879 2553 3952 putaverint
2604 3875 3029 3947 exsequendum,
3079 3874 3336 3930 continuo
3390 3888 3449 3927 se
3504 3871 3852 3942 presbyterii

2247 3971 2508 4041 dignitate
2535 3978 2592 4026 et
2640 3985 2795 4025 sacra
2836 3968 3214 4025 communione
3256 3965 3477 4037 privari.
3533 3962 3696 4031 Quod
3728 3960 3863 4016 fieri

2247 4077 2470 4117 necesse
2490 4070 2593 4126 est,
2622 4075 2942 4116 censeamus
2959 4101 2974 4126 ,
3004 4060 3050 4113 si
3078 4073 3264 4114 eorum
3287 4057 3517 4128 praesule
3538 4055 3865 4121 deferente,

2248 4153 2553 4223 hujusmodi
2576 4152 2733 4207 fuerit
2761 4150 3132 4222 praevaricatio
3164 4148 3543 4217 comprobata,
3577 4160 3685 4201 nec
3730 4147 3870 4215 ipso

2253 4259 2443 4299 eorum
2475 4244 2730 4312 episcopo
2761 4240 2963 4311 aculpa
2994 4238 3370 4301 conniventite,
3417 4244 3473 4290 et
3502 4235 3717 4289 ultione
3750 4250 3867 4287 va-

2250 4341 2460 4397 caturo,
2490 4332 2534 4387 si
2562 4331 2909 4386 immoderata
2940 4328 3198 4384 facientes
3227 4325 3650 4383 dissimulaverit
3682 4326 3877 4380 vindi-

2253 4439 2395 4478 care.

2255 4534 2505 4591 Similiter
2523 4544 2577 4588 ut
2598 4535 2805 4589 diaconi
2828 4550 3119 4588 mensuram
3148 4532 3408 4601 propriam
3428 4531 3585 4601 juxta
3608 4529 3861 4585 Patrum

2780 4606 2986 4659 decreta
3012 4604 3323 4658 custodiant.

2330 4721 2440 4777 Vll.
2466 4722 2733 4777 Diaconos
2759 4734 2975 4790 quoque
2998 4718 3272 4788 propriam
3317 4716 3703 4771 constituimus
3737 4733 3884 4772 ser-

2260 4827 2388 4867 vare
2410 4826 2738 4877 mensuram,
2771 4824 2872 4865 nec
2892 4809 3030 4862 ultra
3061 4816 3304 4862 tenorem
3348 4806 3589 4876 paternis
3618 4808 3885 4860 canoni-

2256 4904 2362 4961 bus
2390 4903 2700 4971 deputatum
2731 4899 3005 4969 quidpiam
3052 4907 3262 4954 tentare
3306 4896 3698 4968 permittimus,
3724 4898 3893 4953 nihil

2265 5009 2451 5051 eorum
2494 5008 2593 5047 suo
2618 4990 2917 5045 ministerio
2941 4990 3155 5060 penitus
3185 4989 3473 5060 applicare,
3502 5002 3623 5056 qum
3665 4989 3893 5058 primis

2263 5084 2543 5140 ordinibus
2587 5082 2804 5153 proprie
2839 5082 3082 5135 decrevit
3111 5080 3423 5148 antiquitas,
3476 5078 3693 5146 absque
3744 5082 3896 5149 epi-

2262 5190 2449 5244 scopo,
2465 5174 2549 5229 vel
2565 5174 2877 5244 presbytero
2898 5172 3171 5240 baptizare
3187 5185 3295 5224 non
3317 5169 3569 5231 audeant,
3586 5169 3698 5222 nisi
3724 5185 3902 5237 prae-

2263 5266 2419 5319 dictis
2444 5263 2687 5327 fortassis
2736 5261 2930 5317 eﬂiciis
2959 5262 3171 5330 longius
3201 5260 3509 5315 constitutis
3553 5262 3907 5314 necessitas

2260 5366 2501 5411 extrema
2543 5354 2848 5425 compellat,
2877 5354 3021 5423 quod
3048 5362 3102 5409 et
3152 5352 3299 5415 laicis
3325 5350 3650 5405 Christianis
3680 5350 3917 5407 facere,

2262 5449 2578 5517 plerumque
2603 5445 2931 5502 conceditur.

2266 5557 2418 5621 Quod
2447 5559 2652 5612 diaconi
2686 5559 2736 5609 in
2762 5544 3089 5626 presbyterio
3134 5556 3357 5609 residere
3386 5571 3487 5608 non
3515 5557 3753 5623 possint,
3794 5577 3918 5612 nec

2336 5646 2451 5683 cum
2474 5638 2721 5681 tractatus
2753 5626 2966 5680 habetur
2998 5626 3423 5687 ecclesiasticus,
3449 5641 3541 5677 nec
3570 5628 3718 5677 sacri
3762 5644 3911 5681 cor-

2335 5701 2481 5820 pariiJ
2507 5699 2937 5780 praerogationem
2967 5696 3310 5767 prwscntibus
3337 5694 3557 5748 debeant
3601 5712 3918 5765 usurpare

2338 5786 2448 5820 m'cs
2488 5779 2663 5820 uteris.

2336 5779 2663 5838 presbyteris.

2339 5859 2466 5915 Vill.
2500 5859 2612 5915 Non
2644 5861 2694 5914 in
2719 5859 3055 5932 presbjterio
3103 5858 3355 5923 residere.
3384 5871 3504 5912 cum
3546 5856 3751 5913 divina
3798 5877 3918 5919 ce.
