3988 6344
181 332 282 386 5θὸ

1225 320 1604 381 COLLECTIO
1643 319 2109 377 DECRETORUM
2145 323 2248 378 I’P.
2292 316 2404 378 R-Il.

3335 325 3444 378 506

183 447 475 509 Iebrantur,
510 445 594 501 vel
634 443 1030 501 coelesiasticus
1060 442 1288 495 habetur
1325 441 1629 508 quicunque
1656 443 1763 490 tra-
1791 441 1838 499 Α
1871 438 1922 492 in
1944 454 2050 507 quo
2080 438 2372 492 verendum
2403 444 2485 490 est
2508 477 2520 501 ,
2566 449 2634 491 ne
2663 434 2835 490 morbi
2879 435 3154 489 crescente
3199 433 3440 502 periculo

179 545 376 600 ctatus,
402 537 539 592 sacri
571 537 814 608 corporis
847 531 1292 606 prterugationetn
1322 530 1420 584 sub
1469 535 1764 596 conspectu

181 625 454 698 pontificis
479 642 574 682 seu
601 625 923 696 presbyteri,
959 623 1055 678 nisi
1079 622 1160 676 his
1189 619 1520 685 absentibus,
1539 619 1626 685 jus
1656 631 1766 671 non

182 720 420 776 habeant
447 717 757 774 exercendi.
795 717 928 772 Cum
960 716 1100 770 enim
1131 713 1346 768 decreta
1378 709 1768 766 venerabilium

181 809 524 864 sanctionum
569 823 669 862 nos
696 820 912 875 quoque
939 817 1262 873 magnopere
1303 800 1574 856 custodire
1628 799 1770 856 nita-

183 918 327 970 mur,
358 917 424 957 ac
453 901 570 956 sine
619 916 808 956 eorum
835 899 1114 968 dispendio
1157 899 1321 953 etiam
1365 896 1475 962 illa,
1505 911 1623 965 quae
1668 911 1768 966 pro

183 993 413 1062 alicujus
477 993 724 1048 utilitatis
807 992 1034 1046 fortasse
1108 989 1428 1059 compendio
1489 987 1771 1044 videantur

184 1083 445 1152 laxanda,
467 1083 768 1139 credamus.

188 1192 346 1258 Quod
366 1195 650 1264 apostolica
677 1209 823 1248 senes
845 1200 1087 1263 paternos
1120 1207 1344 1264 canones
1375 1192 1459 1260 pio
1485 1191 1654 1243 studio
1685 1189 1772 1242 tle-

730 1262 944 1334 t'otoque
968 1262 1244 1316 custodiat.

264 1351 357 1406 IX.
393 1351 633 1420 Cumque
675 1352 831 1406 nobis
861 1360 1047 1406 contra
1075 1349 1388 1406 salutarium
1419 1348 1774 1404 reverentiam

187 1444 499 1512 regularum
525 1444 804 1513 cupiamus
834 1452 1038 1497 temere
1068 1442 1200 1496 nihil
1227 1441 1421 1505 licere,
1452 1450 1505 1495 et
1541 1457 1662 1494 eum
1687 1455 1776 1495 se-

188 1535 293 1590 des
340 1535 637 1605 apostolica
669 1549 830 1604 super
859 1533 941 1587 his
970 1533 1219 1588 omnibus
1268 1531 1478 1586 favente
1530 1531 1778 1596 Domino,

187 1640 314 1693 qua:
342 1625 581 1693 paternis
605 1624 902 1679 can0nibus
931 1630 1054 1677 sunt
1077 1622 1314 1692 pnefixa,
1368 1622 1457 1692 pio
1479 1621 1780 1689 devotoque

189 1715 412 1770 studeat
441 1723 627 1770 tenere
648 1714 946 1784 proposito,
973 1705 1104 1767 satis
1152 1712 1425 1780 indignum
1468 1719 1550 1766 est
1595 1725 1782 1779 quem-

1867 529 1984 583 sine
2007 528 2249 582 remedio
2278 527 2498 581 salutari
2545 525 2789 581 fortassis
2816 534 3080 593 a‘grotans
3110 522 3272 579 exitio
3304 537 3440 593 pra:-

1866 628 2054 672 vcntus
2083 617 2349 672 abscedat.

1872 724 2366 796 Presbyterorumet
2393 725 2726 778 diaconatum
2757 723 3107 796 ordinationes
3133 722 3281 775 certis
3307 720 3440 774 cclcc

2301 795 2443 847 brari
2482 809 2628 864 posse
2668 792 2994 862 temporibus.

1945 886 2036 941 XI.
2098 884 2476 941 Ordinatioues
2508 886 2668 940 etiam
2718 884 3154 954 presbyterorum
3193 880 3441 935 diacono-

1875 994 2104 1048 rumque
2151 978 2251 1034 nisi
2281 979 2443 1033 certis
2494 977 2822 1047 temporibus
2860 981 2914 1030 et
2956 972 3145 1028 diebus
3191 985 3445 1025 exercere

1789 1077 1791 1079 ’
1875 1085 1982 1124 non
2006 1069 2256 1133 debeant,
2287 1069 2340 1122 id
2386 1077 2468 1122 est
2493 1067 2647 1137 primi
2692 1075 2744 1121 et
2773 1064 2948 1134 quarti
2987 1061 3186 1117 mensis
3221 1059 3445 1130 jejunio,

1876 1159 2090 1229 septimi
2119 1167 2172 1222 et
2200 1159 2392 1214 decimi
2424 1177 2435 1210 :
2465 1159 2556 1212 sed
2587 1158 2748 1212 etiam
2777 1150 3254 1224 quadragesimalis
3277 1149 3411 1205 initii
3431 1189 3444 1210 ,

1878 1263 1942 1302 ac
1971 1247 2217 1301 mediana
2244 1247 2676 1314 Quadragesimae
2714 1245 2818 1309 die,
2845 1243 3052 1299 sabbati
3077 1239 3279 1311 jejunio
3308 1238 3449 1294 circa

1878 1349 2161 1404 vesperam
2211 1335 2421 1388 noverit
2448 1333 2812 1388 celebrandas.
2844 1331 2952 1386 Nec
2998 1329 3283 1398 cujuslibet
3307 1326 3454 1381 utili-

1883 1426 2010 1480 tatis
2035 1441 2196 1481 causa
2226 1441 2319 1480 seu
2351 1426 2719 1495 presbyterum
2737 1467 2751 1490 ,
2775 1440 2868 1478 seu
2893 1422 3178 1476 diaconum
3205 1420 3288 1475 his
3314 1433 3453 1489 pra:-

1882 1515 2043 1583 fcrre,
2073 1515 2164 1584 qui
2193 1525 2318 1569 ante
2341 1516 2484 1584 ipsos
2512 1513 2708 1569 fuerint
2735 1513 2984 1567 ordinati.

2066 1626 2132 1682 Ut
2155 1628 2388 1699 prwﬁxis
2412 1626 2588 1680 diebus
2610 1627 2831 1697 virgines
2854 1641 3016 1678 sacrm
3038 1623 3280 1677 celentur.

1957 1717 2070 1772 XII.
2102 1717 2321 1772 Devotis
2359 1731 2573 1786 quoque
2623 1715 2933 1784 virginibus,
2966 1714 3066 1767 nisi
3095 1722 3188 1766 aut
3231 1711 3285 1765 in
3332 1708 3458 1780 Epi-

190 1819 360 1872 quam
385 1803 470 1858 vel
500 1800 812 1873 pontificum
837 1802 918 1856 vel
941 1802 1184 1858 ordinum
1203 1802 1622 1870 subsequentum
1647 1801 1785 1856 hanc

1918 1808 2225 1869 haniorum,
2258 1815 2350 1860 aut
2374 1807 2426 1858 in
2456 1805 2591 1860 albis
2635 1803 3000 1867 Paschalihus,
3032 1809 3123 1854 aut
3151 1800 3202 1854 in
3230 1799 3460 1868 Aposto-

193 1891 598 1946 obscrvantiam
647 1891 900 1957 refutare,
943 1907 1103 1960 quam
1146 1890 1289 1945 beati
1317 1889 1459 1944 Petri
1501 1889 1682 1944 sedem
1729 1897 1784 1944 et

197 1982 358 2050 sequi
387 1981 586 2047 videat,
629 1989 685 2035 et
710 1981 906 2035 docere
937 1999 948 2032 :
981 1981 1220 2050 satisque
1250 1981 1576 2035 conveniens
1605 1981 1696 2047 sit,
1726 1991 1785 2033 ut

197 2085 375 2132 totum
406 2092 603 2146 corpus
633 2075 887 2131 Ecclesiae
929 2075 981 2129 in
1022 2075 1124 2146 hac
1152 2074 1366 2130 sibimet
1409 2071 1786 2128 observatione

198 2170 519 2235 concordet,
543 2184 703 2238 quam
737 2168 845 2223 illic
875 2168 1055 2237 vigere
1080 2166 1394 2235 conspiciat,
1422 2165 1511 2220 ubi
1532 2163 1788 2219 Dominus

199 2263 459 2318 Ecclesia:
486 2262 653 2318 totius
681 2261 861 2331 posuit
900 2260 1284 2330 principatum.
1330 2258 1551 2314 Dicente
1603 2266 1782 2310 autem

198 2356 508 2425 Scriptura,
542 2355 797 2408 Ordinate
825 2355 879 2407 in
905 2369 986 2406 me
1008 2353 1332 2416 clraritatem,
1355 2359 1411 2405 et
1427 2350 1575 2415 item,
1597 2347 1790 2402 Omnia

204 2463 323 2499 cum
351 2446 538 2499 ordine
566 2445 698 2515 ﬁant
723 2443 775 2515 (I
801 2441 998 2497 Corint.
1032 2444 1178 2509 xw);
1208 2451 1369 2510 atque
1411 2441 1604 2494 iterum
1638 2438 1790 2492 Psal—

203 2537 368 2591 ntista
394 2535 736 2606 praedicante,
770 2533 1095 2587 Circumdatc
1125 2532 1253 2586 Sion
1277 2572 1292 2597 ,
1317 2540 1367 2584 et
1394 2529 1791 2597 complectimini

204 2645 342 2688 eam,
371 2634 585 2681 narrate
612 2628 667 2681 in
715 2624 939 2678 turribus
968 2625 1081 2694 ejus
1101 2665 1116 2692 ,
1137 2622 1314 2692 ponite
1351 2621 1510 2676 corda
1544 2629 1712 2673 vestra
1736 2619 1793 2674 in

205 2723 396 2772 rit-tute
427 2719 559 2788 ejus,
582 2726 632 2771 et
660 2717 951 2771 distribuite
973 2715 1164 2787 gradus
1196 2715 1334 2784 ejus,
1363 2721 1418 2765 ut
1465 2710 1714 2764 enarrelis
1738 2711 1793 2764 in

205 2811 458 2880 progenie
487 2811 670 2874 altera,
697 2810 944 2880 quoniam
983 2807 1064 2861 hic
1088 2815 1165 2860 est
1191 2805 1328 2859 Deus
1347 2843 1362 2870 ,
1386 2803 1525 2857 Betis
1548 2811 1721 2858 noster
1739 2805 1795 2858 in

207 2913 500 2964 attentum,
527 2912 578 2956 et
624 2903 734 2972 ipse
763 2908 901 2972 reget
930 2916 1025 2954 nos
1071 2899 1125 2952 in
1168 2899 1357 2952 swcula
1408 2895 1578 2962 (Psal.
1606 2893 1792 2965 .vau),

211 2995 307 3049 hic
355 2993 546 3064 procul
585 2991 778 3056 dubio,
809 2991 989 3060 quiin
1036 2987 1798 3045 ecclesiasticarumnarratur

209 3085 500 3141 altitudine
539 3085 877 3153 dignitatum,
910 3091 967 3138 et
993 3083 1046 3138 in
1073 3081 1224 3151 cujus
1271 3081 1466 3134 virtute
1494 3079 1646 3133 bonis
1669 3093 1798 3149 ope-

211 3176 367 3230 ribus
394 3174 557 3230 corda
585 3173 830 3244 ponenda
856 3180 998 3235 sunt,
1024 3171 1272 3240 gradibus
1300 3170 1482 3238 utique
1503 3167 1796 3223 distributis
1823 3173 1868 3233 C

211 3269 430 3326 cunctis
459 3268 602 3322 Deus
631 3275 835 3331 uoster,
870 3272 926 3319 et
965 3273 1144 3319 rector
1191 3261 1405 3332 populis
1434 3258 1802 3330 pnedicandus

214 3369 305 3416 est
343 3357 696 3423 Christianis,
728 3356 819 3410 ubi
870 3369 1028 3411 nemo
1059 3354 1272 3410 sibimet
1325 3352 1525 3422 aliquid
1575 3352 1806 3407 :estimet

214 3451 564 3507 imminutum
599 3467 612 3502 :
641 3464 760 3503 cum
793 3456 847 3503 et
880 3447 946 3502 de
989 3444 1406 3514 uniuscujusque
1433 3443 1630 3514 gradus
1677 3458 1804 3514 per-

217 3541 459 3598 fectione
486 3540 559 3593 nil
579 3538 811 3609 deperit,
836 3546 890 3593 et
917 3536 1302 3592 convenienter
1323 3533 1603 3588 retinendo
1620 3575 1633 3599 ,
1663 3531 1808 3602 quod

220 3632 432 3688 cmiesti
463 3630 868 3700 dispensatione
913 3628 1168 3683 collatum
1198 3633 1298 3692 est,
1332 3625 1535 3697 pariter
1561 3624 1716 3679 nobis
1754 3630 1811 3678 et

220 3723 647 3793 toguoscibilem
677 3722 845 3776 Deum
877 3721 1013 3785 fieri,
1041 3729 1096 3774 et
1121 3719 1308 3774 tribuit.
1350 3733 1471 3774 esse
1517 3725 1806 3774 rectorem.

219 3813 358 3869 Nam
392 3822 446 3867 et
488 3814 533 3866 si
575 3810 704 3879 quid
734 3811 1038 3879 indulgetur
1067 3809 1134 3865 de
1167 3817 1470 3879 temporum
1513 3808 1813 3878 quantitate

221 3906 469 3960 moribus
495 3911 782 3972 aggregata
804 3901 1123 3957 strenuitate
1155 3907 1416 3970 pensatur
1441 3917 1454 3952 :
1487 3898 1532 3954 si
1561 3899 1683 3954 vita:
1698 3898 1812 3968 jam

221 3998 514 4066 proposito
562 3995 888 4056 continetur,
919 3991 1061 4065 quod
1110 3991 1376 4061 protelata
1433 3991 1608 4045 fuerat
1654 3998 1814 4046 artato

225 4085 556 4151 curandum,
582 4083 874 4138 dummodo
895 4082 983 4135 illa
1007 4081 1309 4136 nullatenus
1335 4079 1666 4136 dissimulata
1691 4079 1816 4134 sub-

224 4179 431 4247 ripiant
465 4194 476 4228 :
512 4190 739 4243 quorutn
770 4173 1043 4244 quodlibet
1086 4171 1140 4225 in
1193 4185 1311 4225 esse
1341 4169 1595 4224 claruerit
1623 4169 1817 4223 merito

228 4257 574 4320 clericalibus
594 4262 774 4317 infulis
795 4260 1187 4332 reprobabiietu
1216 4261 1501 4315 convincat
1542 4273 1662 4314 esse
1689 4273 1818 4328 per-

229 4372 442 4412 sonam.
491 4354 602 4410 Etsi
631 4355 720 4409 illa
767 4368 1150 4422 nonnunquam
1180 4351 1402 4418 sinenda
1448 4359 1592 4414 sunt,
1625 4365 1744 4419 quae
1772 4349 1819 4405 si

232 4459 558 4504 ezrterorum
607 4451 818 4499 constet
868 4443 1146 4511 integritas
1171 4484 1186 4510 ,
1213 4441 1328 4496 sola
1359 4454 1556 4494 nocere
1583 4454 1691 4494 non
1721 4453 1818 4492 va-

1887 1897 2059 1951 lorum
2084 1896 2349 1951 natalibus
2377 1911 2590 1950 sacrum
2623 1895 2840 1948 minime
2867 1892 3111 1948 velamen
3142 1892 3417 1960 imponant
3447 1907 3459 1941 :

1887 1986 1987 2040 nisi
2018 1985 2263 2050 forsitan,
2295 1987 2434 2040 sicut
2461 1985 2528 2040 de
2557 1975 2892 2053 baptismate
2918 1983 3122 2036 dictum
3176 1989 3286 2046 est,
3316 1977 3462 2046 gravi

1888 2077 2146 2144 languore
2173 2075 2453 2144 correptis,
2487 2089 2556 2129 ne
2605 2074 2721 2128 sine
2768 2074 2872 2128 hoc
2915 2085 3138 2126 munere
3173 2069 3240 2125 de
3267 2067 3463 2123 saeculo

1888 2175 2102 2232 exeant,
2134 2164 2545 2234 implorantibus
2574 2178 2679 2218 non
2711 2169 2953 2231 negetur.

2357 2273 2424 2328 Ut
2447 2273 2612 2328 vidua:
2634 2288 2736 2326 non
2760 2272 3003 2325 velentur.

1960 2365 2098 2422 XIII.
2127 2365 2326 2421 Viduas
2347 2373 2527 2420 autem
2552 2363 2730 2418 velare
2755 2361 3068 2432 pontificum
3092 2359 3269 2415 nullus
3295 2366 3466 2413 alter:-

1892 2463 1972 2512 tet
2001 2472 2014 2509 :
2047 2454 2189 2526 quod
2212 2469 2312 2508 nec
2353 2452 2645 2507 auctoritas
2670 2450 2849 2506 divina
2899 2449 3131 2517 delegat,
3174 2463 3276 2503 nec
3304 2454 3472 2502 cano-

1896 2563 2024 2602 nunt
2055 2545 2223 2600 forma
2255 2541 2556 2614 praestituit.
2592 2540 2707 2596 Non
2758 2549 2841 2596 est
2896 2553 3025 2608 ergo
3074 2539 3290 2608 penitus
3317 2553 3470 2591 usur-

1895 2639 2149 2711 pandum,
2175 2636 2358 2705 eisque
2386 2635 2464 2690 sic
2491 2633 2853 2690 ecclesiastfca
2890 2639 3016 2684 sunt
3043 2628 3314 2684 inferenda
3343 2643 3471 2698 prae.

1896 2729 2061 2794 sidia,
2094 2735 2150 2782 ut
2182 2726 2314 2781 nihil
2340 2723 2706 2780 committatur
2733 2721 3000 2776 illicitum.

1903 2841 1971 2895 Ut
1992 2838 2162 2894 nullus
2193 2836 2382 2907 prtesul
2409 2833 2487 2888 vel
2515 2831 2758 2907 Ecclesia:
2775 2831 2912 2907 ,ιυειΔ
2928 2829 3225 2907 monasterii
3249 2843 3472 2907 servum,

1972 2917 2060 2963 aut
2087 2897 2426 2978 orig'inarium
2449 2902 2736 2978 nolentibus
2773 2901 2997 2954 darniuis
3036 2897 3474 2978 subolemine-re-

1972 2981 2154 3050 ligioso
2167 2966 2421 3050 ’ἱιείεηᾴαῑ
2442 2991 2461 3050 _:
2494 2973 2704 3050 honoris
2725 2981 2774 3024 et
2801 2966 3476 3047 communionispericulum

1970 3039 2481 3115 subiturus'quisquis
2508 3043 2601 3096 hoc
2623 3050 2918 3112 perpetrare
2946 3039 3235 3094 lentauerit.

1975 3139 2114 3194 XIV.
2141 3136 2420 3193 Geueralis
2445 3134 2607 3190 etiam
2628 3132 2863 3202 querela:
2883 3130 3100 3185 vitanda
3125 3116 3476 3198 prmsuuiptio

1904 3243 1987 3290 est
2009 3276 2024 3300 ,
2066 3247 2172 3302 qua
2221 3226 2616 3301 propemodum
2664 3232 2955 3280 causantur
2996 3221 3229 3277 universi
3279 3219 3480 3290 passim

1903 3343 2112 3394 servos,
2136 3335 2192 3382 et
2219 3321 2540 3392 originarios
2557 3319 2896 3382 dominorum
2912 3316 3035 3386 jura
3064 3313 3481 3386 possessionem-

1904 3439 2011 3496 que
2039 3423 2305 3492 fugientes
2355 3418 2454 3474 sub
2483 3417 2748 3484 religiosa:
2801 3413 3231 3471 conversationis
3259 3410 3482 3465 obtentu

1907 3517 1991 3572 vel
2037 3516 2106 3570 ad
2133 3513 2459 3569 monasteria
2488 3524 2608 3566 sese
2659 3506 2925 3571 conferre,
2956 3505 3041 3560 vel
3067 3503 3135 3559 ad
3164 3500 3484 3558 ecclesiasti-

1907 3620 2028 3660 cum
2058 3603 2392 3666 famulatum,
2425 3597 2797 3656 cohibentibus
2823 3609 3041 3665 quoque
3069 3591 3382 3664 praesulibus
3405 3589 3483 3643 in-

1909 3694 2219 3751 differenter
2250 3692 2478 3747 admitti.
2511 3689 2640 3756 Qua:
2687 3687 2860 3742 modis
2914 3686 3162 3742 omnibus
3207 3693 3289 3739 est
3335 3698 3489 3736 anto-

1910 3785 2082 3840 venda
2135 3782 2402 3854 pernicies
2429 3801 2440 3835 :
2469 3797 2536 3836 ne
2573 3796 2668 3850 per
2695 3778 2984 3833 Christiani
3015 3777 3246 3832 nominis
3275 3773 3490 3830 institu-

1913 3885 2026 3932 tum
2055 3884 2147 3930 aut
2176 3875 2349 3930 aliena
2392 3871 2634 3944 pervadi,
2667 3879 2759 3925 aut
2787 3869 2999 3940 publica
3046 3868 3288 3930 videatur
3326 3865 3487 3919 disci-

1913 3970 2059 4042 plina
2101 3967 2358 4024 subverti.
2388 3964 2661 4034 Praecipue
2688 4005 2703 4031 ,
2733 3978 2854 4017 cum
2884 3976 2982 4016 nec
3013 3960 3179 4030 ipsam
3209 3957 3489 4013 ministerii

1916 4059 2180 4116 clericalis
2205 4059 2307 4112 hac
2335 4055 2661 4125 obligatione
2709 4051 2902 4107 fuscari
2932 4050 3219 4106 conveniat
3264 4047 3490 4116 dignita«

1919 4162 2048 4219 tem,
2078 4159 2408 4219 cogaturque
2437 4163 2534 4218 pro
2579 4153 2722 4200 statu
2767 4144 3108 4202 militantium
3139 4141 3270 4205 sibi,
3299 4139 3492 4196 condi-

1919 4247 2171 4314 tioneque
2191 4241 2414 4312 jurgari,
2440 4249 2532 4295 aut
2555 4238 2720 4294 videri
2749 4236 2913 4309 (quod
2943 4234 3099 4305 absit)
3124 4234 3354 4289 obnoxia
3375 4233 3496 4303 qui-

1920 4344 2022 4399 bus
2057 4340 2289 4397 soilicita
2344 4341 2715 4405 competenter
2766 4331 3143 4386 interdictione
3193 4327 3494 4398 prohibitis.

1922 4432 2174 4503 Quisquis
2214 4429 2514 4498 episcopus,
2549 4425 2847 4494 presbyter,
2877 4422 3156 4485 diaconus,
3191 4419 3275 4474 vel
3304 4434 3496 4472 eorum

232 4537 381 4592 leant
408 4555 420 4588 :
456 4536 546 4590 illa
576 4543 754 4588 tamen
777 4541 903 4588 sunt
928 4507 1258 4602 magnopere
1285 4529 1636 4611 przecavenda
1655 4572 1669 4596 ,
1700 4543 1819 4598 qua:
1850 4548 1895 4604 ι)
1925 4525 2014 4594 qui
2044 4518 2383 4576 monasteriis
2412 4528 2644 4586 praeesse
2687 4519 3001 4572 noscuntur,
3028 4507 3330 4578 bujusmodi
3377 4521 3502 4576 per-

235 4627 403 4697 recipi
431 4627 551 4681 sine
589 4623 870 4679 manifesta
902 4622 1307 4679 decoloratione
1333 4635 1442 4676 non
1471 4627 1712 4690 possmt.
1747 4619 1823 4674 Ac

237 4717 278 4772 si
302 4733 366 4772 ea
393 4718 528 4787 ipsa,
547 4730 665 4785 qua:
687 4715 834 4769 nullo
855 4714 1179 4768 detrimento
1202 4710 1486 4781 aliquoties
1507 4707 1825 4778 indulgenda

237 4806 570 4870 creduntur,
610 4805 697 4859 vel
722 4819 906 4859 rerum
946 4811 1362 4872 temporumque
1389 4800 1536 4869 cogit
1580 4799 1825 4860 intuitus,

241 4898 325 4951 vel
351 4895 670 4951 aceeleratae
693 4893 1016 4964 provisionis
1037 4899 1316 4962 respectus
1342 4896 1602 4945 excusat:
1628 4895 1829 4960 quanto

241 4989 418 5057 magis
446 4987 536 5040 illa
589 4987 894 5044 nullatenus
936 4982 1231 5039 mutilanda
1275 4988 1419 5045 sunt,
1451 4993 1570 5049 qua:
1597 4993 1697 5032 nec
1726 4975 1830 5030 ulla

239 5078 571 5140 necessitas,
610 5092 710 5132 nec
739 5074 1102 5131 ecclesiastica
1131 5085 1352 5144 prorsus
1401 5076 1686 5137 extorquet
1729 5068 1831 5122 uti-

237 5171 367 5225 litas
383 5171 411 5223 τ

238 5282 313 5342 Ut
345 5291 540 5353 pra-ter
559 5281 803 5352 paschale
843 5288 1063 5353 tempus,
1089 5276 1165 5330 rel
1192 5274 1526 5328 Pentecosten
1561 5270 1828 5353 uenieba-

311 5340 520 5424 p'tizare
545 5340 969 5424 prazsumat.gnisi
991 5340 1166 5402 omnes
1199 5354 1395 5398 tantum
1424 5359 1549 5412 quos
1580 5340 1832 5411 (egritudo

312 5422 552 5480 extrema
581 5422 906 5491 compulerit.

315 5537 392 5593 Χ.
443 5535 748 5607 Baptizandi
801 5533 902 5587 sibi
945 5532 1209 5602 quispiam
1268 5527 1465 5600 passim
1516 5537 1839 5594 quocunque

236 5641 502 5698 tempore
529 5628 724 5680 nullam
758 5623 941 5680 credat
973 5623 1146 5676 inesse
1189 5620 1461 5685 ﬁduciam,
1511 5621 1710 5687 prmter
1740 5611 1841 5666 Pa-

236 5721 446 5779 sclnale
475 5718 694 5779 festum,
737 5725 791 5769 et
821 5712 1172 5768 Pentecosten
1204 5710 1506 5768 venerabile
1535 5719 1843 5763 sacramen-

241 5826 395 5883 tum,
428 5818 655 5878 excepto
688 5807 946 5862 duntaxat
977 5803 1264 5870 gravissimi
1296 5800 1568 5871 languoris
1599 5797 1836 5857 incursu,

1925 4629 2088 4670 sonas
2131 4610 2273 4681 apud
2304 4624 2363 4663 se
2394 4613 2646 4662 tenentes
2679 4618 2786 4656 non
2834 4598 3190 4655 restituendas
3239 4597 3501 4667 patronis,

1929 4711 2020 4760 aut
2048 4702 2302 4769 deinceps
2329 4697 2414 4752 vel
2443 4693 2822 4751 ecclesiastica:
2846 4690 3110 4757 servituti,
3132 4689 3214 4744 vel
3239 4689 3504 4762 religiosis

1930 4787 2439 4863 congregationibus
2466 4783 2778 4856 putaverint
2800 4780 3162 4852 applicandae,
3194 4780 3295 4833 nisi
3327 4780 3507 4835 volun-

1934 4894 2045 4941 tate
2076 4883 2299 4939 forsitan
2347 4878 2686 4934 dominorum
2717 4875 2814 4931 sub
2861 4873 3151 4942 Scriptura:
3199 4871 3514 4926 testimonio

1935 4975 2180 5050 primitus
2209 4970 2500 5028 absolutas,
2527 4973 2618 5020 aut
2643 4964 2879 5032 legitima
2907 4963 3269 5016 transactionc
3295 4974 3520 5015 conces-

1938 5083 2068 5124 sas:
2103 5063 2401 5136 periculum
2430 5075 2488 5115 se
2540 5057 2763 5114 honoris
2807 5054 3012 5126 proprii
3057 5069 3163 5108 non
3217 5053 3512 5122 ambigant,

1938 5154 2440 5222 communionisque
2483 5150 2781 5216 subituros,
2806 5147 2851 5202 si
2899 5147 3194 5216 superbae
3223 5159 3283 5200 re
3334 5142 3516 5213 cujus-

1939 5263 2100 5318 quam
2123 5259 2291 5302 verax
2341 5257 2440 5298 nos
2487 5239 2708 5311 querela
2736 5237 3047 5308 pulsaverit.
3087 5233 3290 5302 Magnis
3317 5233 3516 5318 quippe

1941 5317 2130 5392 studiis
2179 5331 2474 5389 secundum
2500 5329 2718 5384 beatum
2749 5324 3063 5396 Apostolum
3107 5317 3513 5391 praecavendum

1943 5435 2054 5492 est,
2087 5440 2155 5480 ne
2204 5422 2356 5485 fides,
2408 5427 2466 5474 et
2513 5415 2798 5486 disciplina
2854 5411 3068 5467 Domini
3119 5407 3510 5478 blasphemetut

1946 5517 2125 5591 (Rom.
2192 5528 2227 5568 Il
2261 5511 2327 5579 ;ι
2354 5511 2486 5565 Tim.
2512 5509 2608 5578 vt).

1952 5627 2019 5684 Ut
2066 5628 2245 5688 clerici
2287 5623 2459 5678 nullas
2503 5616 2875 5690 negotiationes
2915 5612 3217 5667 inhonesta:
3248 5613 3298 5661 et
3349 5610 3518 5678 turpia

2512 5693 2656 5748 lucra
2683 5693 2956 5739 sectentur.

2024 5785 2136 5840 XV.
2163 5783 2510 5851 Consequens
2555 5778 2684 5838 fuit,
2710 5781 2766 5827 ut
2815 5773 2902 5829 illa
2931 5782 3166 5841 quoque,
3196 5783 3314 5840 qua:
3345 5767 3408 5824 de
3439 5764 3520 5820 Pi.-
