  <div class='ocr_page' id='page_1' title='image "/cluster/home/n/w/nwhite01/storage/ocr_20150623/67/hvd.32044073505141/161.png"; bbox 0 0 3988 6344; ppageno 0'>
   <div class='ocr_carea' id='block_1_1' title="bbox 474 383 573 441">
    <p class='ocr_par' dir='ltr' id='par_1_1' title="bbox 474 383 573 441">
     <span class='ocr_line' id='line_1_1' title="bbox 474 383 573 441; baseline -0.03 1"><span class='ocrx_word' id='word_1_1' title='bbox 474 383 573 441; x_wconf 74' lang='grc' dir='ltr'><strong>ὅθῖ</strong></span> 
     </span>
    </p>
   </div>
   <div class='ocr_carea' id='block_1_2' title="bbox 1750 341 2462 413">
    <p class='ocr_par' dir='ltr' id='par_1_2' title="bbox 1750 341 2462 413">
     <span class='ocr_line' id='line_1_2' title="bbox 1750 341 2462 413; baseline -0.021 -1"><span class='ocrx_word' id='word_1_2' title='bbox 1750 356 1903 413; x_wconf 83' lang='lat' dir='ltr'><strong>DION</strong></span> <span class='ocrx_word' id='word_1_3' title='bbox 1913 349 2105 407; x_wconf 75' lang='lat' dir='ltr'><strong>YSIUS</strong></span> <span class='ocrx_word' id='word_1_4' title='bbox 2144 341 2462 403; x_wconf 79' lang='lat' dir='ltr'><strong>EXIGUUS.</strong></span> 
     </span>
    </p>
   </div>
   <div class='ocr_carea' id='block_1_3' title="bbox 3624 314 3718 372">
    <p class='ocr_par' dir='ltr' id='par_1_3' title="bbox 3624 314 3718 372">
     <span class='ocr_line' id='line_1_3' title="bbox 3624 314 3718 372; baseline -0.043 -1"><span class='ocrx_word' id='word_1_5' title='bbox 3624 314 3718 372; x_wconf 67' lang='lat'><strong>30.8</strong></span> 
     </span>
    </p>
   </div>
   <div class='ocr_carea' id='block_1_4' title="bbox 478 433 3720 563">
    <p class='ocr_par' dir='ltr' id='par_1_4' title="bbox 478 433 3720 563">
     <span class='ocr_line' id='line_1_4' title="bbox 478 433 3720 563; baseline -0.014 -12"><span class='ocrx_word' id='word_1_6' title='bbox 478 494 595 551; x_wconf 86' lang='lat' dir='ltr'><strong>ceni</strong></span> <span class='ocrx_word' id='word_1_7' title='bbox 619 490 858 563; x_wconf 75' lang='lat' dir='ltr'><strong>Partibus</strong></span> <span class='ocrx_word' id='word_1_8' title='bbox 896 501 1067 557; x_wconf 72' lang='lat' dir='ltr'><strong>nuper</strong></span> <span class='ocrx_word' id='word_1_9' title='bbox 1087 483 1153 538; x_wconf 88' lang='lat' dir='ltr'><strong>ad</strong></span> <span class='ocrx_word' id='word_1_10' title='bbox 1183 496 1281 536; x_wconf 89' lang='lat' dir='ltr'><strong>nos</strong></span> <span class='ocrx_word' id='word_1_11' title='bbox 1329 478 1491 531; x_wconf 77' lang='lat' dir='ltr'><strong>missa</strong></span> <span class='ocrx_word' id='word_1_12' title='bbox 1519 474 1712 529; x_wconf 84' lang='lat' dir='ltr'><strong>relatio</strong></span> <span class='ocrx_word' id='word_1_13' title='bbox 1758 466 2045 527; x_wconf 87' lang='lat' dir='ltr'><strong>nuntiavit,</strong></span> <span class='ocrx_word' id='word_1_14' title='bbox 2083 469 2123 523; x_wconf 86' lang='grc' dir='ltr'><strong>Λ</strong></span> <span class='ocrx_word' id='word_1_15' title='bbox 2158 473 2321 526; x_wconf 41' lang='lat' dir='ltr'><strong>quam»</strong></span> <span class='ocrx_word' id='word_1_16' title='bbox 2368 468 2534 511; x_wconf 67' lang='lat' dir='ltr'><strong>sacrm</strong></span> <span class='ocrx_word' id='word_1_17' title='bbox 2588 445 2936 520; x_wconf 77' lang='lat' dir='ltr'><strong>professionis</strong></span> <span class='ocrx_word' id='word_1_18' title='bbox 2995 441 3224 502; x_wconf 76' lang='lat' dir='ltr'><strong>oblitos.</strong></span> <span class='ocrx_word' id='word_1_19' title='bbox 3266 433 3720 505; x_wconf 60' lang='grc' dir='ltr'><strong>Ρηενθτίωιθτθδ·</strong></span> 
     </span>
     <span class='ocr_line' id='line_1_5' title="bbox 1924 521 3654 563; baseline 0 0"><span class='ocrx_word' id='word_1_20' title='bbox 1924 558 1939 563; x_wconf 84' lang='grc'><strong>-</strong></span> <span class='ocrx_word' id='word_1_21' title='bbox 2008 557 2019 563; x_wconf 94' lang='grc'><strong>-</strong></span> <span class='ocrx_word' id='word_1_22' title='bbox 2170 559 2188 563; x_wconf 41' lang='grc' dir='ltr'><strong>ᾼ</strong></span> <span class='ocrx_word' id='word_1_23' title='bbox 2218 560 2255 563; x_wconf 28' lang='grc' dir='ltr'><strong>γ-</strong></span> <span class='ocrx_word' id='word_1_24' title='bbox 2308 543 2470 563; x_wconf 39' lang='grc' dir='ltr'><strong>μ--.ε</strong></span> <span class='ocrx_word' id='word_1_25' title='bbox 2514 536 2772 563; x_wconf 56' lang='grc' dir='ltr'><strong>...ηαυωειε</strong></span> <span class='ocrx_word' id='word_1_26' title='bbox 2816 532 2996 563; x_wconf 67' lang='grc' dir='ltr'>ηπηηηι</span> <span class='ocrx_word' id='word_1_27' title='bbox 3041 528 3203 563; x_wconf 68' lang='grc' dir='ltr'>ιιι-ΜΛ</span> <span class='ocrx_word' id='word_1_28' title='bbox 3247 521 3654 563; x_wconf 68' lang='grc' dir='ltr'><strong>ειιὶπηηνρῐιιιης-</strong></span> 
     </span>
    </p>
   </div>
   <div class='ocr_carea' id='block_1_5' title="bbox 481 557 2055 653">
    <p class='ocr_par' dir='ltr' id='par_1_5' title="bbox 481 557 2055 653">
     <span class='ocr_line' id='line_1_6' title="bbox 481 557 2055 653; baseline -0.021 -11"><span class='ocrx_word' id='word_1_29' title='bbox 481 601 589 643; x_wconf 88' lang='lat' dir='ltr'><strong>non</strong></span> <span class='ocrx_word' id='word_1_30' title='bbox 619 557 987 653; x_wconf 64' lang='lat' dir='ltr'><strong>praetereunda</strong></span> <span class='ocrx_word' id='word_1_31' title='bbox 1018 582 1358 645; x_wconf 83' lang='lat' dir='ltr'><strong>putaremus,</strong></span> <span class='ocrx_word' id='word_1_32' title='bbox 1391 568 1443 623; x_wconf 90' lang='lat' dir='ltr'><strong>id</strong></span> <span class='ocrx_word' id='word_1_33' title='bbox 1472 573 1554 623; x_wconf 89' lang='lat' dir='ltr'><strong>est</strong></span> <span class='ocrx_word' id='word_1_34' title='bbox 1594 563 1854 635; x_wconf 90' lang='lat' dir='ltr'><strong>plurimos</strong></span> <span class='ocrx_word' id='word_1_35' title='bbox 1893 557 2055 614; x_wconf 87' lang='lat' dir='ltr'><strong>cleri-</strong></span> 
     </span>
    </p>
   </div>
   <div class='ocr_carea' id='block_1_6' title="bbox 484 647 2061 740">
    <p class='ocr_par' dir='ltr' id='par_1_6' title="bbox 484 647 2061 740">
     <span class='ocr_line' id='line_1_7' title="bbox 484 647 2061 740; baseline -0.021 -8"><span class='ocrx_word' id='word_1_36' title='bbox 484 647 674 732; x_wconf 74' lang='lat' dir='ltr'><strong>corum</strong></span> <span class='ocrx_word' id='word_1_37' title='bbox 699 666 1156 740; x_wconf 90' lang='lat' dir='ltr'><strong>negotiationibus</strong></span> <span class='ocrx_word' id='word_1_38' title='bbox 1189 658 1519 723; x_wconf 77' lang='lat' dir='ltr'><strong>inhonestis,</strong></span> <span class='ocrx_word' id='word_1_39' title='bbox 1547 664 1602 709; x_wconf 91' lang='lat' dir='ltr'><strong>et</strong></span> <span class='ocrx_word' id='word_1_40' title='bbox 1630 652 1794 708; x_wconf 89' lang='lat' dir='ltr'><strong>lucris</strong></span> <span class='ocrx_word' id='word_1_41' title='bbox 1816 647 2061 717; x_wconf 85' lang='lat' dir='ltr'><strong>turpibus</strong></span> 
     </span>
    </p>
   </div>
   <div class='ocr_carea' id='block_1_7' title="bbox 488 737 2058 829">
    <p class='ocr_par' dir='ltr' id='par_1_7' title="bbox 488 737 2058 829">
     <span class='ocr_line' id='line_1_8' title="bbox 488 737 2058 829; baseline -0.02 -8"><span class='ocrx_word' id='word_1_42' title='bbox 488 765 796 829; x_wconf 86' lang='lat' dir='ltr'><strong>imminere,</strong></span> <span class='ocrx_word' id='word_1_43' title='bbox 839 758 986 815; x_wconf 90' lang='lat' dir='ltr'><strong>nullo</strong></span> <span class='ocrx_word' id='word_1_44' title='bbox 1039 753 1249 826; x_wconf 90' lang='lat' dir='ltr'><strong>pudore</strong></span> <span class='ocrx_word' id='word_1_45' title='bbox 1276 757 1557 807; x_wconf 89' lang='lat' dir='ltr'><strong>cernentes</strong></span> <span class='ocrx_word' id='word_1_46' title='bbox 1585 742 1945 813; x_wconf 85' lang='lat' dir='ltr'><strong>evangelicam</strong></span> <span class='ocrx_word' id='word_1_47' title='bbox 1986 737 2058 790; x_wconf 89' lang='lat' dir='ltr'><strong>le-</strong></span> 
     </span>
    </p>
   </div>
   <div class='ocr_carea' id='block_1_8' title="bbox 494 828 2067 921">
    <p class='ocr_par' dir='ltr' id='par_1_8' title="bbox 494 828 2067 921">
     <span class='ocr_line' id='line_1_9' title="bbox 494 828 2067 921; baseline -0.02 -9"><span class='ocrx_word' id='word_1_48' title='bbox 494 857 753 919; x_wconf 91' lang='lat' dir='ltr'><strong>ctionem,</strong></span> <span class='ocrx_word' id='word_1_49' title='bbox 781 828 911 921; x_wconf 90' lang='lat' dir='ltr'><strong>quia</strong></span> <span class='ocrx_word' id='word_1_50' title='bbox 966 848 1080 919; x_wconf 88' lang='lat' dir='ltr'><strong>ipse</strong></span> <span class='ocrx_word' id='word_1_51' title='bbox 1109 845 1365 901; x_wconf 87' lang='lat' dir='ltr'><strong>Dominus</strong></span> <span class='ocrx_word' id='word_1_52' title='bbox 1419 838 1783 907; x_wconf 79' lang='lat' dir='ltr'><strong>negotiatores</strong></span> <span class='ocrx_word' id='word_1_53' title='bbox 1812 847 1842 887; x_wconf 93' lang='lat' dir='ltr'><strong>e</strong></span> <span class='ocrx_word' id='word_1_54' title='bbox 1865 828 2067 898; x_wconf 90' lang='lat' dir='ltr'><strong>templo</strong></span> 
     </span>
    </p>
   </div>
   <div class='ocr_carea' id='block_1_9' title="bbox 494 924 2066 1009">
    <p class='ocr_par' dir='ltr' id='par_1_9' title="bbox 494 924 2066 1009">
     <span class='ocr_line' id='line_1_10' title="bbox 494 924 2066 1009; baseline -0.019 -6"><span class='ocrx_word' id='word_1_55' title='bbox 494 947 808 1003; x_wconf 88' lang='lat' dir='ltr'><strong>verberatos</strong></span> <span class='ocrx_word' id='word_1_56' title='bbox 843 939 1070 1009; x_wconf 84' lang='lat' dir='ltr'><strong>flagellis</strong></span> <span class='ocrx_word' id='word_1_57' title='bbox 1100 937 1358 993; x_wconf 90' lang='lat' dir='ltr'><strong>asseritur</strong></span> <span class='ocrx_word' id='word_1_58' title='bbox 1387 930 1656 1002; x_wconf 79' lang='lat' dir='ltr'><strong>expulisse</strong></span> <span class='ocrx_word' id='word_1_59' title='bbox 1683 924 1898 997; x_wconf 80' lang='lat' dir='ltr'><strong>(Matth.</strong></span> <span class='ocrx_word' id='word_1_60' title='bbox 1924 938 2014 975; x_wconf 81' lang='lat' dir='ltr'><strong>xxi</strong></span> <span class='ocrx_word' id='word_1_61' title='bbox 2052 937 2066 987; x_wconf 88' lang='lat'><strong>;</strong></span> 
     </span>
    </p>
   </div>
   <div class='ocr_carea' id='block_1_10' title="bbox 496 1011 2066 1104">
    <p class='ocr_par' dir='ltr' id='par_1_10' title="bbox 496 1011 2066 1104">
     <span class='ocr_line' id='line_1_11' title="bbox 496 1011 2066 1104; baseline -0.019 -12"><span class='ocrx_word' id='word_1_62' title='bbox 496 1036 653 1092; x_wconf 81' lang='lat' dir='ltr'><strong>Joan.</strong></span> <span class='ocrx_word' id='word_1_63' title='bbox 686 1034 767 1104; x_wconf 88' lang='grc' dir='ltr'><strong>ιι).</strong></span> <span class='ocrx_word' id='word_1_64' title='bbox 794 1032 903 1086; x_wconf 83' lang='lat' dir='ltr'><strong>Nec</strong></span> <span class='ocrx_word' id='word_1_65' title='bbox 932 1026 1179 1100; x_wconf 82' lang='lat' dir='ltr'><strong>Apostoli</strong></span> <span class='ocrx_word' id='word_1_66' title='bbox 1203 1029 1363 1079; x_wconf 90' lang='lat' dir='ltr'><strong>verba</strong></span> <span class='ocrx_word' id='word_1_67' title='bbox 1392 1020 1713 1082; x_wconf 83' lang='lat' dir='ltr'><strong>recolentes,</strong></span> <span class='ocrx_word' id='word_1_68' title='bbox 1731 1014 1925 1084; x_wconf 81' lang='lat' dir='ltr'><strong>&#39;quibus</strong></span> <span class='ocrx_word' id='word_1_69' title='bbox 1954 1011 2029 1066; x_wconf 86' lang='lat' dir='ltr'><strong>ait</strong></span> <span class='ocrx_word' id='word_1_70' title='bbox 2055 1026 2066 1061; x_wconf 92' lang='lat'><strong>:</strong></span> 
     </span>
    </p>
   </div>
   <div class='ocr_carea' id='block_1_11' title="bbox 499 1100 2076 1185">
    <p class='ocr_par' dir='ltr' id='par_1_11' title="bbox 499 1100 2076 1185">
     <span class='ocr_line' id='line_1_12' title="bbox 499 1100 2076 1185; baseline -0.018 -3"><span class='ocrx_word' id='word_1_71' title='bbox 499 1126 670 1182; x_wconf 76' lang='lat' dir='ltr'><strong>Nemo</strong></span> <span class='ocrx_word' id='word_1_72' title='bbox 699 1100 935 1178; x_wconf 85' lang='lat' dir='ltr'><strong>militans</strong></span> <span class='ocrx_word' id='word_1_73' title='bbox 969 1119 1079 1174; x_wconf 91' lang='lat' dir='ltr'><strong>Deo</strong></span> <span class='ocrx_word' id='word_1_74' title='bbox 1120 1115 1357 1185; x_wconf 87' lang='lat' dir='ltr'><strong>implicat</strong></span> <span class='ocrx_word' id='word_1_75' title='bbox 1385 1126 1444 1166; x_wconf 86' lang='lat' dir='ltr'><strong>se</strong></span> <span class='ocrx_word' id='word_1_76' title='bbox 1472 1107 1701 1177; x_wconf 89' lang='lat' dir='ltr'><strong>negotiis</strong></span> <span class='ocrx_word' id='word_1_77' title='bbox 1731 1100 2076 1161; x_wconf 68' lang='lat' dir='ltr'><strong>srecularibus</strong></span> 
     </span>
    </p>
   </div>
   <div class='ocr_carea' id='block_1_12' title="bbox 504 1189 2078 1286">
    <p class='ocr_par' dir='ltr' id='par_1_12' title="bbox 504 1189 2078 1286">
     <span class='ocr_line' id='line_1_13' title="bbox 504 1189 2078 1286; baseline -0.018 -16"><span class='ocrx_word' id='word_1_78' title='bbox 504 1214 593 1286; x_wconf 84' lang='grc' dir='ltr'><strong>(Η</strong></span> <span class='ocrx_word' id='word_1_79' title='bbox 626 1214 759 1268; x_wconf 84' lang='lat' dir='ltr'><strong>Tim.</strong></span> <span class='ocrx_word' id='word_1_80' title='bbox 783 1214 864 1281; x_wconf 87' lang='grc' dir='ltr'><strong>ιι).</strong></span> <span class='ocrx_word' id='word_1_81' title='bbox 896 1208 1233 1264; x_wconf 84' lang='lat' dir='ltr'><strong>Psalmistam</strong></span> <span class='ocrx_word' id='word_1_82' title='bbox 1261 1216 1476 1274; x_wconf 91' lang='lat' dir='ltr'><strong>quoque</strong></span> <span class='ocrx_word' id='word_1_83' title='bbox 1524 1197 1691 1254; x_wconf 82' lang='lat' dir='ltr'><strong>David</strong></span> <span class='ocrx_word' id='word_1_84' title='bbox 1732 1193 1890 1249; x_wconf 88' lang='lat' dir='ltr'><strong>surda</strong></span> <span class='ocrx_word' id='word_1_85' title='bbox 1921 1189 2078 1245; x_wconf 81' lang='lat' dir='ltr'><strong>dissi-</strong></span> 
     </span>
    </p>
   </div>
   <div class='ocr_carea' id='block_1_13' title="bbox 505 1281 2082 1360">
    <p class='ocr_par' dir='ltr' id='par_1_13' title="bbox 505 1281 2082 1360">
     <span class='ocr_line' id='line_1_14' title="bbox 505 1281 2082 1360; baseline -0.017 0"><span class='ocrx_word' id='word_1_86' title='bbox 505 1304 770 1360; x_wconf 85' lang='lat' dir='ltr'><strong>mulantes</strong></span> <span class='ocrx_word' id='word_1_87' title='bbox 790 1314 920 1355; x_wconf 89' lang='lat' dir='ltr'><strong>aure</strong></span> <span class='ocrx_word' id='word_1_88' title='bbox 944 1304 1250 1354; x_wconf 84' lang='lat' dir='ltr'><strong>cantantem</strong></span> <span class='ocrx_word' id='word_1_89' title='bbox 1277 1311 1289 1345; x_wconf 87' lang='lat'><strong><em>:</em></strong></span> <span class='ocrx_word' id='word_1_90' title='bbox 1314 1290 1579 1358; x_wconf 87' lang='lat' dir='ltr'><strong>Quoniam</strong></span> <span class='ocrx_word' id='word_1_91' title='bbox 1609 1302 1718 1341; x_wconf 89' lang='lat' dir='ltr'><strong>non</strong></span> <span class='ocrx_word' id='word_1_92' title='bbox 1745 1281 1973 1353; x_wconf 81' lang='lat' dir='ltr'><strong>cognovi</strong></span> <span class='ocrx_word' id='word_1_93' title='bbox 1994 1293 2082 1335; x_wconf 87' lang='lat' dir='ltr'><strong>ne-</strong></span> 
     </span>
    </p>
   </div>
   <div class='ocr_carea' id='block_1_14' title="bbox 506 1368 2080 1465">
    <p class='ocr_par' dir='ltr' id='par_1_14' title="bbox 506 1368 2080 1465">
     <span class='ocr_line' id='line_1_15' title="bbox 506 1368 2080 1465; baseline -0.018 -15"><span class='ocrx_word' id='word_1_94' title='bbox 506 1393 853 1465; x_wconf 86' lang='lat' dir='ltr'><strong>gotiationes,</strong></span> <span class='ocrx_word' id='word_1_95' title='bbox 876 1386 1109 1444; x_wconf 90' lang='lat' dir='ltr'><strong>introibo</strong></span> <span class='ocrx_word' id='word_1_96' title='bbox 1135 1386 1188 1440; x_wconf 88' lang='lat' dir='ltr'><strong>in</strong></span> <span class='ocrx_word' id='word_1_97' title='bbox 1208 1381 1476 1455; x_wconf 85' lang='lat' dir='ltr'><strong>potentias</strong></span> <span class='ocrx_word' id='word_1_98' title='bbox 1494 1375 1706 1433; x_wconf 89' lang='lat' dir='ltr'><strong>Domini</strong></span> <span class='ocrx_word' id='word_1_99' title='bbox 1730 1372 1903 1444; x_wconf 87' lang='lat' dir='ltr'><strong>(Psal.</strong></span> <span class='ocrx_word' id='word_1_100' title='bbox 1929 1368 2080 1439; x_wconf 80' lang='lat' dir='ltr'><strong>Lxx);</strong></span> 
     </span>
    </p>
   </div>
   <div class='ocr_carea' id='block_1_15' title="bbox 508 1458 2085 1554">
    <p class='ocr_par' dir='ltr' id='par_1_15' title="bbox 508 1458 2085 1554">
     <span class='ocr_line' id='line_1_16' title="bbox 508 1458 2085 1554; baseline -0.018 -14"><span class='ocrx_word' id='word_1_101' title='bbox 508 1458 744 1554; x_wconf 75' lang='lat' dir='ltr'><strong>proinde</strong></span> <span class='ocrx_word' id='word_1_102' title='bbox 771 1476 1073 1551; x_wconf 87' lang='lat' dir='ltr'><strong>hujusmodi</strong></span> <span class='ocrx_word' id='word_1_103' title='bbox 1103 1482 1198 1530; x_wconf 92' lang='lat' dir='ltr'><strong>aut</strong></span> <span class='ocrx_word' id='word_1_104' title='bbox 1225 1472 1293 1527; x_wconf 90' lang='lat' dir='ltr'><strong>ab</strong></span> <span class='ocrx_word' id='word_1_105' title='bbox 1341 1468 1573 1539; x_wconf 79' lang='lat' dir='ltr'><strong>indignis</strong></span> <span class='ocrx_word' id='word_1_106' title='bbox 1617 1464 1841 1537; x_wconf 86' lang='lat' dir='ltr'><strong>posthac</strong></span> <span class='ocrx_word' id='word_1_107' title='bbox 1867 1458 2085 1529; x_wconf 64' lang='lat' dir='ltr'><strong>quaesti-</strong></span> 
     </span>
    </p>
   </div>
   <div class='ocr_carea' id='block_1_16' title="bbox 511 1549 2088 1631">
    <p class='ocr_par' dir='ltr' id='par_1_16' title="bbox 511 1549 2088 1631">
     <span class='ocr_line' id='line_1_17' title="bbox 511 1549 2088 1631; baseline -0.018 0"><span class='ocrx_word' id='word_1_108' title='bbox 511 1549 611 1631; x_wconf 83' lang='lat' dir='ltr'><strong>bus</strong></span> <span class='ocrx_word' id='word_1_109' title='bbox 636 1549 897 1629; x_wconf 83' lang='lat' dir='ltr'><strong>noverint</strong></span> <span class='ocrx_word' id='word_1_110' title='bbox 930 1564 1324 1629; x_wconf 89' lang='lat' dir='ltr'><strong>abstinendum,</strong></span> <span class='ocrx_word' id='word_1_111' title='bbox 1351 1570 1407 1618; x_wconf 92' lang='lat' dir='ltr'><strong>et</strong></span> <span class='ocrx_word' id='word_1_112' title='bbox 1428 1560 1495 1615; x_wconf 91' lang='lat' dir='ltr'><strong>ab</strong></span> <span class='ocrx_word' id='word_1_113' title='bbox 1524 1556 1773 1615; x_wconf 91' lang='lat' dir='ltr'><strong>omnibus</strong></span> <span class='ocrx_word' id='word_1_114' title='bbox 1800 1549 2088 1621; x_wconf 82' lang='lat' dir='ltr'><strong>cujuslibet</strong></span> 
     </span>
    </p>
   </div>
   <div class='ocr_carea' id='block_1_17' title="bbox 514 1639 2087 1735">
    <p class='ocr_par' dir='ltr' id='par_1_17' title="bbox 514 1639 2087 1735">
     <span class='ocr_line' id='line_1_18' title="bbox 514 1639 2087 1735; baseline -0.02 -12"><span class='ocrx_word' id='word_1_115' title='bbox 514 1662 899 1735; x_wconf 77' lang='lat' dir='ltr'><strong>negotiationis</strong></span> <span class='ocrx_word' id='word_1_116' title='bbox 946 1658 1174 1729; x_wconf 77' lang='lat' dir='ltr'><strong>ingeniis</strong></span> <span class='ocrx_word' id='word_1_117' title='bbox 1202 1697 1217 1723; x_wconf 90' lang='lat'><strong>,</strong></span> <span class='ocrx_word' id='word_1_118' title='bbox 1276 1652 1677 1724; x_wconf 87' lang='lat' dir='ltr'><strong>cupiditateque</strong></span> <span class='ocrx_word' id='word_1_119' title='bbox 1721 1639 2041 1701; x_wconf 89' lang='lat' dir='ltr'><strong>cessandum</strong></span> <span class='ocrx_word' id='word_1_120' title='bbox 2072 1677 2087 1704; x_wconf 94' lang='lat'><strong>,</strong></span> 
     </span>
    </p>
   </div>
   <div class='ocr_carea' id='block_1_18' title="bbox 514 1732 2091 1828">
    <p class='ocr_par' dir='ltr' id='par_1_18' title="bbox 514 1732 2091 1828">
     <span class='ocr_line' id='line_1_19' title="bbox 514 1732 2091 1828; baseline -0.019 -13"><span class='ocrx_word' id='word_1_121' title='bbox 514 1732 609 1815; x_wconf 75' lang='lat' dir='ltr'><strong>aut</strong></span> <span class='ocrx_word' id='word_1_122' title='bbox 627 1758 681 1814; x_wconf 87' lang='lat' dir='ltr'><strong>in</strong></span> <span class='ocrx_word' id='word_1_123' title='bbox 702 1769 1024 1828; x_wconf 89' lang='lat' dir='ltr'><strong>quocunque</strong></span> <span class='ocrx_word' id='word_1_124' title='bbox 1052 1750 1220 1822; x_wconf 87' lang='lat' dir='ltr'><strong>gradu</strong></span> <span class='ocrx_word' id='word_1_125' title='bbox 1265 1749 1374 1803; x_wconf 92' lang='lat' dir='ltr'><strong>sint</strong></span> <span class='ocrx_word' id='word_1_126' title='bbox 1400 1745 1582 1817; x_wconf 87' lang='lat' dir='ltr'><strong>positi,</strong></span> <span class='ocrx_word' id='word_1_127' title='bbox 1615 1756 1741 1795; x_wconf 88' lang='lat' dir='ltr'><strong>mox</strong></span> <span class='ocrx_word' id='word_1_128' title='bbox 1769 1754 1801 1793; x_wconf 90' lang='lat' dir='ltr'><strong>a</strong></span> <span class='ocrx_word' id='word_1_129' title='bbox 1823 1732 2091 1792; x_wconf 89' lang='lat' dir='ltr'><strong>clericali-</strong></span> 
     </span>
    </p>
   </div>
   <div class='ocr_carea' id='block_1_19' title="bbox 518 1818 2266 1909">
    <p class='ocr_par' dir='ltr' id='par_1_19' title="bbox 518 1818 2266 1909">
     <span class='ocr_line' id='line_1_20' title="bbox 518 1818 2266 1909; baseline -0.021 -2"><span class='ocrx_word' id='word_1_130' title='bbox 518 1849 618 1907; x_wconf 89' lang='lat' dir='ltr'><strong>bus</strong></span> <span class='ocrx_word' id='word_1_131' title='bbox 661 1818 854 1904; x_wconf 75' lang='lat' dir='ltr'><strong>ciliciis</strong></span> <span class='ocrx_word' id='word_1_132' title='bbox 879 1818 1153 1900; x_wconf 71' lang='lat' dir='ltr'><strong>abstinere</strong></span> <span class='ocrx_word' id='word_1_133' title='bbox 1181 1846 1462 1909; x_wconf 83' lang='lat' dir='ltr'><strong>cogantur,</strong></span> <span class='ocrx_word' id='word_1_134' title='bbox 1494 1833 1750 1904; x_wconf 90' lang='lat' dir='ltr'><strong>quoniam</strong></span> <span class='ocrx_word' id='word_1_135' title='bbox 1778 1828 1969 1883; x_wconf 87' lang='lat' dir='ltr'><strong>domus</strong></span> <span class='ocrx_word' id='word_1_136' title='bbox 1998 1823 2093 1877; x_wconf 86' lang='lat' dir='ltr'><strong>Dei</strong></span> <span class='ocrx_word' id='word_1_137' title='bbox 2125 1829 2171 1888; x_wconf 75' lang='grc' dir='ltr'><strong>Β</strong></span> <span class='ocrx_word' id='word_1_138' title='bbox 2195 1818 2266 1873; x_wconf 89' lang='lat' dir='ltr'><strong>sit</strong></span> 
     </span>
    </p>
   </div>
   <div class='ocr_carea' id='block_1_20' title="bbox 520 1912 2095 1995">
    <p class='ocr_par' dir='ltr' id='par_1_20' title="bbox 520 1912 2095 1995">
     <span class='ocr_line' id='line_1_21' title="bbox 520 1912 2095 1995; baseline -0.018 -2"><span class='ocrx_word' id='word_1_139' title='bbox 520 1938 711 1995; x_wconf 85' lang='lat' dir='ltr'><strong>domus</strong></span> <span class='ocrx_word' id='word_1_140' title='bbox 756 1934 1022 1991; x_wconf 90' lang='lat' dir='ltr'><strong>orationis</strong></span> <span class='ocrx_word' id='word_1_141' title='bbox 1049 1941 1105 1987; x_wconf 91' lang='lat' dir='ltr'><strong>et</strong></span> <span class='ocrx_word' id='word_1_142' title='bbox 1131 1944 1250 1986; x_wconf 90' lang='lat' dir='ltr'><strong>esse</strong></span> <span class='ocrx_word' id='word_1_143' title='bbox 1293 1926 1486 1991; x_wconf 87' lang='lat' dir='ltr'><strong>debet,</strong></span> <span class='ocrx_word' id='word_1_144' title='bbox 1526 1933 1582 1979; x_wconf 91' lang='lat' dir='ltr'><strong>et</strong></span> <span class='ocrx_word' id='word_1_145' title='bbox 1608 1920 1713 1976; x_wconf 88' lang='lat' dir='ltr'><strong>dici</strong></span> <span class='ocrx_word' id='word_1_146' title='bbox 1739 1937 1751 1972; x_wconf 92' lang='lat'><strong>:</strong></span> <span class='ocrx_word' id='word_1_147' title='bbox 1782 1932 1851 1972; x_wconf 91' lang='lat' dir='ltr'><strong>ne</strong></span> <span class='ocrx_word' id='word_1_148' title='bbox 1882 1912 2095 1970; x_wconf 81' lang='lat' dir='ltr'><strong>officina</strong></span> 
     </span>
    </p>
   </div>
   <div class='ocr_carea' id='block_1_21' title="bbox 523 2004 2094 2097">
    <p class='ocr_par' dir='ltr' id='par_1_21' title="bbox 523 2004 2094 2097">
     <span class='ocr_line' id='line_1_22' title="bbox 523 2004 2094 2097; baseline -0.019 -12"><span class='ocrx_word' id='word_1_149' title='bbox 523 2025 921 2097; x_wconf 76' lang='lat' dir='ltr'><strong>negotiationis,</strong></span> <span class='ocrx_word' id='word_1_150' title='bbox 951 2030 1006 2078; x_wconf 91' lang='lat' dir='ltr'><strong>et</strong></span> <span class='ocrx_word' id='word_1_151' title='bbox 1032 2020 1289 2093; x_wconf 86' lang='lat' dir='ltr'><strong>spelunca</strong></span> <span class='ocrx_word' id='word_1_152' title='bbox 1310 2016 1490 2089; x_wconf 91' lang='lat' dir='ltr'><strong>potius</strong></span> <span class='ocrx_word' id='word_1_153' title='bbox 1515 2014 1587 2069; x_wconf 89' lang='lat' dir='ltr'><strong>sit</strong></span> <span class='ocrx_word' id='word_1_154' title='bbox 1625 2011 1895 2065; x_wconf 87' lang='lat' dir='ltr'><strong>latronum</strong></span> <span class='ocrx_word' id='word_1_155' title='bbox 1942 2004 2094 2075; x_wconf 88' lang='lat' dir='ltr'><strong>(Luc.</strong></span> 
     </span>
    </p>
   </div>
   <div class='ocr_carea' id='block_1_22' title="bbox 525 2115 961 2186">
    <p class='ocr_par' dir='ltr' id='par_1_22' title="bbox 525 2115 961 2186">
     <span class='ocr_line' id='line_1_23' title="bbox 525 2115 961 2186; baseline -0.009 -12"><span class='ocrx_word' id='word_1_156' title='bbox 525 2132 640 2185; x_wconf 74' lang='lat' dir='ltr'><strong>nx;</strong></span> <span class='ocrx_word' id='word_1_157' title='bbox 674 2116 807 2172; x_wconf 80' lang='lat' dir='ltr'><strong>Isai.</strong></span> <span class='ocrx_word' id='word_1_158' title='bbox 832 2115 961 2186; x_wconf 69' lang='lat' dir='ltr'><strong>va).</strong></span> 
     </span>
    </p>
   </div>
   <div class='ocr_carea' id='block_1_23' title="bbox 528 2208 2099 2289">
    <p class='ocr_par' dir='ltr' id='par_1_23' title="bbox 528 2208 2099 2289">
     <span class='ocr_line' id='line_1_24' title="bbox 528 2208 2099 2289; baseline -0.018 -2"><span class='ocrx_word' id='word_1_159' title='bbox 528 2230 597 2287; x_wconf 91' lang='lat' dir='ltr'><strong>Ut</strong></span> <span class='ocrx_word' id='word_1_160' title='bbox 617 2247 763 2285; x_wconf 80' lang='lat' dir='ltr'><strong>nemo</strong></span> <span class='ocrx_word' id='word_1_161' title='bbox 793 2229 992 2284; x_wconf 79' lang='lat' dir='ltr'><strong>litteras</strong></span> <span class='ocrx_word' id='word_1_162' title='bbox 1020 2224 1274 2289; x_wconf 82' lang='lat' dir='ltr'><strong>nesciens,</strong></span> <span class='ocrx_word' id='word_1_163' title='bbox 1292 2221 1371 2276; x_wconf 85' lang='lat' dir='ltr'><strong>vel</strong></span> <span class='ocrx_word' id='word_1_164' title='bbox 1390 2219 1563 2289; x_wconf 82' lang='lat' dir='ltr'><strong>aliqua</strong></span> <span class='ocrx_word' id='word_1_165' title='bbox 1590 2223 1738 2286; x_wconf 88' lang='lat' dir='ltr'><strong>parte</strong></span> <span class='ocrx_word' id='word_1_166' title='bbox 1756 2211 1985 2281; x_wconf 84' lang='lat' dir='ltr'><strong>corporis</strong></span> <span class='ocrx_word' id='word_1_167' title='bbox 2006 2208 2099 2260; x_wconf 85' lang='lat' dir='ltr'><strong>im—</strong></span> 
     </span>
    </p>
   </div>
   <div class='ocr_carea' id='block_1_24' title="bbox 844 2288 1783 2365">
    <p class='ocr_par' dir='ltr' id='par_1_24' title="bbox 844 2288 1783 2365">
     <span class='ocr_line' id='line_1_25' title="bbox 844 2288 1783 2365; baseline -0.013 -13"><span class='ocrx_word' id='word_1_168' title='bbox 844 2298 1070 2351; x_wconf 87' lang='lat' dir='ltr'><strong>minutus</strong></span> <span class='ocrx_word' id='word_1_169' title='bbox 1090 2288 1448 2365; x_wconf 84' lang='lat' dir='ltr'><strong>promoveatur</strong></span> <span class='ocrx_word' id='word_1_170' title='bbox 1473 2288 1542 2341; x_wconf 89' lang='lat' dir='ltr'><strong>ad</strong></span> <span class='ocrx_word' id='word_1_171' title='bbox 1570 2293 1783 2340; x_wconf 84' lang='lat' dir='ltr'><strong>clerum.</strong></span> 
     </span>
    </p>
   </div>
   <div class='ocr_carea' id='block_1_25' title="bbox 605 2396 2106 2476">
    <p class='ocr_par' dir='ltr' id='par_1_25' title="bbox 605 2396 2106 2476">
     <span class='ocr_line' id='line_1_26' title="bbox 605 2396 2106 2476; baseline -0.017 -7"><span class='ocrx_word' id='word_1_172' title='bbox 605 2410 739 2469; x_wconf 74' lang='lat' dir='ltr'><strong>XVI.</strong></span> <span class='ocrx_word' id='word_1_173' title='bbox 761 2410 1073 2466; x_wconf 91' lang='lat' dir='ltr'><strong>lllitteratos</strong></span> <span class='ocrx_word' id='word_1_174' title='bbox 1097 2418 1332 2476; x_wconf 92' lang='lat' dir='ltr'><strong>quoque,</strong></span> <span class='ocrx_word' id='word_1_175' title='bbox 1360 2409 1415 2458; x_wconf 88' lang='lat' dir='ltr'><strong>et</strong></span> <span class='ocrx_word' id='word_1_176' title='bbox 1435 2396 1692 2455; x_wconf 89' lang='lat' dir='ltr'><strong>nonnulla</strong></span> <span class='ocrx_word' id='word_1_177' title='bbox 1720 2402 1877 2465; x_wconf 87' lang='lat' dir='ltr'><strong>parte</strong></span> <span class='ocrx_word' id='word_1_178' title='bbox 1906 2405 2106 2461; x_wconf 85' lang='lat' dir='ltr'><strong>corpo-</strong></span> 
     </span>
    </p>
   </div>
   <div class='ocr_carea' id='block_1_26' title="bbox 535 2482 2110 2563">
    <p class='ocr_par' dir='ltr' id='par_1_26' title="bbox 535 2482 2110 2563">
     <span class='ocr_line' id='line_1_27' title="bbox 535 2482 2110 2563; baseline -0.017 -3"><span class='ocrx_word' id='word_1_179' title='bbox 535 2507 609 2560; x_wconf 91' lang='lat' dir='ltr'><strong>ris</strong></span> <span class='ocrx_word' id='word_1_180' title='bbox 643 2503 954 2557; x_wconf 90' lang='lat' dir='ltr'><strong>imminutos</strong></span> <span class='ocrx_word' id='word_1_181' title='bbox 976 2499 1093 2553; x_wconf 88' lang='lat' dir='ltr'><strong>sine</strong></span> <span class='ocrx_word' id='word_1_182' title='bbox 1127 2496 1238 2552; x_wconf 92' lang='lat' dir='ltr'><strong>ullo</strong></span> <span class='ocrx_word' id='word_1_183' title='bbox 1288 2499 1536 2563; x_wconf 89' lang='lat' dir='ltr'><strong>respectu</strong></span> <span class='ocrx_word' id='word_1_184' title='bbox 1566 2487 1634 2543; x_wconf 89' lang='lat' dir='ltr'><strong>ad</strong></span> <span class='ocrx_word' id='word_1_185' title='bbox 1680 2482 2110 2542; x_wconf 85' lang='lat' dir='ltr'><strong>ecclesiasticum</strong></span> 
     </span>
    </p>
   </div>
   <div class='ocr_carea' id='block_1_27' title="bbox 537 2576 2113 2652">
    <p class='ocr_par' dir='ltr' id='par_1_27' title="bbox 537 2576 2113 2652">
     <span class='ocr_line' id='line_1_28' title="bbox 537 2576 2113 2652; baseline -0.015 -3"><span class='ocrx_word' id='word_1_186' title='bbox 537 2594 819 2651; x_wconf 85' lang='lat' dir='ltr'><strong>didicimus</strong></span> <span class='ocrx_word' id='word_1_187' title='bbox 847 2590 1030 2644; x_wconf 90' lang='lat' dir='ltr'><strong>venire</strong></span> <span class='ocrx_word' id='word_1_188' title='bbox 1050 2586 1347 2650; x_wconf 86' lang='lat' dir='ltr'><strong>servitium,</strong></span> <span class='ocrx_word' id='word_1_189' title='bbox 1379 2581 1524 2652; x_wconf 87' lang='lat' dir='ltr'><strong>quod</strong></span> <span class='ocrx_word' id='word_1_190' title='bbox 1552 2577 1710 2636; x_wconf 89' lang='lat' dir='ltr'><strong>simul</strong></span> <span class='ocrx_word' id='word_1_191' title='bbox 1757 2576 1977 2646; x_wconf 86' lang='lat' dir='ltr'><strong>antiqua</strong></span> <span class='ocrx_word' id='word_1_192' title='bbox 2003 2581 2113 2627; x_wconf 86' lang='lat' dir='ltr'><strong>tra-</strong></span> 
     </span>
    </p>
   </div>
   <div class='ocr_carea' id='block_1_28' title="bbox 538 2663 2112 2749">
    <p class='ocr_par' dir='ltr' id='par_1_28' title="bbox 538 2663 2112 2749">
     <span class='ocr_line' id='line_1_29' title="bbox 538 2663 2112 2749; baseline -0.015 -11"><span class='ocrx_word' id='word_1_193' title='bbox 538 2684 693 2748; x_wconf 88' lang='lat' dir='ltr'><strong>ditio,</strong></span> <span class='ocrx_word' id='word_1_194' title='bbox 717 2690 772 2736; x_wconf 90' lang='lat' dir='ltr'><strong>et</strong></span> <span class='ocrx_word' id='word_1_195' title='bbox 810 2677 1121 2749; x_wconf 73' lang='lat' dir='ltr'><strong>apostolicae</strong></span> <span class='ocrx_word' id='word_1_196' title='bbox 1148 2675 1290 2732; x_wconf 89' lang='lat' dir='ltr'><strong>sedis</strong></span> <span class='ocrx_word' id='word_1_197' title='bbox 1319 2680 1472 2727; x_wconf 82' lang='lat' dir='ltr'><strong>vetus</strong></span> <span class='ocrx_word' id='word_1_198' title='bbox 1522 2669 1692 2725; x_wconf 88' lang='lat' dir='ltr'><strong>forma</strong></span> <span class='ocrx_word' id='word_1_199' title='bbox 1744 2682 1854 2721; x_wconf 91' lang='lat' dir='ltr'><strong>non</strong></span> <span class='ocrx_word' id='word_1_200' title='bbox 1896 2663 2112 2733; x_wconf 86' lang='lat' dir='ltr'><strong>recipit,</strong></span> 
     </span>
    </p>
   </div>
   <div class='ocr_carea' id='block_1_29' title="bbox 540 2753 2115 2844">
    <p class='ocr_par' dir='ltr' id='par_1_29' title="bbox 540 2753 2115 2844">
     <span class='ocr_line' id='line_1_30' title="bbox 540 2753 2115 2844; baseline -0.015 -14"><span class='ocrx_word' id='word_1_201' title='bbox 540 2775 664 2844; x_wconf 84' lang='lat' dir='ltr'><strong>quia</strong></span> <span class='ocrx_word' id='word_1_202' title='bbox 686 2786 787 2827; x_wconf 88' lang='lat' dir='ltr'><strong>nec</strong></span> <span class='ocrx_word' id='word_1_203' title='bbox 808 2770 1001 2825; x_wconf 91' lang='lat' dir='ltr'><strong>litteris</strong></span> <span class='ocrx_word' id='word_1_204' title='bbox 1028 2781 1219 2827; x_wconf 89' lang='lat' dir='ltr'><strong>carens</strong></span> <span class='ocrx_word' id='word_1_205' title='bbox 1247 2764 1414 2821; x_wconf 86' lang='lat' dir='ltr'><strong>sacris</strong></span> <span class='ocrx_word' id='word_1_206' title='bbox 1450 2777 1571 2819; x_wconf 90' lang='lat' dir='ltr'><strong>esse</strong></span> <span class='ocrx_word' id='word_1_207' title='bbox 1604 2766 1785 2831; x_wconf 86' lang='lat' dir='ltr'><strong>potest</strong></span> <span class='ocrx_word' id='word_1_208' title='bbox 1812 2764 1968 2827; x_wconf 90' lang='lat' dir='ltr'><strong>aptus</strong></span> <span class='ocrx_word' id='word_1_209' title='bbox 1996 2753 2115 2810; x_wconf 78' lang='lat' dir='ltr'><strong>olli-</strong></span> 
     </span>
    </p>
   </div>
   <div class='ocr_carea' id='block_1_30' title="bbox 543 2849 2121 2929">
    <p class='ocr_par' dir='ltr' id='par_1_30' title="bbox 543 2849 2121 2929">
     <span class='ocr_line' id='line_1_31' title="bbox 543 2849 2121 2929; baseline -0.014 -9"><span class='ocrx_word' id='word_1_210' title='bbox 543 2864 658 2929; x_wconf 91' lang='lat' dir='ltr'><strong>ciis,</strong></span> <span class='ocrx_word' id='word_1_211' title='bbox 683 2872 737 2918; x_wconf 87' lang='lat' dir='ltr'><strong>et</strong></span> <span class='ocrx_word' id='word_1_212' title='bbox 752 2861 1003 2917; x_wconf 88' lang='lat' dir='ltr'><strong>vitiosum</strong></span> <span class='ocrx_word' id='word_1_213' title='bbox 1029 2859 1163 2913; x_wconf 84' lang='lat' dir='ltr'><strong>nihil</strong></span> <span class='ocrx_word' id='word_1_214' title='bbox 1190 2855 1303 2912; x_wconf 91' lang='lat' dir='ltr'><strong>Deo</strong></span> <span class='ocrx_word' id='word_1_215' title='bbox 1328 2869 1548 2926; x_wconf 88' lang='lat' dir='ltr'><strong>prorsus</strong></span> <span class='ocrx_word' id='word_1_216' title='bbox 1574 2850 1755 2908; x_wconf 71' lang='lat' dir='ltr'><strong>offerri</strong></span> <span class='ocrx_word' id='word_1_217' title='bbox 1784 2849 1972 2918; x_wconf 80' lang='lat' dir='ltr'><strong>legalia</strong></span> <span class='ocrx_word' id='word_1_218' title='bbox 1990 2860 2121 2916; x_wconf 74' lang='lat' dir='ltr'><strong>przc-</strong></span> 
     </span>
    </p>
   </div>
   <div class='ocr_carea' id='block_1_31' title="bbox 544 2934 2120 3027">
    <p class='ocr_par' dir='ltr' id='par_1_31' title="bbox 544 2934 2120 3027">
     <span class='ocr_line' id='line_1_32' title="bbox 544 2934 2120 3027; baseline -0.015 -16"><span class='ocrx_word' id='word_1_219' title='bbox 544 2963 698 3027; x_wconf 87' lang='lat' dir='ltr'><strong>cepta</strong></span> <span class='ocrx_word' id='word_1_220' title='bbox 721 2960 1018 3009; x_wconf 88' lang='lat' dir='ltr'><strong>sanxerunt</strong></span> <span class='ocrx_word' id='word_1_221' title='bbox 1048 2948 1232 3017; x_wconf 83' lang='lat' dir='ltr'><strong>(Leuit.</strong></span> <span class='ocrx_word' id='word_1_222' title='bbox 1258 2948 1392 3016; x_wconf 71' lang='lat' dir='ltr'><strong>xxx).</strong></span> <span class='ocrx_word' id='word_1_223' title='bbox 1425 2944 1611 3012; x_wconf 88' lang='lat' dir='ltr'><strong>Itaque</strong></span> <span class='ocrx_word' id='word_1_224' title='bbox 1636 2941 1703 2996; x_wconf 89' lang='lat' dir='ltr'><strong>de</strong></span> <span class='ocrx_word' id='word_1_225' title='bbox 1729 2948 1924 2995; x_wconf 59' lang='lat' dir='ltr'><strong>caetero</strong></span> <span class='ocrx_word' id='word_1_226' title='bbox 1945 2934 2120 2990; x_wconf 88' lang='lat' dir='ltr'><strong>modis</strong></span> 
     </span>
    </p>
   </div>
   <div class='ocr_carea' id='block_1_32' title="bbox 546 3028 2119 3105">
    <p class='ocr_par' dir='ltr' id='par_1_32' title="bbox 546 3028 2119 3105">
     <span class='ocr_line' id='line_1_33' title="bbox 546 3028 2119 3105; baseline -0.014 -4"><span class='ocrx_word' id='word_1_227' title='bbox 546 3044 796 3101; x_wconf 87' lang='lat' dir='ltr'><strong>omnibus</strong></span> <span class='ocrx_word' id='word_1_228' title='bbox 821 3044 937 3097; x_wconf 71' lang='lat' dir='ltr'><strong>haec</strong></span> <span class='ocrx_word' id='word_1_229' title='bbox 973 3041 1240 3102; x_wconf 85' lang='lat' dir='ltr'><strong>vitentur,</strong></span> <span class='ocrx_word' id='word_1_230' title='bbox 1271 3051 1373 3092; x_wconf 89' lang='lat' dir='ltr'><strong>nec</strong></span> <span class='ocrx_word' id='word_1_231' title='bbox 1400 3035 1683 3105; x_wconf 87' lang='lat' dir='ltr'><strong>quisquam</strong></span> <span class='ocrx_word' id='word_1_232' title='bbox 1710 3029 1832 3085; x_wconf 90' lang='lat' dir='ltr'><strong>talis</strong></span> <span class='ocrx_word' id='word_1_233' title='bbox 1857 3028 2119 3097; x_wconf 86' lang='lat' dir='ltr'><strong>suscipia-</strong></span> 
     </span>
    </p>
   </div>
   <div class='ocr_carea' id='block_1_33' title="bbox 549 3118 2114 3199">
    <p class='ocr_par' dir='ltr' id='par_1_33' title="bbox 549 3118 2114 3199">
     <span class='ocr_line' id='line_1_34' title="bbox 549 3118 2114 3199; baseline -0.015 -6"><span class='ocrx_word' id='word_1_234' title='bbox 549 3145 635 3193; x_wconf 88' lang='lat' dir='ltr'><strong>tur</strong></span> <span class='ocrx_word' id='word_1_235' title='bbox 659 3136 713 3189; x_wconf 93' lang='lat' dir='ltr'><strong>in</strong></span> <span class='ocrx_word' id='word_1_236' title='bbox 759 3136 982 3189; x_wconf 86' lang='lat' dir='ltr'><strong>clerum.</strong></span> <span class='ocrx_word' id='word_1_237' title='bbox 1012 3130 1072 3187; x_wconf 87' lang='lat' dir='ltr'><strong>Si</strong></span> <span class='ocrx_word' id='word_1_238' title='bbox 1099 3145 1190 3199; x_wconf 80' lang='lat' dir='ltr'><strong>qui</strong></span> <span class='ocrx_word' id='word_1_239' title='bbox 1236 3142 1367 3183; x_wconf 89' lang='lat' dir='ltr'><strong>vero</strong></span> <span class='ocrx_word' id='word_1_240' title='bbox 1396 3126 1483 3181; x_wconf 94' lang='lat' dir='ltr'><strong>vel</strong></span> <span class='ocrx_word' id='word_1_241' title='bbox 1525 3122 1836 3179; x_wconf 86' lang='lat' dir='ltr'><strong>temeritate</strong></span> <span class='ocrx_word' id='word_1_242' title='bbox 1878 3118 2114 3190; x_wconf 87' lang='lat' dir='ltr'><strong>propria,</strong></span> 
     </span>
    </p>
   </div>
   <div class='ocr_carea' id='block_1_34' title="bbox 550 3196 2196 3295">
    <p class='ocr_par' dir='ltr' id='par_1_34' title="bbox 550 3196 2196 3295">
     <span class='ocr_line' id='line_1_35' title="bbox 550 3196 2196 3295; baseline -0.012 -12"><span class='ocrx_word' id='word_1_243' title='bbox 550 3228 637 3285; x_wconf 80' lang='lat' dir='ltr'><strong>vel</strong></span> <span class='ocrx_word' id='word_1_244' title='bbox 662 3226 867 3282; x_wconf 88' lang='lat' dir='ltr'><strong>incuria</strong></span> <span class='ocrx_word' id='word_1_245' title='bbox 890 3196 1289 3295; x_wconf 65' lang='lat' dir='ltr'><strong>praesidentium</strong></span> <span class='ocrx_word' id='word_1_246' title='bbox 1314 3219 1451 3276; x_wconf 85' lang='lat' dir='ltr'><strong>tales</strong></span> <span class='ocrx_word' id='word_1_247' title='bbox 1479 3226 1605 3274; x_wconf 87' lang='lat' dir='ltr'><strong>ante</strong></span> <span class='ocrx_word' id='word_1_248' title='bbox 1641 3214 1875 3284; x_wconf 88' lang='lat' dir='ltr'><strong>suscepti</strong></span> <span class='ocrx_word' id='word_1_249' title='bbox 1895 3220 2038 3276; x_wconf 90' lang='lat' dir='ltr'><strong>sunt,</strong></span> <span class='ocrx_word' id='word_1_250' title='bbox 2068 3211 2124 3265; x_wconf 90' lang='lat' dir='ltr'><strong>in</strong></span> <span class='ocrx_word' id='word_1_251' title='bbox 2152 3196 2196 3257; x_wconf 84' lang='lat' dir='ltr'><strong>C</strong></span> 
     </span>
    </p>
   </div>
   <div class='ocr_carea' id='block_1_35' title="bbox 553 3310 2124 3390">
    <p class='ocr_par' dir='ltr' id='par_1_35' title="bbox 553 3310 2124 3390">
     <span class='ocr_line' id='line_1_36' title="bbox 553 3310 2124 3390; baseline -0.011 -15"><span class='ocrx_word' id='word_1_252' title='bbox 553 3319 638 3376; x_wconf 89' lang='lat' dir='ltr'><strong>his</strong></span> <span class='ocrx_word' id='word_1_253' title='bbox 662 3318 856 3390; x_wconf 86' lang='lat' dir='ltr'><strong>quibus</strong></span> <span class='ocrx_word' id='word_1_254' title='bbox 882 3314 1161 3372; x_wconf 86' lang='lat' dir='ltr'><strong>constituti</strong></span> <span class='ocrx_word' id='word_1_255' title='bbox 1186 3321 1311 3369; x_wconf 88' lang='lat' dir='ltr'><strong>sunt</strong></span> <span class='ocrx_word' id='word_1_256' title='bbox 1332 3311 1466 3367; x_wconf 90' lang='lat' dir='ltr'><strong>locis</strong></span> <span class='ocrx_word' id='word_1_257' title='bbox 1486 3317 1711 3366; x_wconf 88' lang='lat' dir='ltr'><strong>eatenus</strong></span> <span class='ocrx_word' id='word_1_258' title='bbox 1736 3310 2124 3378; x_wconf 84' lang='lat' dir='ltr'><strong>perseverent:</strong></span> 
     </span>
    </p>
   </div>
   <div class='ocr_carea' id='block_1_36' title="bbox 554 3397 2131 3495">
    <p class='ocr_par' dir='ltr' id='par_1_36' title="bbox 554 3397 2131 3495">
     <span class='ocr_line' id='line_1_37' title="bbox 554 3397 2131 3495; baseline -0.011 -28"><span class='ocrx_word' id='word_1_259' title='bbox 554 3418 616 3467; x_wconf 85' lang='lat' dir='ltr'><strong>ut</strong></span> <span class='ocrx_word' id='word_1_260' title='bbox 636 3410 773 3469; x_wconf 85' lang='lat' dir='ltr'><strong>nihil</strong></span> <span class='ocrx_word' id='word_1_261' title='bbox 809 3405 1431 3495; x_wconf 60' lang='lat' dir='ltr'><strong>nnquampromotionis</strong></span> <span class='ocrx_word' id='word_1_262' title='bbox 1458 3400 1749 3473; x_wconf 82' lang='lat' dir='ltr'><strong>arripiant,</strong></span> <span class='ocrx_word' id='word_1_263' title='bbox 1772 3399 2007 3467; x_wconf 85' lang='lat' dir='ltr'><strong>satisque</strong></span> <span class='ocrx_word' id='word_1_264' title='bbox 2033 3397 2131 3451; x_wconf 81' lang='lat' dir='ltr'><strong>ha-</strong></span> 
     </span>
    </p>
   </div>
   <div class='ocr_carea' id='block_1_37' title="bbox 556 3488 2132 3571">
    <p class='ocr_par' dir='ltr' id='par_1_37' title="bbox 556 3488 2132 3571">
     <span class='ocr_line' id='line_1_38' title="bbox 556 3488 2132 3571; baseline -0.011 -12"><span class='ocrx_word' id='word_1_265' title='bbox 556 3498 737 3568; x_wconf 81' lang='lat' dir='ltr'><strong>beant,</strong></span> <span class='ocrx_word' id='word_1_266' title='bbox 764 3500 869 3557; x_wconf 90' lang='lat' dir='ltr'><strong>hoc</strong></span> <span class='ocrx_word' id='word_1_267' title='bbox 896 3488 1070 3571; x_wconf 78' lang='lat' dir='ltr'><strong>ipsum</strong></span> <span class='ocrx_word' id='word_1_268' title='bbox 1117 3497 1219 3555; x_wconf 89' lang='lat' dir='ltr'><strong>sibi</strong></span> <span class='ocrx_word' id='word_1_269' title='bbox 1266 3510 1366 3566; x_wconf 87' lang='lat' dir='ltr'><strong>pro</strong></span> <span class='ocrx_word' id='word_1_270' title='bbox 1413 3493 1577 3551; x_wconf 90' lang='lat' dir='ltr'><strong>nimia</strong></span> <span class='ocrx_word' id='word_1_271' title='bbox 1620 3488 1965 3546; x_wconf 90' lang='lat' dir='ltr'><strong>miseratione</strong></span> <span class='ocrx_word' id='word_1_272' title='bbox 2006 3501 2132 3558; x_wconf 86' lang='lat' dir='ltr'><strong>per-</strong></span> 
     </span>
    </p>
   </div>
   <div class='ocr_carea' id='block_1_38' title="bbox 560 3607 798 3651">
    <p class='ocr_par' dir='ltr' id='par_1_38' title="bbox 560 3607 798 3651">
     <span class='ocr_line' id='line_1_39' title="bbox 560 3607 798 3651; baseline -0.004 0"><span class='ocrx_word' id='word_1_273' title='bbox 560 3607 798 3651; x_wconf 79' lang='lat' dir='ltr'><strong>missum.</strong></span> 
     </span>
    </p>
   </div>
   <div class='ocr_carea' id='block_1_39' title="bbox 920 3696 1774 3773">
    <p class='ocr_par' dir='ltr' id='par_1_39' title="bbox 920 3696 1774 3773">
     <span class='ocr_line' id='line_1_40' title="bbox 920 3696 1774 3773; baseline -0.009 -14"><span class='ocrx_word' id='word_1_274' title='bbox 920 3704 994 3759; x_wconf 88' lang='lat' dir='ltr'><strong>De</strong></span> <span class='ocrx_word' id='word_1_275' title='bbox 1018 3703 1097 3758; x_wconf 82' lang='lat' dir='ltr'><strong>his</strong></span> <span class='ocrx_word' id='word_1_276' title='bbox 1119 3703 1204 3773; x_wconf 88' lang='lat' dir='ltr'><strong>qui</strong></span> <span class='ocrx_word' id='word_1_277' title='bbox 1230 3716 1423 3773; x_wconf 76' lang='lat' dir='ltr'><strong>seipsos</strong></span> <span class='ocrx_word' id='word_1_278' title='bbox 1447 3696 1774 3754; x_wconf 79' lang='lat' dir='ltr'><strong>abscindunt.</strong></span> 
     </span>
    </p>
   </div>
   <div class='ocr_carea' id='block_1_40' title="bbox 635 3798 2139 3885">
    <p class='ocr_par' dir='ltr' id='par_1_40' title="bbox 635 3798 2139 3885">
     <span class='ocr_line' id='line_1_41' title="bbox 635 3798 2139 3885; baseline -0.01 -11"><span class='ocrx_word' id='word_1_279' title='bbox 635 3818 793 3877; x_wconf 82' lang='lat' dir='ltr'><strong>XVII.</strong></span> <span class='ocrx_word' id='word_1_280' title='bbox 825 3819 901 3874; x_wconf 90' lang='lat' dir='ltr'><strong>De</strong></span> <span class='ocrx_word' id='word_1_281' title='bbox 929 3818 1012 3874; x_wconf 90' lang='lat' dir='ltr'><strong>his</strong></span> <span class='ocrx_word' id='word_1_282' title='bbox 1033 3824 1211 3872; x_wconf 88' lang='lat' dir='ltr'><strong>autem</strong></span> <span class='ocrx_word' id='word_1_283' title='bbox 1232 3815 1323 3885; x_wconf 90' lang='lat' dir='ltr'><strong>qui</strong></span> <span class='ocrx_word' id='word_1_284' title='bbox 1352 3813 1672 3882; x_wconf 88' lang='lat' dir='ltr'><strong>semetipsos</strong></span> <span class='ocrx_word' id='word_1_285' title='bbox 1700 3798 2026 3866; x_wconf 89' lang='lat' dir='ltr'><strong>absciderint</strong></span> <span class='ocrx_word' id='word_1_286' title='bbox 2051 3823 2139 3877; x_wconf 86' lang='lat' dir='ltr'><strong>pa-</strong></span> 
     </span>
    </p>
   </div>
   <div class='ocr_carea' id='block_1_41' title="bbox 566 3904 2139 3974">
    <p class='ocr_par' dir='ltr' id='par_1_41' title="bbox 566 3904 2139 3974">
     <span class='ocr_line' id='line_1_42' title="bbox 566 3904 2139 3974; baseline -0.01 -8"><span class='ocrx_word' id='word_1_287' title='bbox 566 3912 952 3969; x_wconf 89' lang='lat' dir='ltr'><strong>ternicanones</strong></span> <span class='ocrx_word' id='word_1_288' title='bbox 974 3909 1253 3965; x_wconf 89' lang='lat' dir='ltr'><strong>evidenter</strong></span> <span class='ocrx_word' id='word_1_289' title='bbox 1272 3904 1543 3974; x_wconf 87' lang='lat' dir='ltr'><strong>sequenda</strong></span> <span class='ocrx_word' id='word_1_290' title='bbox 1564 3909 1883 3973; x_wconf 86' lang='lat' dir='ltr'><strong>posuerunt,</strong></span> <span class='ocrx_word' id='word_1_291' title='bbox 1911 3913 2139 3969; x_wconf 84' lang='lat' dir='ltr'><strong>quorum</strong></span> 
     </span>
    </p>
   </div>
   <div class='ocr_carea' id='block_1_42' title="bbox 567 3990 2144 4059">
    <p class='ocr_par' dir='ltr' id='par_1_42' title="bbox 567 3990 2144 4059">
     <span class='ocr_line' id='line_1_43' title="bbox 567 3990 2144 4059; baseline -0.011 0"><span class='ocrx_word' id='word_1_292' title='bbox 567 4014 809 4059; x_wconf 89' lang='lat' dir='ltr'><strong>tenorem</strong></span> <span class='ocrx_word' id='word_1_293' title='bbox 835 3998 1065 4057; x_wconf 83' lang='lat' dir='ltr'><strong>sufficiet</strong></span> <span class='ocrx_word' id='word_1_294' title='bbox 1090 3997 1365 4053; x_wconf 90' lang='lat' dir='ltr'><strong>indidisse.</strong></span> <span class='ocrx_word' id='word_1_295' title='bbox 1390 3994 1584 4048; x_wconf 91' lang='lat' dir='ltr'><strong>Dicunt</strong></span> <span class='ocrx_word' id='word_1_296' title='bbox 1613 3992 1755 4047; x_wconf 91' lang='lat' dir='ltr'><strong>enim</strong></span> <span class='ocrx_word' id='word_1_297' title='bbox 1787 3990 1914 4044; x_wconf 89' lang='lat' dir='ltr'><strong>talia</strong></span> <span class='ocrx_word' id='word_1_298' title='bbox 1949 4002 2144 4058; x_wconf 88' lang='lat' dir='ltr'><strong>perpe-</strong></span> 
     </span>
    </p>
   </div>
   <div class='ocr_carea' id='block_1_43' title="bbox 569 4076 2145 4156">
    <p class='ocr_par' dir='ltr' id='par_1_43' title="bbox 569 4076 2145 4156">
     <span class='ocr_line' id='line_1_44' title="bbox 569 4076 2145 4156; baseline -0.011 -7"><span class='ocrx_word' id='word_1_299' title='bbox 569 4102 789 4156; x_wconf 88' lang='lat' dir='ltr'><strong>trantes,</strong></span> <span class='ocrx_word' id='word_1_300' title='bbox 832 4106 958 4145; x_wconf 85' lang='lat' dir='ltr'><strong>mox</strong></span> <span class='ocrx_word' id='word_1_301' title='bbox 1009 4096 1065 4143; x_wconf 89' lang='lat' dir='ltr'><strong>ut</strong></span> <span class='ocrx_word' id='word_1_302' title='bbox 1108 4086 1272 4154; x_wconf 78' lang='lat' dir='ltr'><strong>agniti</strong></span> <span class='ocrx_word' id='word_1_303' title='bbox 1327 4084 1551 4148; x_wconf 78' lang='lat' dir='ltr'><strong>fuerint,</strong></span> <span class='ocrx_word' id='word_1_304' title='bbox 1581 4097 1610 4135; x_wconf 91' lang='lat' dir='ltr'><strong>a</strong></span> <span class='ocrx_word' id='word_1_305' title='bbox 1642 4094 1864 4134; x_wconf 89' lang='lat' dir='ltr'><strong>munere</strong></span> <span class='ocrx_word' id='word_1_306' title='bbox 1909 4076 2145 4134; x_wconf 87' lang='lat' dir='ltr'><strong>clericali</strong></span> 
     </span>
    </p>
   </div>
   <div class='ocr_carea' id='block_1_44' title="bbox 562 4171 2147 4263">
    <p class='ocr_par' dir='ltr' id='par_1_44' title="bbox 562 4171 2147 4263">
     <span class='ocr_line' id='line_1_45' title="bbox 562 4171 2147 4263; baseline -0.011 -21"><span class='ocrx_word' id='word_1_307' title='bbox 562 4188 768 4263; x_wconf 88' lang='lat' dir='ltr'><strong>debere</strong></span> <span class='ocrx_word' id='word_1_308' title='bbox 809 4183 1032 4248; x_wconf 89' lang='lat' dir='ltr'><strong>secludi,</strong></span> <span class='ocrx_word' id='word_1_309' title='bbox 1061 4180 1205 4251; x_wconf 89' lang='lat' dir='ltr'><strong>quod</strong></span> <span class='ocrx_word' id='word_1_310' title='bbox 1242 4177 1420 4234; x_wconf 88' lang='lat' dir='ltr'><strong>modis</strong></span> <span class='ocrx_word' id='word_1_311' title='bbox 1446 4176 1695 4232; x_wconf 90' lang='lat' dir='ltr'><strong>omnibus</strong></span> <span class='ocrx_word' id='word_1_312' title='bbox 1740 4171 2009 4229; x_wconf 91' lang='lat' dir='ltr'><strong>custodire</strong></span> <span class='ocrx_word' id='word_1_313' title='bbox 2048 4186 2147 4225; x_wconf 89' lang='lat' dir='ltr'><strong>nos</strong></span> 
     </span>
    </p>
   </div>
   <div class='ocr_carea' id='block_1_45' title="bbox 572 4263 2149 4342">
    <p class='ocr_par' dir='ltr' id='par_1_45' title="bbox 572 4263 2149 4342">
     <span class='ocr_line' id='line_1_46' title="bbox 572 4263 2149 4342; baseline -0.011 -10"><span class='ocrx_word' id='word_1_314' title='bbox 572 4274 856 4342; x_wconf 89' lang='lat' dir='ltr'><strong>convenit,</strong></span> <span class='ocrx_word' id='word_1_315' title='bbox 895 4272 1020 4342; x_wconf 91' lang='lat' dir='ltr'><strong>quia</strong></span> <span class='ocrx_word' id='word_1_316' title='bbox 1078 4271 1158 4326; x_wconf 88' lang='lat' dir='ltr'><strong>fas</strong></span> <span class='ocrx_word' id='word_1_317' title='bbox 1216 4284 1335 4325; x_wconf 90' lang='lat' dir='ltr'><strong>esse</strong></span> <span class='ocrx_word' id='word_1_318' title='bbox 1392 4267 1522 4321; x_wconf 90' lang='lat' dir='ltr'><strong>nulli</strong></span> <span class='ocrx_word' id='word_1_319' title='bbox 1578 4263 1903 4334; x_wconf 86' lang='lat' dir='ltr'><strong>suppeditat,</strong></span> <span class='ocrx_word' id='word_1_320' title='bbox 1954 4271 2149 4331; x_wconf 75' lang='lat' dir='ltr'><strong>prmter</strong></span> 
     </span>
    </p>
   </div>
   <div class='ocr_carea' id='block_1_46' title="bbox 574 4352 2148 4440">
    <p class='ocr_par' dir='ltr' id='par_1_46' title="bbox 574 4352 2148 4440">
     <span class='ocr_line' id='line_1_47' title="bbox 574 4352 2148 4440; baseline -0.012 -15"><span class='ocrx_word' id='word_1_321' title='bbox 574 4370 663 4426; x_wconf 89' lang='lat' dir='ltr'><strong>illa</strong></span> <span class='ocrx_word' id='word_1_322' title='bbox 725 4365 1015 4440; x_wconf 85' lang='lat' dir='ltr'><strong>quidquam</strong></span> <span class='ocrx_word' id='word_1_323' title='bbox 1072 4378 1191 4435; x_wconf 68' lang='lat' dir='ltr'><strong>quae</strong></span> <span class='ocrx_word' id='word_1_324' title='bbox 1254 4358 1621 4417; x_wconf 88' lang='lat' dir='ltr'><strong>memorabilis</strong></span> <span class='ocrx_word' id='word_1_325' title='bbox 1666 4355 1905 4413; x_wconf 89' lang='lat' dir='ltr'><strong>decrevit</strong></span> <span class='ocrx_word' id='word_1_326' title='bbox 1954 4352 2148 4422; x_wconf 88' lang='lat' dir='ltr'><strong>forma,</strong></span> 
     </span>
    </p>
   </div>
   <div class='ocr_carea' id='block_1_47' title="bbox 574 4474 817 4518">
    <p class='ocr_par' dir='ltr' id='par_1_47' title="bbox 574 4474 817 4518">
     <span class='ocr_line' id='line_1_48' title="bbox 574 4474 817 4518; baseline -0.021 0"><span class='ocrx_word' id='word_1_327' title='bbox 574 4474 817 4518; x_wconf 90' lang='lat' dir='ltr'><strong>censere.</strong></span> 
     </span>
    </p>
   </div>
   <div class='ocr_carea' id='block_1_48' title="bbox 2158 521 3655 617">
    <p class='ocr_par' dir='ltr' id='par_1_48' title="bbox 2158 521 3655 617">
     <span class='ocr_line' id='line_1_49' title="bbox 2158 521 3655 617; baseline -0.018 -17"><span class='ocrx_word' id='word_1_328' title='bbox 2158 521 2263 617; x_wconf 80' lang='lat' dir='ltr'><strong>quc</strong></span> <span class='ocrx_word' id='word_1_329' title='bbox 2302 543 2474 598; x_wconf 89' lang='lat' dir='ltr'><strong>sancti</strong></span> <span class='ocrx_word' id='word_1_330' title='bbox 2514 536 2777 611; x_wconf 87' lang='lat' dir='ltr'><strong>propositi</strong></span> <span class='ocrx_word' id='word_1_331' title='bbox 2816 532 3000 605; x_wconf 90' lang='lat' dir='ltr'><strong>procul</strong></span> <span class='ocrx_word' id='word_1_332' title='bbox 3041 528 3203 583; x_wconf 91' lang='lat' dir='ltr'><strong>dubio</strong></span> <span class='ocrx_word' id='word_1_333' title='bbox 3247 521 3655 580; x_wconf 87' lang='lat' dir='ltr'><strong>submovcndos.</strong></span> 
     </span>
    </p>
   </div>
   <div class='ocr_carea' id='block_1_49' title="bbox 2162 631 3729 721">
    <p class='ocr_par' dir='ltr' id='par_1_49' title="bbox 2162 631 3729 721">
     <span class='ocr_line' id='line_1_50' title="bbox 2162 631 3729 721; baseline -0.019 -9"><span class='ocrx_word' id='word_1_334' title='bbox 2162 654 2314 721; x_wconf 82' lang='lat' dir='ltr'><strong>Quod</strong></span> <span class='ocrx_word' id='word_1_335' title='bbox 2343 650 2611 710; x_wconf 81' lang='lat' dir='ltr'><strong>dwmoniis</strong></span> <span class='ocrx_word' id='word_1_336' title='bbox 2636 650 2853 716; x_wconf 80' lang='lat' dir='ltr'><strong>aliisque</strong></span> <span class='ocrx_word' id='word_1_337' title='bbox 2873 639 3197 721; x_wconf 68' lang='lat' dir='ltr'><strong>passionibns</strong></span> <span class='ocrx_word' id='word_1_338' title='bbox 3218 637 3432 692; x_wconf 84' lang='lat' dir='ltr'><strong>irretitis</strong></span> <span class='ocrx_word' id='word_1_339' title='bbox 3452 631 3729 688; x_wconf 82' lang='lat' dir='ltr'><strong>ministeria</strong></span> 
     </span>
    </p>
   </div>
   <div class='ocr_carea' id='block_1_50' title="bbox 2570 710 3324 774">
    <p class='ocr_par' dir='ltr' id='par_1_50' title="bbox 2570 710 3324 774">
     <span class='ocr_line' id='line_1_51' title="bbox 2570 710 3324 774; baseline -0.017 0"><span class='ocrx_word' id='word_1_340' title='bbox 2570 735 2721 774; x_wconf 84' lang='lat' dir='ltr'><strong>sacra</strong></span> <span class='ocrx_word' id='word_1_341' title='bbox 2758 710 2983 770; x_wconf 69' lang='lat' dir='ltr'><strong>tractare</strong></span> <span class='ocrx_word' id='word_1_342' title='bbox 3021 728 3123 765; x_wconf 85' lang='lat' dir='ltr'><strong>non</strong></span> <span class='ocrx_word' id='word_1_343' title='bbox 3154 710 3324 763; x_wconf 84' lang='lat' dir='ltr'><strong>liceat.</strong></span> 
     </span>
    </p>
   </div>
   <div class='ocr_carea' id='block_1_51' title="bbox 2236 795 3732 881">
    <p class='ocr_par' dir='ltr' id='par_1_51' title="bbox 2236 795 3732 881">
     <span class='ocr_line' id='line_1_52' title="bbox 2236 795 3732 881; baseline -0.017 -10"><span class='ocrx_word' id='word_1_344' title='bbox 2236 814 2379 871; x_wconf 85' lang='lat' dir='ltr'><strong>XIX.</strong></span> <span class='ocrx_word' id='word_1_345' title='bbox 2410 810 2592 881; x_wconf 84' lang='lat' dir='ltr'><strong>Usque</strong></span> <span class='ocrx_word' id='word_1_346' title='bbox 2635 808 2770 862; x_wconf 89' lang='lat' dir='ltr'><strong>adeo</strong></span> <span class='ocrx_word' id='word_1_347' title='bbox 2799 819 2929 860; x_wconf 91' lang='lat' dir='ltr'><strong>sane</strong></span> <span class='ocrx_word' id='word_1_348' title='bbox 2958 800 3319 870; x_wconf 88' lang='lat' dir='ltr'><strong>comperimus</strong></span> <span class='ocrx_word' id='word_1_349' title='bbox 3368 795 3552 850; x_wconf 90' lang='lat' dir='ltr'><strong>illicita</strong></span> <span class='ocrx_word' id='word_1_350' title='bbox 3598 808 3732 860; x_wconf 76' lang='lat' dir='ltr'><strong>quze-</strong></span> 
     </span>
    </p>
   </div>
   <div class='ocr_carea' id='block_1_52' title="bbox 2170 883 3735 976">
    <p class='ocr_par' dir='ltr' id='par_1_52' title="bbox 2170 883 3735 976">
     <span class='ocr_line' id='line_1_53' title="bbox 2170 883 3735 976; baseline -0.017 -16"><span class='ocrx_word' id='word_1_351' title='bbox 2170 921 2276 976; x_wconf 90' lang='lat' dir='ltr'><strong>que</strong></span> <span class='ocrx_word' id='word_1_352' title='bbox 2304 913 2679 975; x_wconf 88' lang='lat' dir='ltr'><strong>prorumpere,</strong></span> <span class='ocrx_word' id='word_1_353' title='bbox 2705 904 2764 950; x_wconf 93' lang='lat' dir='ltr'><strong>ut</strong></span> <span class='ocrx_word' id='word_1_354' title='bbox 2786 892 3061 948; x_wconf 66' lang='lat' dir='ltr'><strong>dazmoniis</strong></span> <span class='ocrx_word' id='word_1_355' title='bbox 3088 887 3455 955; x_wconf 87' lang='lat' dir='ltr'><strong>similibusque</strong></span> <span class='ocrx_word' id='word_1_356' title='bbox 3482 883 3735 953; x_wconf 81' lang='lat' dir='ltr'><strong>passioni-</strong></span> 
     </span>
    </p>
   </div>
   <div class='ocr_carea' id='block_1_53' title="bbox 2171 974 3737 1054">
    <p class='ocr_par' dir='ltr' id='par_1_53' title="bbox 2171 974 3737 1054">
     <span class='ocr_line' id='line_1_54' title="bbox 2171 974 3737 1054; baseline -0.019 -1"><span class='ocrx_word' id='word_1_357' title='bbox 2171 1000 2271 1054; x_wconf 91' lang='lat' dir='ltr'><strong>bus</strong></span> <span class='ocrx_word' id='word_1_358' title='bbox 2308 974 2529 1050; x_wconf 89' lang='lat' dir='ltr'><strong>irretitis</strong></span> <span class='ocrx_word' id='word_1_359' title='bbox 2577 986 2871 1044; x_wconf 90' lang='lat' dir='ltr'><strong>ministeria</strong></span> <span class='ocrx_word' id='word_1_360' title='bbox 2900 988 3241 1039; x_wconf 89' lang='lat' dir='ltr'><strong>sacrosancta</strong></span> <span class='ocrx_word' id='word_1_361' title='bbox 3272 985 3504 1032; x_wconf 89' lang='lat' dir='ltr'><strong>tractare</strong></span> <span class='ocrx_word' id='word_1_362' title='bbox 3546 974 3737 1027; x_wconf 86' lang='lat' dir='ltr'><strong>tribua—</strong></span> 
     </span>
    </p>
   </div>
   <div class='ocr_carea' id='block_1_54' title="bbox 2175 1064 3738 1154">
    <p class='ocr_par' dir='ltr' id='par_1_54' title="bbox 2175 1064 3738 1154">
     <span class='ocr_line' id='line_1_55' title="bbox 2175 1064 3738 1154; baseline -0.018 -12"><span class='ocrx_word' id='word_1_363' title='bbox 2175 1096 2280 1154; x_wconf 91' lang='lat' dir='ltr'><strong>tur,</strong></span> <span class='ocrx_word' id='word_1_364' title='bbox 2305 1084 2502 1154; x_wconf 88' lang='lat' dir='ltr'><strong>quibus</strong></span> <span class='ocrx_word' id='word_1_365' title='bbox 2525 1080 2572 1135; x_wconf 89' lang='lat' dir='ltr'><strong>si</strong></span> <span class='ocrx_word' id='word_1_366' title='bbox 2611 1080 2664 1133; x_wconf 93' lang='lat' dir='ltr'><strong>in</strong></span> <span class='ocrx_word' id='word_1_367' title='bbox 2694 1079 2798 1132; x_wconf 91' lang='lat' dir='ltr'><strong>hoc</strong></span> <span class='ocrx_word' id='word_1_368' title='bbox 2826 1089 2992 1145; x_wconf 91' lang='lat' dir='ltr'><strong>opere</strong></span> <span class='ocrx_word' id='word_1_369' title='bbox 3038 1070 3225 1142; x_wconf 83' lang='lat' dir='ltr'><strong>positis</strong></span> <span class='ocrx_word' id='word_1_370' title='bbox 3266 1066 3468 1136; x_wconf 88' lang='lat' dir='ltr'><strong>aliquid</strong></span> <span class='ocrx_word' id='word_1_371' title='bbox 3518 1064 3738 1135; x_wconf 80' lang='lat' dir='ltr'><strong>propria:</strong></span> 
     </span>
    </p>
   </div>
   <div class='ocr_carea' id='block_1_55' title="bbox 2178 1158 3743 1235">
    <p class='ocr_par' dir='ltr' id='par_1_55' title="bbox 2178 1158 3743 1235">
     <span class='ocr_line' id='line_1_56' title="bbox 2178 1158 3743 1235; baseline -0.018 0"><span class='ocrx_word' id='word_1_372' title='bbox 2178 1174 2514 1235; x_wconf 87' lang='lat' dir='ltr'><strong>necessitatis</strong></span> <span class='ocrx_word' id='word_1_373' title='bbox 2534 1176 2802 1232; x_wconf 90' lang='lat' dir='ltr'><strong>occurrat,</strong></span> <span class='ocrx_word' id='word_1_374' title='bbox 2826 1167 2945 1235; x_wconf 92' lang='lat' dir='ltr'><strong>quis</strong></span> <span class='ocrx_word' id='word_1_375' title='bbox 2968 1164 3035 1219; x_wconf 90' lang='lat' dir='ltr'><strong>de</strong></span> <span class='ocrx_word' id='word_1_376' title='bbox 3055 1177 3150 1218; x_wconf 87' lang='lat' dir='ltr'><strong>sua</strong></span> <span class='ocrx_word' id='word_1_377' title='bbox 3172 1159 3404 1215; x_wconf 84' lang='lat' dir='ltr'><strong>fidelium</strong></span> <span class='ocrx_word' id='word_1_378' title='bbox 3434 1158 3605 1213; x_wconf 88' lang='lat' dir='ltr'><strong>salute</strong></span> <span class='ocrx_word' id='word_1_379' title='bbox 3624 1170 3743 1209; x_wconf 85' lang='lat' dir='ltr'><strong>con-</strong></span> 
     </span>
    </p>
   </div>
   <div class='ocr_carea' id='block_1_56' title="bbox 2183 1251 3746 1335">
    <p class='ocr_par' dir='ltr' id='par_1_56' title="bbox 2183 1251 3746 1335">
     <span class='ocr_line' id='line_1_57' title="bbox 2183 1251 3746 1335; baseline -0.017 -11"><span class='ocrx_word' id='word_1_380' title='bbox 2183 1269 2328 1335; x_wconf 83' lang='lat' dir='ltr'><strong>ﬁdat,</strong></span> <span class='ocrx_word' id='word_1_381' title='bbox 2365 1265 2454 1321; x_wconf 88' lang='lat' dir='ltr'><strong>ubi</strong></span> <span class='ocrx_word' id='word_1_382' title='bbox 2500 1262 2775 1317; x_wconf 87' lang='lat' dir='ltr'><strong>ministros</strong></span> <span class='ocrx_word' id='word_1_383' title='bbox 2818 1257 2965 1327; x_wconf 89' lang='lat' dir='ltr'><strong>ipsos</strong></span> <span class='ocrx_word' id='word_1_384' title='bbox 2992 1252 3285 1309; x_wconf 90' lang='lat' dir='ltr'><strong>curationis</strong></span> <span class='ocrx_word' id='word_1_385' title='bbox 3316 1251 3562 1304; x_wconf 77' lang='lat' dir='ltr'><strong>humanae</strong></span> <span class='ocrx_word' id='word_1_386' title='bbox 3606 1252 3746 1300; x_wconf 83' lang='lat' dir='ltr'><strong>tanta</strong></span> 
     </span>
    </p>
   </div>
   <div class='ocr_carea' id='block_1_57' title="bbox 2182 1341 3747 1430">
    <p class='ocr_par' dir='ltr' id='par_1_57' title="bbox 2182 1341 3747 1430">
     <span class='ocr_line' id='line_1_58' title="bbox 2182 1341 3747 1430; baseline -0.015 -16"><span class='ocrx_word' id='word_1_387' title='bbox 2182 1356 2519 1430; x_wconf 89' lang='lat' dir='ltr'><strong>perspexerit</strong></span> <span class='ocrx_word' id='word_1_388' title='bbox 2548 1351 2854 1409; x_wconf 89' lang='lat' dir='ltr'><strong>calamitate</strong></span> <span class='ocrx_word' id='word_1_389' title='bbox 2883 1346 3107 1402; x_wconf 84' lang='lat' dir='ltr'><strong>vexari?</strong></span> <span class='ocrx_word' id='word_1_390' title='bbox 3149 1343 3326 1412; x_wconf 79' lang='lat' dir='ltr'><strong>Atque</strong></span> <span class='ocrx_word' id='word_1_391' title='bbox 3354 1341 3474 1396; x_wconf 90' lang='lat' dir='ltr'><strong>ideo</strong></span> <span class='ocrx_word' id='word_1_392' title='bbox 3503 1353 3747 1394; x_wconf 87' lang='lat' dir='ltr'><strong>necessa-</strong></span> 
     </span>
    </p>
   </div>
   <div class='ocr_carea' id='block_1_58' title="bbox 2185 1429 3752 1507">
    <p class='ocr_par' dir='ltr' id='par_1_58' title="bbox 2185 1429 3752 1507">
     <span class='ocr_line' id='line_1_59' title="bbox 2185 1429 3752 1507; baseline -0.015 -1"><span class='ocrx_word' id='word_1_393' title='bbox 2185 1429 2267 1505; x_wconf 85' lang='lat' dir='ltr'><strong>rio</strong></span> <span class='ocrx_word' id='word_1_394' title='bbox 2324 1445 2636 1504; x_wconf 88' lang='lat' dir='ltr'><strong>removendi</strong></span> <span class='ocrx_word' id='word_1_395' title='bbox 2686 1449 2841 1507; x_wconf 90' lang='lat' dir='ltr'><strong>sunt,</strong></span> <span class='ocrx_word' id='word_1_396' title='bbox 2893 1454 2963 1494; x_wconf 90' lang='lat' dir='ltr'><strong>ne</strong></span> <span class='ocrx_word' id='word_1_397' title='bbox 3010 1434 3374 1506; x_wconf 85' lang='lat' dir='ltr'><strong>quibuslibet,</strong></span> <span class='ocrx_word' id='word_1_398' title='bbox 3422 1446 3520 1502; x_wconf 91' lang='lat' dir='ltr'><strong>pro</strong></span> <span class='ocrx_word' id='word_1_399' title='bbox 3567 1429 3752 1499; x_wconf 82' lang='lat' dir='ltr'><strong>quibus</strong></span> 
     </span>
    </p>
   </div>
   <div class='ocr_carea' id='block_1_59' title="bbox 2187 1520 3755 1603">
    <p class='ocr_par' dir='ltr' id='par_1_59' title="bbox 2187 1520 3755 1603">
     <span class='ocr_line' id='line_1_60' title="bbox 2187 1520 3755 1603; baseline -0.015 -3"><span class='ocrx_word' id='word_1_400' title='bbox 2187 1543 2432 1600; x_wconf 87' lang='lat' dir='ltr'><strong>Christus</strong></span> <span class='ocrx_word' id='word_1_401' title='bbox 2454 1548 2537 1596; x_wconf 91' lang='lat' dir='ltr'><strong>est</strong></span> <span class='ocrx_word' id='word_1_402' title='bbox 2557 1544 2820 1599; x_wconf 89' lang='lat' dir='ltr'><strong>mortuus,</strong></span> <span class='ocrx_word' id='word_1_403' title='bbox 2849 1530 3162 1603; x_wconf 88' lang='lat' dir='ltr'><strong>scandalum</strong></span> <span class='ocrx_word' id='word_1_404' title='bbox 3203 1532 3487 1596; x_wconf 77' lang='lat' dir='ltr'><strong>generetur</strong></span> <span class='ocrx_word' id='word_1_405' title='bbox 3516 1520 3755 1576; x_wconf 85' lang='lat' dir='ltr'><strong>infirmis.</strong></span> 
     </span>
    </p>
   </div>
   <div class='ocr_carea' id='block_1_60' title="bbox 2192 1611 3767 1699">
    <p class='ocr_par' dir='ltr' id='par_1_60' title="bbox 2192 1611 3767 1699">
     <span class='ocr_line' id='line_1_61' title="bbox 2192 1611 3767 1699; baseline -0.018 -7"><span class='ocrx_word' id='word_1_406' title='bbox 2192 1625 2474 1692; x_wconf 85' lang='lat' dir='ltr'><strong>Postremo</strong></span> <span class='ocrx_word' id='word_1_407' title='bbox 2515 1630 2560 1686; x_wconf 90' lang='lat' dir='ltr'><strong>si</strong></span> <span class='ocrx_word' id='word_1_408' title='bbox 2600 1641 2829 1699; x_wconf 91' lang='lat' dir='ltr'><strong>corpore</strong></span> <span class='ocrx_word' id='word_1_409' title='bbox 2865 1623 3162 1679; x_wconf 82' lang='lat' dir='ltr'><strong>sauciatam</strong></span> <span class='ocrx_word' id='word_1_410' title='bbox 3206 1616 3461 1679; x_wconf 79' lang='lat' dir='ltr'><strong>fortassis,</strong></span> <span class='ocrx_word' id='word_1_411' title='bbox 3493 1620 3586 1667; x_wconf 86' lang='lat' dir='ltr'><strong>aut</strong></span> <span class='ocrx_word' id='word_1_412' title='bbox 3611 1611 3767 1666; x_wconf 80' lang='lat' dir='ltr'><strong>debi-&#39;</strong></span> 
     </span>
    </p>
   </div>
   <div class='ocr_carea' id='block_1_61' title="bbox 2195 1701 3759 1792">
    <p class='ocr_par' dir='ltr' id='par_1_61' title="bbox 2195 1701 3759 1792">
     <span class='ocr_line' id='line_1_62' title="bbox 2195 1701 3759 1792; baseline -0.019 -10"><span class='ocrx_word' id='word_1_413' title='bbox 2195 1728 2300 1783; x_wconf 90' lang='lat' dir='ltr'><strong>lem</strong></span> <span class='ocrx_word' id='word_1_414' title='bbox 2324 1734 2664 1792; x_wconf 87' lang='lat' dir='ltr'><strong>nequaquam</strong></span> <span class='ocrx_word' id='word_1_415' title='bbox 2692 1723 2877 1773; x_wconf 88' lang='lat' dir='ltr'><strong>sancta</strong></span> <span class='ocrx_word' id='word_1_416' title='bbox 2906 1712 3219 1779; x_wconf 84' lang='lat' dir='ltr'><strong>contingere</strong></span> <span class='ocrx_word' id='word_1_417' title='bbox 3246 1708 3333 1763; x_wconf 89' lang='lat' dir='ltr'><strong>lex</strong></span> <span class='ocrx_word' id='word_1_418' title='bbox 3362 1705 3540 1761; x_wconf 90' lang='lat' dir='ltr'><strong>divina</strong></span> <span class='ocrx_word' id='word_1_419' title='bbox 3563 1701 3759 1771; x_wconf 86' lang='lat' dir='ltr'><strong>permi-</strong></span> 
     </span>
    </p>
   </div>
   <div class='ocr_carea' id='block_1_62' title="bbox 2314 1792 3761 1885">
    <p class='ocr_par' dir='ltr' id='par_1_62' title="bbox 2314 1792 3761 1885">
     <span class='ocr_line' id='line_1_63' title="bbox 2314 1792 3761 1885; baseline -0.019 -15"><span class='ocrx_word' id='word_1_420' title='bbox 2314 1814 2493 1885; x_wconf 89' lang='lat' dir='ltr'><strong>(Rom.</strong></span> <span class='ocrx_word' id='word_1_421' title='bbox 2541 1826 2661 1875; x_wconf 78' lang='lat' dir='ltr'><strong>xlv;</strong></span> <span class='ocrx_word' id='word_1_422' title='bbox 2696 1806 2725 1861; x_wconf 88' lang='grc' dir='ltr'><em>Ι</em></span> <span class='ocrx_word' id='word_1_423' title='bbox 2756 1806 2953 1861; x_wconf 85' lang='lat' dir='ltr'><strong>Corint.</strong></span> <span class='ocrx_word' id='word_1_424' title='bbox 2996 1816 3117 1866; x_wconf 85' lang='lat' dir='ltr'><strong>vm;</strong></span> <span class='ocrx_word' id='word_1_425' title='bbox 3157 1797 3321 1852; x_wconf 73' lang='lat' dir='ltr'><strong>Leuit.</strong></span> <span class='ocrx_word' id='word_1_426' title='bbox 3362 1792 3493 1865; x_wconf 67' lang='grc' dir='ltr'>χιιι)</span> <span class='ocrx_word' id='word_1_427' title='bbox 3523 1810 3537 1845; x_wconf 91' lang='lat'>:</span> <span class='ocrx_word' id='word_1_428' title='bbox 3568 1799 3761 1860; x_wconf 89' lang='lat' dir='ltr'><strong>quanto</strong></span> 
     </span>
    </p>
   </div>
   <div class='ocr_carea' id='block_1_63' title="bbox 2201 1882 3766 1978">
    <p class='ocr_par' dir='ltr' id='par_1_63' title="bbox 2201 1882 3766 1978">
     <span class='ocr_line' id='line_1_64' title="bbox 2201 1882 3766 1978; baseline -0.021 -12"><span class='ocrx_word' id='word_1_429' title='bbox 2201 1910 2368 1978; x_wconf 86' lang='lat' dir='ltr'><strong>magis</strong></span> <span class='ocrx_word' id='word_1_430' title='bbox 2388 1906 2518 1962; x_wconf 89' lang='lat' dir='ltr'><strong>doni</strong></span> <span class='ocrx_word' id='word_1_431' title='bbox 2539 1900 2772 1960; x_wconf 76' lang='lat' dir='ltr'><strong>caelestis</strong></span> <span class='ocrx_word' id='word_1_432' title='bbox 2798 1898 3196 1966; x_wconf 89' lang='lat' dir='ltr'><strong>dispensatores</strong></span> <span class='ocrx_word' id='word_1_433' title='bbox 3216 1903 3333 1944; x_wconf 90' lang='lat' dir='ltr'><strong>esse</strong></span> <span class='ocrx_word' id='word_1_434' title='bbox 3356 1902 3461 1940; x_wconf 91' lang='lat' dir='ltr'><strong>non</strong></span> <span class='ocrx_word' id='word_1_435' title='bbox 3485 1882 3732 1940; x_wconf 82' lang='lat' dir='ltr'><strong>convenit</strong></span> <span class='ocrx_word' id='word_1_436' title='bbox 3752 1922 3766 1949; x_wconf 86' lang='lat'><strong>,</strong></span> 
     </span>
    </p>
   </div>
   <div class='ocr_carea' id='block_1_64' title="bbox 2202 1980 3299 2070">
    <p class='ocr_par' dir='ltr' id='par_1_64' title="bbox 2202 1980 3299 2070">
     <span class='ocr_line' id='line_1_65' title="bbox 2202 1980 3299 2070; baseline -0.022 -13"><span class='ocrx_word' id='word_1_437' title='bbox 2202 1999 2345 2070; x_wconf 90' lang='lat' dir='ltr'><strong>quod</strong></span> <span class='ocrx_word' id='word_1_438' title='bbox 2374 2005 2459 2054; x_wconf 91' lang='lat' dir='ltr'><strong>est</strong></span> <span class='ocrx_word' id='word_1_439' title='bbox 2478 1992 2733 2055; x_wconf 88' lang='lat' dir='ltr'><strong>deterius,</strong></span> <span class='ocrx_word' id='word_1_440' title='bbox 2766 1996 2944 2042; x_wconf 87' lang='lat' dir='ltr'><strong>mente</strong></span> <span class='ocrx_word' id='word_1_441' title='bbox 2976 1980 3299 2054; x_wconf 84' lang='lat' dir='ltr'><strong>perculsos?</strong></span> 
     </span>
    </p>
   </div>
   <div class='ocr_carea' id='block_1_65' title="bbox 2207 2084 3769 2174">
    <p class='ocr_par' dir='ltr' id='par_1_65' title="bbox 2207 2084 3769 2174">
     <span class='ocr_line' id='line_1_66' title="bbox 2207 2084 3769 2174; baseline -0.019 -10"><span class='ocrx_word' id='word_1_442' title='bbox 2207 2108 2357 2174; x_wconf 83' lang='lat' dir='ltr'><strong>Quod</strong></span> <span class='ocrx_word' id='word_1_443' title='bbox 2383 2108 2434 2161; x_wconf 73' lang='lat' dir='ltr'><strong>lii</strong></span> <span class='ocrx_word' id='word_1_444' title='bbox 2463 2106 2624 2173; x_wconf 85' lang='lat' dir='ltr'><strong>quise</strong></span> <span class='ocrx_word' id='word_1_445' title='bbox 2648 2101 2810 2156; x_wconf 84' lang='lat' dir='ltr'><strong>sacris</strong></span> <span class='ocrx_word' id='word_1_446' title='bbox 2840 2093 3117 2174; x_wconf 72' lang='lat' dir='ltr'><strong>virginibus</strong></span> <span class='ocrx_word' id='word_1_447' title='bbox 3147 2092 3366 2154; x_wconf 82' lang='lat' dir='ltr'><strong>sociant,</strong></span> <span class='ocrx_word' id='word_1_448' title='bbox 3395 2096 3442 2140; x_wconf 86' lang='lat' dir='ltr'><strong>et</strong></span> <span class='ocrx_word' id='word_1_449' title='bbox 3472 2084 3664 2165; x_wconf 69' lang='lat' dir='ltr'><strong>foedera</strong></span> <span class='ocrx_word' id='word_1_450' title='bbox 3693 2085 3769 2165; x_wconf 43' lang='lat' dir='ltr'><strong>in:</strong></span> 
     </span>
    </p>
   </div>
   <div class='ocr_carea' id='block_1_66' title="bbox 2283 2154 3773 2234">
    <p class='ocr_par' dir='ltr' id='par_1_66' title="bbox 2283 2154 3773 2234">
     <span class='ocr_line' id='line_1_67' title="bbox 2283 2154 3773 2234; baseline -0.019 -2"><span class='ocrx_word' id='word_1_451' title='bbox 2283 2187 2423 2231; x_wconf 85' lang='lat' dir='ltr'><strong>cesta</strong></span> <span class='ocrx_word' id='word_1_452' title='bbox 2451 2154 2798 2234; x_wconf 38' lang='lat' dir='ltr'><strong>cwommiscent,</strong></span> <span class='ocrx_word' id='word_1_453' title='bbox 2841 2154 3218 2232; x_wconf 69' lang='lat' dir='ltr'><strong>communicare</strong></span> <span class='ocrx_word' id='word_1_454' title='bbox 3265 2178 3366 2234; x_wconf 79' lang='lat' dir='ltr'><strong>non</strong></span> <span class='ocrx_word' id='word_1_455' title='bbox 3418 2154 3647 2227; x_wconf 79' lang='lat' dir='ltr'><strong>passim,</strong></span> <span class='ocrx_word' id='word_1_456' title='bbox 3679 2154 3773 2205; x_wconf 79' lang='lat' dir='ltr'><strong>nisi</strong></span> 
     </span>
    </p>
   </div>
   <div class='ocr_carea' id='block_1_67' title="bbox 2282 2233 3361 2319">
    <p class='ocr_par' dir='ltr' id='par_1_67' title="bbox 2282 2233 3361 2319">
     <span class='ocr_line' id='line_1_68' title="bbox 2282 2233 3361 2319; baseline -0.019 -17"><span class='ocrx_word' id='word_1_457' title='bbox 2282 2251 2413 2319; x_wconf 75' lang='lat' dir='ltr'><strong>forte</strong></span> <span class='ocrx_word' id='word_1_458' title='bbox 2440 2245 2693 2317; x_wconf 81' lang='lat' dir='ltr'><strong>publicam</strong></span> <span class='ocrx_word' id='word_1_459' title='bbox 2720 2237 3068 2311; x_wconf 70' lang='lat' dir='ltr'><strong>paenitentiam</strong></span> <span class='ocrx_word' id='word_1_460' title='bbox 3090 2233 3361 2305; x_wconf 80' lang='lat' dir='ltr'><strong>gesserint.</strong></span> 
     </span>
    </p>
   </div>
   <div class='ocr_carea' id='block_1_68' title="bbox 2282 2319 3777 2404">
    <p class='ocr_par' dir='ltr' id='par_1_68' title="bbox 2282 2319 3777 2404">
     <span class='ocr_line' id='line_1_69' title="bbox 2282 2319 3777 2404; baseline -0.015 -10"><span class='ocrx_word' id='word_1_461' title='bbox 2282 2338 2399 2392; x_wconf 82' lang='lat' dir='ltr'><strong>XX.</strong></span> <span class='ocrx_word' id='word_1_462' title='bbox 2431 2334 2739 2404; x_wconf 82' lang='lat' dir='ltr'><strong>Virginibus</strong></span> <span class='ocrx_word' id='word_1_463' title='bbox 2766 2329 2936 2384; x_wconf 90' lang='lat' dir='ltr'><strong>sacris</strong></span> <span class='ocrx_word' id='word_1_464' title='bbox 2967 2334 3171 2382; x_wconf 88' lang='lat' dir='ltr'><strong>temere</strong></span> <span class='ocrx_word' id='word_1_465' title='bbox 3208 2338 3267 2378; x_wconf 90' lang='lat' dir='ltr'><strong>se</strong></span> <span class='ocrx_word' id='word_1_466' title='bbox 3296 2320 3554 2390; x_wconf 85' lang='lat' dir='ltr'><strong>quosdam</strong></span> <span class='ocrx_word' id='word_1_467' title='bbox 3577 2319 3777 2373; x_wconf 77' lang='lat' dir='ltr'><strong>sociare</strong></span> 
     </span>
    </p>
   </div>
   <div class='ocr_carea' id='block_1_69' title="bbox 2212 2407 3779 2496">
    <p class='ocr_par' dir='ltr' id='par_1_69' title="bbox 2212 2407 3779 2496">
     <span class='ocr_line' id='line_1_70' title="bbox 2212 2407 3779 2496; baseline -0.015 -13"><span class='ocrx_word' id='word_1_468' title='bbox 2212 2426 2585 2496; x_wconf 85' lang='lat' dir='ltr'><strong>cognovimus,</strong></span> <span class='ocrx_word' id='word_1_469' title='bbox 2614 2430 2669 2477; x_wconf 92' lang='lat' dir='ltr'><strong>et</strong></span> <span class='ocrx_word' id='word_1_470' title='bbox 2690 2427 2813 2491; x_wconf 91' lang='lat' dir='ltr'><strong>post</strong></span> <span class='ocrx_word' id='word_1_471' title='bbox 2832 2418 3067 2473; x_wconf 89' lang='lat' dir='ltr'><strong>dicatum</strong></span> <span class='ocrx_word' id='word_1_472' title='bbox 3097 2413 3207 2467; x_wconf 90' lang='lat' dir='ltr'><strong>Deo</strong></span> <span class='ocrx_word' id='word_1_473' title='bbox 3230 2410 3559 2481; x_wconf 85' lang='lat' dir='ltr'><strong>propositum</strong></span> <span class='ocrx_word' id='word_1_474' title='bbox 3584 2407 3779 2460; x_wconf 87' lang='lat' dir='ltr'><strong>incesta</strong></span> 
     </span>
    </p>
   </div>
   <div class='ocr_carea' id='block_1_70' title="bbox 2214 2498 3782 2581">
    <p class='ocr_par' dir='ltr' id='par_1_70' title="bbox 2214 2498 3782 2581">
     <span class='ocr_line' id='line_1_71' title="bbox 2214 2498 3782 2581; baseline -0.015 -11"><span class='ocrx_word' id='word_1_475' title='bbox 2214 2516 2415 2573; x_wconf 75' lang='lat' dir='ltr'><strong>fcedera</strong></span> <span class='ocrx_word' id='word_1_476' title='bbox 2441 2512 2806 2581; x_wconf 82' lang='lat' dir='ltr'><strong>sacrilegaque</strong></span> <span class='ocrx_word' id='word_1_477' title='bbox 2855 2506 3103 2571; x_wconf 87' lang='lat' dir='ltr'><strong>miscere,</strong></span> <span class='ocrx_word' id='word_1_478' title='bbox 3134 2516 3268 2571; x_wconf 85' lang='lat' dir='ltr'><strong>quos</strong></span> <span class='ocrx_word' id='word_1_479' title='bbox 3296 2498 3545 2570; x_wconf 84' lang='lat' dir='ltr'><strong>protinus</strong></span> <span class='ocrx_word' id='word_1_480' title='bbox 3575 2509 3782 2563; x_wconf 76' lang='lat' dir='ltr'><strong>:equum</strong></span> 
     </span>
    </p>
   </div>
   <div class='ocr_carea' id='block_1_71' title="bbox 2216 2582 3785 2663">
    <p class='ocr_par' dir='ltr' id='par_1_71' title="bbox 2216 2582 3785 2663">
     <span class='ocr_line' id='line_1_72' title="bbox 2216 2582 3785 2663; baseline -0.018 0"><span class='ocrx_word' id='word_1_481' title='bbox 2216 2617 2301 2663; x_wconf 84' lang='lat' dir='ltr'><strong>est</strong></span> <span class='ocrx_word' id='word_1_482' title='bbox 2328 2622 2358 2660; x_wconf 90' lang='lat' dir='ltr'><strong>a</strong></span> <span class='ocrx_word' id='word_1_483' title='bbox 2388 2620 2538 2661; x_wconf 87' lang='lat' dir='ltr'><strong>sacra</strong></span> <span class='ocrx_word' id='word_1_484' title='bbox 2581 2599 2961 2658; x_wconf 90' lang='lat' dir='ltr'><strong>communione</strong></span> <span class='ocrx_word' id='word_1_485' title='bbox 2990 2591 3222 2657; x_wconf 89' lang='lat' dir='ltr'><strong>detrudi,</strong></span> <span class='ocrx_word' id='word_1_486' title='bbox 3256 2597 3311 2643; x_wconf 89' lang='lat' dir='ltr'><strong>et</strong></span> <span class='ocrx_word' id='word_1_487' title='bbox 3358 2587 3463 2641; x_wconf 84' lang='lat' dir='ltr'><strong>&#39;nisi</strong></span> <span class='ocrx_word' id='word_1_488' title='bbox 3490 2600 3587 2655; x_wconf 86' lang='lat' dir='ltr'><strong>per</strong></span> <span class='ocrx_word' id='word_1_489' title='bbox 3615 2582 3785 2653; x_wconf 84' lang='lat' dir='ltr'><strong>publi-</strong></span> 
     </span>
    </p>
   </div>
   <div class='ocr_carea' id='block_1_72' title="bbox 2217 2671 3788 2767">
    <p class='ocr_par' dir='ltr' id='par_1_72' title="bbox 2217 2671 3788 2767">
     <span class='ocr_line' id='line_1_73' title="bbox 2217 2671 3788 2767; baseline -0.019 -13"><span class='ocrx_word' id='word_1_490' title='bbox 2217 2714 2334 2755; x_wconf 90' lang='lat' dir='ltr'><strong>cam</strong></span> <span class='ocrx_word' id='word_1_491' title='bbox 2376 2697 2765 2767; x_wconf 88' lang='lat' dir='ltr'><strong>probatamque</strong></span> <span class='ocrx_word' id='word_1_492' title='bbox 2808 2685 3178 2759; x_wconf 81' lang='lat' dir='ltr'><strong>paenitentiam</strong></span> <span class='ocrx_word' id='word_1_493' title='bbox 3207 2679 3425 2734; x_wconf 91' lang='lat' dir='ltr'><strong>omnino</strong></span> <span class='ocrx_word' id='word_1_494' title='bbox 3464 2690 3569 2730; x_wconf 92' lang='lat' dir='ltr'><strong>non</strong></span> <span class='ocrx_word' id='word_1_495' title='bbox 3600 2671 3788 2741; x_wconf 86' lang='lat' dir='ltr'><strong>recipi,</strong></span> 
     </span>
    </p>
   </div>
   <div class='ocr_carea' id='block_1_73' title="bbox 2219 2762 3800 2843">
    <p class='ocr_par' dir='ltr' id='par_1_73' title="bbox 2219 2762 3800 2843">
     <span class='ocr_line' id='line_1_74' title="bbox 2219 2762 3800 2843; baseline -0.019 0"><span class='ocrx_word' id='word_1_496' title='bbox 2219 2797 2312 2843; x_wconf 86' lang='lat' dir='ltr'><strong>aut</strong></span> <span class='ocrx_word' id='word_1_497' title='bbox 2332 2786 2415 2840; x_wconf 91' lang='lat' dir='ltr'><strong>his</strong></span> <span class='ocrx_word' id='word_1_498' title='bbox 2436 2791 2585 2839; x_wconf 88' lang='lat' dir='ltr'><strong>certe</strong></span> <span class='ocrx_word' id='word_1_499' title='bbox 2605 2780 2861 2835; x_wconf 84' lang='lat' dir='ltr'><strong>viaticum</strong></span> <span class='ocrx_word' id='word_1_500' title='bbox 2891 2775 2958 2829; x_wconf 91' lang='lat' dir='ltr'><strong>de</strong></span> <span class='ocrx_word' id='word_1_501' title='bbox 2986 2772 3182 2828; x_wconf 66' lang='lat' dir='ltr'><strong>saeculo</strong></span> <span class='ocrx_word' id='word_1_502' title='bbox 3204 2764 3623 2830; x_wconf 86' lang='lat' dir='ltr'><strong>transeuntibus,</strong></span> <span class='ocrx_word' id='word_1_503' title='bbox 3653 2762 3699 2816; x_wconf 89' lang='lat' dir='ltr'><strong>si</strong></span> <span class='ocrx_word' id='word_1_504' title='bbox 3720 2773 3800 2816; x_wconf 87' lang='lat' dir='ltr'><strong>ta--</strong></span> 
     </span>
    </p>
   </div>
   <div class='ocr_carea' id='block_1_74' title="bbox 2220 2869 3146 2946">
    <p class='ocr_par' dir='ltr' id='par_1_74' title="bbox 2220 2869 3146 2946">
     <span class='ocr_line' id='line_1_75' title="bbox 2220 2869 3146 2946; baseline -0.019 -14"><span class='ocrx_word' id='word_1_505' title='bbox 2220 2892 2343 2931; x_wconf 73' lang='lat' dir='ltr'><strong>men</strong></span> <span class='ocrx_word' id='word_1_506' title='bbox 2372 2870 2738 2946; x_wconf 71' lang='lat' dir='ltr'><strong>pmnituerint,</strong></span> <span class='ocrx_word' id='word_1_507' title='bbox 2772 2882 2879 2922; x_wconf 91' lang='lat' dir='ltr'><strong>non</strong></span> <span class='ocrx_word' id='word_1_508' title='bbox 2903 2869 3146 2932; x_wconf 80' lang='lat' dir='ltr'><strong>negetur.</strong></span> 
     </span>
    </p>
   </div>
   <div class='ocr_carea' id='block_1_75' title="bbox 2227 2961 3805 3052">
    <p class='ocr_par' dir='ltr' id='par_1_75' title="bbox 2227 2961 3805 3052">
     <span class='ocr_line' id='line_1_76' title="bbox 2227 2961 3805 3052; baseline -0.016 -13"><span class='ocrx_word' id='word_1_509' title='bbox 2227 2986 2378 3052; x_wconf 84' lang='lat' dir='ltr'><strong>Quod</strong></span> <span class='ocrx_word' id='word_1_510' title='bbox 2405 2984 2595 3046; x_wconf 70' lang='lat' dir='ltr'><strong>viduae,</strong></span> <span class='ocrx_word' id='word_1_511' title='bbox 2628 2988 2684 3034; x_wconf 92' lang='lat' dir='ltr'><strong>ut</strong></span> <span class='ocrx_word' id='word_1_512' title='bbox 2730 2994 2889 3052; x_wconf 75' lang='lat' dir='ltr'><strong>supra</strong></span> <span class='ocrx_word' id='word_1_513' title='bbox 2917 2975 3109 3028; x_wconf 84' lang='lat' dir='ltr'><strong>dictum</strong></span> <span class='ocrx_word' id='word_1_514' title='bbox 3149 2976 3243 3050; x_wconf 71' lang='lat' dir='ltr'><strong>est,</strong></span> <span class='ocrx_word' id='word_1_515' title='bbox 3273 2983 3375 3022; x_wconf 87' lang='lat' dir='ltr'><strong>non</strong></span> <span class='ocrx_word' id='word_1_516' title='bbox 3401 2965 3648 3052; x_wconf 62' lang='lat' dir='ltr'><strong>velentur,</strong></span> <span class='ocrx_word' id='word_1_517' title='bbox 3680 2970 3729 3015; x_wconf 81' lang='lat' dir='ltr'><strong>et</strong></span> <span class='ocrx_word' id='word_1_518' title='bbox 3756 2961 3805 3015; x_wconf 90' lang='lat' dir='ltr'><strong>si</strong></span> 
     </span>
    </p>
   </div>
   <div class='ocr_carea' id='block_1_76' title="bbox 2294 3035 3797 3126">
    <p class='ocr_par' dir='ltr' id='par_1_76' title="bbox 2294 3035 3797 3126">
     <span class='ocr_line' id='line_1_77' title="bbox 2294 3035 3797 3126; baseline -0.017 -17"><span class='ocrx_word' id='word_1_519' title='bbox 2294 3035 2975 3126; x_wconf 42' lang='lat' dir='ltr'><strong>professum,continentiam</strong></span> <span class='ocrx_word' id='word_1_520' title='bbox 3022 3039 3281 3126; x_wconf 58' lang='lat' dir='ltr'><strong>proposito</strong></span> <span class='ocrx_word' id='word_1_521' title='bbox 3321 3045 3514 3116; x_wconf 66' lang='lat' dir='ltr'><strong>mutato</strong></span> <span class='ocrx_word' id='word_1_522' title='bbox 3566 3035 3797 3113; x_wconf 73' lang='lat' dir='ltr'><strong>calcave-</strong></span> 
     </span>
    </p>
   </div>
   <div class='ocr_carea' id='block_1_77' title="bbox 2297 3104 3799 3192">
    <p class='ocr_par' dir='ltr' id='par_1_77' title="bbox 2297 3104 3799 3192">
     <span class='ocr_line' id='line_1_78' title="bbox 2297 3104 3799 3192; baseline -0.017 -14"><span class='ocrx_word' id='word_1_523' title='bbox 2297 3104 2421 3187; x_wconf 54' lang='grc' dir='ltr'><strong>ῗὶηί,</strong></span> <span class='ocrx_word' id='word_1_524' title='bbox 2453 3104 2579 3192; x_wconf 74' lang='lat' dir='ltr'><strong>ipsa:</strong></span> <span class='ocrx_word' id='word_1_525' title='bbox 2612 3104 2704 3191; x_wconf 86' lang='lat' dir='ltr'><strong>pro</strong></span> <span class='ocrx_word' id='word_1_526' title='bbox 2732 3135 2787 3173; x_wconf 78' lang='lat' dir='ltr'><strong>se</strong></span> <span class='ocrx_word' id='word_1_527' title='bbox 2828 3104 3086 3170; x_wconf 70' lang='lat' dir='ltr'><strong>rationem</strong></span> <span class='ocrx_word' id='word_1_528' title='bbox 3117 3104 3237 3164; x_wconf 58' lang='lat' dir='ltr'><strong>&#39;Dca</strong></span> <span class='ocrx_word' id='word_1_529' title='bbox 3267 3125 3358 3180; x_wconf 84' lang='lat' dir='ltr'><strong>pro</strong></span> <span class='ocrx_word' id='word_1_530' title='bbox 3402 3107 3506 3159; x_wconf 81' lang='lat' dir='ltr'><strong>suis</strong></span> <span class='ocrx_word' id='word_1_531' title='bbox 3537 3105 3643 3158; x_wconf 81' lang='lat' dir='ltr'><strong>sint</strong></span> <span class='ocrx_word' id='word_1_532' title='bbox 3669 3104 3799 3154; x_wconf 80' lang='lat' dir='ltr'><strong>acti-</strong></span> 
     </span>
    </p>
   </div>
   <div class='ocr_carea' id='block_1_78' title="bbox 2296 3194 2712 3249">
    <p class='ocr_par' dir='ltr' id='par_1_78' title="bbox 2296 3194 2712 3249">
     <span class='ocr_line' id='line_1_79' title="bbox 2296 3194 2712 3249; baseline -0.012 0"><span class='ocrx_word' id='word_1_533' title='bbox 2296 3195 2390 3249; x_wconf 85' lang='lat' dir='ltr'><strong>bus</strong></span> <span class='ocrx_word' id='word_1_534' title='bbox 2414 3194 2712 3248; x_wconf 73' lang='lat' dir='ltr'><strong>redditum.</strong></span> 
     </span>
    </p>
   </div>
   <div class='ocr_carea' id='block_1_79' title="bbox 2298 3263 3803 3342">
    <p class='ocr_par' dir='ltr' id='par_1_79' title="bbox 2298 3263 3803 3342">
     <span class='ocr_line' id='line_1_80' title="bbox 2298 3263 3803 3342; baseline -0.018 -2"><span class='ocrx_word' id='word_1_535' title='bbox 2298 3284 2442 3342; x_wconf 91' lang='lat' dir='ltr'><strong>XXI.</strong></span> <span class='ocrx_word' id='word_1_536' title='bbox 2464 3274 2595 3337; x_wconf 84' lang='lat' dir='ltr'><strong>Nam</strong></span> <span class='ocrx_word' id='word_1_537' title='bbox 2629 3280 2698 3334; x_wconf 90' lang='lat' dir='ltr'><strong>de</strong></span> <span class='ocrx_word' id='word_1_538' title='bbox 2723 3277 2898 3333; x_wconf 88' lang='lat' dir='ltr'><strong>viduis</strong></span> <span class='ocrx_word' id='word_1_539' title='bbox 2926 3273 3025 3331; x_wconf 89' lang='lat' dir='ltr'><strong>sub</strong></span> <span class='ocrx_word' id='word_1_540' title='bbox 3053 3271 3196 3327; x_wconf 89' lang='lat' dir='ltr'><strong>nulla</strong></span> <span class='ocrx_word' id='word_1_541' title='bbox 3219 3265 3593 3325; x_wconf 85' lang='lat' dir='ltr'><strong>benedictione</strong></span> <span class='ocrx_word' id='word_1_542' title='bbox 3616 3263 3803 3317; x_wconf 84' lang='lat' dir='ltr'><strong>velan-</strong></span> 
     </span>
    </p>
   </div>
   <div class='ocr_carea' id='block_1_80' title="bbox 2227 3356 3805 3447">
    <p class='ocr_par' dir='ltr' id='par_1_80' title="bbox 2227 3356 3805 3447">
     <span class='ocr_line' id='line_1_81' title="bbox 2227 3356 3805 3447; baseline -0.018 -13"><span class='ocrx_word' id='word_1_543' title='bbox 2227 3378 2330 3444; x_wconf 87' lang='lat' dir='ltr'><strong>dis,</strong></span> <span class='ocrx_word' id='word_1_544' title='bbox 2360 3376 2606 3447; x_wconf 87' lang='lat' dir='ltr'><strong>superius</strong></span> <span class='ocrx_word' id='word_1_545' title='bbox 2631 3368 2738 3426; x_wconf 89' lang='lat' dir='ltr'><strong>late</strong></span> <span class='ocrx_word' id='word_1_546' title='bbox 2761 3369 3013 3424; x_wconf 90' lang='lat' dir='ltr'><strong>duximus</strong></span> <span class='ocrx_word' id='word_1_547' title='bbox 3036 3360 3429 3425; x_wconf 85' lang='lat' dir='ltr'><strong>disserendum,</strong></span> <span class='ocrx_word' id='word_1_548' title='bbox 3453 3370 3572 3427; x_wconf 77' lang='lat' dir='ltr'><strong>qua:</strong></span> <span class='ocrx_word' id='word_1_549' title='bbox 3608 3356 3656 3409; x_wconf 90' lang='lat' dir='ltr'><strong>si</strong></span> <span class='ocrx_word' id='word_1_550' title='bbox 3678 3370 3805 3423; x_wconf 82' lang='lat' dir='ltr'><strong>pro-</strong></span> 
     </span>
    </p>
   </div>
   <div class='ocr_carea' id='block_1_81' title="bbox 2232 3446 3810 3541">
    <p class='ocr_par' dir='ltr' id='par_1_81' title="bbox 2232 3446 3810 3541">
     <span class='ocr_line' id='line_1_82' title="bbox 2232 3446 3810 3541; baseline -0.016 -16"><span class='ocrx_word' id='word_1_551' title='bbox 2232 3470 2345 3541; x_wconf 90' lang='lat' dir='ltr'><strong>pria</strong></span> <span class='ocrx_word' id='word_1_552' title='bbox 2369 3446 2647 3523; x_wconf 84' lang='lat' dir='ltr'><strong>voluntate</strong></span> <span class='ocrx_word' id='word_1_553' title='bbox 2668 3459 2964 3531; x_wconf 86' lang='lat' dir='ltr'><strong>professam</strong></span> <span class='ocrx_word' id='word_1_554' title='bbox 2997 3454 3208 3526; x_wconf 90' lang='lat' dir='ltr'><strong>pristini</strong></span> <span class='ocrx_word' id='word_1_555' title='bbox 3238 3448 3470 3520; x_wconf 86' lang='lat' dir='ltr'><strong>conjugii</strong></span> <span class='ocrx_word' id='word_1_556' title='bbox 3499 3446 3810 3501; x_wconf 85' lang='lat' dir='ltr'><strong>castitatem</strong></span> 
     </span>
    </p>
   </div>
   <div class='ocr_carea' id='block_1_82' title="bbox 2234 3537 3813 3614">
    <p class='ocr_par' dir='ltr' id='par_1_82' title="bbox 2234 3537 3813 3614">
     <span class='ocr_line' id='line_1_83' title="bbox 2234 3537 3813 3614; baseline -0.016 0"><span class='ocrx_word' id='word_1_557' title='bbox 2234 3557 2479 3614; x_wconf 88' lang='lat' dir='ltr'><strong>mutabili</strong></span> <span class='ocrx_word' id='word_1_558' title='bbox 2507 3560 2688 3608; x_wconf 88' lang='lat' dir='ltr'><strong>mente</strong></span> <span class='ocrx_word' id='word_1_559' title='bbox 2715 3546 3059 3609; x_wconf 88' lang='lat' dir='ltr'><strong>calcaverint,</strong></span> <span class='ocrx_word' id='word_1_560' title='bbox 3076 3542 3297 3613; x_wconf 90' lang='lat' dir='ltr'><strong>periculi</strong></span> <span class='ocrx_word' id='word_1_561' title='bbox 3327 3556 3511 3596; x_wconf 90' lang='lat' dir='ltr'><strong>earum</strong></span> <span class='ocrx_word' id='word_1_562' title='bbox 3538 3537 3813 3603; x_wconf 80' lang='lat' dir='ltr'><strong>intererit,</strong></span> 
     </span>
    </p>
   </div>
   <div class='ocr_carea' id='block_1_83' title="bbox 2235 3628 3816 3722">
    <p class='ocr_par' dir='ltr' id='par_1_83' title="bbox 2235 3628 3816 3722">
     <span class='ocr_line' id='line_1_84' title="bbox 2235 3628 3816 3722; baseline -0.017 -16"><span class='ocrx_word' id='word_1_563' title='bbox 2235 3650 2379 3722; x_wconf 89' lang='lat' dir='ltr'><strong>quali</strong></span> <span class='ocrx_word' id='word_1_564' title='bbox 2403 3648 2570 3702; x_wconf 89' lang='lat' dir='ltr'><strong>Deum</strong></span> <span class='ocrx_word' id='word_1_565' title='bbox 2584 3643 2817 3699; x_wconf 88' lang='lat' dir='ltr'><strong>debeant</strong></span> <span class='ocrx_word' id='word_1_566' title='bbox 2837 3637 3201 3693; x_wconf 82' lang='lat' dir='ltr'><strong>satisfactione</strong></span> <span class='ocrx_word' id='word_1_567' title='bbox 3221 3633 3454 3703; x_wconf 88' lang='lat' dir='ltr'><strong>placare.</strong></span> <span class='ocrx_word' id='word_1_568' title='bbox 3470 3628 3626 3684; x_wconf 89' lang='lat' dir='ltr'><strong>Sicut</strong></span> <span class='ocrx_word' id='word_1_569' title='bbox 3647 3629 3816 3690; x_wconf 90' lang='lat' dir='ltr'><strong>enim,</strong></span> 
     </span>
    </p>
   </div>
   <div class='ocr_carea' id='block_1_84' title="bbox 2238 3716 3818 3797">
    <p class='ocr_par' dir='ltr' id='par_1_84' title="bbox 2238 3716 3818 3797">
     <span class='ocr_line' id='line_1_85' title="bbox 2238 3716 3818 3797; baseline -0.019 0"><span class='ocrx_word' id='word_1_570' title='bbox 2238 3742 2284 3797; x_wconf 86' lang='lat' dir='ltr'><strong>si</strong></span> <span class='ocrx_word' id='word_1_571' title='bbox 2330 3755 2389 3795; x_wconf 86' lang='lat' dir='ltr'><strong>se</strong></span> <span class='ocrx_word' id='word_1_572' title='bbox 2438 3736 2660 3791; x_wconf 85' lang='lat' dir='ltr'><strong>forsitan</strong></span> <span class='ocrx_word' id='word_1_573' title='bbox 2712 3729 2990 3786; x_wconf 88' lang='lat' dir='ltr'><strong>continere</strong></span> <span class='ocrx_word' id='word_1_574' title='bbox 3038 3739 3148 3779; x_wconf 88' lang='lat' dir='ltr'><strong>non</strong></span> <span class='ocrx_word' id='word_1_575' title='bbox 3194 3728 3485 3793; x_wconf 82' lang='lat' dir='ltr'><strong>poterant,</strong></span> <span class='ocrx_word' id='word_1_576' title='bbox 3517 3716 3818 3773; x_wconf 87' lang='lat' dir='ltr'><strong>secundum</strong></span> 
     </span>
    </p>
   </div>
   <div class='ocr_carea' id='block_1_85' title="bbox 2241 3807 3821 3902">
    <p class='ocr_par' dir='ltr' id='par_1_85' title="bbox 2241 3807 3821 3902">
     <span class='ocr_line' id='line_1_86' title="bbox 2241 3807 3821 3902; baseline -0.019 -15"><span class='ocrx_word' id='word_1_577' title='bbox 2241 3828 2561 3902; x_wconf 76' lang='lat' dir='ltr'><strong>Apestolum</strong></span> <span class='ocrx_word' id='word_1_578' title='bbox 2589 3822 2641 3895; x_wconf 86' lang='grc' dir='ltr'><strong>(Ι</strong></span> <span class='ocrx_word' id='word_1_579' title='bbox 2673 3820 2860 3875; x_wconf 88' lang='lat' dir='ltr'><strong>Timot.</strong></span> <span class='ocrx_word' id='word_1_580' title='bbox 2895 3818 2950 3887; x_wconf 88' lang='lat' dir='ltr'><strong>v)</strong></span> <span class='ocrx_word' id='word_1_581' title='bbox 2981 3815 3285 3870; x_wconf 87' lang='lat' dir='ltr'><strong>nullatenus</strong></span> <span class='ocrx_word' id='word_1_582' title='bbox 3312 3810 3515 3865; x_wconf 90' lang='lat' dir='ltr'><strong>nubere</strong></span> <span class='ocrx_word' id='word_1_583' title='bbox 3553 3807 3821 3862; x_wconf 67' lang='lat' dir='ltr'><strong>vetaban~</strong></span> 
     </span>
    </p>
   </div>
   <div class='ocr_carea' id='block_1_86' title="bbox 2244 3896 3826 3979">
    <p class='ocr_par' dir='ltr' id='par_1_86' title="bbox 2244 3896 3826 3979">
     <span class='ocr_line' id='line_1_87' title="bbox 2244 3896 3826 3979; baseline -0.019 0"><span class='ocrx_word' id='word_1_584' title='bbox 2244 3933 2329 3979; x_wconf 81' lang='lat' dir='ltr'><strong>tur</strong></span> <span class='ocrx_word' id='word_1_585' title='bbox 2355 3940 2367 3975; x_wconf 93' lang='lat'>:</span> <span class='ocrx_word' id='word_1_586' title='bbox 2398 3922 2475 3975; x_wconf 89' lang='lat' dir='ltr'><strong>sic</strong></span> <span class='ocrx_word' id='word_1_587' title='bbox 2497 3916 2677 3971; x_wconf 88' lang='lat' dir='ltr'><strong>habita</strong></span> <span class='ocrx_word' id='word_1_588' title='bbox 2707 3927 2887 3968; x_wconf 86' lang='lat' dir='ltr'><strong>secum</strong></span> <span class='ocrx_word' id='word_1_589' title='bbox 2917 3906 3303 3964; x_wconf 88' lang='lat' dir='ltr'><strong>deliberatione</strong></span> <span class='ocrx_word' id='word_1_590' title='bbox 3344 3900 3668 3972; x_wconf 86' lang='lat' dir='ltr'><strong>promissam</strong></span> <span class='ocrx_word' id='word_1_591' title='bbox 3714 3896 3826 3950; x_wconf 88' lang='lat' dir='ltr'><strong>Deo</strong></span> 
     </span>
    </p>
   </div>
   <div class='ocr_carea' id='block_1_87' title="bbox 2246 3989 3831 4087">
    <p class='ocr_par' dir='ltr' id='par_1_87' title="bbox 2246 3989 3831 4087">
     <span class='ocr_line' id='line_1_88' title="bbox 2246 3989 3831 4087; baseline -0.019 -17"><span class='ocrx_word' id='word_1_592' title='bbox 2246 4012 2516 4087; x_wconf 79' lang='lat' dir='ltr'><strong>pudicitiae</strong></span> <span class='ocrx_word' id='word_1_593' title='bbox 2537 4008 2694 4063; x_wconf 85' lang='lat' dir='ltr'><strong>fidem</strong></span> <span class='ocrx_word' id='word_1_594' title='bbox 2715 4005 3013 4060; x_wconf 89' lang='lat' dir='ltr'><strong>debuerunt</strong></span> <span class='ocrx_word' id='word_1_595' title='bbox 3032 3996 3317 4053; x_wconf 88' lang='lat' dir='ltr'><strong>custodire.</strong></span> <span class='ocrx_word' id='word_1_596' title='bbox 3344 3993 3452 4048; x_wconf 87' lang='lat' dir='ltr'><strong>Nos</strong></span> <span class='ocrx_word' id='word_1_597' title='bbox 3481 4000 3667 4045; x_wconf 88' lang='lat' dir='ltr'><strong>autem</strong></span> <span class='ocrx_word' id='word_1_598' title='bbox 3712 3989 3831 4042; x_wconf 79' lang='lat' dir='ltr'><strong>nul-</strong></span> 
     </span>
    </p>
   </div>
   <div class='ocr_carea' id='block_1_88' title="bbox 2248 4078 3835 4167">
    <p class='ocr_par' dir='ltr' id='par_1_88' title="bbox 2248 4078 3835 4167">
     <span class='ocr_line' id='line_1_89' title="bbox 2248 4078 3835 4167; baseline -0.02 -5"><span class='ocrx_word' id='word_1_599' title='bbox 2248 4078 2357 4163; x_wconf 78' lang='lat' dir='ltr'><strong>lum</strong></span> <span class='ocrx_word' id='word_1_600' title='bbox 2383 4103 2576 4159; x_wconf 89' lang='lat' dir='ltr'><strong>talibus</strong></span> <span class='ocrx_word' id='word_1_601' title='bbox 2598 4100 2846 4167; x_wconf 87' lang='lat' dir='ltr'><strong>laqueum</strong></span> <span class='ocrx_word' id='word_1_602' title='bbox 2875 4092 3132 4147; x_wconf 89' lang='lat' dir='ltr'><strong>debemus</strong></span> <span class='ocrx_word' id='word_1_603' title='bbox 3156 4086 3393 4156; x_wconf 86' lang='lat' dir='ltr'><strong>injicere,</strong></span> <span class='ocrx_word' id='word_1_604' title='bbox 3419 4082 3514 4138; x_wconf 90' lang='lat' dir='ltr'><strong>sed</strong></span> <span class='ocrx_word' id='word_1_605' title='bbox 3551 4080 3705 4135; x_wconf 89' lang='lat' dir='ltr'><strong>solas</strong></span> <span class='ocrx_word' id='word_1_606' title='bbox 3735 4078 3835 4132; x_wconf 84' lang='lat' dir='ltr'><strong>ad-</strong></span> 
     </span>
    </p>
   </div>
   <div class='ocr_carea' id='block_1_89' title="bbox 2249 4180 3839 4259">
    <p class='ocr_par' dir='ltr' id='par_1_89' title="bbox 2249 4180 3839 4259">
     <span class='ocr_line' id='line_1_90' title="bbox 2249 4180 3839 4259; baseline -0.021 -6"><span class='ocrx_word' id='word_1_607' title='bbox 2249 4195 2591 4253; x_wconf 87' lang='lat' dir='ltr'><strong>hortationes</strong></span> <span class='ocrx_word' id='word_1_608' title='bbox 2617 4186 2821 4259; x_wconf 69' lang='lat' dir='ltr'><strong>prazmii</strong></span> <span class='ocrx_word' id='word_1_609' title='bbox 2843 4180 3174 4252; x_wconf 82' lang='lat' dir='ltr'><strong>sempiterni,</strong></span> <span class='ocrx_word' id='word_1_610' title='bbox 3200 4188 3495 4247; x_wconf 65' lang='lat' dir='ltr'><strong>pinnasque</strong></span> <span class='ocrx_word' id='word_1_611' title='bbox 3517 4182 3839 4242; x_wconf 78' lang='lat' dir='ltr'><strong>pmponere</strong></span> 
     </span>
    </p>
   </div>
   <div class='ocr_carea' id='block_1_90' title="bbox 2252 4262 3842 4353">
    <p class='ocr_par' dir='ltr' id='par_1_90' title="bbox 2252 4262 3842 4353">
     <span class='ocr_line' id='line_1_91' title="bbox 2252 4262 3842 4353; baseline -0.019 -10"><span class='ocrx_word' id='word_1_612' title='bbox 2252 4286 2415 4343; x_wconf 90' lang='lat' dir='ltr'><strong>divini</strong></span> <span class='ocrx_word' id='word_1_613' title='bbox 2441 4280 2666 4353; x_wconf 78' lang='lat' dir='ltr'><strong>judicii:</strong></span> <span class='ocrx_word' id='word_1_614' title='bbox 2699 4285 2759 4332; x_wconf 91' lang='lat' dir='ltr'><strong>ut</strong></span> <span class='ocrx_word' id='word_1_615' title='bbox 2782 4282 2962 4330; x_wconf 87' lang='lat' dir='ltr'><strong>nostra</strong></span> <span class='ocrx_word' id='word_1_616' title='bbox 3001 4272 3072 4326; x_wconf 89' lang='lat' dir='ltr'><strong>sit</strong></span> <span class='ocrx_word' id='word_1_617' title='bbox 3097 4268 3338 4324; x_wconf 88' lang='lat' dir='ltr'><strong>absoluta</strong></span> <span class='ocrx_word' id='word_1_618' title='bbox 3382 4262 3752 4325; x_wconf 82' lang='lat' dir='ltr'><strong>conscientia,</strong></span> <span class='ocrx_word' id='word_1_619' title='bbox 3786 4268 3842 4314; x_wconf 88' lang='lat' dir='ltr'><strong>et</strong></span> 
     </span>
    </p>
   </div>
   <div class='ocr_carea' id='block_1_91' title="bbox 2256 4355 3844 4445">
    <p class='ocr_par' dir='ltr' id='par_1_91' title="bbox 2256 4355 3844 4445">
     <span class='ocr_line' id='line_1_92' title="bbox 2256 4355 3844 4445; baseline -0.017 -11"><span class='ocrx_word' id='word_1_620' title='bbox 2256 4378 2466 4435; x_wconf 88' lang='lat' dir='ltr'><strong>illarum</strong></span> <span class='ocrx_word' id='word_1_621' title='bbox 2490 4389 2587 4445; x_wconf 90' lang='lat' dir='ltr'><strong>pro</strong></span> <span class='ocrx_word' id='word_1_622' title='bbox 2616 4386 2675 4426; x_wconf 91' lang='lat' dir='ltr'><strong>se</strong></span> <span class='ocrx_word' id='word_1_623' title='bbox 2697 4369 2958 4424; x_wconf 88' lang='lat' dir='ltr'><strong>rationem</strong></span> <span class='ocrx_word' id='word_1_624' title='bbox 2993 4364 3106 4419; x_wconf 91' lang='lat' dir='ltr'><strong>Deo</strong></span> <span class='ocrx_word' id='word_1_625' title='bbox 3134 4361 3322 4417; x_wconf 88' lang='lat' dir='ltr'><strong>reddat</strong></span> <span class='ocrx_word' id='word_1_626' title='bbox 3352 4357 3601 4413; x_wconf 88' lang='lat' dir='ltr'><strong>intentio.</strong></span> <span class='ocrx_word' id='word_1_627' title='bbox 3628 4355 3844 4410; x_wconf 80' lang='lat' dir='ltr'><strong>Caven—</strong></span> 
     </span>
    </p>
   </div>
   <div class='ocr_carea' id='block_1_92' title="bbox 2262 4446 3849 4533">
    <p class='ocr_par' dir='ltr' id='par_1_92' title="bbox 2262 4446 3849 4533">
     <span class='ocr_line' id='line_1_93' title="bbox 2262 4446 3849 4533; baseline -0.016 -9"><span class='ocrx_word' id='word_1_628' title='bbox 2262 4468 2389 4525; x_wconf 89' lang='lat' dir='ltr'><strong>dum</strong></span> <span class='ocrx_word' id='word_1_629' title='bbox 2414 4472 2498 4520; x_wconf 88' lang='lat' dir='ltr'><strong>est</strong></span> <span class='ocrx_word' id='word_1_630' title='bbox 2543 4462 2761 4533; x_wconf 89' lang='lat' dir='ltr'><strong>quippe,</strong></span> <span class='ocrx_word' id='word_1_631' title='bbox 2791 4472 2907 4527; x_wconf 64' lang='lat' dir='ltr'><strong>quae</strong></span> <span class='ocrx_word' id='word_1_632' title='bbox 2949 4454 3016 4510; x_wconf 88' lang='lat' dir='ltr'><strong>de</strong></span> <span class='ocrx_word' id='word_1_633' title='bbox 3043 4467 3229 4508; x_wconf 87' lang='lat' dir='ltr'><strong>earum</strong></span> <span class='ocrx_word' id='word_1_634' title='bbox 3258 4447 3493 4503; x_wconf 89' lang='lat' dir='ltr'><strong>moribus</strong></span> <span class='ocrx_word' id='word_1_635' title='bbox 3518 4446 3849 4511; x_wconf 84' lang='lat' dir='ltr'><strong>actibusque</strong></span> 
     </span>
    </p>
   </div>
   <div class='ocr_carea' id='block_1_93' title="bbox 579 4537 3851 4637">
    <p class='ocr_par' dir='ltr' id='par_1_93' title="bbox 579 4537 3851 4637">
     <span class='ocr_line' id='line_1_94' title="bbox 579 4537 3851 4637; baseline -0.015 0"><span class='ocrx_word' id='word_1_636' title='bbox 579 4568 727 4637; x_wconf 74' lang='grc' dir='ltr'>Ωιιοά</span> <span class='ocrx_word' id='word_1_637' title='bbox 757 4569 825 4622; x_wconf 69' lang='lat' dir='ltr'><strong>ad</strong></span> <span class='ocrx_word' id='word_1_638' title='bbox 851 4556 1041 4637; x_wconf 70' lang='grc' dir='ltr'><strong>ειενωη</strong></span> <span class='ocrx_word' id='word_1_639' title='bbox 1088 4564 1360 4637; x_wconf 17' lang='grc' dir='ltr'><strong>ονίηιὶζιοδγὶ,</strong></span> <span class='ocrx_word' id='word_1_640' title='bbox 1381 4569 1633 4637; x_wconf 59' lang='lat' dir='ltr'><strong>&quot;ante&quot;!!!</strong></span> <span class='ocrx_word' id='word_1_641' title='bbox 1672 4557 1995 4637; x_wconf 59' lang='grc' dir='ltr'><strong>ρῖοηιοιζενὶε</strong></span> <span class='ocrx_word' id='word_1_642' title='bbox 2024 4564 2073 4637; x_wconf 68' lang='grc' dir='ltr'><strong>εξ</strong></span> <span class='ocrx_word' id='word_1_643' title='bbox 2099 4556 2154 4637; x_wconf 60' lang='lat' dir='ltr'><strong>{tt</strong></span> <span class='ocrx_word' id='word_1_644' title='bbox 2185 4554 2234 4614; x_wconf 87' lang='lat' dir='ltr'><strong>D</strong></span> <span class='ocrx_word' id='word_1_645' title='bbox 2258 4560 2449 4615; x_wconf 87' lang='lat' dir='ltr'><strong>beatus</strong></span> <span class='ocrx_word' id='word_1_646' title='bbox 2477 4555 2674 4610; x_wconf 86' lang='lat' dir='ltr'><strong>Paulus</strong></span> <span class='ocrx_word' id='word_1_647' title='bbox 2695 4560 2922 4608; x_wconf 88' lang='lat' dir='ltr'><strong>testatur</strong></span> <span class='ocrx_word' id='word_1_648' title='bbox 2945 4545 3219 4618; x_wconf 90' lang='lat' dir='ltr'><strong>apostolus</strong></span> <span class='ocrx_word' id='word_1_649' title='bbox 3242 4540 3509 4613; x_wconf 83' lang='lat' dir='ltr'><strong>(Ibidem),</strong></span> <span class='ocrx_word' id='word_1_650' title='bbox 3552 4537 3707 4607; x_wconf 89' lang='lat' dir='ltr'><strong>quod</strong></span> <span class='ocrx_word' id='word_1_651' title='bbox 3731 4538 3851 4606; x_wconf 81' lang='lat' dir='ltr'><strong>pla-</strong></span> 
     </span>
    </p>
   </div>
   <div class='ocr_carea' id='block_1_94' title="bbox 645 4626 2153 4708">
    <p class='ocr_par' dir='ltr' id='par_1_94' title="bbox 645 4626 2153 4708">
     <span class='ocr_line' id='line_1_95' title="bbox 645 4626 2153 4708; baseline -0.008 -16"><span class='ocrx_word' id='word_1_652' title='bbox 645 4640 783 4693; x_wconf 83' lang='lat' dir='ltr'><strong>clero</strong></span> <span class='ocrx_word' id='word_1_653' title='bbox 809 4636 983 4708; x_wconf 79' lang='lat' dir='ltr'><strong>positi,</strong></span> <span class='ocrx_word' id='word_1_654' title='bbox 1012 4638 1061 4708; x_wconf 73' lang='lat' dir='ltr'><strong>si</strong></span> <span class='ocrx_word' id='word_1_655' title='bbox 1098 4636 1151 4708; x_wconf 79' lang='lat' dir='ltr'><strong>in</strong></span> <span class='ocrx_word' id='word_1_656' title='bbox 1180 4631 1434 4703; x_wconf 84' lang='lat' dir='ltr'><strong>aliquibus</strong></span> <span class='ocrx_word' id='word_1_657' title='bbox 1456 4626 1680 4701; x_wconf 52' lang='lat' dir='ltr'><strong>&#39;fuerint&#39;</strong></span> <span class='ocrx_word' id='word_1_658' title='bbox 1699 4628 1889 4681; x_wconf 75' lang='lat' dir='ltr'><strong>inventi</strong></span> <span class='ocrx_word' id='word_1_659' title='bbox 1920 4626 2153 4681; x_wconf 86' lang='lat' dir='ltr'><strong>crimini-</strong></span> 
     </span>
    </p>
   </div>
   <div class='ocr_carea' id='block_1_95' title="bbox 649 4706 1477 4775">
    <p class='ocr_par' dir='ltr' id='par_1_95' title="bbox 649 4706 1477 4775">
     <span class='ocr_line' id='line_1_96' title="bbox 649 4706 1477 4775; baseline -0.013 -12"><span class='ocrx_word' id='word_1_660' title='bbox 649 4708 760 4775; x_wconf 83' lang='lat' dir='ltr'><strong>bus,</strong></span> <span class='ocrx_word' id='word_1_661' title='bbox 784 4706 816 4762; x_wconf 67' lang='grc' dir='ltr'>ἁ</span> <span class='ocrx_word' id='word_1_662' title='bbox 845 4709 951 4762; x_wconf 83' lang='lat' dir='ltr'><strong>suis</strong></span> <span class='ocrx_word' id='word_1_663' title='bbox 981 4706 1160 4775; x_wconf 71' lang='lat' dir='ltr'><strong>ofﬁciis</strong></span> <span class='ocrx_word' id='word_1_664' title='bbox 1183 4712 1477 4757; x_wconf 83' lang='lat' dir='ltr'><strong>arceantur.</strong></span> 
     </span>
    </p>
   </div>
   <div class='ocr_carea' id='block_1_96' title="bbox 647 4806 2157 4887">
    <p class='ocr_par' dir='ltr' id='par_1_96' title="bbox 647 4806 2157 4887">
     <span class='ocr_line' id='line_1_97' title="bbox 647 4806 2157 4887; baseline -0.011 -12"><span class='ocrx_word' id='word_1_665' title='bbox 647 4819 831 4877; x_wconf 83' lang='lat' dir='ltr'><strong>XVIII.</strong></span> <span class='ocrx_word' id='word_1_666' title='bbox 867 4816 1242 4887; x_wconf 87' lang='lat' dir='ltr'><strong>Comperimus</strong></span> <span class='ocrx_word' id='word_1_667' title='bbox 1295 4812 1457 4868; x_wconf 89' lang='lat' dir='ltr'><strong>etiam</strong></span> <span class='ocrx_word' id='word_1_668' title='bbox 1512 4809 1793 4865; x_wconf 82' lang='lat' dir='ltr'><strong>horrendis</strong></span> <span class='ocrx_word' id='word_1_669' title='bbox 1840 4806 2157 4879; x_wconf 84' lang='lat' dir='ltr'><strong>quibusdam</strong></span> 
     </span>
    </p>
   </div>
   <div class='ocr_carea' id='block_1_97' title="bbox 582 4898 2158 4977">
    <p class='ocr_par' dir='ltr' id='par_1_97' title="bbox 582 4898 2158 4977">
     <span class='ocr_line' id='line_1_98' title="bbox 582 4898 2158 4977; baseline -0.013 -9"><span class='ocrx_word' id='word_1_670' title='bbox 582 4912 893 4969; x_wconf 86' lang='lat' dir='ltr'><strong>criminibus</strong></span> <span class='ocrx_word' id='word_1_671' title='bbox 922 4908 1238 4977; x_wconf 88' lang='lat' dir='ltr'><strong>implicatos,</strong></span> <span class='ocrx_word' id='word_1_672' title='bbox 1273 4912 1383 4958; x_wconf 89' lang='lat' dir='ltr'><strong>tota</strong></span> <span class='ocrx_word' id='word_1_673' title='bbox 1411 4902 1734 4957; x_wconf 81' lang='lat' dir='ltr'><strong>discretione</strong></span> <span class='ocrx_word' id='word_1_674' title='bbox 1764 4898 2026 4959; x_wconf 78' lang='lat' dir='ltr'><strong>submota,</strong></span> <span class='ocrx_word' id='word_1_675' title='bbox 2051 4912 2158 4949; x_wconf 92' lang='lat' dir='ltr'><strong>non</strong></span> 
     </span>
    </p>
   </div>
   <div class='ocr_carea' id='block_1_98' title="bbox 589 4988 2161 5060">
    <p class='ocr_par' dir='ltr' id='par_1_98' title="bbox 589 4988 2161 5060">
     <span class='ocr_line' id='line_1_99' title="bbox 589 4988 2161 5060; baseline -0.011 -3"><span class='ocrx_word' id='word_1_676' title='bbox 589 5004 757 5057; x_wconf 58' lang='lat' dir='ltr'><strong>solum</strong></span> <span class='ocrx_word' id='word_1_677' title='bbox 788 5001 856 5056; x_wconf 90' lang='lat' dir='ltr'><strong>de</strong></span> <span class='ocrx_word' id='word_1_678' title='bbox 896 4998 1048 5053; x_wconf 86' lang='lat' dir='ltr'><strong>factis</strong></span> <span class='ocrx_word' id='word_1_679' title='bbox 1087 4995 1357 5050; x_wconf 88' lang='lat' dir='ltr'><strong>atrocibus</strong></span> <span class='ocrx_word' id='word_1_680' title='bbox 1389 4992 1745 5047; x_wconf 88' lang='lat' dir='ltr'><strong>necessariam</strong></span> <span class='ocrx_word' id='word_1_681' title='bbox 1773 4988 2161 5060; x_wconf 74' lang='lat' dir='ltr'><strong>pmnitudinem</strong></span> 
     </span>
    </p>
   </div>
   <div class='ocr_carea' id='block_1_99' title="bbox 590 5080 2165 5159">
    <p class='ocr_par' dir='ltr' id='par_1_99' title="bbox 590 5080 2165 5159">
     <span class='ocr_line' id='line_1_100' title="bbox 590 5080 2165 5159; baseline -0.009 -13"><span class='ocrx_word' id='word_1_682' title='bbox 590 5109 696 5147; x_wconf 75' lang='lat' dir='ltr'><strong>non</strong></span> <span class='ocrx_word' id='word_1_683' title='bbox 723 5092 950 5151; x_wconf 85' lang='lat' dir='ltr'><strong>habere,</strong></span> <span class='ocrx_word' id='word_1_684' title='bbox 984 5088 1077 5142; x_wconf 89' lang='lat' dir='ltr'><strong>scd</strong></span> <span class='ocrx_word' id='word_1_685' title='bbox 1107 5102 1207 5141; x_wconf 87' lang='lat' dir='ltr'><strong>nec</strong></span> <span class='ocrx_word' id='word_1_686' title='bbox 1233 5086 1410 5159; x_wconf 86' lang='lat' dir='ltr'><strong>aliqua</strong></span> <span class='ocrx_word' id='word_1_687' title='bbox 1439 5084 1778 5152; x_wconf 88' lang='lat' dir='ltr'><strong>correptione</strong></span> <span class='ocrx_word' id='word_1_688' title='bbox 1803 5080 2016 5150; x_wconf 84' lang='lat' dir='ltr'><strong>penitus</strong></span> <span class='ocrx_word' id='word_1_689' title='bbox 2044 5094 2165 5132; x_wconf 88' lang='lat' dir='ltr'><strong>suc-</strong></span> 
     </span>
    </p>
   </div>
   <div class='ocr_carea' id='block_1_100' title="bbox 591 5174 2167 5242">
    <p class='ocr_par' dir='ltr' id='par_1_100' title="bbox 591 5174 2167 5242">
     <span class='ocr_line' id='line_1_101' title="bbox 591 5174 2167 5242; baseline -0.01 -6"><span class='ocrx_word' id='word_1_690' title='bbox 591 5184 818 5237; x_wconf 81' lang='lat' dir='ltr'><strong>cedente</strong></span> <span class='ocrx_word' id='word_1_691' title='bbox 864 5178 929 5232; x_wconf 87' lang='lat' dir='ltr'><strong>ad</strong></span> <span class='ocrx_word' id='word_1_692' title='bbox 959 5178 1196 5233; x_wconf 89' lang='lat' dir='ltr'><strong>divinum</strong></span> <span class='ocrx_word' id='word_1_693' title='bbox 1250 5174 1605 5229; x_wconf 87' lang='lat' dir='ltr'><strong>ministerium</strong></span> <span class='ocrx_word' id='word_1_694' title='bbox 1636 5174 2004 5242; x_wconf 89' lang='lat' dir='ltr'><strong>honoremque</strong></span> <span class='ocrx_word' id='word_1_695' title='bbox 2039 5184 2167 5222; x_wconf 89' lang='lat' dir='ltr'><strong>con-</strong></span> 
     </span>
    </p>
   </div>
   <div class='ocr_carea' id='block_1_101' title="bbox 593 5261 2168 5335">
    <p class='ocr_par' dir='ltr' id='par_1_101' title="bbox 593 5261 2168 5335">
     <span class='ocr_line' id='line_1_102' title="bbox 593 5261 2168 5335; baseline -0.011 -5"><span class='ocrx_word' id='word_1_696' title='bbox 593 5274 833 5331; x_wconf 90' lang='lat' dir='ltr'><strong>tendere.</strong></span> <span class='ocrx_word' id='word_1_697' title='bbox 864 5267 1161 5327; x_wconf 85' lang='lat' dir='ltr'><strong>Nonnullos</strong></span> <span class='ocrx_word' id='word_1_698' title='bbox 1186 5276 1366 5323; x_wconf 90' lang='lat' dir='ltr'><strong>autem</strong></span> <span class='ocrx_word' id='word_1_699' title='bbox 1397 5266 1450 5320; x_wconf 90' lang='lat' dir='ltr'><strong>in</strong></span> <span class='ocrx_word' id='word_1_700' title='bbox 1492 5266 1622 5335; x_wconf 89' lang='lat' dir='ltr'><strong>ipsis</strong></span> <span class='ocrx_word' id='word_1_701' title='bbox 1652 5263 1932 5318; x_wconf 88' lang='lat' dir='ltr'><strong>ordinibus</strong></span> <span class='ocrx_word' id='word_1_702' title='bbox 1966 5261 2168 5316; x_wconf 82' lang='lat' dir='ltr'><strong>consti—</strong></span> 
     </span>
    </p>
   </div>
   <div class='ocr_carea' id='block_1_102' title="bbox 595 5351 2165 5436">
    <p class='ocr_par' dir='ltr' id='par_1_102' title="bbox 595 5351 2165 5436">
     <span class='ocr_line' id='line_1_103' title="bbox 595 5351 2165 5436; baseline -0.011 -15"><span class='ocrx_word' id='word_1_703' title='bbox 595 5375 741 5422; x_wconf 81' lang='lat' dir='ltr'><strong>tutos</strong></span> <span class='ocrx_word' id='word_1_704' title='bbox 765 5363 1016 5436; x_wconf 85' lang='lat' dir='ltr'><strong>gravibus</strong></span> <span class='ocrx_word' id='word_1_705' title='bbox 1044 5361 1415 5429; x_wconf 91' lang='lat' dir='ltr'><strong>delinquentes</strong></span> <span class='ocrx_word' id='word_1_706' title='bbox 1444 5356 1773 5411; x_wconf 84' lang='lat' dir='ltr'><strong>facinoribus</strong></span> <span class='ocrx_word' id='word_1_707' title='bbox 1795 5370 1899 5407; x_wconf 91' lang='lat' dir='ltr'><strong>non</strong></span> <span class='ocrx_word' id='word_1_708' title='bbox 1930 5351 2116 5421; x_wconf 89' lang='lat' dir='ltr'><strong>repelli</strong></span> <span class='ocrx_word' id='word_1_709' title='bbox 2151 5368 2165 5403; x_wconf 90' lang='lat'><strong>:</strong></span> 
     </span>
    </p>
   </div>
   <div class='ocr_carea' id='block_1_103' title="bbox 592 5440 2170 5525">
    <p class='ocr_par' dir='ltr' id='par_1_103' title="bbox 592 5440 2170 5525">
     <span class='ocr_line' id='line_1_104' title="bbox 592 5440 2170 5525; baseline -0.015 -9"><span class='ocrx_word' id='word_1_710' title='bbox 592 5472 715 5516; x_wconf 81' lang='lat' dir='ltr'><strong>cum</strong></span> <span class='ocrx_word' id='word_1_711' title='bbox 761 5463 819 5511; x_wconf 87' lang='lat' dir='ltr'><strong>et</strong></span> <span class='ocrx_word' id='word_1_712' title='bbox 863 5452 1153 5525; x_wconf 80' lang='lat' dir='ltr'><strong>Apostolus</strong></span> <span class='ocrx_word' id='word_1_713' title='bbox 1202 5442 1397 5505; x_wconf 88' lang='lat' dir='ltr'><strong>clamet</strong></span> <span class='ocrx_word' id='word_1_714' title='bbox 1428 5446 1481 5518; x_wconf 90' lang='grc' dir='ltr'><strong>(Ι</strong></span> <span class='ocrx_word' id='word_1_715' title='bbox 1509 5445 1640 5503; x_wconf 82' lang='lat' dir='ltr'><strong>Tim.</strong></span> <span class='ocrx_word' id='word_1_716' title='bbox 1675 5445 1753 5511; x_wconf 88' lang='lat' dir='ltr'><strong>v),</strong></span> <span class='ocrx_word' id='word_1_717' title='bbox 1804 5441 2014 5496; x_wconf 86' lang='lat' dir='ltr'><strong>Nemini</strong></span> <span class='ocrx_word' id='word_1_718' title='bbox 2062 5440 2170 5494; x_wconf 90' lang='lat' dir='ltr'><strong>cito</strong></span> 
     </span>
    </p>
   </div>
   <div class='ocr_carea' id='block_1_104' title="bbox 594 5530 2175 5617">
    <p class='ocr_par' dir='ltr' id='par_1_104' title="bbox 594 5530 2175 5617">
     <span class='ocr_line' id='line_1_105' title="bbox 594 5530 2175 5617; baseline -0.015 -10"><span class='ocrx_word' id='word_1_719' title='bbox 594 5564 788 5608; x_wconf 85' lang='lat' dir='ltr'><strong>manus</strong></span> <span class='ocrx_word' id='word_1_720' title='bbox 816 5543 1185 5617; x_wconf 72' lang='lat' dir='ltr'><strong>imponendae,</strong></span> <span class='ocrx_word' id='word_1_721' title='bbox 1210 5555 1382 5609; x_wconf 89' lang='lat' dir='ltr'><strong>neque</strong></span> <span class='ocrx_word' id='word_1_722' title='bbox 1406 5533 1907 5595; x_wconf 89' lang='lat' dir='ltr'><strong>communicandum</strong></span> <span class='ocrx_word' id='word_1_723' title='bbox 1938 5530 2175 5600; x_wconf 90' lang='lat' dir='ltr'><strong>peccatis</strong></span> 
     </span>
    </p>
   </div>
   <div class='ocr_carea' id='block_1_105' title="bbox 599 5625 2176 5704">
    <p class='ocr_par' dir='ltr' id='par_1_105' title="bbox 599 5625 2176 5704">
     <span class='ocr_line' id='line_1_106' title="bbox 599 5625 2176 5704; baseline -0.016 -5"><span class='ocrx_word' id='word_1_724' title='bbox 599 5641 788 5699; x_wconf 81' lang='lat' dir='ltr'><strong>alienis</strong></span> <span class='ocrx_word' id='word_1_725' title='bbox 817 5656 828 5691; x_wconf 91' lang='lat'>:</span> <span class='ocrx_word' id='word_1_726' title='bbox 863 5647 917 5693; x_wconf 91' lang='lat' dir='ltr'><strong>et</strong></span> <span class='ocrx_word' id='word_1_727' title='bbox 955 5634 1220 5704; x_wconf 74' lang='lat' dir='ltr'><strong>majorum</strong></span> <span class='ocrx_word' id='word_1_728' title='bbox 1269 5628 1575 5687; x_wconf 87' lang='lat' dir='ltr'><strong>veneranda</strong></span> <span class='ocrx_word' id='word_1_729' title='bbox 1604 5625 1893 5681; x_wconf 86' lang='lat' dir='ltr'><strong>constituta</strong></span> <span class='ocrx_word' id='word_1_730' title='bbox 1939 5637 2176 5691; x_wconf 88' lang='lat' dir='ltr'><strong>pronun-</strong></span> 
     </span>
    </p>
   </div>
   <div class='ocr_carea' id='block_1_106' title="bbox 605 5716 2179 5797">
    <p class='ocr_par' dir='ltr' id='par_1_106' title="bbox 605 5716 2179 5797">
     <span class='ocr_line' id='line_1_107' title="bbox 605 5716 2179 5797; baseline -0.015 -11"><span class='ocrx_word' id='word_1_731' title='bbox 605 5733 758 5795; x_wconf 87' lang='lat' dir='ltr'><strong>tient,</strong></span> <span class='ocrx_word' id='word_1_732' title='bbox 810 5725 1115 5797; x_wconf 79' lang='lat' dir='ltr'><strong>huiusmodi</strong></span> <span class='ocrx_word' id='word_1_733' title='bbox 1142 5767 1155 5789; x_wconf 93' lang='lat'><strong>,</strong></span> <span class='ocrx_word' id='word_1_734' title='bbox 1188 5722 1397 5778; x_wconf 86' lang='lat' dir='ltr'><strong>etiamsi</strong></span> <span class='ocrx_word' id='word_1_735' title='bbox 1447 5719 1583 5774; x_wconf 87' lang='lat' dir='ltr'><strong>forte</strong></span> <span class='ocrx_word' id='word_1_736' title='bbox 1640 5716 2038 5784; x_wconf 65' lang='lat' dir='ltr'><strong>subrepserint,</strong></span> <span class='ocrx_word' id='word_1_737' title='bbox 2072 5722 2179 5765; x_wconf 87' lang='lat' dir='ltr'><strong>tam</strong></span> 
     </span>
    </p>
   </div>
   <div class='ocr_carea' id='block_1_107' title="bbox 607 5805 2171 5896">
    <p class='ocr_par' dir='ltr' id='par_1_107' title="bbox 607 5805 2171 5896">
     <span class='ocr_line' id='line_1_108' title="bbox 607 5805 2171 5896; baseline -0.015 -16"><span class='ocrx_word' id='word_1_738' title='bbox 607 5825 698 5896; x_wconf 73' lang='lat' dir='ltr'><strong>qui</strong></span> <span class='ocrx_word' id='word_1_739' title='bbox 746 5833 867 5878; x_wconf 81' lang='lat' dir='ltr'><strong>ante</strong></span> <span class='ocrx_word' id='word_1_740' title='bbox 923 5819 1301 5891; x_wconf 78' lang='lat' dir='ltr'><strong>peccaverint,</strong></span> <span class='ocrx_word' id='word_1_741' title='bbox 1360 5815 1598 5870; x_wconf 70' lang='lat' dir='ltr'><strong>delectos</strong></span> <span class='ocrx_word' id='word_1_742' title='bbox 1649 5817 1899 5881; x_wconf 74' lang='lat' dir='ltr'><strong>oportere</strong></span> <span class='ocrx_word' id='word_1_743' title='bbox 1951 5805 2171 5876; x_wconf 75' lang='lat' dir='ltr'><strong>depelli-</strong></span> 
     </span>
    </p>
   </div>
   <div class='ocr_carea' id='block_1_108' title="bbox 2261 4630 3854 4717">
    <p class='ocr_par' dir='ltr' id='par_1_108' title="bbox 2261 4630 3854 4717">
     <span class='ocr_line' id='line_1_109' title="bbox 2261 4630 3854 4717; baseline -0.016 -11"><span class='ocrx_word' id='word_1_744' title='bbox 2261 4651 2381 4708; x_wconf 91' lang='lat' dir='ltr'><strong>nius</strong></span> <span class='ocrx_word' id='word_1_745' title='bbox 2407 4659 2679 4717; x_wconf 81' lang='lat' dir='ltr'><strong>exponere</strong></span> <span class='ocrx_word' id='word_1_746' title='bbox 2706 4640 3062 4713; x_wconf 60' lang='lat' dir='ltr'><strong>praeterimus,</strong></span> <span class='ocrx_word' id='word_1_747' title='bbox 3094 4651 3162 4691; x_wconf 90' lang='lat' dir='ltr'><strong>ne</strong></span> <span class='ocrx_word' id='word_1_748' title='bbox 3207 4648 3367 4689; x_wconf 84' lang='lat' dir='ltr'><strong>sexus</strong></span> <span class='ocrx_word' id='word_1_749' title='bbox 3417 4630 3690 4685; x_wconf 85' lang='lat' dir='ltr'><strong>instabilis</strong></span> <span class='ocrx_word' id='word_1_750' title='bbox 3737 4643 3854 4681; x_wconf 89' lang='lat' dir='ltr'><strong>non</strong></span> 
     </span>
    </p>
   </div>
   <div class='ocr_carea' id='block_1_109' title="bbox 2262 4726 3441 4804">
    <p class='ocr_par' dir='ltr' id='par_1_109' title="bbox 2262 4726 3441 4804">
     <span class='ocr_line' id='line_1_110' title="bbox 2262 4726 3441 4804; baseline -0.016 -9"><span class='ocrx_word' id='word_1_751' title='bbox 2262 4750 2370 4796; x_wconf 88' lang='lat' dir='ltr'><strong>tam</strong></span> <span class='ocrx_word' id='word_1_752' title='bbox 2398 4735 2659 4794; x_wconf 88' lang='lat' dir='ltr'><strong>deterreri</strong></span> <span class='ocrx_word' id='word_1_753' title='bbox 2686 4748 2844 4804; x_wconf 87' lang='lat' dir='ltr'><strong>quam</strong></span> <span class='ocrx_word' id='word_1_754' title='bbox 2874 4728 3151 4785; x_wconf 87' lang='lat' dir='ltr'><strong>admoneri</strong></span> <span class='ocrx_word' id='word_1_755' title='bbox 3180 4726 3441 4780; x_wconf 85' lang='lat' dir='ltr'><strong>videatur.</strong></span> 
     </span>
    </p>
   </div>
   <div class='ocr_carea' id='block_1_110' title="bbox 2263 4830 3862 4916">
    <p class='ocr_par' dir='ltr' id='par_1_110' title="bbox 2263 4830 3862 4916">
     <span class='ocr_line' id='line_1_111' title="bbox 2263 4830 3862 4916; baseline -0.016 -11"><span class='ocrx_word' id='word_1_756' title='bbox 2263 4850 2413 4916; x_wconf 81' lang='lat' dir='ltr'><strong>Quod</strong></span> <span class='ocrx_word' id='word_1_757' title='bbox 2434 4847 2659 4904; x_wconf 86' lang='lat' dir='ltr'><strong>secunda</strong></span> <span class='ocrx_word' id='word_1_758' title='bbox 2680 4844 2921 4916; x_wconf 77' lang='lat' dir='ltr'><strong>conjugia</strong></span> <span class='ocrx_word' id='word_1_759' title='bbox 2942 4838 3274 4916; x_wconf 62' lang='lat' dir='ltr'><strong>saecularibus</strong></span> <span class='ocrx_word' id='word_1_760' title='bbox 3303 4851 3404 4889; x_wconf 83' lang='lat' dir='ltr'><strong>non</strong></span> <span class='ocrx_word' id='word_1_761' title='bbox 3429 4842 3707 4914; x_wconf 73' lang='lat' dir='ltr'><strong>negentur,</strong></span> <span class='ocrx_word' id='word_1_762' title='bbox 3740 4830 3862 4907; x_wconf 76' lang='lat' dir='ltr'><strong>qui-</strong></span> 
     </span>
    </p>
   </div>
   <div class='ocr_carea' id='block_1_111' title="bbox 2334 4902 3866 4982">
    <p class='ocr_par' dir='ltr' id='par_1_111' title="bbox 2334 4902 3866 4982">
     <span class='ocr_line' id='line_1_112' title="bbox 2334 4902 3866 4982; baseline -0.016 -8"><span class='ocrx_word' id='word_1_763' title='bbox 2334 4922 2620 4979; x_wconf 67' lang='lat' dir='ltr'><strong>bustmnen</strong></span> <span class='ocrx_word' id='word_1_764' title='bbox 2651 4917 2717 4970; x_wconf 86' lang='lat' dir='ltr'><strong>ad</strong></span> <span class='ocrx_word' id='word_1_765' title='bbox 2766 4902 2957 4968; x_wconf 56' lang='lat' dir='ltr'><strong>clerum</strong></span> <span class='ocrx_word' id='word_1_766' title='bbox 2977 4928 3071 4982; x_wconf 79' lang='lat' dir='ltr'><strong>pro</strong></span> <span class='ocrx_word' id='word_1_767' title='bbox 3100 4910 3193 4965; x_wconf 79' lang='lat' dir='ltr'><strong>hoc</strong></span> <span class='ocrx_word' id='word_1_768' title='bbox 3234 4910 3369 4980; x_wconf 77' lang='lat' dir='ltr'><strong>{acto</strong></span> <span class='ocrx_word' id='word_1_769' title='bbox 3408 4902 3623 4957; x_wconf 71' lang='lat' dir='ltr'><strong>minime</strong></span> <span class='ocrx_word' id='word_1_770' title='bbox 3679 4902 3866 4954; x_wconf 73' lang='lat' dir='ltr'><strong>uenire</strong></span> 
     </span>
    </p>
   </div>
   <div class='ocr_carea' id='block_1_112' title="bbox 2340 4990 2652 5045">
    <p class='ocr_par' dir='ltr' id='par_1_112' title="bbox 2340 4990 2652 5045">
     <span class='ocr_line' id='line_1_113' title="bbox 2340 4990 2652 5045; baseline -0.016 0"><span class='ocrx_word' id='word_1_771' title='bbox 2340 4990 2652 5045; x_wconf 69' lang='lat' dir='ltr'><strong>conceditur.</strong></span> 
     </span>
    </p>
   </div>
   <div class='ocr_carea' id='block_1_113' title="bbox 2340 5062 3873 5163">
    <p class='ocr_par' dir='ltr' id='par_1_113' title="bbox 2340 5062 3873 5163">
     <span class='ocr_line' id='line_1_114' title="bbox 2340 5062 3873 5163; baseline -0.018 -7"><span class='ocrx_word' id='word_1_772' title='bbox 2340 5098 2501 5156; x_wconf 83' lang='lat' dir='ltr'><strong>XXII.</strong></span> <span class='ocrx_word' id='word_1_773' title='bbox 2552 5098 2829 5156; x_wconf 74' lang='lat' dir='ltr'><strong>Secundus</strong></span> <span class='ocrx_word' id='word_1_774' title='bbox 2880 5103 3096 5163; x_wconf 80' lang='lat' dir='ltr'><strong>nuptias</strong></span> <span class='ocrx_word' id='word_1_775' title='bbox 3136 5089 3274 5144; x_wconf 87' lang='lat' dir='ltr'><strong>sicut</strong></span> <span class='ocrx_word' id='word_1_776' title='bbox 3315 5062 3667 5140; x_wconf 60' lang='lat' dir='ltr'><strong>saecularibus</strong></span> <span class='ocrx_word' id='word_1_777' title='bbox 3725 5078 3873 5132; x_wconf 83' lang='lat' dir='ltr'><strong>inire</strong></span> 
     </span>
    </p>
   </div>
   <div class='ocr_carea' id='block_1_114' title="bbox 2268 5174 3879 5258">
    <p class='ocr_par' dir='ltr' id='par_1_114' title="bbox 2268 5174 3879 5258">
     <span class='ocr_line' id='line_1_115' title="bbox 2268 5174 3879 5258; baseline -0.018 -8"><span class='ocrx_word' id='word_1_778' title='bbox 2268 5193 2605 5258; x_wconf 68' lang='lat' dir='ltr'><strong>conceditur,</strong></span> <span class='ocrx_word' id='word_1_779' title='bbox 2629 5190 2703 5243; x_wconf 89' lang='lat' dir='ltr'><strong>ita</strong></span> <span class='ocrx_word' id='word_1_780' title='bbox 2732 5196 2855 5257; x_wconf 90' lang='lat' dir='ltr'><strong>post</strong></span> <span class='ocrx_word' id='word_1_781' title='bbox 2882 5200 2974 5240; x_wconf 89' lang='lat' dir='ltr'><strong>eas</strong></span> <span class='ocrx_word' id='word_1_782' title='bbox 2992 5182 3169 5237; x_wconf 87' lang='lat' dir='ltr'><strong>nullus</strong></span> <span class='ocrx_word' id='word_1_783' title='bbox 3188 5177 3253 5232; x_wconf 93' lang='lat' dir='ltr'><strong>ad</strong></span> <span class='ocrx_word' id='word_1_784' title='bbox 3276 5175 3522 5232; x_wconf 89' lang='lat' dir='ltr'><strong>clericale</strong></span> <span class='ocrx_word' id='word_1_785' title='bbox 3548 5174 3758 5228; x_wconf 89' lang='lat' dir='ltr'><strong>sinitur</strong></span> <span class='ocrx_word' id='word_1_786' title='bbox 3783 5185 3879 5222; x_wconf 63' lang='grc' dir='ltr'><strong>νει</strong></span> 
     </span>
    </p>
   </div>
   <div class='ocr_carea' id='block_1_115' title="bbox 2272 5262 3885 5353">
    <p class='ocr_par' dir='ltr' id='par_1_115' title="bbox 2272 5262 3885 5353">
     <span class='ocr_line' id='line_1_116' title="bbox 2272 5262 3885 5353; baseline -0.015 -16"><span class='ocrx_word' id='word_1_787' title='bbox 2272 5285 2387 5338; x_wconf 90' lang='lat' dir='ltr'><strong>nire</strong></span> <span class='ocrx_word' id='word_1_788' title='bbox 2406 5281 2717 5353; x_wconf 85' lang='lat' dir='ltr'><strong>collegium.</strong></span> <span class='ocrx_word' id='word_1_789' title='bbox 2753 5277 2868 5330; x_wconf 84' lang='lat' dir='ltr'><strong>Alia</strong></span> <span class='ocrx_word' id='word_1_790' title='bbox 2898 5282 2979 5330; x_wconf 88' lang='lat' dir='ltr'><strong>est</strong></span> <span class='ocrx_word' id='word_1_791' title='bbox 3014 5272 3157 5327; x_wconf 86' lang='lat' dir='ltr'><strong>enim</strong></span> <span class='ocrx_word' id='word_1_792' title='bbox 3187 5271 3431 5324; x_wconf 71' lang='lat' dir='ltr'><strong>humana:</strong></span> <span class='ocrx_word' id='word_1_793' title='bbox 3462 5262 3751 5331; x_wconf 84' lang='lat' dir='ltr'><strong>fragilitati</strong></span> <span class='ocrx_word' id='word_1_794' title='bbox 3780 5275 3885 5327; x_wconf 75' lang='lat' dir='ltr'><strong>ge—</strong></span> 
     </span>
    </p>
   </div>
   <div class='ocr_carea' id='block_1_116' title="bbox 2274 5349 3885 5427">
    <p class='ocr_par' dir='ltr' id='par_1_116' title="bbox 2274 5349 3885 5427">
     <span class='ocr_line' id='line_1_117' title="bbox 2274 5349 3885 5427; baseline -0.016 -1"><span class='ocrx_word' id='word_1_795' title='bbox 2274 5371 2529 5427; x_wconf 84' lang='lat' dir='ltr'><strong>neraliter</strong></span> <span class='ocrx_word' id='word_1_796' title='bbox 2554 5382 2811 5423; x_wconf 77' lang='lat' dir='ltr'><strong>concessa</strong></span> <span class='ocrx_word' id='word_1_797' title='bbox 2841 5364 3076 5427; x_wconf 90' lang='lat' dir='ltr'><strong>licentia,</strong></span> <span class='ocrx_word' id='word_1_798' title='bbox 3104 5360 3207 5414; x_wconf 88' lang='lat' dir='ltr'><strong>alia</strong></span> <span class='ocrx_word' id='word_1_799' title='bbox 3238 5358 3395 5412; x_wconf 86' lang='lat' dir='ltr'><strong>debet</strong></span> <span class='ocrx_word' id='word_1_800' title='bbox 3424 5368 3542 5408; x_wconf 88' lang='lat' dir='ltr'><strong>esse</strong></span> <span class='ocrx_word' id='word_1_801' title='bbox 3571 5353 3685 5405; x_wconf 86' lang='lat' dir='ltr'><strong>vita</strong></span> <span class='ocrx_word' id='word_1_802' title='bbox 3726 5349 3885 5403; x_wconf 73' lang='lat' dir='ltr'><strong>divi-</strong></span> 
     </span>
    </p>
   </div>
   <div class='ocr_carea' id='block_1_117' title="bbox 2276 5446 3573 5521">
    <p class='ocr_par' dir='ltr' id='par_1_117' title="bbox 2276 5446 3573 5521">
     <span class='ocr_line' id='line_1_118' title="bbox 2276 5446 3573 5521; baseline -0.014 -6"><span class='ocrx_word' id='word_1_803' title='bbox 2276 5476 2462 5515; x_wconf 87' lang='lat' dir='ltr'><strong>narum</strong></span> <span class='ocrx_word' id='word_1_804' title='bbox 2493 5473 2671 5512; x_wconf 90' lang='lat' dir='ltr'><strong>rerum</strong></span> <span class='ocrx_word' id='word_1_805' title='bbox 2695 5456 2915 5511; x_wconf 87' lang='lat' dir='ltr'><strong>servitio</strong></span> <span class='ocrx_word' id='word_1_806' title='bbox 2943 5454 3189 5508; x_wconf 84' lang='lat' dir='ltr'><strong>dedicata</strong></span> <span class='ocrx_word' id='word_1_807' title='bbox 3222 5448 3273 5521; x_wconf 88' lang='lat'><strong>(1</strong></span> <span class='ocrx_word' id='word_1_808' title='bbox 3298 5446 3417 5501; x_wconf 90' lang='lat' dir='ltr'><strong>Cor.</strong></span> <span class='ocrx_word' id='word_1_809' title='bbox 3450 5447 3573 5513; x_wconf 85' lang='lat' dir='ltr'><strong>vn).</strong></span> 
     </span>
    </p>
   </div>
   <div class='ocr_carea' id='block_1_118' title="bbox 2282 5557 3892 5638">
    <p class='ocr_par' dir='ltr' id='par_1_118' title="bbox 2282 5557 3892 5638">
     <span class='ocr_line' id='line_1_119' title="bbox 2282 5557 3892 5638; baseline -0.011 -15"><span class='ocrx_word' id='word_1_810' title='bbox 2282 5568 2349 5623; x_wconf 86' lang='lat' dir='ltr'><strong>Ut</strong></span> <span class='ocrx_word' id='word_1_811' title='bbox 2370 5569 2414 5621; x_wconf 80' lang='lat' dir='ltr'><strong>si</strong></span> <span class='ocrx_word' id='word_1_812' title='bbox 2442 5569 2552 5638; x_wconf 83' lang='lat' dir='ltr'><strong>quis</strong></span> <span class='ocrx_word' id='word_1_813' title='bbox 2580 5567 2858 5635; x_wconf 85' lang='lat' dir='ltr'><strong>susceperit</strong></span> <span class='ocrx_word' id='word_1_814' title='bbox 2884 5563 3131 5638; x_wconf 63' lang='lat' dir='ltr'><strong>Ecclesia:</strong></span> <span class='ocrx_word' id='word_1_815' title='bbox 3172 5560 3395 5638; x_wconf 70' lang='lat' dir='ltr'><strong>prapriw</strong></span> <span class='ocrx_word' id='word_1_816' title='bbox 3436 5557 3770 5633; x_wconf 66' lang='lat' dir='ltr'><strong>desertorem</strong></span> <span class='ocrx_word' id='word_1_817' title='bbox 3788 5594 3807 5616; x_wconf 90' lang='lat'><strong>,</strong></span> <span class='ocrx_word' id='word_1_818' title='bbox 3842 5562 3892 5638; x_wconf 66' lang='lat' dir='ltr'><strong>et</strong></span> 
     </span>
    </p>
   </div>
   <div class='ocr_carea' id='block_1_119' title="bbox 2350 5624 3891 5717">
    <p class='ocr_par' dir='ltr' id='par_1_119' title="bbox 2350 5624 3891 5717">
     <span class='ocr_line' id='line_1_120' title="bbox 2350 5624 3891 5717; baseline -0.011 -26"><span class='ocrx_word' id='word_1_819' title='bbox 2350 5640 2403 5717; x_wconf 72' lang='lat' dir='ltr'><strong>in</strong></span> <span class='ocrx_word' id='word_1_820' title='bbox 2427 5624 2598 5706; x_wconf 62' lang='lat' dir='ltr'><strong>aliqua</strong></span> <span class='ocrx_word' id='word_1_821' title='bbox 2628 5624 2916 5705; x_wconf 67' lang='lat' dir='ltr'><strong>prouexerit</strong></span> <span class='ocrx_word' id='word_1_822' title='bbox 2939 5624 3211 5711; x_wconf 68' lang='lat' dir='ltr'><strong>dignitate,</strong></span> <span class='ocrx_word' id='word_1_823' title='bbox 3235 5624 3433 5698; x_wconf 70' lang='lat' dir='ltr'><strong>utrique</strong></span> <span class='ocrx_word' id='word_1_824' title='bbox 3457 5625 3747 5679; x_wconf 67' lang='lat' dir='ltr'><strong>sentmtiu:</strong></span> <span class='ocrx_word' id='word_1_825' title='bbox 3774 5624 3891 5676; x_wconf 30' lang='lat' dir='ltr'><strong>subi</strong></span> 
     </span>
    </p>
   </div>
   <div class='ocr_carea' id='block_1_120' title="bbox 2348 5703 3359 5778">
    <p class='ocr_par' dir='ltr' id='par_1_120' title="bbox 2348 5703 3359 5778">
     <span class='ocr_line' id='line_1_121' title="bbox 2348 5703 3359 5778; baseline -0.009 -19"><span class='ocrx_word' id='word_1_826' title='bbox 2348 5703 2555 5778; x_wconf 35' lang='lat' dir='ltr'><strong>jaceat-tt</strong></span> <span class='ocrx_word' id='word_1_827' title='bbox 2580 5703 2729 5775; x_wconf 78' lang='lat' dir='ltr'><strong>quam</strong></span> <span class='ocrx_word' id='word_1_828' title='bbox 2759 5721 2979 5758; x_wconf 72' lang='lat' dir='ltr'><strong>canones</strong></span> <span class='ocrx_word' id='word_1_829' title='bbox 3005 5703 3359 5772; x_wconf 64' lang='lat' dir='ltr'><strong>pra’ﬁxcrunl.</strong></span> 
     </span>
    </p>
   </div>
   <div class='ocr_carea' id='block_1_121' title="bbox 2364 5785 3885 5866">
    <p class='ocr_par' dir='ltr' id='par_1_121' title="bbox 2364 5785 3885 5866">
     <span class='ocr_line' id='line_1_122' title="bbox 2364 5785 3885 5866; baseline -0.011 -12"><span class='ocrx_word' id='word_1_830' title='bbox 2364 5797 2547 5853; x_wconf 77' lang='lat' dir='ltr'><strong>XXlll.</strong></span> <span class='ocrx_word' id='word_1_831' title='bbox 2581 5794 2829 5866; x_wconf 79' lang='lat' dir='ltr'><strong>Quisquis</strong></span> <span class='ocrx_word' id='word_1_832' title='bbox 2861 5798 3089 5864; x_wconf 68' lang='lat' dir='ltr'><strong>propria:</strong></span> <span class='ocrx_word' id='word_1_833' title='bbox 3133 5793 3371 5846; x_wconf 67' lang='lat' dir='ltr'><strong>desertor</strong></span> <span class='ocrx_word' id='word_1_834' title='bbox 3402 5787 3697 5853; x_wconf 62' lang='lat' dir='ltr'><strong>ECclesim,</strong></span> <span class='ocrx_word' id='word_1_835' title='bbox 3726 5785 3885 5841; x_wconf 61' lang='lat' dir='ltr'><strong>nulli</strong></span> 
     </span>
    </p>
   </div>
  </div>
