3988 6344
209 323 313 379 509

1253 307 1635 367 COLLECTIO
1674 305 2141 362 DECRETORUM
2181 302 2286 358 ΡΙ).
2328 303 2440 358 RR.

3371 303 3474 357 5N)

208 435 568 492 existentibus
594 434 793 502 causis,
812 432 878 488 ad
900 431 1058 486 aliam
1089 396 1359 499 putaverit
1388 419 1789 484 transeundum,
1824 424 1868 481 Α
1895 416 2165 497 mundum,
2198 413 2289 485 qui
2330 411 2602 469 immensis
2648 427 2711 465 ac
2740 409 3120 481 multiplicibus
3149 393 3471 478 pravitatum

210 536 525 596 tentereque
552 531 835 593 susceptus
856 521 1036 585 fuerit,
1060 525 1115 572 ct
1140 522 1439 587 promotus,
1469 507 1798 566 reverendo—

208 632 327 670 rum
358 630 652 682 canonum,
680 613 770 669 vel
800 614 913 683 ipse
942 610 1027 664 vel
1050 615 1300 676 receptor
1320 603 1452 673 ejus,
1484 609 1646 672 atque
1672 616 1799 671 pro-

209 719 419 773 vector,
447 708 743 763 constituta
772 721 877 759 non
925 701 1146 769 effugiet
1176 713 1295 767 qua:
1332 695 1399 750 de
1427 692 1799 765 hujuscemodi

210 798 695 868 pnesumptoribus
722 794 1003 865 prmﬁxere
1024 787 1309 845 servanda.

212 909 365 977 Quod
388 913 541 983 siqui
568 908 925 983 cumanae/iis
943 977 952 983 _
973 914 1029 983 et
1051 902 1198 956 laicis
1234 901 1296 953 de
1323 896 1504 983 quibus
1534 913 1691 983 supra
1724 896 1802 948 di-

285 994 421 1035 ctum
468 968 565 1046 est,
597 982 855 1050 eligantur
884 977 952 1050 ad
983 975 1203 1050 clerum,
1236 968 1519 1050 cumnulla
1550 968 1683 1049 cogit
1714 983 1805 1050 ne:

287 1034 521 1114 cessitas,
548 1034 761 1120 antiqua
787 1049 849 1101 de
868 1048 943 1101 eis
964 1043 1144 1120 debent
1165 1034 1400 1095 instituta
1414 1034 1644 1120 seruari;
1669 1034 1805 1106 quod

287 1124 330 1174 si
356 1109 637 1190 probentur
663 1109 866 1173 sacram
901 1114 1116 1169 mercati
1147 1128 1267 1190 esse
1295 1110 1458 1180 pretio
1480 1109 1801 1189 dignitatem.

288 1179 540 1259 ab'officio
569 1191 891 1259 deponantur
910 1225 924 1249 ,
955 1200 1092 1259 _nam_
1123 1179 1333 1259 dantem
1369 1189 1417 1233 et
1471 1179 1806 1246 accipientem

292 1254 526 1316 Simonis
556 1254 703 1330 Magi
724 1259 921 1310 crimen
947 1254 1186 1308 involvit.

291 1349 482 1403 XXIV.
509 1348 586 1403 De
625 1345 904 1401 monachis
933 1344 1195 1410 Iaicisque
1238 1342 1292 1396 in
1340 1340 1511 1410 prima
1537 1334 1810 1405 copiosius

219 1440 602 1511 przeceptionis
627 1437 785 1507 hujus
802 1441 956 1506 parte
976 1433 1184 1501 digesta
1206 1439 1352 1498 sunt,
1373 1445 1491 1498 qua:
1511 1428 1596 1482 vel
1621 1434 1810 1496 quate-

222 1548 325 1586 nus
354 1546 451 1602 pro
491 1544 671 1584 rerum
717 1535 1130 1595 temporumque
1184 1521 1507 1575 necessitate
1555 1529 1809 1572 concessa

225 1625 354 1686 sint,
399 1617 850 1691 quemadmodum
890 1615 979 1669 ubi
1022 1613 1219 1667 nullius
1248 1609 1374 1666 facti
1414 1606 1709 1662 necessitas
1737 1605 1810 1657 in-

224 1722 435 1767 teresse
464 1709 811 1780 probabitur,
839 1721 949 1761 non
991 1704 1094 1760 nisi
1116 1709 1270 1758 vetus
1320 1698 1585 1755 institutio
1619 1696 1815 1751 debeat

1898 496 2128 562 molibus
2149 504 2395 573 occupati
2418 504 2685 571 ingentem
2709 502 2917 555 ruinam
2938 496 3266 554 multimodis
3287 497 3482 568 impqu

1902 597 2146 653 sionibus
2193 595 2640 662 ediderunt,qua‘.
2687 607 2795 647 non
2824 592 2997 646 solum
3044 591 3189 661 ipsos
3234 588 3483 645 videatur

1903 690 2148 753 obruere,
2180 686 2273 742 sed
2314 684 2569 741 Ecclesiis
2616 683 2877 737 universis
2906 682 3258 748 mortiferam,
3292 679 3336 735 si
3367 695 3482 733 non

1902 787 2174 839 sanentur,
2208 776 2405 831 inferre
2447 773 2759 844 perniciem.
2791 771 2900 826 Nec
2927 772 3217 839 ambigant,
3248 769 3339 839 qui
3368 769 3484 823 haec

1904 883 2157 923 exercere
2187 874 2312 922 sunt
2360 863 2498 931 ausi,
2527 863 2619 917 sed
2668 863 2829 917 etiam
2860 861 2951 930 qui
2981 861 3243 916 hactenus
3269 859 3485 927 cognita

1903 960 2185 1024 siluerunt,
2218 956 2315 1013 sub
2336 954 2559 1010 honoris
2586 953 2786 1023 proprii
2814 967 2872 1005 se
2896 952 3076 1020 jacere
3098 949 3377 1019 dispendio
3398 989 3413 1014 ,
3437 948 3482 1004 si

1907 1065 2014 1103 non
2054 1056 2203 1102 tanta
2232 1061 2338 1115 qua
2367 1050 2595 1115 possunt
2639 1042 2914 1098 celeritate
2945 1040 3196 1097 festinent
3224 1049 3282 1095 ut
3310 1041 3485 1095 letha-

1909 1138 1977 1191 Iia
2010 1136 2228 1191 vulnera
2273 1132 2600 1202 competenti
2643 1132 3003 1186 medicatione
3048 1138 3323 1186 curentur.
3366 1128 3487 1196 Quo

1909 1230 2050 1285 enim
2082 1241 2233 1281 more
2279 1233 2496 1280 teneant
2520 1223 2641 1293 jura
2670 1222 3013 1293 pontificum,
3045 1222 3134 1292 qui
3164 1219 3488 1292 pontificali-

1911 1321 2009 1373 bus
2036 1316 2276 1373 excubiis
2305 1325 2527 1371 eatenus
2558 1313 2795 1382 iniuncta
2826 1312 3179 1379 dissimulant,
3198 1318 3255 1383 ut
3275 1320 3491 1366 eontra-

1913 1414 1993 1464 ria
2050 1409 2231 1463 domui
2280 1406 2397 1475 Dei,
2448 1405 2533 1461 cui
2583 1403 2889 1475 prtesident,
2938 1403 3117 1473 potius
3165 1402 3491 1473 operentur?

1914 1499 2289 1567 Quantumque
2337 1497 2476 1568 apud
2502 1497 2666 1551 Deum
2696 1502 2948 1565 possent,
2973 1494 3016 1549 si
3048 1493 3260 1549 nonnisi
3293 1508 3491 1548 conve-

1914 1591 2117 1646 nientia
2167 1596 2536 1660 procurarent,
2572 1594 2777 1641 tantum
2825 1584 2953 1655 quid
3001 1594 3311 1639 mereantur
3351 1583 3493 1653 ειδρί-

1916 1682 2079 1747 ciant,
2109 1697 2232 1736 eum
2286 1676 2606 1734 exsecrabili
2651 1676 2831 1730 studio
2871 1682 3145 1731 sectentur
3173 1672 3420 1740 adversa,
3441 1679 3494 1727 et

226 1800 511 1858 custodiri.
535 1798 684 1866 Quos
710 1811 840 1852 vero
868 1793 1177 1850 constiterit
1218 1789 1468 1857 indignos
1492 1786 1699 1841 meritis
1727 1798 1815 1838 sa-

1945 1770 2071 1841 [nasi
2098 1769 2266 1837 magis
2287 1769 2400 1823 hazc
2421 1766 2606 1835 regula
2635 1766 2725 1833 sit,
2765 1780 2871 1834 qua
2897 1763 3139 1819 Ecclesia
3179 1761 3375 1817 debeat
3401 1775 3496 1831 gu-

227 1911 382 1951 cram
436 1901 709 1949 mercatos
759 1904 881 1946 esse
927 1886 1104 1958 pretio
1152 1883 1488 1952 dignitatem,
1539 1878 1814 1935 convictos

229 1996 453 2059 oportet
480 1986 673 2051 arceri,
689 1998 812 2040 non
843 1982 957 2039 sine
980 1978 1219 2050 pericqu
1244 1975 1447 2031 facinus
1472 1973 1577 2027 tale
1597 1979 1815 2040 patran-

232 2089 337 2141 tes,
385 2078 509 2146 quia
537 2077 755 2131 dantem
806 2072 1010 2143 pariter
1037 2067 1500 2138 aceipientemque
1542 2060 1817 2118 damnatio

233 2168 492 2231 Simonis,
520 2181 681 2237 quam
710 2180 865 2237 sacra
912 2162 1075 2217 lectio
1119 2165 1346 2213 testatur
1394 2156 1530 2225 (Act.
1564 2151 1698 2220 vin),
1733 2152 1815 2205 in-

238 2258 430 2314 volvit.

242 2400 318 2454 De
370 2400 535 2451 sacris
587 2395 953 2469 locis_uoviler
1007 2392 1258 2446 institutis
1299 2386 1539 2469 quamvis
1588 2382 1820 2469 superius

309 2469 504 2522 dictum
556 2469 659 2529 sit,
711 2466 805 2518 hoc
834 2480 970 2517 nunc
1019 2472 1185 2516 tamen
1241 2453 1527 2529 adjicitur,
1557 2462 1633 2529 ‘ut
1678 2453 1823 2529 nulla

310 2540 528 2592 basilica
557 2522 658 2591 sub,
687 2535 1047 2606 defunctorum
1095 2522 1392 2587 constructa
1429 2526 1634 2582 nomine
1671 2522 1821 2576 dedi-

311 2620 474 2663 cetur.

312 2719 482 2774 XXV.
506 2719 586 2774 De
610 2718 850 2774 locorum
879 2713 1287 2771 consecratione
1307 2720 1615 2768 sanctorum
1645 2720 1826 2778 quam-

242 2813 328 2865 vis
358 2809 613 2881 superius
658 2806 887 2863 strictim
936 2805 1096 2860 fuerit
1141 2803 1591 2874 comprehensum
1625 2817 1638 2852 :
1671 2797 1827 2853 nobis

243 2916 462 2970 quoque
493 2897 819 2969 patefactum
843 2906 945 2963 est,
976 2895 1119 2965 quod
1148 2895 1351 2964 absque
1392 2898 1660 2963 praecepto
1685 2888 1828 2944 sedis

244 2990 563 3061 apostolica:
586 2987 822 3043 nonnulli
856 2987 1023 3041 factas
1050 2984 1327 3053 ecclesias,
1347 2983 1435 3039 vel
1473 2981 1710 3037 oratoria
1737 2994 1825 3034 sa-

245 3097 403 3135 crare
433 3086 783 3150 praesumant,
812 3078 919 3133 hoc
947 3092 1133 3131 sumus
1158 3084 1337 3131 tamen
1366 3074 1562 3129 indicio
1592 3072 1829 3127 detesta-

244 3174 428 3232 biliori
451 3172 702 3242 permoti,
728 3170 871 3241 quod
896 3172 948 3225 in
970 3184 1292 3239 quocunque
1312 3168 1529 3223 nomine
1549 3165 1830 3221 defuncto-
1859 3157 1903 3221 C

247 3280 393 3329 rum,
425 3273 481 3319 et
509 3273 770 3333 quantum
798 3262 1017 3325 dicitur,
1048 3276 1149 3317 nec
1177 3261 1396 3315 omnino
1427 3258 1662 3315 fidelium
1708 3272 1834 3313 eon—

249 3356 582 3409 structiones
606 3351 899 3407 :edificatas
932 3352 1099 3406 sacris
1130 3350 1553 3422 professionibus
1582 3348 1835 3404 audacter

254 3448 540 3503 instituere
593 3453 982 3509 memorantur,
1012 3460 1132 3515 qua:
1178 3444 1432 3513 quoniam
1463 3449 1571 3496 tam
1619 3442 1831 3505 acerba,

254 3551 366 3595 tam
398 3540 533 3595 dura
560 3547 706 3605 sunt,
737 3546 796 3592 ut
824 3536 1012 3592 eadem
1038 3537 1126 3590 vix
1157 3546 1341 3590 noster
1369 3535 1509 3589 ferre
1537 3533 1709 3604 possit
1742 3548 1838 3587 au-

256 3632 404 3685 ditus
435 3648 447 3682 :
481 3629 526 3683 si
549 3644 735 3684 revera
756 3626 1177 3682 Christianitatis
1196 3624 1421 3681 affectus
1453 3625 1503 3679 in
1536 3623 1639 3679 illis
1663 3623 1839 3693 regio-

258 3724 419 3778 nibus
448 3729 630 3775 certus
666 3728 722 3774 et
748 3718 884 3774 fixus
914 3726 1018 3786 est,
1050 3727 1105 3773 et
1132 3718 1427 3772 districtius
1464 3716 1564 3771 ista
1594 3730 1840 3784 qumran-

258 3822 371 3879 tur,
395 3820 451 3864 et
466 3826 496 3863 a
519 3810 711 3878 quibus
739 3807 935 3862 fuerint
955 3814 1102 3876 gesta
1124 3808 1438 3876 prodantur,
1461 3804 1714 3873 quoniam
1735 3803 1843 3858 sic-

260 3915 317 3959 ut
348 3902 641 3957 latentibus
677 3900 729 3953 in
752 3901 853 3954 hac
876 3899 1158 3953 atrocitate
1187 3897 1512 3961 nominibus,
1538 3911 1644 3951 non
1670 3902 1844 3950 exstat

262 3998 314 4052 in
346 4011 511 4065 quem
545 3993 813 4050 sententia
841 3991 1021 4047 debita
1063 3990 1387 4060 proferatur,
1418 3989 1492 4043 ita
1521 4004 1642 4044 cum
1672 3987 1845 4043 mani-

263 4087 416 4142 festis
441 4084 600 4139 fuerit
622 4082 957 4139 documentis
970 4081 1270 4151 expositus,
1287 4095 1447 4150 quam
1471 4078 1688 4134 sceleris
1710 4078 1843 4133 tanti

264 4178 440 4249 poscit
466 4174 791 4239 immanitas,
824 4188 931 4228 non
961 4170 1180 4241 effugiet
1205 4172 1472 4226 ullatenus
1498 4170 1776 4225 ultionem.

267 4292 422 4357 Quod
446 4293 595 4358 nefas
615 4291 681 4342 sit
712 4288 932 4360 feminas
953 4287 1117 4360 sacris
1145 4284 1395 4341 altaribus
1402 4284 1745 4360 ministrare,
1770 4280 1849 4337 vel

337 4354 537 4430 aliquid
565 4377 630 4412 ea:
669 4354 748 4412 his
780 4374 893 4430 quin
926 4358 1151 4411 virorum
1196 4365 1315 4409 sunt
1352 4355 1531 4424 oﬂiciis
1572 4354 1847 4423 deputata,

336 4446 671 4501 pra-sumere.

341 4540 532 4595 XXVI.
563 4538 920 4594 Nihilominus
947 4536 1288 4606 impatienter
1314 4532 1615 4588 audivimus
1645 4538 1849 4586 tantum
1882 4528 1933 4587 D

271 4632 574 4685 divinarum
602 4645 784 4684 rerum
817 4629 1025 4685 subisse
1054 4626 1388 4695 despectum,
1418 4633 1476 4679 ut
1504 4624 1713 4679 femina:
1758 4636 1848 4677 sa-

273 4725 382 4777 cris
402 4722 657 4776 altaribus
678 4721 981 4774 ministrare
1002 4718 1296 4783 firmentur,
1320 4724 1618 4785 cunctaque
1640 4714 1852 4769 nonnisi

275 4814 516 4866 virorum
546 4811 823 4866 famulatui
855 4810 1114 4879 deputata
1143 4824 1354 4876 sexum,
1380 4809 1467 4863 cui
1495 4824 1600 4863 non
1635 4822 1852 4877 compe-

278 4904 363 4966 tit,
399 4901 677 4956 exltihere.
729 4900 841 4955 Nisi
888 4899 1032 4970 quod
1079 4900 1317 4954 omnium
1368 4898 1706 4963 delictorum,
1735 4910 1855 4967 qua:

278 4992 590 5061 singillatim
623 4992 1052 5061 perstrinximus,
1078 4990 1369 5065 noxiorum
1394 4998 1571 5043 reatus
1592 4987 1784 5051 omnis,
1804 4996 1860 5041 et

279 5085 488 5140 crimen
529 5098 626 5137 eos
654 5084 877 5154 respicit
904 5082 1235 5148 sacerdotes,
1264 5082 1356 5152 qui
1384 5081 1467 5135 vel
1492 5081 1591 5136 ista
1614 5082 1859 5135 commit-

278 5183 427 5241 tunt,
468 5172 555 5228 vel
609 5175 1013 5228 committentes
1066 5172 1286 5227 minime
1332 5171 1654 5242 publicando
1682 5170 1861 5240 pravis

278 5264 595 5321 excasibus
621 5277 681 5318 se
710 5263 893 5319 favere
932 5261 1233 5333 significant
1265 5279 1278 5315 :
1311 5262 1355 5317 si
1400 5270 1579 5317 tamen
1605 5260 1856 5315 sacerdo-

279 5367 399 5411 tum
443 5356 553 5425 jam
583 5356 691 5411 sint
718 5356 981 5411 vocabulo
1013 5352 1376 5423 nuncupandi,
1416 5354 1507 5422 qui
1557 5352 1858 5420 delegatum

278 5450 385 5503 sibi
418 5448 691 5515 religionis
725 5446 957 5502 officium
984 5446 1063 5502 sic
1088 5452 1431 5515 prosternere
1460 5443 1772 5507 moliuntur,
1802 5450 1862 5495 ut

280 5540 335 5593 in
368 5552 623 5612 perversa
656 5551 882 5608 qumque
920 5534 1256 5606 profanaque
1301 5532 1538 5589 deelives
1588 5532 1705 5587 sine
1752 5531 1861 5587 ullo

278 5638 540 5700 respectu
560 5628 752 5697 regulae
772 5626 1086 5681 Christianae
1108 5625 1397 5696 prateipitia
1423 5624 1626 5679 funesta
1652 5630 1865 5677 secten-

280 5730 396 5775 tur.
422 5720 664 5789 Cumque
709 5719 965 5787 scriptum
1018 5716 1086 5770 sit
1115 5716 1304 5789 (Ereti.
1338 5714 1451 5785 six)
1480 5731 1493 5767 :
1528 5713 1742 5768 Minima
1771 5714 1864 5783 qui

278 5810 520 5880 spcmit,
545 5809 799 5877 paulatim
821 5806 1039 5874 decidit,
1092 5809 1214 5878 quid
1268 5807 1448 5868 estde
1499 5804 1692 5861 talibus
1720 5806 1861 5861 testi-

1917 1866 2173 1930 bernari,
2220 1865 2297 1919 sic
2340 1861 2601 1932 quidquid
2654 1868 2737 1915 est
2794 1858 3175 1914 ecclesiasticis
3224 1855 3497 1910 inimicum

1918 1957 2135 2027 regulis,
2164 1960 2507 2026 perpetretur
2539 1969 2551 2004 :
2584 1966 2705 2007 cum
2740 1957 2796 2004 et
2835 1949 2882 2004 si
2908 1948 3154 2016 cognitos
3195 1946 3383 2001 habuit
3411 1959 3497 1999 ca~

1920 2063 2090 2103 nones
2110 2045 2477 2114 unusquisque
2522 2039 2868 2112 pontificum,
2909 2038 3225 2093 intemerata
3256 2035 3500 2090 debuerit

1921 2145 2107 2191 tenere
2148 2133 2408 2199 custodia,
2438 2140 2493 2186 et
2533 2132 2580 2186 si
2621 2130 2845 2185 forsitan
2894 2128 3189 2192 nesciebat,
3221 2124 3502 2180 consulere

1922 2226 2151 2283 fidenter
2197 2224 2497 2296 oportuerit
2526 2222 2811 2278 scientem.
2861 2217 2979 2285 Quo
3008 2217 3177 2287 magis
3230 2214 3505 2271 excusatio

1923 2318 2069 2373 nulla
2116 2313 2384 2371 succurrit
2422 2311 2725 2367 errantibus
2754 2327 2767 2362 :
2799 2309 2925 2378 quia
2952 2309 3197 2363 nesciens
3226 2306 3505 2377 proposuit

1922 2421 2144 2463 servare
2173 2403 2318 2476 quod
2367 2411 2619 2466 noverat,
2648 2414 2747 2455 nee
2794 2398 3049 2469 ignorans
3098 2395 3307 2453 curavit
3347 2408 3507 2450 nosse

1923 2496 2069 2568 quod
2097 2500 2327 2565 gereret.

1928 2636 2078 2701 Quod
2129 2638 2184 2689 in
2231 2630 2817 2706 unaquaque__Ecclesia
2857 2630 2940 2706 cui
2983 2628 3254 2706 episcopus
3289 2635 3507 2706 Aprteest,

1998 2715 2217 2779 quatuor
2239 2696 2361 2779 teni
2380 2696 2678 2779 de'redditu
2726 2716 2877 2771 quam
2904 2700 2966 2753 de
2988 2698 3247 2779 oblatione
3276 2696 3507 2779 fidelium

2002 2766 2116 2847 fieri
2166 2773 2384 2828 debeant
2428 2774 2691 2847 portiones
2723 2766 2817 2825 {ut
2840 2786 2942 2823 una
2973 2770 3039 2823 sit
3066 2769 3320 2847 episcopi,
3347 2766 3510 2846 altera

1999 2838 2325 2912 clericorum,
2347 2838 2501 2898 tertia
2536 2856 2840 2913 pauperum,
2864 2849 2913 2893 et
2960 2847 3144 2910 quarta
3177 2838 3386 2908 fabricis
3430 2851 3509 2887 ec-

2000 2916 2306 2971 clesiasticis
2326 2914 2633 2985 applicetur.

2002 3028 2211 3082 XXVII.
2225 3026 2468 3094 Quatuor
2479 3033 2657 3080 autem
2677 3033 2785 3080 tam
2800 3024 2867 3078 de
2882 3023 3091 3078 redditu
3104 3036 3264 3090 quam
3279 3021 3346 3075 de
3362 3020 3513 3074 obla-

1937 3130 2083 3175 tione
2094 3120 2346 3184 fidelium,
2360 3116 2816 3189 proutcujuslibet
2829 3114 3079 3171 Ecclesiae
3096 3113 3319 3169 facultas
3332 3111 3514 3165 admit-

1936 3213 2000 3267 tit
2017 3212 2173 3282 (sieut
2197 3210 2393 3265 dudum
2416 3207 2807 3263 rationabiliter
2828 3212 2911 3261 est
2936 3204 3236 3267 decretum)
3268 3200 3515 3257 convenit

1936 3304 2051 3360 fieri
2100 3303 2413 3374 portiones,
2462 3314 2687 3369 quarum
2738 3298 2808 3353 sit
2860 3311 2966 3351 una
2995 3292 3302 3366 pontificis,
3350 3291 3524 3347 altera

1935 3396 2276 3459 clericorum,
2305 3406 2601 3463 pauperum
2630 3390 2809 3453 tertia,
2835 3393 3030 3457 quarta
3086 3384 3300 3439 fabricis
3348 3380 3518 3451 appli-

1937 3485 2131 3542 canda.
2163 3485 2240 3539 De
2266 3484 2480 3554 quibus,
2510 3483 2649 3537 sicut
2676 3479 2970 3535 sacerdotis
2992 3476 3235 3531 intererit
3259 3474 3519 3539 integram

1938 3576 2197 3633 ministris
2222 3574 2474 3629 Ecclesiae
2522 3579 2875 3626 memoratam
2922 3566 3229 3637 dependere
3257 3564 3521 3634 quantita-

1940 3676 2070 3733 tem,
2100 3667 2180 3722 sie
2207 3665 2382 3720 clerus
2428 3664 2568 3717 ultra
2608 3661 2907 3729 delegatam
2950 3659 3052 3714 sibi
3098 3671 3367 3713 summam
3391 3655 3523 3711 nihil

1942 3759 2237 3814 insolenter
2263 3752 2472 3809 noverit
2497 3751 2874 3823 expetendum.
2904 3748 2983 3805 Ea
3010 3763 3139 3804 vero
3189 3762 3308 3817 quae
3348 3746 3523 3801 eccle—

1942 3848 2171 3906 siasticis
2197 3843 2436 3902 aedificiis
2459 3842 2716 3897 attributa
2740 3847 2888 3904 sunt,
2915 3838 3042 3895 huic
3082 3837 3235 3908 operi
3259 3834 3524 3892 veraciter

1946 3946 2232 4011 prorogata
2256 3976 2273 4003 ,
2328 3936 2573 3992 locorum
2626 3932 2824 3989 doceat
2875 3931 3199 3987 instauratio
3244 3926 3539 3984 manifesta

1945 4039 2276 4097 sanctorum,
2304 4027 2431 4099 quia
2461 4026 2609 4082 nefas
2630 4033 2731 4090 est,
2756 4024 2803 4079 si
2830 4024 2996 4079 sacris
3022 4021 3228 4077 aedibus
3256 4016 3525 4075 destitutis

1948 4125 2003 4179 in
2022 4124 2237 4179 lucrum
2250 4134 2406 4177 suum
2426 4117 2620 4190 prmsul
2647 4115 2920 4187 impendia
2960 4114 3046 4170 his
3088 4112 3367 4182 designata
3396 4124 3527 4164 con-

1948 4222 2126 4272 vertat
2156 4231 2171 4267 :
2200 4214 2370 4284 ipsam
2394 4211 2739 4267 nihilominus
2753 4208 3040 4278 ascriptam
3064 4205 3387 4277 pauperibus
3404 4216 3530 4273 por-

1951 4309 2172 4370 tionem,
2221 4303 2462 4373 quamvis
2508 4301 2701 4357 divinis
2745 4300 3043 4355 rationibus
3088 4312 3148 4353 se
3195 4296 3535 4365 dispensasse»

1953 4402 2345 4452 monstraturus
2360 4408 2478 4448 esse
2491 4391 2750 4457 videatur,
2767 4389 3044 4458 tamenqu
3054 4396 3104 4441 ta
3119 4387 3260 4457 quod
3274 4386 3541 4454 scriptum,

1955 4496 2055 4553 est,
2086 4485 2155 4542 Ut
2183 4486 2389 4540 videant
2432 4500 2591 4554 Opera
2629 4492 2797 4537 uestra
2827 4480 2989 4546 bona,
3022 4489 3070 4531 et
3100 4479 3389 4548 gloriﬁcent
3418 4475 3521 4529 Pa-

1956 4590 2083 4634 trem
2133 4587 2376 4641 uestrum,
2424 4576 2510 4646 qui
2564 4576 2620 4628 in
2661 4573 2802 4627 caelis
2854 4580 2931 4626 est
2980 4568 3189 4640 (Matth.
3212 4571 3287 4636 v),
3319 4575 3530 4636 oportet

1957 4670 2119 4725 etiam
2143 4667 2391 4738 praesenti
2422 4663 2785 4720 testifirationi
2814 4659 3090 4731 [medicari
3120 4667 3174 4713 et
3203 4662 3359 4713 bona:
3379 4656 3532 4711 fama:

1958 4758 2239 4831 praeconiis
2262 4774 2367 4812 non
2398 4756 2581 4812 taceri.

1964 4868 2113 4933 Quod
2146 4870 2435 4939 episcopus,
2464 4864 2747 4939 presbyter,
2776 4873 2824 4917 et
2874 4863 3141 4939 diaconus,
3167 4879 3198 4916 a
3240 4878 3535 4939 quocunque

2032 4935 2215 4992 clerico
2245 4935 2486 4990 veraciter
2522 4938 2673 5005 fuerit
2721 4944 3010 4996 accusatus,
3041 4935 3161 5003 quia
3208 4944 3387 4987 contra
3426 4935 3535 5005 [rrec

2031 5009 2307 5062 constituta
2337 5003 2553 5077 fecerit:
2580 5014 2742 5075 potest
2780 5005 2891 5057 sine
2945 5004 3262 5077 dubitatione
3306 5003 3538 5077 percelli,

2032 5080 2112 5131 sui
2152 5080 2305 5131 etiam
2338 5072 2879 5144 'lronoris'episcopus
2928 5076 3213 5143 periculum
3255 5072 3535 5137 subiturus,

2030 5150 2075 5203 si
2096 5152 2203 5202 hac
2224 5147 2362 5201 omni
2382 5146 2629 5199 Ecclesia:
2653 5146 2910 5199 noscenda
2940 5146 3179 5199 tacuerit.

2033 5258 2264 5316 XXVIII.
2296 5258 2635 5328 Quapropter
2682 5270 2750 5310 ne
2804 5257 3123 5311 clericorum
3170 5256 3451 5325 quisquam
3479 5268 3539 5308 se

1966 5353 2123 5424 hujus
2150 5352 2365 5408 offensa:
2420 5350 2655 5405 futurum
2702 5348 2938 5405 confidat
2966 5348 3275 5412 immunem,
3301 5349 3344 5402 si
3374 5348 3425 5401 in
3456 5347 3539 5403 his

1967 5458 2086 5514 quze
2113 5441 2398 5498 salubriter
2424 5438 2694 5510 sequenda
2722 5438 3173 5508 deprompsimus,
3198 5438 3308 5491 sive
3331 5436 3541 5503 episco-

1967 5546 2114 5602 pum,
2144 5530 2257 5585 sive
2287 5528 2682 5598 presbyterum,
2715 5540 2811 5580 seu
2839 5526 3125 5580 diaconum
3156 5523 3349 5577 viderit
3376 5537 3539 5577 exce-

1967 5621 2204 5686 dentem,
2236 5634 2343 5673 non
2374 5618 2619 5688 protinus
2664 5615 2732 5669 ad
2770 5630 2931 5670 aures
2975 5621 3183 5668 nostras
3211 5612 3419 5667 deferre
3448 5628 3541 5667 cu-

1969 5712 2187 5775 raverit,
2218 5709 2625 5778 probationibus
2655 5705 2915 5759 duntaxat
2944 5711 3311 5762 competenter
3334 5702 3542 5757 exhibi-

1970 5802 2057 5869 tis,
2091 5810 2151 5858 ut
2170 5798 2579 5869 transgressoris
2608 5794 2737 5850 ultio
2765 5793 2885 5862 fiat,
2919 5802 2973 5849 et
3000 5792 3210 5849 creteris
3239 5792 3541 5849 interdictio
