3988 6344
451 335 549 391 ιιι
1296 384 1304 391 ,
1730 318 2080 378 DIONYSIUS

2204 317 2437 375 .lGUUS.
3614 305 3714 360 512

452 441 813 513 delinquendi.
841 439 937 498 Sui
961 454 1091 497 vero
1111 438 1289 495 modis
1333 437 1581 494 omnibus
1614 437 1718 493 erit
1747 438 2031 509 unusquis-
2062 441 2107 500 Α
2136 435 2408 506 putaverit
2462 427 2863 505 supprintehda.
2920 430 3112 484 Datum
3154 444 3183 480 v
3221 425 3337 481 idus
3385 423 3712 485 Martiarum,

453 550 561 604 que
598 512 917 604 pontiﬁcum
962 529 1186 595 ordinis,
1215 538 1271 586 et
1312 529 1535 585 honoris
1588 528 1750 584 elisor
1778 545 1791 581 :
1823 528 1867 582 si
1914 528 2030 582 cui-
2140 527 2353 582 Asterie
2389 534 2445 581 et
2470 523 2723 580 Praesidio
2756 537 2840 577 vv.
2872 536 2952 576 cc.
2980 534 3158 576 conss.
3192 518 3314 590 (An.
3348 514 3539 571 Christi
3569 512 3714 581 494.)

457 641 617 697 quam
666 627 1005 692 clericorum,
1033 623 1121 679 vel
1168 622 1424 678 Ecclesiae
1476 621 1641 677 totius
1688 619 1892 674 auditui
1919 619 2037 674 haec

460 732 2438 759 ________,______,_.______..__.._...__.—-——————-———

1535 820 1897 880 DECRETA
1945 815 2362 877 ANASTASII
2410 817 2503 875 PA
2516 814 2655 874 PJE.

529 1040 931 1099 Gloriosissimo
998 1046 1055 1093 et.
1111 1032 1529 1090 clementissimo
1606 1029 1714 1083 ﬁlio
1765 1025 2051 1080 Anastasio
2154 1040 2260 1095 que
2311 1024 2675 1094 unusquisque
2731 1030 2973 1077 nostrum
3026 1034 3124 1089 pro
3152 1034 3213 1073 se
3256 1017 3522 1072 rationem
3545 1016 3732 1072 reddet

465 1134 726 1202 Augusto,
751 1130 1063 1188 Anastasius
1092 1128 1395 1198 episcopus.
2156 1115 2287 1169 Deo.
2314 1113 2429 1168 Non
2457 1127 2584 1182 ergo
2633 1110 2863 1183 amplius
2909 1111 3138 1166 invicem
3162 1108 3481 1178 iudicemus,
3510 1105 3609 1161 sed
3633 1108 3734 1161 hoc

537 1197 829 1280 Exordium
858 1220 1200 1294 pontiﬁcatus
1228 1218 1334 1272 mei
1361 1216 1607 1288 primitus
1636 1214 1817 1269 oblata
1840 1211 2054 1282 populis
2152 1204 2389 1274 judicate
2415 1205 2606 1271 magis,
2636 1218 2704 1258 ne
2743 1202 2958 1273 ponatis
3002 1200 3382 1255 offendiculum
3438 1199 3610 1261 fratri,
3651 1197 3733 1251 vel

468 1332 601 1389 pace
628 1287 938 1386 pronuntio,
969 1287 1480 1381 consequenterpro
1529 1304 1632 1361 ﬁde
1660 1304 1929 1359 catholica
1949 1303 2052 1357 hu-
2158 1297 2491 1352 scandalum.
2519 1296 2701 1349 Monet
2727 1294 2888 1363 igitur
2907 1293 3099 1347 beatus
3128 1289 3437 1359 Apostolus,
3470 1303 3539 1342 ne
3560 1288 3627 1342 de
3654 1287 3736 1341 bis

475 1378 618 1468 inilis
668 1409 854 1480 pietati
897 1416 999 1462 tu:e
1053 1378 1302 1476 precator
1330 1418 1579 1469 occurro,
1612 1402 1664 1456 in
1685 1415 1915 1471 quorum
1942 1398 2056 1469 pri-
2162 1386 2316 1440 ηοῦίε
2340 1383 2713 1455 Ρηεδυπιθηάο
2737 1382 2995 1453 Ῑυάίοίιιῐη
3017 1419 3032 1444 ν
3064 1379 3132 1433 de
3162 1378 3354 1448 Ψιίδυε
3375 1390 3534 1430 nemo
3562 1382 3739 1443 νυωει

475 1516 625 1557 ιηιιιιι
677 1499 807 1554 mihi
858 1497 1096 1551 divinum
1125 1495 1360 1551 favorem
1391 1494 1779 1564 pr0pinquasse
1822 1489 2055 1557 conﬁdo,
2161 1478 2343 1533 Verius
2394 1476 2480 1531 Vel
2530 1476 2721 1530 melius
2764 1473 3009 1543 iudicare
3045 1484 3205 1539 (ιυειιιι
3238 1469 3398 1535 Deus.
3429 1468 3479 1521 ίιι
3512 1467 3613 1521 hoc
3640 1467 3738 1519 είίιί

477 1590 619 1666 quod
649 1589 1001 1645 consonantia
1028 1588 1081 1647 in
1118 1602 1228 1650 me,
1259 1593 1314 1640 et
1342 1584 1701 1654 augustissimi
1724 1581 1956 1637 nominis
1984 1579 2061 1633 tui
2164 1568 2426 1637 (ἰυῖδρίθιη
2462 1565 2780 1621 temerarios
2828 1579 2988 1617 “usus
3036 1568 3277 1630 υευτρθίν
3300 1567 3351 1612 ei
3393 1568 3614 1626 Ρτορῑθΐ
3642 1558 3743 1611 hoc

477 1646 584 1736 non
631 1678 850 1733 dubium
901 1684 1121 1748 praestat
1167 1646 1444 1741 auxilium,
1475 1682 1533 1729 ut
1570 1675 1709 1730 sicut
1748 1671 2062 1743 praecelsum

2204 1672 2269 1710 ax
2322 1666 2481 1724 atque
2528 1655 2705 1709 unitas
2756 1651 3007 1707 Ecclesia:
3047 1649 3349 1719 dissipetur.
3403 1647 3535 1701 Nam
3582 1655 3637 1700 et
3690 1646 3742 1699 in

478 1773 797 1829 vocabulum
840 1770 1058 1841 pietatis
1104 1777 1211 1824 tua;
1262 1784 1359 1840 per
1409 1767 1685 1823 universas
1732 1738 1920 1835 gentes
1948 1769 2065 1817 toto

2204 1753 2473 1815 iegnorum
2504 1745 2640 1801 libro
2667 1744 2864 1799 dicitur
2886 1742 2940 1813 (Ι
2997 1741 3124 1813 Reg.
3153 1739 3264 1807 xvi)
3299 1757 3312 1791 :
3338 1738 3454 1793 Non
3476 1738 3745 1806 quomodo

482 1864 615 1920 orbe
640 1829 937 1933 prtefulget,
970 1862 1044 1916 ita
1073 1876 1171 1931 per
1198 1829 1556 1915 ministerium
1581 1872 1715 1911 mea:
1736 1829 2065 1909 humilitatis
2096 1841 2143 1901 Β
2168 1836 2315 1892 Videl
2342 1837 2525 1901 ι101110,
2550 1835 2700 1890 Videt
2753 1834 2911 1898 Deus,
2945 1833 3073 1903 ίίυίει
3122 1832 3286 1886 ιιοῐῐιο
3303 1829 3482 1933 “Videt
3508 1830 3557 1881 in
3588 1829 3744 1903 facie.

483 1955 640 2011 sedes
666 1954 961 2010 beatissimi
1012 1951 1158 2006 Petri
1209 1952 1263 2005 in
1312 1948 1603 2004 universali
1631 1946 1875 2002 Ecclesia
1907 1943 2069 2016 (sicut
2169 1931 2312 1985 Deus
2340 1937 2518 1985 autem
2547 1928 2695 1983 videt
2736 1928 2789 1981 in
2837 1925 3019 1980 corde.
3043 1924 3175 1978 Item
3220 1923 3274 1977 in
3302 1920 3748 2016 Paralipomenen

484 2060 700 2116 semper
720 2046 823 2116 est)
854 2045 1183 2116 assignatum
1228 2041 1332 2098 sibi
1378 2056 1409 2095 a
1457 2038 1684 2096 Domino
1725 2037 1837 2093 Deo
1893 2006 2080 2091 teneat-

2204 2023 2306 2078 ibro
2331 2020 2507 2091 primo
2532 2018 2582 2091 (1
2600 2018 2783 2072 Paral.
2812 2017 2999 2086 xxvtn)
3020 2014 3291 2081 :Etnunc,
3309 2012 3586 2076 Salomon,
3616 2006 3750 2065 scito

486 2104 867 2210 principatum,
895 2104 994 2191 nec
1020 2142 1241 2206 propter
1270 2147 1433 2188 unum
1462 2140 1733 2189 mortuum
1763 2127 1964 2182 diutius
1990 2132 2074 2179 tu-
2177 2117 2343 2172 Deum
2372 2122 2585 2186 patrum
2608 2122 2843 2179 tuorum,
2875 2120 2932 2165 et
2952 2108 3093 2165 servi
3123 2108 3198 2162 illi
3226 2108 3277 2161 in
3309 2105 3466 2161 corde
3492 2104 3749 2174 perfecto,

488 2199 608 2283 nica
640 2199 727 2281 illa
750 2199 999 2281 salutaris
1021 2199 1254 2297 desuper
1281 2230 1534 2278 contexta
1563 2235 1660 2291 per
1688 2227 1858 2273 totum
1892 2216 2071 2287 (Ιοαη.
2175 2217 2233 2265 et
2279 2208 2458 2263 animo
2502 2206 2738 2271 volente,
2770 2203 3025 2275 quoniam
3071 2201 3252 2265 omnia
3277 2199 3441 2254 corda
3480 2205 3753 2253 scrutatur

489 2318 627 2389 xix),
651 2317 807 2373 malae
834 2317 994 2373 sortis
1013 2317 1248 2387 patiatur
1276 2314 1541 2371 incertum
1570 2330 1581 2365 :
1607 2326 1725 2386 qua:
1750 2310 1863 2366 sola
1886 2309 1939 2364 in
1968 2307 2077 2363 dis-
2178 2300 2454 2363 Dominus,
2486 2306 2543 2353 et
2590 2310 2805 2353 omnem
2860 2293 3241 2362 cogitationem
3297 2289 3465 2344 novit.
3515 2287 3645 2341 item
3704 2287 3756 2340 in

490 2377 776 2465 cissionem
825 2422 925 2481 pro
978 2377 1232 2461 ﬁrmitate
1274 2405 1355 2460 sui
1404 2404 1589 2467 venire
1617 2377 1723 2458 non
1753 2400 1947 2473 potuit.
1980 2397 2076 2453 Cui
2181 2389 2458 2446 Ezechiele
2478 2389 2590 2443 hinc
2610 2386 2738 2443 dicit
2757 2385 3012 2440 Dominus
3032 2382 3244 2453 (Ezech.
3272 2380 3346 2451 ιι)
3374 2398 3385 2432 :
3416 2378 3507 2433 Sic
3524 2377 3754 2443 dixistis,

491 2501 655 2556 ctiam
687 2502 739 2555 in
768 2480 976 2569 privata
1000 2499 1108 2553 vita
1139 2505 1345 2553 tantum
1374 2497 1520 2552 circa
1547 2496 1776 2555 sinccrm
1804 2491 2079 2560 religionis
2181 2481 2371 2537 domus
2401 2478 2647 2543 Israel,et
2668 2475 3029 2545 cogitationes
3055 2472 3275 2542 spiritus
3295 2469 3460 2524 vestri
3482 2467 3603 2521 novi
3633 2468 3777 2535 ego."

493 2589 729 2646 studium
771 2559 883 2643 fuit
927 2596 1008 2656 ut,
1037 2588 1178 2643 sicut
1222 2586 1363 2641 fama
1414 2585 1715 2642 certissima
1763 2559 2076 2646 celebravit,
2187 2574 2337 2630 Unde
2386 2583 2440 2628 et
2486 2572 2556 2627 de
2610 2570 2839 2625 Domino
2876 2567 3059 2636 judice
3103 2564 3298 2619 dicitur
3350 2562 3402 2615 in
3429 2559 3762 2626 Evangelii):

495 2696 658 2739 nemo
684 2680 857 2747 magis
885 2680 971 2734 vel
1000 2680 1141 2734 inter
1168 2678 1468 2748 praecipuos
1495 2674 1808 2732 sacerdotes
1836 2672 2081 2744 prastian
2182 2667 2368 2722 Sciens
2410 2672 2589 2719 autem
2638 2661 2793 2717 Jesus
2815 2659 3168 2737 cogitationes
3205 2668 3393 2711 eorum
3422 2651 3557 2707 dixit
3586 2669 3599 2703 :
3625 2648 3767 2716 Quid

497 2785 528 2825 a
550 2770 753 2826 sanctis
781 2768 1028 2824 Patribus
1053 2768 1267 2838 regulas
1308 2766 1565 2823 Ecclesia:
1606 2764 1906 2821 custodisse
1933 2763 2078 2819 dica-
2182 2756 2429 2827 cogitatis
2450 2755 2589 2809 mala
2614 2754 2667 2808 in
2696 2751 2946 2808 cordibus
2966 2748 3197 2805 vestris?

500 2871 605 2927 ιιιΐν
631 2858 774 2929 qu0d
802 2865 1044 2918 δδηειυω
1093 2857 1323 2915 suidin
1379 2871 1498 2913 cum
1556 2854 1838 2926 “inlesum
1873 2853 2079 2925 imperii
2259 2869 2324 2924 Ut
2352 2869 2642 2940 specialiter
2670 2868 2724 2921 in
2756 2864 2992 2919 Ecclesia
3030 2879 3216 2918 nomen
3240 2868 3470 2916 taceatur
3498 2860 3694 2912 Acutit'.

503 2952 737 3009 crevisse
765 2950 1101 3007 conﬁdimus.

2255 2961 2340 3016 ΙΙΙ.
2372 2960 2660 3015 Precamur
2690 2960 2869 3029 itaque
2898 2955 3239 3012 c‘emcntiam
3270 2962 3523 3012 vestram.
3551 2959 3609 3005 ut
3638 2964 3773 3019 spe-

506 3063 675 3132 Quod.
705 3080 802 3135 pro
841 3062 1044 3119 Christo
1094 3064 1343 3135 fungatur
1383 3063 1656 3135 legatione,
1690 3062 1811 3115 dum
1832 3077 1925 3132 pro
1958 3076 2084 3130 pace
2184 3053 2392 3108 cialiter
2421 3066 2616 3106 nomen
2644 3049 2787 3120 quod
2816 3048 2999 3102 multis
3038 3062 3106 3103 ex
3133 3046 3308 3102 causis
3335 3043 3645 3099 scandalum
3680 3043 3768 3096 vel

1023 3130 1261 3205 precatur
1288 3130 1559 3187 Ecclesia.
1834 3130 1840 3132 “

2204 3142 2569 3200 )ﬁ‘endiculum
2612 3140 2869 3197 Ecclesiae
2915 3136 3476 3208 concitavig’speciali
3530 3135 3779 3205 appella.

576 3245 619 3300 Ι.
645 3244 938 3317 Legatione
982 3244 1162 3313 itaque
1214 3242 1481 3313 fungimur
1519 3257 1616 3313 pro
1645 3243 1878 3305 Christo,
1907 3256 1976 3296 ne
1997 3256 2091 3297 eos
2118 3206 2162 3268 Ο
2195 3236 2342 3290 tione
2390 3242 2646 3296 taceatur,
2679 3247 2823 3313 cum,
2852 3231 2991 3286 sicut
3044 3206 3301 3293 diximus,
3319 3228 3371 3281 in
3419 3226 3781 3295 generalitate

509 3345 733 3408 propter
752 3310 1124 3399 offensionem,
1147 3334 1232 3391 vel
1252 3310 1559 3391 scandalum
1580 3333 1861 3403 patiamini
1882 3332 2091 3402 publice
2195 3322 2536 3379 sacerdotum
2589 3310 3007 3391 uniuscujusque
3058 3319 3307 3373 meritum
3350 3317 3496 3373 illum
3539 3316 3781 3385 judicem

509 3406 780 3483 nominari
817 3446 830 3482 :
881 3442 1109 3498 quorum
1155 3425 1369 3490 merita,
1395 3424 1480 3479 vel
1510 3431 1662 3480 actus
1688 3422 2091 3493 illumjudicem
2196 3414 2363 3469 more
2415 3428 2520 3468 Iw“
2571 3412 2759 3482 P058“,
2791 3411 2919 3480 (Ιυίά
2973 3410 3166 3478 (“lique
3219 3406 3556 3463 ῑτίὺυεηίιυηὶ
3587 3407 3784 3476 Sillim

509 3520 683 3577 latere
731 3535 840 3593 non
884 3526 1131 3589 possunt,
1164 3519 1218 3573 in
1248 3517 1401 3587 cujus
1443 3517 1553 3587 jam
1592 3524 1719 3572 sunt
1731 3515 1933 3586 judicio
1964 3532 2093 3571 con-
2196 3507 2456 3561 aestimata
2507 3505 2905 3576 dispensatione
2934 3504 3267 3567 meritorum,
3300 3502 3385 3556 cui
3434 3501 3535 3554 soli
3564 3501 3784 3566 cogita-

509 3612 703 3674 stituti,
738 3626 837 3667 nec
864 3610 973 3665 illic
991 3624 1051 3665 se
1078 3617 1260 3679 potest
1286 3610 1607 3663 inter-serere
1622 3607 1674 3663 in
1696 3620 1923 3676 corpore
1950 3621 2096 3662 mor-
2197 3600 2371 3652 tiones
2393 3611 2608 3665 quoque
2633 3594 2927 3651 manifesta:
2944 3600 3088 3649 sunt.
3118 3592 3358 3661 Quantos
3379 3605 3504 3646 vero
3522 3606 3787 3645 excessus

513 3702 607 3759 tali
638 3701 815 3757 adhuc
848 3700 1133 3757 temeraria
1163 3700 1530 3769 praesumptio,
1552 3697 1607 3751 in
1651 3712 1759 3766 quo
1782 3711 1890 3754 non
1920 3695 2094 3753 solum
2198 3696 2359 3756 atque
2407 3687 2851 3757 ρτωευιηριίοηθε
2878 3684 3125 3739 habuerit
3153 3683 3390 3747 AcaliUS,
3423 3697 3492 3736 ne
3541 3682 3789 3736 clemen-

513 3794 779 3851 confessio
808 3792 936 3847 facit
963 3800 1157 3862 aperta
1179 3790 1367 3844 merita
1406 3789 1736 3857 singulorum
1764 3806 1776 3840 :
1809 3786 1905 3843 sed
1926 3787 2088 3843 etiam
2201 3782 2286 3835 tiae
2318 3789 2420 3835 tum
2450 3794 2546 3850 per
2568 3777 2775 3846 singula
2805 3792 3092 3846 suggerere
3121 3775 3351 3833 fortasse
3379 3774 3631 3831 videatur
3654 3789 3790 3829 one-

512 3884 712 3939 silentii
764 3884 930 3954 ipsius
960 3898 1065 3937 non
1104 3890 1285 3952 potest
1323 3880 1491 3934 latere
1536 3886 1824 3934 secretum.
1856 3876 2097 3944 Namque
2198 3887 2401 3935 rosum,
2427 3869 2736 3936 Cresconio,
2766 3869 2853 3924 vel
2897 3869 3059 3923 etiam
3106 3866 3395 3930 Germano,
3430 3864 3688 3921 fratribus
3735 3875 3791 3919 et

513 3984 572 4030 et
623 3973 985 4044 jirmdecessor
1026 3983 1209 4029 noster
1258 3987 1397 4041 papa
1425 3969 1596 4035 Felix,
1639 3968 1736 4024 sed
1768 3966 1928 4021 etiam
1958 3964 2096 4019 Aca-
2200 3960 2534 4032 coepiscopis
2584 3959 2757 4024 meis,
2826 3973 2963 4027 quos
3011 3956 3252 4012 misimus
3304 3956 3373 4010 ad
3432 3955 3793 4010 serenitatem

515 4066 625 4119 tius
653 4065 760 4123 illic
780 4063 969 4133 procul
988 4062 1149 4116 dubio
1172 4066 1317 4127 sunt,
1334 4058 1422 4113 ubi
1448 4056 1811 4127 unusquisque
1830 4055 1929 4111 sub
1952 4062 2099 4109 tanto
2204 4060 2367 4114 tuam,
2399 4049 2465 4105 de
2495 4048 2672 4110 causis
2699 4048 2919 4117 singulis
2949 4047 3147 4112 Acatii,
3171 4047 3343 4117 qualis
3370 4046 3549 4112 fuerit,
3585 4045 3796 4100 instru-

520 4156 698 4223 judice
724 4171 831 4210 non
862 4163 1041 4227 potest
1065 4152 1293 4223 perdere
1321 4152 1403 4208 sui
1426 4150 1601 4206 meriti
1624 4148 1959 4219 qualitatem.
2202 4141 2435 4197 ctionem
2459 4140 2818 4211 plenissimam
2842 4137 3103 4201 dedimus,
3131 4136 3427 4192 clementiae
3444 4143 3642 4189 vestra:
3669 4150 3800 4204 spes

867 4226 879 4307 ζ
1189 4294 1200 4306 ,
1277 4293 1287 4304 ,
1693 4292 1705 4305 ,
1857 4289 1868 4300 ,
1906 4288 1918 4300 ,
2205 4233 2393 4289 cialius
2420 4232 2827 4296 recensendam,
2853 4230 2899 4285 si
2922 4230 3026 4284 hoc
3046 4229 3234 4299 pietati
3264 4237 3367 4282 tum
3396 4226 3668 4297 placuerit
3696 4242 3803 4280 cu-

523 4293 676 4360 Quod
703 4311 804 4351 non
836 4302 903 4348 sit
945 4302 1132 4346 temere
1171 4291 1510 4360 Judtcandum
1549 4291 1612 4345 de
1652 4290 1733 4344 Ius
1782 4306 1867 4359 qut
1888 4304 2003 4359 Jam
2032 4289 2101 4341 ad
2204 4326 2398 4360 indm
2429 4325 2684 4360 hamum
2730 4339 2798 4360 Μ
2854 4323 2906 4360 ίη
2960 4322 3138 4360 unum
3188 4319 3542 4360 ωσπρώηῃὶς
3589 4326 3803 4360 unum

764 4311 804 4351 ἠ
836 4306 903 4348 ⁸η
945 4306 1612 4434 ἐωῗξηέξλεξξὲίξιῗέξῖυιηῗ
1652 4306 1733 4344 ms
1782 4306 2003 4359 quum"
2032 4306 2099 4341 aa
2204 4326 2401 4434 riosius
2429 4325 2799 4434 ipdagare,'tt‘e
2844 4323 2908 4434 lin
2958 4322 3138 4434 aliquo
3188 4319 3542 4434 suggestionis
3587 4326 3807 4434 nosti-te

2204 4418 2404 4474 veritas
2430 4416 2662 4472 defuisse
2688 4415 2958 4480 videatur,
2981 4422 3041 4467 ut
3069 4428 3166 4482 pro
3189 4410 3365 4466 divina
3394 4409 3662 4479 sapientia
3710 4425 3811 4463 vc-

861 4490 1151 4579 ?,m.0n€fme
1181 4490 1279 4579 mf
1300 4490 1808 4579 “93‘"5,5"“°:"i"“’_
1833 4490 2099 4579 3?“ng
2140 4578 2147 4579 γ
2205 4517 2336 4572 stra,
2367 4506 2646 4577 perspicue
2672 4503 2854 4559 videre
2873 4501 3105 4573 possitis,
3140 4515 3244 4555 non
3274 4498 3542 4569 superbia,
3566 4490 3652 4552 vel
3679 4497 3810 4551 ela-

525 4585 592 4624 ne
639 4569 783 4638 quod
830 4569 899 4622 sit
945 4569 996 4622 in
1041 4568 1144 4622 hoc
1191 4565 1566 4622 offendiculum
1606 4566 1659 4620 in
1688 4563 1945 4630 Ecclesia,
1976 4562 2080 4618 dun

2208 4599 2357 4654 tione
2380 4597 2526 4653 sedis
2550 4596 2862 4667 apostolica:
2906 4593 2958 4648 in
3002 4591 3246 4647 Acatium
3269 4590 3430 4644 talem
3461 4590 3817 4659 processisse

525 4660 671 4758 9"?“
701 4657 875 4714 facere
898 4673 1004 4712 non
1030 4672 1329 4726 possumus’
1355 4656 1420 4709 de
1439 4656 1520 4709 his
1540 4656 1630 4723 qui
1648 4656 1757 4723 iam
1776 4656 2105 4708 "amem";
2208 4692 2548 4758 sententiam,
2568 4656 2660 4745 sed
2674 4686 3000 4743 facinoribus
3028 4683 3190 4739 certis
3214 4656 3491 4755 (quantum
3516 4698 3621 4737 nos
3644 4690 3816 4736 extra

526 4751 766 4821 iudicare
794 4765 1072 4851 “dim”:
1091 4749 1481 4851 Obs.er_w,lndu',"
1500 4763 1621 4851 ,esse
1639 4747 1993 4851 {mniuﬂmas
2016 4754 2105 4799 tua
2211 4782 2340 4838 illud
2368 4747 2649 4851 judicium,
2682 4778 2827 4849 quod
2849 4776 3021 4833 solum
3045 4775 3156 4830 falli
3189 4747 3297 4830 non
3325 4780 3529 4845 potest,
3556 4774 3817 4830 a3stima-

527 4850 836 4910 cognoscat.
868 4842 958 4895 Ait
984 4842 1125 4895 enim
1155 4841 1223 4896 de
1253 4841 1336 4895 his
1362 4839 1452 4909 qui
1484 4838 1554 4893 de
1581 4838 1808 4893 rebusad
1832 4837 1997 4892 Deum
2027 4851 2109 4891 so-
2213 4815 2340 4838 mu“
2368 4815 2827 4887 ³““’”’““”.“¹“Ϊ”Ϊ
2850 4815 3021 4884 Tum.”
3045 4815 3156 4830 ’“’“’
3189 4815 3297 4830 ’”’”
3328 4815 3529 4845 ¹’“”””’³

531 4933 545 4947 .
769 4932 803 4947 ..
862 4946 865 4947 ν
1109 4931 1120 4941 .
1298 4945 1334 4947 Α
2094 4946 2099 4947 γ
2212 4877 2355 4947 mus)
2385 4878 2502 4932 zelo
2529 4890 2697 4945 magis
2718 4874 3009 4929 divtmtatts
3028 4877 3290 4925 exortam.

531 4933 641 4985 lmn
670 4931 1063 5000 pertinentibus
1101 4930 1341 4998 judicare
1370 4937 1704 4999 prtesumunt
1730 4927 1906 4999 (Rom.
1943 4926 2053 4997 xw)
2092 4946 2104 4981 :

673 4978 1061 5000 r"""""'-'-"
1101 4978 1338 4998 ,ην-πη
1373 4978 1699 4999 run-ww"
1732 4978 1773 4999 γ
2093 4978 2102 4981 τ
3165 4982 3175 4993 .
3269 4981 3279 4992 .

530 5021 700 5076 Nemo
719 5022 862 5076 enim
890 5029 1132 5076 nostrum
1162 5020 1262 5076 sibi
1284 5020 1431 5083 vivit,
1457 5028 1511 5073 et
1536 5034 1694 5073 nemo
1718 5019 1817 5075 sibi
1842 5017 2069 5087 moritur
2092 5035 2103 5069 :
2454 4986 2602 5053 Quo“
2624 4999 2934 5057 ’⁷⁸⁸9⁷³θρενθ
2953 4990 3208 5037 “nmmo
3236 4989 3303 5034 ³η
3324 4978 3571 5033 cavenda“

529 5111 648 5173 sive
669 5111 811 5167 enim
837 5111 1086 5179 vivimus,
1115 5110 1343 5165 Domino
1388 5110 1647 5176 vivimus;
1676 5109 1788 5164 sive
1834 5109 2110 5171 morimur,
2288 5101 2376 5156 ιν.
2410 5100 2516 5155 Nos
2536 5114 2664 5154 vero
2682 5094 3342 5166 humilitersupplicantes,
3372 5091 3823 5146 controversiam

534 5204 763 5260 Domino
783 5204 1046 5262 morimur
1079 5223 1090 5257 :
1118 5205 1233 5260 sive
1253 5204 1397 5259 enim
1419 5203 1665 5267 vivimus,
1694 5203 1809 5258 sive
1837 5202 2117 5266 morimur,
2220 5193 2273 5247 in
2304 5190 2541 5247 Ecclesia
2585 5202 2866 5244 remanere
2906 5186 3173 5255 nolumus,
3203 5199 3325 5239 cum
3375 5183 3542 5251 magis
3581 5182 3836 5237 vitanda

535 5294 751 5358 Domini
775 5311 979 5353 sumus.
1024 5295 1080 5351 in
1131 5296 1237 5353 hoc
1290 5296 1433 5350 enim
1483 5294 1727 5352 Christus
1768 5292 2061 5349 resurrexit
2088 5305 2118 5344 a
2222 5282 2497 5337 contentio
2544 5280 2641 5344 sit,
2689 5280 2827 5334 sicut
2852 5277 3046 5332 dicitur
3082 5277 3134 5330 in
3163 5273 3469 5330 Proverbiis
3511 5272 3664 5341 (Cap.
3697 5272 3759 5341 ι)
3814 5292 3835 5328 :

536 5389 784 5455 mortuis,
815 5396 869 5444 ut
899 5396 954 5443 et
982 5388 1219 5444 vivorum
1248 5395 1303 5443 et
1331 5395 1664 5443 mortuorum
1691 5385 2031 5449 dominetur;
2063 5391 2121 5436 tu
2223 5374 2413 5429 Odium
2458 5373 2679 5429 suscitat
2706 5370 3002 5427 contentio.
3034 5368 3232 5424 Omnes
3254 5367 3397 5422 enim
3416 5367 3507 5434 qui
3534 5380 3639 5420 non
3673 5381 3841 5418 con-

539 5488 720 5537 autem
773 5480 901 5549 quid
938 5479 1148 5548 judicas
1202 5478 1421 5532 fratrem
1475 5474 1805 5532 tuum?Aut
1857 5482 1912 5527 tu
1952 5486 2121 5541 quare
2224 5465 2470 5531 tendunt,
2512 5463 2745 5534 protegit
2796 5462 3049 5517 amicitia.
3102 5460 3233 5514 Nam
3288 5467 3343 5515 et
3392 5457 3687 5528 Apostolus
3745 5462 3845 5513 ad

540 5574 750 5643 spernis
817 5571 1041 5629 fratrem
1124 5570 1308 5625 tuum?
1380 5567 1579 5623 Omnes
1644 5567 1786 5622 enim
1863 5566 2123 5621 stabimus
2225 5559 2535 5615 Corinthios
2563 5559 2638 5613 ait
2668 5556 2719 5627 (I
2741 5556 2862 5611 Cor.
2897 5556 2973 5623 ιιι)
3009 5553 3180 5610 :Cum
3212 5552 3353 5606 enim
3383 5551 3491 5604 sint
3536 5549 3681 5602 inter
3713 5564 3854 5603 vos

541 5674 667 5721 ante
720 5664 951 5720 tribunal
982 5663 1095 5720 Dei.
1153 5660 1419 5731 Scriptum
1449 5666 1531 5713 est
1578 5658 1718 5712 enim
1761 5656 1913 5725 (Isai.
1959 5655 2118 5721 xtv):
2226 5650 2595 5705 aemulationes
2641 5658 2693 5705 et
2732 5646 3123 5708 contentiones,
3158 5657 3334 5698 nonne
3383 5639 3625 5695 carnales
3653 5638 3858 5705 estis,

545 5751 682 5806 Vivo
736 5767 860 5820 ego,
892 5752 1021 5816 dicit
1073 5729 1362 5810 Dominus,
1392 5746 1646 5819 quoniam
1702 5747 1829 5799 mihi
1880 5745 2123 5800 ﬂectetur
2228 5754 2281 5798 et
2310 5742 2601 5798 secundum
2656 5742 2925 5796 hominem
2958 5733 3426 5793 ambulatisHtetn
3487 5730 3553 5784 ad
3604 5729 3861 5800 Philip-

550 5856 709 5907 ,etntte
736 5818 895 5916 genu,
927 5852 982 5899 et
1028 5841 1200 5900 omnis
1252 5839 1432 5912 lingua
1488 5836 1825 5893 confitebitur
1856 5836 1985 5892 Deo.
2018 5835 2123 5890 lta-
2229 5846 2422 5901 penses
2445 5831 2592 5902 (Cap.
2628 5834 2715 5904 ti):
2750 5830 2803 5885 Si
2835 5844 2939 5900 qua
2971 5843 3097 5900 ergo
3128 5823 3421 5886 consolatio
3470 5822 3523 5877 in
3571 5818 3761 5885 Christ
3782 5841 3851 5907 ’ν

597 4476 660 4532 ll.
691 4478 876 4551 Itaque
899 4482 1151 4530 monente
1181 4490 1279 4529 nos
1299 4471 1804 4529 bcatissirno.Paulo
1833 4471 2099 4543 apostolo,
