3988 6344
226 281 338 337 315

1293 283 1672 342 COLLECTIO
1703 280 2171 342 DECRETORITM
2214 283 2315 339 PP.
2358 284 2471 341 RB.

3391 293 3497 351 5N

220 400 403 471 siqua
433 400 687 456 allocutio
717 398 1016 462 charitatis,
1046 399 1091 452 si
1140 412 1243 467 qua
1289 400 1523 455 societas
1570 397 1807 469 spiritus,
1843 402 1888 461 Α
1919 396 2166 465 attingat.
2210 413 2316 465 quo
2365 398 2586 455 forsitan
2623 418 2719 473 per
2764 403 3002 472 iniquum
3060 404 3251 459 tradita
3306 422 3502 462 sacra-

219 497 267 550 si
316 508 425 561 qua
470 491 697 555 viscera,
730 498 784 545 et
838 490 1230 555 miserationes,
1286 488 1505 559 implete
1558 488 1806 556 gaudium

219 602 430 649 meum,
460 594 518 640 ut
565 584 618 640 id
656 587 829 655 ipsum
859 583 1047 639 dicatis
1069 596 1277 648 omnes,
1307 581 1552 638 eamdem
1580 582 1813 637 charita-

216 688 336 734 tem
377 679 661 745 habentes,
690 676 820 730 nihil
875 690 971 745 per
1026 673 1447 738 contentionem,
1500 687 1675 742 neque
1714 686 1812 741 per

218 770 443 823 inanem
474 769 722 838 gloriam,
755 766 847 823 sed
886 767 939 820 in
985 765 1287 820 humilitate
1336 764 1532 819 mentis
1582 763 1809 820 invicem

214 862 556 915 aestimantes
604 858 968 927 sibimetipsos
1017 856 1343 927 superiores,
1368 871 1474 912 non
1497 870 1594 911 sua
1618 855 1810 924 singuli
1852 926 1857 929 μ

218 953 598 1022 respicientes,
630 951 724 1005 sed
754 950 1001 1004 aliorum.

218 1064 291 1118 Ut
322 1063 709 1118 Alexandrinos
730 1064 1012 1132 imperator
1036 1059 1419 1132 admoneatuad
1451 1057 1608 1128 ﬁdem
1639 1057 1808 1112 since-

547 1150 659 1186 ram
681 1142 729 1186 et
759 1130 939 1201 pacem
967 1130 1134 1184 redire
1158 1130 1484 1183 catholicam.

294 1227 357 1280 V.
403 1226 519 1282 Hoc
562 1235 739 1281 tamen
795 1224 1063 1294 principue
1104 1224 1318 1278 insinuo
1358 1222 1633 1278 serenitati
1682 1232 1804 1288 tuae,

212 1317 610 1387 gloriosissime
656 1323 714 1371 et
742 1314 1158 1370 clementissime
1188 1312 1258 1366 ﬁli
1294 1312 1549 1381 Auguste,
1581 1319 1639 1365 ut
1684 1327 1804 1366 cum

213 1423 398 1464 causa
451 1406 936 1461 Alexandrinorum
982 1404 1256 1474 patuerint
1292 1402 1545 1475 piissimis
1591 1391 1806 1457 auribus

212 1500 435 1565 vestris,
458 1498 525 1552 ad
551 1498 815 1553 sinceram
855 1504 909 1551 et
933 1494 1255 1551 catholicam
1298 1494 1457 1550 ﬁdem
1485 1509 1580 1550 eos
1618 1502 1804 1548 aucto-

212 1592 410 1659 ritate,
449 1589 748 1660 sapientia,
778 1588 1077 1657 divinisque
1117 1587 1312 1643 vestris
1366 1587 1583 1642 monitis
1628 1587 1804 1641 redire

212 1682 448 1737 faciatis.
476 1680 612 1737 Num
632 1679 762 1750 quid
788 1678 1075 1735 tenendum
1096 1679 1167 1734 sit
1188 1679 1240 1735 in
1259 1678 1516 1747 religione
1537 1678 1800 1733 catholica

1912 490 2074 542 menti
2105 492 2273 557 gratia
2314 493 2491 549 minus
2520 492 2670 548 ﬁrma
2713 496 2972 551 videatur.
3017 496 3148 551 Nam
3191 507 3248 552 ct
3296 498 3496 567 baptis-

1911 597 2079 648 mum,
2111 586 2252 652 quod
2283 586 2471 654 procul
2500 588 2568 641 sit
2596 589 2663 641 ab
2693 587 2955 653 Ecclesia,
2988 590 3101 644 sive
3125 605 3193 645 ao
3221 590 3489 653 adultero.

1910 671 1995 726 vel
2025 687 2054 725 a
2083 671 2199 727 fure
2226 673 2387 729 fuerit
2414 675 2618 740 datum,
2642 678 2708 731 ad
2740 679 3121 748 percipieutein
3146 697 3342 735 munus
3365 698 3490 751 per-

1909 763 2057 816 venit
2084 763 2366 831 illibatum,
2389 766 2513 835 quia
2543 782 2647 821 vox
2671 768 2783 835 illa,
2804 783 2924 836 qua:
2952 772 3131 825 sonuit
3162 788 3257 840 per
3285 774 3487 836 colum-

1909 848 2050 916 bam,
2081 866 2293 905 omnem
2323 853 2587 915 maculam
2617 855 2861 911 humanae
2889 858 3200 927 pollutionis
3232 862 3485 915 excludit.

1909 938 2063 1004 Quod
2090 939 2397 996 declaratur
2417 958 2537 998 cum
2567 944 2763 1000 dicitur
2791 946 2973 1017 (Joan.
3012 948 3051 1018 1)
3080 967 3092 1002 :
3142 948 3241 1005 llic
3278 960 3358 1005 est
3398 954 3490 1021 qui

1908 1028 2146 1097 haptizat
2171 1030 2221 1084 in
2243 1030 2445 1102 Spiritu
2465 1045 2521 1088 et
2546 1034 2686 1104 igne.
2712 1034 2844 1089 Nam
2872 1037 2917 1091 si
2939 1038 3168 1091 visibilis
3189 1041 3316 1093 solis
3341 1042 3491 1094 istius

1908 1118 2065 1183 radii,
2093 1135 2214 1173 cum
2238 1135 2336 1190 per
2356 1122 2475 1176 loca
2506 1124 2817 1179 fetidissiina
2849 1132 3144 1194 transeant,
3193 1130 3334 1182 nulla
3369 1146 3487 1183 con-

1908 1215 2083 1262 tactus
2111 1208 2477 1279 inquinatione
2507 1213 2872 1281 maculantur;
2918 1218 3086 1273 multo
3133 1221 3301 1289 magis
3348 1222 3489 1276 illius

1907 1296 1997 1367 qui
2028 1298 2187 1353 istum
2218 1300 2479 1356 visibilem
2514 1302 2672 1369 fecit,
2703 1306 2872 1361 virtus
2900 1308 3044 1362 nulla
3081 1310 3361 1365 ministerii
3407 1313 3487 1366 in-

1907 1388 2165 1459 dignitate
2195 1395 2598 1464 constringitur.
2632 1397 2766 1452 Nam
2793 1407 2848 1453 et
2876 1398 3039 1455 Judas
3068 1418 3187 1456 cmn
3219 1402 3377 1457 fuerit
3396 1419 3487 1459 sa-

1906 1484 2137 1553 crilegus
2166 1493 2328 1556 atque
2356 1488 2460 1553 fur,
2486 1490 2742 1560 quidquid
2773 1494 2882 1560 egit
2900 1494 3054 1548 inter
3084 1496 3360 1564 apostolos
3388 1512 3488 1566 pro

1905 1573 2164 1642 dignitate
2212 1579 2529 1645 commissa,
2574 1580 2835 1635 beneﬁcia
2882 1598 2981 1653 per
3034 1585 3305 1654 indignum
3362 1587 3486 1643 data

1905 1667 2049 1721 nulla
2078 1682 2144 1723 ex
2180 1670 2281 1723 hoc
2309 1670 2631 1727 detrimenta
2676 1685 2977 1740 senserunt,
3031 1677 3336 1734 declarante
3384 1680 3486 1735 hoc

209 1774 513 1830 secundum
542 1773 761 1828 deum“;
789 1771 1008 1826 patrum
1029 1771 1534 1841 eipmdicaiionem
1564 1769 1800 1826 omnium
1834 1764 1877 1823 Β
1906 1759 2077 1841 ipsum
2128 1760 2352 1817 Domino
2400 1765 2830 1821 manifestissima
2880 1784 3013 1824 voce
3066 1769 3439 1839 (Matt/i.xxiii)
3470 1790 3483 1824 :

209 1868 558 1927 sacerdotum
591 1867 682 1936 qui
711 1867 764 1920 in
794 1852 1030 1921 Ecclesia
1050 1864 1367 1930 lloruerunt,
1391 1863 1435 1917 si
1464 1863 1567 1917 hoc
1589 1877 1804 1933 quoque

210 1958 611 2030 pneceperitis,
636 1957 931 2013 scientibus
983 1956 1037 2010 in
1084 1954 1341 2009 memoria
1390 1951 1803 2007 transmittendo

210 2050 616 2114 renovabimus,
642 2046 1012 2116 ignorantibus
1036 2045 1103 2099 ad
1144 2042 1455 2099 discendum
1498 2058 1594 2112 pro
1624 2042 1802 2097 oﬁicio

188 2151 410 2197 ‘nostrie
438 2138 811 2194 instructionis
833 2135 1125 2200 offerimus,
1150 2144 1207 2190 ut
1229 2135 1373 2189 nulla
1401 2142 1553 2190 extra
1581 2134 1694 2190 hinc
1719 2136 1801 2189 in-

209 2233 495 2305 geniorum
518 2229 777 2300 jactantia
806 2228 893 2283 vel
920 2227 1156 2297 pravitas
1187 2224 1453 2280 audiatur.

210 2343 535 2397 Admonetur
559 2343 856 2410 imperator,
887 2346 942 2460 ἵε
979 2338 1272 2392 constitutis
1319 2337 1616 2407 apostolica:
1662 2339 1801 2392 sedis

856 2426 884 2460 ο
924 2416 1180 2460 temneret.

856 2416 1180 2479 obtemperet.

278 2493 385 2559 VII
415 2503 552 2559 Illud
568 2517 697 2558 vero
718 2500 1041 2573 peeuliarius
1062 2514 1160 2570 pro
1180 2513 1366 2558 amore
1386 2499 1595 2573 imperii
1616 2502 1798 2567 vestri,

207 2607 263 2653 et
296 2595 655 2659 beatitudine,
705 2608 824 2663 qua:
862 2591 1123 2661 consequi
1165 2592 1365 2662 poterit
1410 2606 1654 2662 regnum,
1702 2608 1801 2663 pro

208 2686 517 2758 apostolico
545 2681 723 2740 ofﬁcio
748 2682 1119 2754 praedicamus,
1150 2690 1229 2752 ut,
1258 2683 1398 2739 sicut
1419 2683 1576 2739 decet
1598 2691 1655 2739 et
1680 2682 1801 2755 Spi-

209 2780 344 2834 ritus
370 2783 595 2833 sanctus
620 2774 807 2841 dictat,
839 2773 1059 2829 monitis
1080 2774 1279 2829 nostris
1318 2774 1622 2830 obedientia
1663 2789 1802 2845 prie-

208 2869 424 2932 beatur,
458 2876 517 2921 ut
553 2867 692 2922 bona
728 2868 911 2922 omnia
958 2874 1137 2922 vestra
1181 2865 1564 2935 rempublicam
1609 2878 1801 2921 c0nse-

207 2966 469 3029 quantur,
501 2956 642 3012 sicut
681 2957 733 3010 in
763 2955 951 3012 Exodo
980 2956 1310 3027 promittitur
1341 2955 1536 3027 (Exod.
1581 2956 1671 3028 xv)
1700 2974 1713 3009 :
1742 2956 1800 3013 Si

208 3049 453 3103 audieris
476 3062 661 3101 vocem
686 3046 896 3101 Domini
919 3045 1011 3102 Dei
1037 3046 1133 3115 tui,
1162 3056 1215 3101 et
1238 3061 1355 3117 qua:
1376 3046 1588 3116 placent
1612 3045 1801 3101 feceris

1905 1847 2105 1904 Scribze
2130 1851 2343 1923 (inquit)
2382 1862 2437 1907 et
2485 1855 2735 1912 Pharisaei
2765 1874 2927 1927 super
2973 1860 3283 1915 cathedram
3326 1861 3490 1919 Mosis

1903 1941 2123 2007 sedent;
2159 1956 2278 2011 quae
2307 1944 2492 1999 dicunt
2524 1945 2700 2012 facite,
2728 1964 2846 2018 quin
2871 1959 3049 2003 autem
3076 1950 3277 2004 faciunt
3322 1952 3488 2005 nolite

1900 2029 2319 2099 facere;dicunt
2346 2036 2509 2104 enim,
2555 2046 2609 2092 et
2641 2055 2746 2093 non
2791 2041 3012 2095 faciunt.
3045 2042 3312 2111 Quidquid
3357 2059 3488 2113 ergo

1903 2120 1969 2173 ad
1998 2120 2273 2176 hominum
2301 2134 2615 2195 provectum
2640 2130 2865 2196 quilibet
2898 2131 2948 2185 in
2976 2132 3214 2187 Ecclesia
3245 2132 3485 2190 minister

1901 2226 2001 2281 pro
2029 2212 2206 2290 cilicio
2227 2230 2324 2270 suo
2350 2216 2563 2271 videtur
2593 2221 2824 2288 operari,
2878 2222 2979 2277 hoc
3013 2232 3182 2277 totum
3219 2226 3484 2282 contineri

1902 2301 2174 2372 implendo
2195 2303 2486 2360 divinitatis
2508 2306 2776 2377 ell‘cctum,
2808 2310 2879 2363 ita
2906 2311 3011 2376 illc,
3035 2328 3131 2382 per
3150 2328 3306 2381 quem
3329 2314 3484 2369 Chri-

1902 2402 2016 2448 stus
2044 2394 2298 2464 loquitur,
2326 2395 2522 2452 Paulus
2548 2396 2780 2453 afﬁrmat
2820 2399 2874 2472 (Ι
2903 2401 3023 2456 Cor.
3063 2402 3162 2472 iii),
3190 2403 3301 2473 Ego
3333 2404 3484 2473 plan-

1903 2485 2029 2549 tavi,
2062 2484 2253 2555 Apollo
2282 2488 2497 2556 rigavit,
2544 2490 2637 2545 sed
2688 2491 2828 2545 Deus
2874 2492 3265 2549 incrementum
3313 2497 3481 2551 dedit.

1853 2580 1857 2584 ’
1902 2574 2087 2645 Itaque
2117 2591 2290 2648 neque
2314 2579 2405 2647 qui
2452 2580 2658 2650 plantat
2683 2592 2765 2637 cst
2791 2584 3010 2652 aliquid,
3046 2601 3220 2654 neque
3268 2589 3356 2657 qui
3414 2589 3484 2641 ri-

1901 2674 2011 2736 gat,
2043 2666 2140 2723 sed
2183 2668 2275 2739 qui
2312 2669 2701 2726 incrementum
2730 2673 2823 2727 dat
2857 2675 3014 2729 Deus.
3066 2675 3107 2728 A
3149 2675 3258 2730 Deo
3306 2688 3483 2732 autem

1902 2773 2009 2813 non
2049 2759 2307 2829 quzeritur
2348 2761 2490 2829 quis,
2538 2762 2621 2815 vel
2659 2763 2832 2830 qualis
2874 2766 3149 2832 pra‘dieet,
3190 2767 3285 2821 sed
3326 2783 3485 2836 quem

1902 2846 2177 2916 prazdicet,
2207 2856 2267 2902 ut
2291 2849 2500 2904 invidos
2526 2850 2689 2905 etiam
2717 2850 2856 2905 bene
2893 2852 3163 2907 Christum
3194 2856 3491 2923 praedicare

1902 2938 2203 2993 conﬁrmet.
2231 2938 2349 3005 Quo
2391 2940 2533 2995 malo
2567 2941 2813 2997 diabolus
2860 2943 2975 3013 ipse
3015 2944 3256 3015 dejectus
3283 2956 3383 3014 est,
3436 2958 3496 3003 et

1902 3030 2005 3084 hoc
2035 3032 2153 3100 ipso
2181 3032 2473 3101 praedicare
2498 3049 2606 3090 non
2631 3034 2848 3091 desinit.

206 3157 394 3197 coram
427 3140 566 3211 ipso,
593 3148 649 3194 et
674 3138 944 3194 obedieris
973 3138 1257 3210 przeceptis
1278 3138 1411 3207 ejus,
1438 3144 1494 3192 et
1531 3138 1800 3193 custodie-
1827 3134 1873 3196 C
1907 3140 2057 3207 Quod
2095 3142 2221 3196 mali
2264 3143 2399 3199 bona
2446 3147 2788 3201 ministrando
2838 3148 2935 3201 sibi
2984 3152 3335 3205 tantumnodo
3392 3169 3492 3208 no-

209 3230 281 3284 ris
310 3244 533 3289 omnem
554 3227 816 3296 justitiam
845 3225 980 3295 ejus,
1005 3240 1219 3281 onmem
1252 3226 1613 3281 inﬁrmitatem
1635 3241 1797 3294 quam

208 3319 503 3389 importavi
534 3315 824 3388 IEgyptiis,
855 3331 960 3369 non
989 3310 1291 3385 importabo
1319 3314 1371 3369 in
1403 3323 1457 3369 te
1482 3330 1494 3366 :
1519 3312 1632 3383 Ego
1654 3313 1798 3383 enim

206 3425 325 3463 sum
359 3408 621 3461 Dominus
657 3405 748 3473 qui
791 3404 998 3458 salvum
1042 3402 1180 3457 facio
1213 3411 1285 3457 te.
1336 3400 1405 3455 Et
1451 3400 1558 3456 illic
1603 3401 1797 3457 iterum

208 3498 333 3552 tuba
364 3494 737 3565 potentissima
767 3492 1013 3548 canitur:
1046 3490 1111 3546 Et
1132 3508 1295 3559 nunc,
1326 3490 1512 3559 Israel,
1540 3492 1667 3560 quid
1688 3491 1795 3547 Do-

206 3586 388 3638 minus
411 3584 553 3638 Deus
582 3591 704 3637 tuus
729 3583 1020 3652 postulata
1051 3590 1103 3637 te
1128 3581 1271 3637 aliud
1301 3596 1460 3650 quam
1498 3590 1559 3636 ut
1609 3582 1798 3639 timeas

206 3673 494 3727 Dominum
525 3672 691 3726 Deum
728 3680 899 3737 tuum,
929 3678 984 3727 et
1012 3671 1252 3727 ambules
1300 3672 1354 3726 in
1398 3673 1650 3729 omnibus
1692 3674 1797 3729 viis

204 3766 342 3834 ejus,
374 3772 432 3818 et
460 3763 649 3832 diligas
685 3778 832 3832 eum,
862 3772 917 3820 et
961 3766 1169 3820 servias
1212 3764 1439 3821 Domino
1469 3763 1583 3820 Deo
1606 3772 1699 3820 tuo
1728 3780 1794 3821 ex

206 3861 322 3907 toto
371 3850 539 3907 corde
590 3859 704 3920 tuo,
749 3860 805 3907 et
853 3867 921 3908 ex
950 3860 1064 3907 tota
1105 3853 1283 3907 anima
1332 3860 1421 3909 tua
1472 3852 1647 3924 (Deut.
1698 3852 1795 3924 x)?

203 3944 430 4000 Custodi
463 3952 729 4015 praecepta
767 3944 977 4000 Domini
1013 3944 1107 4000 Dei
1155 3945 1254 4013 tui,
1299 3953 1354 3999 et
1377 3944 1613 4014 justitias
1654 3944 1791 4014 ejus,

204 4050 337 4104 quas
368 4050 474 4105 ego
503 4033 697 4090 mando
721 4035 835 4089 tibi.
869 4034 996 4091 llzec
1022 4051 1108 4091 me
1133 4044 1507 4105 suggerentem
1540 4034 1793 4106 frequen-

203 4126 310 4177 tius
340 4139 453 4177 non
484 4130 703 4192 spernat
723 4125 896 4193 pietas
923 4132 1032 4189 tua,
1062 4131 1186 4177 ante
1209 4123 1396 4179 oculos
1434 4123 1639 4178 habens
1684 4124 1788 4179 Do-

205 4216 335 4269 mini
363 4216 416 4268 in
449 4212 738 4282 Evangelio
761 4214 926 4269 verba
954 4231 966 4266 :
1002 4210 1101 4277 Qui
1130 4213 1276 4266 audit
1303 4228 1410 4278 cos,
1450 4228 1530 4267 me
1552 4214 1715 4279 audit,
1744 4224 1794 4268 et

204 4307 288 4375 qui
318 4322 405 4358 ros
434 4305 649 4373 spernit,
682 4321 762 4358 me
782 4304 997 4374 spernit,
1046 4313 1096 4357 et
1122 4304 1206 4375 qui
1230 4319 1311 4356 me
1339 4304 1551 4374 spernit,
1599 4307 1795 4375 spernit

204 4414 319 4450 sum
348 4394 437 4465 qui
483 4411 562 4448 me
583 4396 720 4449 misit
742 4393 890 4464 (Luc.
917 4395 995 4464 ι).
1023 4393 1156 4450 Nam
1191 4403 1246 4450 et
1283 4395 1573 4465 Apostolus
1610 4396 1793 4451 conci-

2037 3222 2205 3277 reant,
2235 3230 2328 3267 nec
2356 3213 2607 3270 Ecclesia:
2631 3227 2952 3271 sacramenta
2978 3222 3366 3278 commaculent.

1974 3302 2101 3357 VIII.
2141 3301 2267 3363 Ideo
2294 3318 2423 3374 ergo
2450 3312 2506 3358 et
2532 3305 2640 3372 hic,
2679 3307 2831 3375 cujus
2861 3324 3055 3364 nomen
3102 3309 3327 3365 dicimus
3369 3327 3487 3367 esse

1900 3396 2252 3462 reticendum,
2282 3397 2421 3451 male
2447 3397 2586 3452 bona
2615 3399 2969 3454 ministrando
2999 3401 3100 3455 sibi
3140 3410 3347 3456 tantum
3388 3420 3485 3457 no-

1900 3487 2030 3542 cuit.
2071 3485 2206 3541 Nam
2232 3487 2539 3543 inviolabile
2566 3499 2981 3556 sacramentum,
3011 3492 3155 3559 quod
3201 3508 3295 3561 per
3340 3494 3484 3548 illuni

1898 3577 2082 3633 datum
2108 3586 2210 3644 est,
2251 3578 2372 3634 aliis
2394 3579 2777 3648 perfectionem
2825 3596 2935 3635 sua:
2984 3582 3197 3637 virtutis
3232 3584 3483 3640 obtinuit.

1899 3666 2053 3732 Quod
2079 3681 2201 3722 cum
2230 3668 2304 3721 ita
2334 3668 2425 3735 sit,
2456 3668 2757 3737 aliquorum
2790 3669 2843 3723 in
2887 3678 3094 3724 tantum
3140 3686 3200 3726 se
3240 3673 3491 3726 extendit

1898 3759 2109 3815 curiosa
2132 3759 2386 3829 suspicio,
2421 3768 2477 3813 ut
2501 3760 2824 3828 imaginetur
2846 3762 3056 3831 prolato
3087 3778 3115 3815 a
3148 3778 3284 3832 papa
3310 3762 3489 3820 Felice

1894 3848 2119 3920 judicio,
2151 3858 2337 3921 postea
2362 3849 2711 3905 inefﬁcaciter
2737 3852 2788 3905 in
2810 3853 3184 3921 sacramentis,
3209 3868 3327 3921 qua:
3349 3855 3485 3909 Aca-

1900 3940 2003 3995 tius
2059 3941 2352 4010 usurpavit,
2378 3941 2589 4010 egisse:
2634 3957 2698 3996 ac
2726 3942 2946 4012 perinde
2974 3958 3069 3997 eos
3094 3951 3354 4009 metuere,
3394 3945 3482 4013 qui

1900 4034 1983 4088 vel
2007 4017 2058 4088 in
2088 4033 2606 4099 consecrationibus,
2640 4034 2723 4089 vel
2764 4035 2815 4089 in
2857 4035 3181 4106 baptismate
3228 4036 3482 4107 mysteria

1897 4124 2093 4179 tradita
2138 4134 2506 4194 susceperunt,
2554 4140 2623 4180 ne
2668 4126 2816 4183 irrita
2865 4124 3123 4180 beneficia
3180 4125 3357 4181 divina
3407 4126 3481 4179 vi-

1895 4215 2142 4281 deantur,
2173 4217 2531 4271 meminerunt
2560 4216 2611 4270 in
2635 4216 2774 4271 hanc
2802 4231 3016 4288 quoque
3050 4226 3255 4287 partem
3294 4218 3482 4272 simili-

1898 4311 1980 4358 ter
2003 4312 2287 4359 tractatum
2324 4304 2620 4374 praivalere
2652 4320 3012 4374 superiorem,
3054 4307 3180 4376 quia
3212 4322 3320 4360 non
3368 4308 3489 4361 sine

1896 4395 2248 4466 usurpatione
2293 4394 2586 4450 sacerdotii
2615 4395 2952 4465 adjudicatus
2986 4398 3089 4452 hoc
3133 4397 3260 4464 egit.
3293 4395 3349 4450 In
3376 4413 3483 4466 quo

206 4502 343 4542 nens
370 4486 641 4541 Salvatori
684 4495 871 4542 nostro
912 4487 985 4541 ita
1015 4486 1293 4555 loquitur:
1340 4486 1667 4557 Quapropter
1708 4488 1791 4555 qui
1826 4511 1872 4570 ι)
1896 4484 2151 4539 virtutem
2188 4499 2342 4539 suam
2382 4484 2748 4540 obtinentibus
2791 4487 3083 4557 mysteriis,
3124 4487 3177 4540 in
3208 4487 3313 4542 hoc.
3348 4503 3481 4555 qiio~

206 4580 317 4633 lia'c
364 4580 583 4649 spernit,
636 4595 741 4633 non
788 4579 1043 4633 hominem
1076 4580 1291 4648 spernit,
1339 4580 1431 4633 sed
1470 4578 1653 4640 Deum,
1704 4582 1789 4651 qui

206 4672 347 4724 dedit
378 4668 631 4740 Spiritum
656 4678 891 4724 sanctum
912 4670 965 4725 in
994 4669 1141 4725 nobis
1164 4668 1218 4736 (I
1250 4669 1427 4725 Thess.
1464 4670 1557 4740 iv).
1600 4669 1789 4726 Pectus

205 4761 506 4817 clementiae
531 4770 721 4816 vestrae
742 4762 1033 4817 sacrarium
1061 4769 1146 4817 est
1176 4762 1395 4831 publica:
1419 4762 1706 4825 felicitatis,
1732 4771 1791 4817 ut

205 4870 302 4925 per
330 4852 643 4907 instantiam
667 4860 901 4907 vestram
932 4853 1114 4923 (quam
1154 4853 1299 4907 velut
1346 4852 1602 4907 vicarium
1653 4866 1788 4921 pra»

204 4945 383 5001 sidere
424 4943 587 5013 jussit
639 4943 693 4999 in
748 4943 947 5014 terris)
1004 4943 1322 5011 evangelicis
1375 4942 1789 5012 apostolicisque

206 5034 525 5103 pneceptis,
585 5048 692 5089 non
733 5032 867 5088 dura
910 5034 1160 5105 superbia
1208 5035 1504 5099 resistatur,
1555 5032 1647 5088 sed
1696 5048 1791 5103 per

204 5124 587 5189 obedientiam,
619 5140 739 5195 quin
762 5133 889 5180 sunt
910 5124 1205 5191 salutifera,
1247 5124 1643 5194 compleantur.

206 5234 358 5299 Quod
378 5253 467 5290 eos
488 5253 613 5307 quos
626 5246 740 5306 post
751 5238 1139 5293 damnationem
1156 5253 1305 5292 suam
1322 5236 1399 5291 vel
1416 5236 1696 5307 baptizavit
1717 5239 1793 5293 vel

272 5306 537 5361 ordinarit
561 5308 794 5372 Acutius,
826 5308 971 5362 nulla
1001 5308 1169 5379 portio
1205 5308 1433 5362 lwsionis
1473 5306 1717 5380 attingat.

274 5396 383 5450 \‘ll.
430 5396 561 5452 Nam
582 5401 875 5453 secunlum
904 5398 1157 5453 Ecclesia:
1195 5399 1471 5454 catholicae
1502 5408 1791 5455 consuetu-

202 5489 381 5550 dinem
402 5491 821 5545 sacratissimum
851 5492 1153 5547 serenitatis
1176 5500 1279 5546 tuie
1300 5500 1485 5562 pectus
1511 5503 1784 5562 agnoscat,

202 5580 347 5649 quod
378 5580 586 5636 nullum
614 5580 680 5636 de
703 5583 804 5645 his,
836 5583 919 5638 vel
949 5599 1086 5654 quos
1114 5583 1405 5654 baptizavit
1434 5583 1671 5646 Acatius,
1704 5586 1788 5639 vel

204 5683 340 5738 quos
378 5670 719 5736 sacerdotes,
777 5673 891 5727 sive
938 5673 1147 5741 levitas,
1192 5676 1481 5729 secundum
1528 5692 1783 5741 canones,

208 5761 503 5838 cubitavit,
534 5762 639 5818 ulla
668 5777 761 5820 eos
792 5780 857 5819 ex
886 5766 1101 5822 nomine
1133 5766 1299 5822 Acatii
1350 5767 1524 5836 portio
1558 5766 1785 5823 ltcsionis

1897 4590 2003 4645 que
2028 4575 2146 4630 aliis
2172 4590 2264 4629 rea
2293 4574 2393 4629 sibi
2433 4590 2664 4645 persona
2694 4591 2802 4630 non
2841 4576 3042 4641 nocuit,
3076 4592 3198 4630 nam
3239 4576 3305 4629 ad
3336 4578 3481 4633 illuni

1898 4667 2176 4737 pertinuit,
2206 4667 2350 4735 quod
2392 4667 2515 4721 tuba
2550 4666 2718 4721 David
2753 4668 2825 4722 ita
2851 4668 3081 4736 canitur,
3120 4668 3481 4726 Verumtamen

1898 4759 2038 4813 Deus
2065 4759 2425 4827 conquassavit
2451 4760 2624 4829 capita
2645 4758 2971 4813 inimicorum
2991 4777 3218 4826 suorum,
3248 4766 3481 4819 verticem

1902 4843 2090 4915 capilli
2113 4844 2599 4914 perambulantium
2643 4848 2695 4900 in
2724 4847 2922 4901 dilectis
2955 4850 3062 4902 suis
3092 4846 3256 4916 (Psal.
3284 4850 3473 4917 uvn).

1898 4936 2037 4994 Nam
2086 4936 2346 5007 superbia
2371 4953 2590 5008 semper
2632 4939 2758 5005 sibi,
2808 4954 2915 4993 non
2944 4939 3036 4993 alii
3071 4938 3200 4993 facit
3234 4940 3472 5005 ruinam,

1899 5027 2049 5098 quod
2069 5029 2324 5084 universa
2342 5028 2750 5099 Scripturarum
2770 5030 3079 5086 ctelestium
3098 5039 3330 5087 testatur
3346 5048 3478 5088 auc-

1898 5121 2116 5186 toritas,
2141 5121 2285 5176 sicut
2307 5122 2473 5176 etiam
2500 5138 2598 5191 per
2622 5121 2885 5193 Spiritum
2906 5132 3157 5180 sanctum
3182 5124 3386 5180 dicitur
3419 5125 3473 5179 in

1897 5212 2168 5282 propheta
2192 5229 2205 5266 :
2239 5210 2362 5267 Non
2382 5213 2640 5270 habitavit
2662 5215 2714 5269 in
2736 5216 2905 5270 medio
2924 5217 3106 5271 domus
3125 5233 3272 5280 metr,
3291 5215 3383 5287 qui
3398 5217 3479 5285 fa-

1901 5304 1971 5357 cit
1989 5304 2287 5373 superbiam
2313 5305 2490 5374 (Psal.
2512 5308 2584 5377 c).
2612 5306 2766 5362 Unde
2788 5324 2914 5362 cum
2937 5308 3041 5363 sibi
3064 5308 3362 5363 sacerdotis
3381 5323 3477 5361 no-

1900 5410 2023 5451 men
2051 5396 2440 5461 vindicaverit.
2483 5399 2882 5456 condemnatus
2906 5402 2959 5456 in
2998 5402 3171 5471 ipsius
3209 5399 3470 5454 verticem

1897 5488 2174 5557 superbia:
2197 5500 2382 5546 tumor
2402 5491 2644 5548 inllictus
2668 5498 2774 5554 est,
2798 5494 2924 5563 quia
2951 5509 3057 5547 non
3085 5491 3341 5561 populus,
3376 5490 3475 5558 qui

1898 5579 1952 5634 in
1979 5582 2256 5652 mysteriis
2285 5584 2492 5639 donum
2519 5584 2691 5654 ipsius
2712 5585 2950 5649 sitiebat,
2980 5582 3234 5637 exclusus
3254 5589 3358 5646 cst,
3383 5580 3479 5637 sed

1899 5673 2082 5728 anima
2107 5674 2227 5729 sola
2250 5676 2341 5731 illa
2368 5692 2488 5747 quae
2511 5686 2833 5750 peccaverat
2854 5676 3004 5745 justo
3025 5672 3234 5743 judicio
3262 5672 3480 5745 proprie

1898 5772 2014 5819 erat
2040 5764 2295 5832 obnoxia,
2327 5768 2472 5835 quod
2506 5767 2707 5836 ubique
2732 5779 3026 5822 numerosa
3059 5762 3475 5835 Seripturarum
