3988 6344
237 360 344 420 317

1235 355 1608 413 COLLECTIO
1645 358 1686 412 ll
1731 356 2196 413 DECllETUliUM
2238 357 2339 413 PP.
2385 358 2493 412 RR.

3392 361 3494 414 διδ

237 471 1336 546 subscriptionesprepriaseommodate:
1365 483 1419 526 ut
1463 475 1701 546 synodali
1729 476 1818 544 jn-
1852 482 1896 538 Α
1926 483 2051 529 stet.
2078 474 2213 543 Ergo
2235 477 2545 544 suppliciter
2568 491 2846 543 precamur
2859 477 3212 545 apostolatum
3236 485 3491 544 vestrum,

244 546 390 601 dicio
416 539 594 598 aditus
631 539 913 595 claudatur
939 540 1165 594 illicitis.

312 615 391 667 Ab
419 612 678 666 universis
706 610 976 680 episcopis
1005 620 1058 663 et
1103 611 1428 680 presbyteris
1466 613 1832 668 acclamatum

239 695 360 738 (st:
395 681 621 744 Exaudi,
652 678 1483 744 Christe,'llilaro'vita,'dictum
1509 693 1587 737 est
1619 686 1816 737 sexies.

242 753 368 806 “xc
423 751 823 816 confirmamus,
869 749 984 804 hate
1030 750 1315 816 docemus,
1374 751 1574 806 dictum
1627 755 1817 808 octies.

239 822 367 876 [Lee
398 821 634 893 tenenda
656 830 799 883 sunt,
832 820 943 872 inec
969 819 1231 893 servanda
1255 827 1400 893 sunt,
1430 823 1630 893 dictum
1660 824 1822 893 quin-

237 893 414 962 quies:
455 891 722 945 Doctrina:
751 897 941 942 vestra:
968 889 1166 956 gratias
1204 891 1430 959 agimus,
1479 889 1692 945 dictum’
1723 894 1820 948 de-

235 959 365 1016 cies.
391 959 576 1030 [stant
596 962 647 1012 in
671 966 985 1030 perpetuum
1007 972 1304 1027 serventur,
1327 976 1596 1029 rogamus,
1622 963 1822 1030 dictum

237 1040 324 1086 est
344 1027 684 1100 quindeciesl
704 1027 807 1083 Per
832 1027 1372 1101 dominum__Petrum,
1395 1027 1472 1084 'ut
1527 1027 1592 1084 in,
1625 1027 1820 1101 perpe-

240 1097 392 1153 tuum
438 1107 721 1154 serventur
764 1111 1034 1165 rogamus,
1082 1097 1285 1152 dictum
1333 1108 1415 1154 est
1457 1097 1645 1154 octies.
1701 1097 1824 1156 Haec

239 1170 589 1239 pizusumptio
631 1181 902 1236 nunquam
934 1165 1297 1239 iﬁat,_dictttm
1330 1170 1526 1224 decies.
1569 1170 1670 1236 Qui
1712 1173 1824 1226 lucc

242 1237 543 1302 violaverit,
589 1239 641 1293 in
678 1252 738 1292 se
767 1238 1024 1300 inveniet,
1067 1237 1520 1308 dictumisepties.
1570 1242 1636 1295 Et
1679 1241 1823 1294 facto

239 1309 482 1373 silentio,
512 1307 723 1362 Hilarus
752 1308 1037 1376 episeopus
1058 1307 1229 1361 dixit:
1273 1307 1556 1374 Pneterea,
1606 1311 1821 1374 fratres,

241 1394 380 1432 nova
405 1387 461 1432 et
487 1377 740 1448 inaudita,
769 1377 910 1448 sicut
943 1376 1009 1448 ad
1057 1391 1176 1439 nos,
1227 1379 1400 1433 missis
1443 1379 1511 1433 de
1557 1379 1823 1448 Hispaniis

239 1449 507 1517 epistolis,
537 1447 636 1501 sub
663 1455 808 1502 certa
839 1447 1101 1501 relatione
1132 1449 1393 1517 pervenit,
1426 1448 1478 1501 in
1507 1447 1822 1517 quibusdam

239 1515 377 1572 locis
405 1519 816 1586 perversitatutn
840 1517 1044 1570 semina
1073 1515 1298 1571 subinde
1327 1515 1632 1572 nascuntur.
1667 1519 1827 1572 Deni-

238 1605 348 1658 que
377 1587 621 1658 nonnulli
649 1586 1034 1658 episcopatum,
1062 1587 1152 1653 qui
1184 1587 1395 1641 nonnisi
1442 1589 1647 1658 meritis
1685 1605 1823 1658 prae-

241 1654 566 1712 cedentibus
589 1654 765 1719 datur,
796 1671 902 1710 non
929 1654 1166 1708 divinum
1189 1672 1404 1724 munus,
1427 1657 1522 1711 sed
1550 1654 1827 1712 luere'dita-

242 1729 383 1782 rium
414 1733 608 1796 putant
633 1741 754 1780 esse
779 1725 1178 1796 compendium,
1209 1734 1266 1780 et
1287 1726 1533 1792 credunt,
1574 1728 1710 1781 sicut
1741 1742 1826 1781 res

239 1794 474 1851 caducas
497 1805 660 1864 atque
681 1796 937 1864 mortales
952 1837 965 1859 ,
993 1794 1063 1847 ita
1094 1796 1478 1863 sacerdotium,
1502 1797 1648 1852 velut
1669 1797 1825 1864 legali

240 1875 334 1920 aut
365 1863 772 1936 testamentario
809 1863 931 1932 jure
960 1877 1120 1936 posse
1149 1864 1364 1920 dimitti.
1412 1866 1543 1920 Nam
1583 1863 1825 1936 plerique

242 1935 555 1990 sacerdotes
592 1934 646 1988 in
693 1936 881 1988 ntortis
922 1935 1155 1989 conﬁnio
1213 1936 1492 1990 constituti
1548 1934 1600 1991 in
1648 1934 1824 1991 locum

241 2021 397 2061 suum
427 2003 670 2058 feruntur
695 2004 1143 2075 aliosidesignatis
1172 2005 1477 2060 nominibus
1504 2007 1783 2075 subrogari
1810 2025 1823 2059 :

242 2085 300 2128 nt
330 2075 539 2129 scilicet
569 2090 672 2143 non
705 2073 942 2142 legitima
984 2082 1328 2143 exspectetur
1355 2077 1567 2142 electio,
1607 2073 1700 2131 sed
1729 2077 1827 2130 de-

243 2143 410 2198 funrti
440 2141 881 2212 gratiﬁcatio’pro
911 2141 1096 2213 populi
1123 2145 1384 2199 habeatur
1404 2141 1645 2201 assensu.
1672 2145 1827 2212 Quod

242 2230 404 2282 quam
433 2229 596 2278 grave
617 2215 686 2268 sit
706 2214 965 2285 aestimate
991 2230 1002 2264 :
1029 2222 1188 2281 atque
1210 2213 1355 2285 ideo,
1385 2216 1428 2268 si
1451 2217 1644 2285 placet,
1667 2217 1828 2269 etiam

242 2285 385 2338 hanc
435 2285 703 2338 licentiam
743 2284 1068 2350 generaliter
1095 2285 1162 2337 de
1209 2282 1465 2338 Ecelesiis
1502 2282 1826 2352 auferamus,

243 2370 337 2419 ne,
361 2354 507 2422 quod
533 2362 693 2423 turpe
706 2353 855 2423 dictu
877 2361 978 2418 est,
1011 2353 1317 2422 hujusmodi
1345 2369 1404 2408 se
1431 2363 1581 2423 putet
1608 2355 1824 2419 debere,

242 2421 392 2491 quod
420 2423 513 2477 Dei
543 2421 644 2477 est.
679 2421 746 2476 Ut
774 2433 954 2477 autem
984 2421 1128 2492 quod
1156 2423 1223 2476 ad
1275 2439 1372 2479 nos
1408 2421 1683 2492 perlatum
1726 2433 1827 2488 est,

242 2493 310 2547 ad
340 2502 576 2547 vestram
607 2493 768 2547 etiam
806 2493 976 2560 possit
1014 2493 1295 2560 pervenire
1341 2494 1603 2557 notitiam,
1637 2493 1830 2562 Hispa-

243 2579 439 2617 norum
466 2562 690 2634 fratrum
718 2571 772 2616 et
800 2562 1252 2634 coepiscoporum
1275 2571 1583 2618 nostrorqu
1627 2565 1827 2634 scripta

244 2634 518 2702 legantur.
548 2631 743 2686 Paulus
771 2633 1012 2688 notarius
1038 2633 1300 2688 recitavit.

319 2703 670 2767 Beatissimo,
721 2710 774 2757 et
814 2703 1106 2770 apostolica
1155 2703 1457 2758 reverentia
1501 2718 1530 2757 a
1577 2702 1732 2759 nobis
1778 2702 1834 2757 in

245 2774 463 2829 Christo
493 2771 718 2842 celendo
758 2787 910 2842 papa:
949 2771 1131 2826 Hilaro
1161 2772 1444 2839 Ascanius,
1498 2782 1553 2828 et
1600 2773 1836 2830 universi

245 2842 490 2915 episcopi
515 2841 934 2915 Tarraconensis
960 2843 1267 2915 provinciae,
1417 2910 1421 2915 ι

318 2911 490 2980 Quain
505 2927 689 2967 curam
701 2911 1033 2982 apostolatus
1043 2921 1220 2967 vester
1231 2911 1300 2968 de
1309 2911 1701 2982 provinciarum
1717 2927 1834 2966 sua-

248 2999 367 3039 rum
397 2982 772 3038 sacerdotibus
785 2991 956 3049 gerat,
980 2980 1086 3050 lilio
1109 2992 1295 3044 nostro
1313 2980 1506 3037 illustri
1533 2982 1834 3050 Vincentio,

250 3057 389 3109 duce
434 3052 723 3121 provincia:
746 3060 960 3117 nostra,
986 3049 1253 3108 referente
1278 3054 1649 3122 cognovimus,
1681 3049 1834 3118 cujus

250 3123 486 3193 impulsu
501 3129 682 3176 votum
701 3129 948 3193 nostrum
974 3123 1026 3193 in
1048 3138 1179 3193 ausu
1197 3123 1464 3178 scribendi
1480 3139 1646 3192 prona
1673 3127 1836 3176 devo-

1857 1848 1902 1906 Β

1927 558 1982 598 ιιι
2015 546 2326 598 humilitatis
2357 555 2550 598 nostra?
2580 547 2718 613 quod
2759 547 2902 615 juste
2932 563 2961 600 a
2993 549 3144 602 nobis
3172 548 3382 600 videtur
3409 548 3490 600 fa-

1923 623 2068 668 ctum
2093 657 2108 678 ,
2143 625 2314 668 vestra
2349 616 2666 668 auctoritate
2697 616 2935 671 lirmetis.
2977 616 3093 670 Jam
3121 618 3322 670 dudum
3365 633 3497 672 sane

1923 687 2096 756 questi
2127 684 2418 756 fueramus
2478 686 2667 756 litteris
2716 688 2914 740 nostris
2952 687 3024 740 de
3078 689 3495 756 prmsumptione

1923 754 2140 824 Sylvani
2163 754 2430 823 episcopi,
2463 764 2516 808 et
2545 755 2798 808 miramur
2824 757 2964 824 quod
2992 756 3134 809 nulla
3164 754 3496 824 apostolatus

1921 825 2084 876 vestri
2116 839 2367 892 responsa
2397 824 2756 892 suscepimus;
2789 841 2929 880 nunc
2955 826 3067 880 haec
3090 827 3273 879 eadem
3303 839 3495 893 sugge—

1923 901 2105 946 rentes
2133 895 2381 961 pctimus,
2409 901 2466 946 ut
2488 895 2612 960 quid
2641 909 2799 962 super
2821 895 2904 949 his
2922 896 3082 948 rebus
3104 897 3492 949 observandum

1922 962 2011 1029 sit,
2039 965 2348 1032 apostolicis
2367 964 2704 1018 sermonibus
2735 981 2830 1019 nos
2851 965 3137 1032 dignemini
3163 965 3451 1020 informare
3477 983 3490 1018 :

1923 1041 1980 1104 et
2010 1048 2075 1086 ne,
2104 1033 2323 1086 forsitan
2363 1049 2480 1104 per
2502 1034 2872 1104 negligentiam
2916 1036 3192 1103 portitoris
3216 1076 3230 1095 .
3273 1045 3365 1088 aut
3400 1051 3496 1104 per

1925 1103 2198 1170 longinqui
2231 1103 2433 1158 itineris
2456 1100 2819 1157 difﬁcultatem
2863 1100 3176 1158 humilitatis
3205 1100 3494 1157 nostrm'ad

1924 1188 2021 1226 vos
2050 1174 2247 1242 scripta
2276 1189 2380 1225 non
2412 1172 2683 1241 potuerint
2720 1189 2783 1226 ex
2817 1174 2919 1228 hoc
2948 1175 3165 1240 negotio
3194 1173 3492 1242 pervenire,

1925 1243 2086 1296 etiam
2126 1243 2520 1310 suggestionem
2566 1250 2800 1294 nostram
2846 1243 3130 1297 maluimus
3164 1245 3378 1296 iterare.
3431 1242 3497 1295 Et

1924 1309 2261 1380 subscriptio.
2291 1309 2543 1365 Orantem
2565 1327 2662 1379 pro
2693 1313 2845 1366 nobis
2865 1321 3106 1365 sanctum
3137 1313 3494 1380 apostolatum

1925 1390 2162 1434 vestrum
2197 1380 2306 1449 jugi
2351 1396 2468 1435 {evo
2496 1381 2672 1434 divina
2715 1390 3000 1435 conservet
3027 1385 3296 1436 (eternitas
3342 1381 3496 1435 nobis

1927 1449 2194 1512 omnibus,
2227 1458 2283 1504 et
2332 1449 2582 1504 Ecclesia”:
2627 1465 2757 1514 sum,
2787 1451 3001 1505 domine
3040 1467 3166 1505 vere
3211 1461 3411 1514 noster,
3442 1460 3498 1503 et

1927 1520 2225 1590 apostolice
2268 1519 2685 1590 papatl-l-ilarus
2714 1522 2998 1589 episcopus
3024 1520 3157 1574 dixit
3190 1539 3201 1572 :
3235 1521 3348 1590 Alia
3377 1521 3494 1588 epi-

1927 1590 2064 1643 stola
2113 1590 2387 1644 recitctur.
2441 1589 2633 1646 Paulus
2676 1591 2912 1643 notarius
2955 1591 3218 1644 recitavit.
3273 1589 3498 1642 Domino

1927 1659 2257 1726 beatissimo,
2283 1668 2338 1714 et
2365 1659 2658 1728 aposiolica
2688 1660 2984 1714 reverentia
3015 1676 3045 1713 a
3077 1661 3230 1713 nobis
3259 1661 3310 1712 in
3342 1660 3494 1714 Chri-

1927 1738 2014 1782 sto
2054 1729 2281 1783 colendo
2319 1727 2469 1798 papae
2499 1727 2680 1783 llilaro
2717 1729 3001 1793 Ascanius,
3035 1738 3090 1784 et
3127 1730 3360 1784 universi
3388 1728 3499 1796 epi-

1929 1799 2076 1868 scopi
2107 1798 2520 1852 Tarraconensis
2558 1800 2863 1866 provineiie.
2916 1799 3026 1852 Etsi
3076 1799 3218 1852 nulla
3265 1806 3502 1852 exstaret

1929 1869 2224 1924 necessitas
2253 1868 2629 1922 ecclesiasticis
2658 1869 2949 1937 disciplinae
2969 1912 2983 1934 ,
3028 1869 3387 1937 expetendum
3417 1883 3502 1920 re-

1927 1953 2055 1992 vera
2090 1937 2240 1993 nobis
2270 1938 2439 1991 fuerat
2468 1937 2595 1990 illud
2622 1938 2954 2006 privilegium
2983 1939 3123 1992 sedis
3151 1945 3363 2002 vestrm,
3395 1952 3502 2004 quo

1933 2009 2196 2078 susceptis
2226 2008 2372 2073 regni
2403 2007 2660 2071 clavibus,
2696 2018 2816 2078 post
2847 2009 3291 2078 resurrectionem
3319 2006 3505 2078 Salva-

1931 2080 2062 2133 toris
2097 2077 2206 2146 per
2247 2085 2417 2130 totum
2463 2078 2645 2130 orbem
2694 2077 2989 2146 beatissimi
3037 2077 3178 2132 Petri
3225 2077 3506 2144 singularis

1930 2145 2241 2230 prmdicatio
2272 2147 2639 2230 universorum
2671 2145 3044 2230 iliuininationi
3084 2147 3380 2228 prospexit,
3412 2161 3506 2230 (ξυι-

1924 2215 2014 2287 jus
2052 2217 2240 2270 vicarii
2287 2216 2646 2284 principatus,
2677 2217 2814 2287 sicut
2841 2216 3059 2287 eminet,
3087 2215 3163 2270 ita
3193 2215 3506 2287 metuendus

1929 2284 2012 2344 est
2040 2288 2108 2340 ab
2148 2287 2396 2340 omnibus
2436 2293 2490 2338 ct
2531 2285 2808 2338 amandus.
2855 2284 3083 2340 Proinde
3121 2301 3220 2340 nos
3258 2284 3423 2338 Deum
3454 2287 3506 2338 in

1932 2357 2084 2410 vobis
2103 2355 2351 2425 primitus
2372 2353 2680 2425 adorantes,
2702 2354 2784 2408 cui
2811 2355 2926 2411 sine
2945 2356 3161 2423 querela
3186 2354 3417 2425 servitis,
3441 2353 3507 2408 ad

1933 2426 2090 2480 fidem
2105 2423 2450 2479 ﬁrecurrimus
2477 2424 2772 2491 apostolico
2808 2439 2904 2478 ore
2933 2425 3198 2479 laudatam
3237 2423 3415 2493 (Rom.
3441 2425 3506 2491 ι),

1932 2497 2054 2551 inde
2102 2509 2362 2563 responsa
2403 2503 2705 2562 qumrentes
2727 2533 2740 2555 ,
2777 2495 2917 2547 unde
2960 2495 3090 2548 nihil
3120 2508 3301 2548 errore
3327 2535 3342 2557 ,
3375 2493 3508 2563 nihil

1931 2562 2352 2637 priusumptione
2384 2581 2398 2616 :
2430 2563 2525 2637 sed
2569 2563 2862 2637 pontilieali
2911 2571 3080 2618 totum
3124 2562 3510 2637 deliberatione

1932 2633 2422 2707 prmcipit’urrCum
2453 2633 2668 2707 hmc‘ita
2688 2648 2747 2686 se
2776 2634 3027 2707 habeant,
3055 2641 3137 2688 est
3167 2633 3512 2707 iameninter

1936 2701 2034 2761 nos
2064 2701 2228 2760 falsus
2258 2703 2423 2758 frater
2445 2741 2460 2766 ,
2506 2701 2659 2772 cujus
2693 2704 3108 2772 praisumptioue
3136 2704 3274 2757 sicut
3315 2702 3512 2755 diutius

1933 2785 2117 2831 tacere
2145 2789 2250 2829 non
2275 2773 2442 2837 licuit,
2473 2772 2544 2826 ita
2571 2779 2625 2825 et
2649 2771 2795 2839 loqui
2824 2771 2984 2827 futuri
3009 2772 3193 2841 judicii
3225 2774 3512 2826 necessitas

1934 2844 2234 2916 imperavit.
2274 2843 2538 2915 Sylvanus
2565 2841 2800 2916 quidem,
2832 2843 3114 2916 episcopus
3141 2842 3512 2916 Calagunc,_in

1935 2911 2119 2972 ultima
2150 2921 2304 2985 parte
2317 2911 2521 2985 nostra:
2547 2911 2832 2985 provincia:
2858 2911 3202 2985 eonstitutus,
3231 2911 3509 2965 divinatio-

1935 3001 2031 3040 nes
2060 2981 2167 3040 sibi
2202 2983 2470 3038 indebitas
2515 2983 2821 3050 usurpando
2868 2981 3222 3036 humilitatem
3277 2992 3512 3034 nostram

1935 3056 2003 3110 ad
2034 3057 2137 3110 hoc
2166 3069 2335 3122 usque
2364 3050 2652 3122 perduxit,
2699 3060 2971 3107 utcontra
3016 3053 3131 3120 ejus
3171 3051 3512 3122 vanissimam

1935 3119 2388 3195 superstitionem,
2419 3122 2560 3176 sedis
2579 3129 2777 3195 vestrm
2808 3122 3022 3176 unicum
3046 3119 3343 3175 remedium
3367 3119 3511 3186 ﬂagi-

251 3190 402 3268 tioue
417 3193 674 3246 surrexit.
699 3191 1173 3268 Ergoprovinciali
1189 3190 1716 3268 litterariosermone
1742 3193 1836 3246 de-
1862 3205 1908 3268 ο
1939 3190 2131 3268 teinus.
2180 3190 2280 3247 [lie
2309 3205 2539 3259 namque
2571 3191 2682 3260 jam
2724 3198 2854 3268 ante
2882 3199 3090 3260 septem
3115 3199 3215 3268 aut
3241 3199 3366 3244 octo
3398 3205 3513 3242 ain-

252 3265 362 3318 bita
382 3275 600 3318 coronat:
612 3271 800 3316 vestra:
812 3261 1067 3330 obsequia
1080 3261 1400 3332 deferentes,
1415 3264 1496 3317 his
1511 3277 1834 3332 quaisumus,

253 3345 312 3388 ut
331 3332 641 3400 dignatione
660 3347 763 3400 qtta
784 3340 1008 3386 cmteros
1027 3332 1187 3386 etiam
1212 3331 1568 3386 humilitatem
1597 3342 1836 3386 nostram

255 3405 307 3457 in
347 3403 687 3456 orationibus
727 3402 918 3456 vestris
962 3402 1014 3455 in
1060 3412 1240 3457 mente
1285 3403 1487 3456 habere
1524 3402 1834 3469 dignemini,

254 3473 566 3528 beatissima
613 3482 669 3526 et
705 3472 998 3540 apostolica
1033 3472 1334 3527 reverentia
1365 3473 1417 3526 in
1442 3471 1656 3527 Christo
1684 3486 1714 3525 a
1743 3487 1839 3526 n.0-

256 3545 366 3607 bis,
399 3540 626 3598 colende
657 3550 840 3611 pater,
879 3540 1004 3611 illud
1043 3542 1326 3611 specialius
1364 3543 1748 3611 deprecantes,
1781 3550 1841 3595 ut

257 3616 461 3667 factum
495 3610 757 3675 nostrum,
786 3610 930 3682 quod
959 3610 1080 3664 tam
1099 3618 1225 3667 voto
1253 3627 1390 3682 pene
1420 3610 1594 3666 omnis
1622 3612 1840 3680 provin-

257 3686 355 3738 ciae
377 3724 394 3748 ,
423 3696 588 3751 quam
626 3680 876 3748 exemplo
904 3683 1185 3735 vetustatis
1224 3680 1277 3735 in
1320 3682 1566 3736 notitiam
1603 3689 1837 3736 vestram

257 3751 532 3815 defertur,
584 3752 863 3822 perpensis
908 3751 1292 3822 assertionibus
1336 3751 1535 3806 nostris
1567 3752 1841 3822 eroborare

260 3819 821 3890 digneminifEtcum
849 3819 1070 3889 legeret,
1104 3821 1171 3890 ab
1201 3822 1464 3876 universis
1493 3820 1760 3890 episcopis
1788 3828 1843 3874 et

261 3888 594 3964 presbyteris
615 3888 971 3964 acclamatum
995 3899 1082 3964 est
1101 3907 1114 3942 ε
1143 3888 1369 3956 Exaudi,
1395 3888 1628 3964 Christe,
1659 3888 1842 3944 liilaro

261 3956 390 4025 vita,
427 3956 652 4016 'dictum
687 3969 770 4016 est
796 3959 995 4014 decies.
1037 3956 1165 4030 i—izec
1199 3962 1542 4030 pra-sumptio
1571 3956 1843 4030 nunquam

261 4035 354 4086 liat
378 4072 393 4092 .
425 4031 629 4086 dictum
660 4039 742 4086 est
779 4031 973 4084 sexies.
1023 4027 1152 4096 Quae
1200 4027 1295 4085 Dei
1334 4027 1486 4096 sunt,
1519 4031 1585 4085 ab
1626 4027 1844 4085 homine

260 4103 377 4172 dari
409 4117 518 4155 non
557 4109 814 4172 possunt,
857 4099 1060 4154 dictum
1099 4108 1180 4154 est
1217 4102 1413 4172 sexies.
1461 4100 1561 4156 Per
1587 4099 1843 4172 domuum

260 4171 484 4227 Petrqu
509 4171 566 4225 ut
587 4172 640 4225 in
666 4177 981 4240 perpetuum
1004 4179 1300 4240 serventur,
1323 4171 1524 4226 dictum
1546 4179 1629 4224 est
1649 4171 1840 4226 sexies.

262 4241 387 4311 Hzec
406 4252 466 4296 ut
489 4239 825 4295 reserventur
846 4254 1116 4311 rogamus.
1140 4239 1352 4311 Hilarus
1371 4242 1656 4311 episcopus
1677 4240 1842 4293 dixit:

261 4310 424 4379 Lege.
464 4311 660 4365 Paulus
693 4310 934 4364 notarius
962 4311 1226 4380 recitavit.
1261 4309 1571 4380 Episcopus
1586 4309 1844 4380 Barcino-

264 4384 514 4436 nensium
543 4382 775 4434 civitatis
801 4388 1019 4434 sanctus
1055 4379 1406 4434 Nundinatius
1435 4389 1634 4435 sortem
1664 4379 1848 4448 exple-

264 4453 338 4504 vit
370 4452 698 4520 conditionis
730 4452 993 4514 humanm,
1027 4450 1113 4504 hic
1141 4451 1395 4520 episcopo
1422 4450 1713 4505 venerabili
1743 4448 1847 4502 fra-

266 4525 330 4576 tri
365 4531 557 4575 nostro
587 4519 788 4574 lrenmo
814 4559 828 4583 ,
869 4533 1028 4588 quem
1078 4521 1191 4590 ipse
1220 4519 1392 4590 antea
1424 4521 1475 4574 in
1505 4519 1723 4590 dioecesi
1752 4535 1846 4590 sua

1940 3266 2085 3348 pliuos‘
2107 3278 2310 3348 armes,
2343 3259 2678 3348 postponens
2724 3259 3312 3348 Patrtim_'_regulas-,let
3339 3271 3516 3341 vestra

1942 3331 2184 3390 instituta
2214 3331 2514 3400 despiciens
2551 3331 2709 3386 nullis
2750 3331 3055 3400 petentibus
3083 3331 3293 3400 pupulis
3321 3331 3516 3399 cpisco-

1983 3421 2066 3457 tnn
2091 3403 2381 3468 ordinavit,
2434 3403 2586 3471 cujus
2613 3417 2900 3471 properttm
2930 3400 3124 3455 factum
3156 3401 3518 3455 existimantes

1962 3475 2178 3528 'raterna
2219 3481 2275 3526 et
2324 3470 2544 3542 pacifica
2575 3470 2732 3540 posse
2761 3471 3125 3524 admonitione
3153 3471 3363 3531 sanari,
3399 3484 3516 3537 pro-

1942 3543 2068 3599 fecit
2095 3543 2148 3596 in
2177 3541 2349 3612 pejus.
2396 3541 2635 3612 Denique
2659 3549 2853 3612 contra
2875 3549 3193 3612 vetustatem
3224 3553 3515 3612 canonum,

1943 3621 2129 3683 contra
2160 3609 2349 3683 synodi
2385 3611 2673 3666 constituta
2704 3610 2922 3662 alterius
2944 3609 3140 3683 _fra_tris
3171 3609 3337 3662 nostri
3367 3623 3518 3683 pres-

1942 3682 2114 3754 byteri
2137 3677 2624 3754 ,_spiritu_taniurtt
2655 3678 3082 3754 pnesumptionis
3110 3693 3405 3754 accensus,
3466 3677 3521 3730 in

1944 3746 2135 3808 eodem
2165 3746 2285 3805 loco
2324 3751 2416 3819 qui
2449 3749 2526 3802 illi
2572 3746 2744 3803 fuerat
2773 3746 3068 3802 destinatus
3091 3786 3105 3808 ,
3138 3749 3221 3802 cui
3268 3748 3436 3819 invito
3465 3757 3519 3800 et

1945 3820 2264 3904 repugnanti
2288 3817 2618 3888 imposuerat
2640 3833 2848 3898 manus,
2879 3826 2935 3872 et
2959 3819 3046 3904 qui
3072 3827 3255 3904 ρος.ιίςο
3278 3817 3388 3904 jain
3411 3831 3520 3870 ca:-

1947 3885 2025 3946 tui
2055 3885 2232 3945 fuerat
2260 3885 2606 3958 aggregatus,
2645 3888 2956 3957 episcopum
2980 3885 3129 3958 fecit.
3164 3885 3296 3942 liinc
3329 3886 3521 3958 factum

1948 3971 2032 4018 est
2062 3969 2119 4017 ut
2143 3961 2211 4015 de
2239 3956 2688 4030 ejusm’iserrima
2712 3959 3015 4030 temeritate
3061 3957 3127 4010 ad
3175 3972 3273 4010 nos
3319 3956 3521 4030 (i:esar~

1948 4027 2452 4098 augustame'urbis
2494 4028 2778 4098 episcopus
2824 4027 2990 4098 frater
3039 4035 3220 4082 noster
3275 4027 3521 4098 universa

1949 4094 2212 4166 referret,
2261 4099 2414 4169 cujus
2464 4094 2736 4169 diligentia
2783 4106 2842 4169 et
2881 4097 3186 4169 sollicitudo
3215 4094 3522 4169 admodum

1949 4165 2397 4252 prospexera‘t,15i
2427 4169 2481 4223 in
2511 4165 2690 4252 aliquo
2718 4167 3024 4249 profuisset.
3079 4165 3524 4252 Siquidemc‘tinf

1951 4235 2052 4296 etis
2082 4235 2149 4295 in
2194 4239 2389 4308 vicinia
2434 4235 2622 4308 positis
2648 4235 2945 4308 episcopis,
2978 4252 3046 4308 ne
3081 4252 3140 4308 se
3183 4235 3524 4308 schismatico

1952 4311 2335 4380 adjungerent,
2355 4305 3141 4380 frequentissimecontradixit.
3167 4306 3261 4362 sed
3289 4305 3525 4380 obstina:

1954 4374 2099 4435 tione
2121 4374 2416 4435 damnabili
2447 4374 2619 4432 totum
2657 4377 2799 4448 quod
2842 4385 2959 4431 erat
2989 4377 3227 4448 illicitum
3251 4383 3353 4448 ,__et
3381 4374 3524 4441 quod

1955 4451 2109 4505 nobis
2137 4449 2309 4519 pudor
2357 4457 2439 4519 est
2475 4443 2810 4519 dicerefnon
2850 4447 3061 4519 erubuit
3087 4445 3234 4519 solus
3259 4443 3348 4497 ille
3375 4458 3526 4519 cont-

1957 4511 2192 4576 mittere.
2217 4517 2446 4572 Proinde
2466 4518 2588 4586 quia
2612 4517 2692 4570 his
2721 4513 3397 4586 pra'sutnptionibus,qum_
3413 4511 3528 4586 uni-

267 4593 424 4645 nohis
455 4592 758 4644 volentibus
786 4581 1170 4654 consuluerat,
1200 4589 1574 4659 derelinquens
1601 4589 1676 4659 ei,
1705 4588 1847 4659 quod
1881 4590 1929 4650 D
1955 4599 2118 4645 tatem
2148 4588 2405 4650 dividunt,
2429 4581 2547 4657 qua:
2576 4581 2806 4659 schisina
2837 4581 3056 4649 faciunt,
3087 4583 3343 4659 velociter
3367 4581 3525 4635 debet

265 4663 442 4732 puluil
470 4661 668 4715 habere
690 4670 985 4732 paupertas
1003 4675 1265 4728 supremae
1293 4658 1582 4732 voluntatis
1609 4658 1847 4732 arbitrio,

265 4727 318 4785 in
345 4734 524 4786 locum
555 4727 706 4784 suum
736 4727 1251 4792 ut’substilueretur,
1285 4731 1507 4798 optavit,
1541 4729 1634 4798 sed
1663 4727 1852 4781 defun-

263 4802 618 4866 ctijti.:iciu1n
651 4802 702 4853 in
733 4799 849 4867 ejus
894 4801 1142 4853 meritum
1187 4816 1290 4852 non
1327 4797 1574 4853 vacillat.
1623 4797 1690 4850 Et
1725 4814 1847 4852 cum

268 4874 509 4936 legeret,
540 4869 746 4923 Probus
774 4871 1058 4938 cpiscopus
1088 4885 1118 4922 e
1146 4885 1398 4925 consessu
1427 4883 1651 4937 surgens
1678 4867 1810 4922 dixit
1836 4885 1848 4920 :

267 4942 403 4995 Illud
431 4939 602 5004 licuit,
627 4940 730 4994 hoc
750 4955 854 4993 non
885 4939 1053 4992 licuit.
1077 4938 1430 4994 Successores
1450 4938 1590 4993 Deus
1616 4938 1726 5000 dat,
1758 4953 1855 4991 au-

266 5011 527 5066 ctoritate
566 5016 743 5062 vestra
781 5007 1015 5062 resistite
1058 5008 1184 5062 huic
1228 5010 1448 5077 reiper
1492 5008 1849 5077 apostolatum

267 5090 531 5147 vestrum.
565 5077 776 5132 Hilarus
803 5079 1088 5147 episcopus
1115 5078 1250 5133 dixit
1276 5096 1286 5130 :
1314 5076 1573 5133 Percurre
1597 5092 1716 5146 qua:
1745 5092 1855 5132 c03-

267 5166 451 5221 peras.
488 5145 682 5221 Paulus
706 5145 945 5221 notarius
969 5145 1529 5221 recitavit.,Siquidei_n
1551 5145 1724 5221 omnis
1747 5147 1856 5221 cie-‘-

267 5217 386 5283 i'us,
418 5227 475 5272 et
497 5218 644 5286 plebs
678 5217 913 5286 ejusdem
942 5218 1204 5284 civitatis,
1232 5227 1286 5272 et
1313 5219 1530 5286 optimi,
1560 5226 1614 5271 et
1642 5217 1853 5286 plurimi

269 5289 651 5361 provinciales,
675 5297 734 5361 ut
763 5289 900 5341 idem
930 5287 1048 5355 ejus
1076 5288 1252 5344 locqu
1277 5289 1607 5361 observaret.
1636 5303 1670 5361 _a
1694 5286 1855 5361 _nobis_

270 5354 632 5429 iperaverunt
665 5358 792 5411 dato
826 5354 1126 5429 consensu,
1165 5371 1266 5412 nos
1295 5359 1590 5426 cogitantes
1618 5354 1855 5429 defunrti

259 5426 564 5502 judicium,
595 5437 648 5482 et
673 5429 964 5502 probantes
991 5427 1109 5496 ejus
1139 5429 1298 5502 vitam
1317 5467 1331 5492 ,
1363 5437 1418 5502 et
1447 5443 1634 5502 eorum
1664 5426 1856 5502 nobili-

271 5495 448 5554 tatem
496 5507 657 5566 atque
676 5495 1100 5563 'tnultitudinein,
1139 5498 1231 5566 qui
1273 5499 1556 5566 petebant,
1593 5495 1751 5566 simul
1802 5503 1858 5552 et

273 5565 586 5631 utilitatem,
620 5566 871 5622 Ecclesia:
900 5565 1238 5638 memoratas,
1271 5565 1531 5638 optimum
1562 5565 1809 5621 duximus
1842 5583 1854 5617 :

272 5648 335 5694 ut
371 5647 526 5692 tanto
565 5639 832 5691 sacerdoti
861 5677 874 5700 ,
919 5638 1011 5706 qui
1041 5637 1107 5690 ad
1137 5637 1319 5693 divina
1347 5639 1668 5707 migraverat
1692 5677 1708 5702 ,
1751 5652 1859 5691 non

274 5708 510 5777 minoris
532 5707 705 5760 meriti
723 5707 1134 5777 substitueretur
1153 5711 1395 5771 antistes,
1423 5706 1718 5777 prmserlim
1739 5721 1860 5760 cunt

269 5776 521 5832 Ecclesia
543 5777 683 5829 illius
705 5776 996 5843 municipii.
1025 5777 1074 5828 in
1099 5793 1200 5845 qua
1223 5791 1347 5838 ante
1371 5776 1542 5832 fuerat
1565 5776 1858 5838 ordinatus,

276 5862 502 5919 semper
528 5845 685 5916 hujus
711 5848 943 5900 civitatis
973 5845 1212 5910 Ecclesite
1245 5853 1407 5910 fuisse
1456 5847 1700 5903 dimtcsis
1730 5863 1860 5902 con-

1954 4659 2162 4714 oecurri
2189 4698 2204 4722 ,
2245 4651 2545 4726 quzesumus
2573 4656 2756 4726 sedem
2785 4662 3060 4726 vestram,
3093 4663 3155 4726 ut
3193 4651 3338 4726 quod
3367 4665 3526 4726 super

1954 4667 2162 4714 occurri
2189 4698 2204 4722 ,
2245 4670 2545 4726 quzesumus
2573 4667 2756 4709 sedem
2785 4667 3017 4708 vestram
3045 4694 3060 4719 ,
3098 4667 3155 4705 ιιι
3193 4667 3338 4774 alma
3367 4667 3526 4718 super

1954 4729 2056 4784 hac
2083 4735 2234 4797 parte
2263 4727 2552 4781 observare
2578 4724 2755 4798 velitis
2782 4722 3136 4798 ,_apostol_i_cis
3166 4737 3193 4774 a
3231 4721 3410 4798 'atibus
3449 4720 3529 4798 in-

1953 4789 2258 4864 struamur,
2297 4803 2562 4864 quatenus
2601 4789 3186 4864 fraternitatecollecta
3216 4789 3438 4864 prolatis
3475 4789 3527 4864 in

1959 4868 2195 4922 medium
2226 4859 2541 4921 veneranda:
2569 4863 2757 4934 synodi
2781 4862 3104 4934 constitutis,
3135 4859 3336 4934 contra-
3358 4859 3533 4913 rebel-

1955 4936 2111 4992 lionis
2138 4937 2384 5006 spiritum
2405 4943 2581 5006 vestra
2600 4929 2934 5006 auctoritate
2953 4932 3193 5006 subnixi,
3213 4929 3344 5006 quid
3367 4945 3531 5006 opor-

1957 5016 2087 5074 teat,
2119 5001 2182 5060 ρι’
2201 5007 2266 5059 de
2295 5005 2650 5069 ordinatione,
2681 5012 2736 5058 et
2767 5004 2835 5057 de
2885 5001 3129 5074 ordinato
3164 5002 3300 5074 lieri.
3333 5001 3531 5053 intelli-

1959 5071 2086 5145 gere
2133 5075 2244 5131 Deo
2291 5075 2513 5145 juvantc
2558 5074 2844 5144 possimus.
2903 5071 3019 5145 Erit
3064 5073 3307 5145 profecto
3355 5078 3534 5145 vester

1957 5139 2259 5215 friumphus
2285 5139 2308 5209 ξ
2331 5146 2374 5198 si
2416 5139 2746 5215 apostolatus
2791 5142 2956 5215 vestri
2993 5139 3320 5215 temporibus
3346 5139 3534 5215 ,__qu_od

1957 5209 2136 5271 sancti"
2156 5215 2297 5270 Petri
2329 5209 2581 5269 cathedra
2607 5215 2830 5276 obtinet,
2857 5209 3120 5267 catholica
3144 5211 3323 5265 audiat
3352 5209 3536 5263 Eccle-

1957 5288 2035 5342 sia
2058 5326 2073 5350 ,
2101 5287 2145 5342 si
2175 5285 2382 5341 novella
2411 5286 2733 5339 zizaniorum
2763 5282 2967 5338 semina
2997 5281 3194 5336 fuerint
3221 5281 3530 5347 exstirpata.

1963 5356 2029 5410 Et
2054 5355 2399 5426 subscriptio.
2436 5357 2698 5426 Orantem
2727 5369 2826 5426 pro
2851 5353 3006 5407 nobis
3033 5363 3278 5406 sanctum
3315 5355 3534 5426 aposto-

1965 5427 2131 5481 latum
2163 5423 2398 5481 vestrum
2425 5425 2536 5493 jngi
2565 5440 2679 5479 mvo
2707 5423 2885 5478 divina
2915 5429 3200 5493 conservet
3242 5423 3534 5493 a2_ternitas.

1966 5497 2046 5551 Ab
2082 5497 2345 5566 universis
2390 5489 2655 5566 episcopis
2702 5501 2758 5548 et
2806 5491 3134 5566 presbyteris
3184 5489 3537 5566 acclamatum

1963 5575 2048 5620 cst
2073 5585 2084 5618 :
2115 5565 2310 5622 Uthaec
2336 5561 2691 5620 emendentur
2718 5561 2988 5630 rogamus,
3011 5561 3212 5614 dictum
3235 5565 3317 5612 est
3337 5561 3535 5630 sexies.

1971 5634 2040 5689 Ut
2068 5621 2182 5690 haic
2215 5643 2524 5690 resecentur
2549 5621 2838 5700 rogamus,
2872 5621 3074 5700 dictum
3104 5636 3187 5700 est
3219 5625 3438 5700 septies.
3473 5621 3542 5677 Ut

1968 5707 2248 5776 disciplina
2283 5714 2524 5759 servetur
2553 5693 3051 5776 roganinsrdictum
3080 5693 3375 5776 octies.r_l‘l‘t
3404 5701 3539 5776 antr-

1969 5763 2146 5842 quita's
2191 5786 2433 5828 servetur
2473 5763 2718 5841 rogamus
2742 5809 2754 5830 ,
2803 5768 3002 5842 dictum
3038 5767 3256 5834 septies.
3295 5763 3360 5842 Ut
3393 5763 3545 5842 disci-

1972 5835 2125 5912 plina
2157 5844 2274 5910 (ait)
2325 5835 2564 5898 servetur
2587 5853 2859 5906 rogamus,
2892 5836 3095 5890 dictum
3123 5843 3206 5892 est
3241 5835 3543 5906 quinquies.
