3988 6344
503 404 609 460 319

1352 405 1694 462 ΑΡΡΕΝΩΙΧ
1731 406 1821 460 AD
1857 403 2378 476 COLLECTIQNEM
2417 402 2900 458 DlONYSlANAM.

3643 375 3732 453 δελ)

505 518 578 573 llt
615 533 848 575 canones
884 519 1252 575 custodiantur
1301 532 1586 586 rogamus,
1625 519 1824 576 dictum
1865 528 1948 572 est
1983 533 2070 574 se-
2103 521 2154 580 Α
2178 526 2238 572 ut
2274 516 2406 571 nihil
2454 515 2710 586 deinceps
2755 523 2944 570 contra
2991 521 3254 583 praecepta
3301 512 3463 586 beati
3492 513 3734 584 Apostoli,

499 591 658 658 pties.
719 588 788 644 Ut
831 591 884 644 in
930 588 1405 659 praesumptoribus
1446 587 1750 659 vindicetur
1797 601 2069 659 rogamus,

500 657 705 713 dictum
751 669 835 714 est
894 657 1112 727 septies.
1162 657 1444 727 Ordinatio
1507 657 1805 727 aposiolica
1869 658 2072 712 illibata

496 737 756 792 servetur,
784 725 983 783 dictum
1011 736 1095 784 est
1127 729 1316 784 octies.
1372 725 1596 790 Exaudi,
1627 725 1856 788 Christe,
1891 727 2075 782 Hilaro

497 798 624 858 vita,
654 798 852 851 dictum
881 806 963 853 est
989 798 1294 866 quinquies.
1339 796 1540 866 Dignus
1568 811 1727 865 papa,
1759 796 1948 864 dignus
1971 797 2071 851 do-

496 875 633 926 ctor.
665 868 868 921 dictum
895 875 977 922 est
1004 869 1190 922 octies.

571 935 782 1007 Hilarus
832 938 1116 1007 episcopus
1161 937 1342 992 dixit:
1386 935 1804 1007 Acceptisqua:
1849 935 2076 1007 recitata

497 1014 624 1058 sunt
650 1005 717 1060 de
745 1005 1199 1070 omnibus—nune,
1226 1007 1434 1072 fratres,
1466 1005 1730 1072 speciales
1757 1005 2071 1067 sententias,

497 1072 608 1145 Deo
628 1075 784 1130 nobis
805 1076 1118 1145 inspirante,
1148 1076 1466 1145 depromite.
1497 1072 1762 1145 Maximus
1789 1075 2075 1145 episcopus

497 1141 750 1198 Ecclesia:
791 1141 1110 1200 Tauritanze'
1135 1141 1270 1200 dixit
1288 1163 1313 1198 τ
1345 1145 1403 1198 ln
1431 1144 1798 1198 custodiendis
1825 1141 2075 1198 omnibus

497 1229 616 1292 qua:
637 1213 702 1267 ad
732 1230 910 1292 sacras
933 1214 1294 1292 ordinationes
1319 1215 1591 1292 pertinent
1613 1213 1926 1292 disciplinis,
1958 1227 2074 1267 me-

499 1281 601 1337 lius
628 1285 905 1341 sententiae
934 1299 1066 1338 mea:
1110 1285 1443 1353 professione
1481 1281 1901 1353 denuntio’nihil
1929 1298 1958 1336 a
1989 1297 2075 1337 me

498 1366 732 1421 unquam
761 1368 944 1406 eorum
977 1369 1094 1421 qua:
1115 1352 1392 1421 prohibita
1435 1361 1561 1408 sunt
1603 1368 1722 1408 esse
1753 1352 2070 1421 faciendum.

499 1420 575 1474 De
605 1421 820 1492 reliquis
860 1420 1055 1476 censeo
1097 1420 1156 1477 ut
1189 1423 1430 1492 quisquis
1467 1423 1594 1476 talia
1622 1421 1830 1486 fecerit,
1861 1429 1954 1474 aut
1982 1420 2078 1476 de-

498 1497 640 1543 tecta
664 1491 716 1544 in
738 1490 992 1546 Ecclesiis
1018 1507 1266 1547 resecare
1288 1490 1538 1556 ueluerit,
1564 1492 1778 1546 noverit
1803 1507 1861 1545 se
1888 1504 2077 1558 graves

497 1561 789 1631 causashin
828 1562 1138 1631 apostolica:
1185 1562 1326 1616 sedis
1354 1561 1562 1629 judicio
1609 1561 1941 1616 redditurum
1975 1579 1987 1613 :
2023 1563 2076 1614 in

499 1641 608 1695 quo
655 1629 730 1682 illi
778 1629 998 1685 necesse
1043 1632 1147 1685 erit
1189 1632 1369 1685 subire
1415 1633 1759 1686 sententiam.
1811 1631 2076 1698 lngenuus

497 1698 782 1771 episcopus
821 1699 1220 1755 Ebrodunensis
1255 1701 1389 1754 dixit
1419 1719 1431 1753 :
1466 1699 1593 1754 Mihi
1633 1715 1850 1771 quoque
1885 1699 2076 1754 eadem

498 1765 844 1840 deem—nibus
869 1771 1108 1840 partibus
1136 1771 1399 1825 sententia
1427 1778 1528 1840 est,
1560 1765 1670 1838 qui
1697 1765 1782 1824 me
1807 1769 1920 1840 ipse
1947 1784 2077 1823 con-

497 1837 720 1908 stringe,
748 1854 814 1893 ne
839 1837 966 1906 quid
994 1855 1025 1893 a
1051 1855 1138 1894 me
1161 1855 1392 1908 unquam
1422 1839 1490 1894 de
1517 1837 1598 1894 his
1621 1855 1741 1908 qua:
1761 1837 1887 1901 sunt
1907 1839 2076 1893 inter-

498 1905 654 1960 dicta
690 1905 959 1979 teptetur,
998 1911 1124 1976 quia
1172 1905 1297 1963 novi
1344 1917 1542 1964 statqu
1588 1905 1650 1962 et
1685 1908 2077 1979 professionem

501 1991 696 2029 meam.
737 1975 812 2032 De
841 1975 1049 2032 caeteris
1076 1980 1242 2034 etiam
1271 1994 1467 2033 censeo
1501 1997 1512 2031 :
1547 1987 1606 2033 lli.
1631 1975 1873 2048 quisquis
1910 1987 2079 2034 statu-

500 2053 675 2098 torum
717 2054 1081 2114 transgressor
1109 2048 1406 2114 exstiterit,
1437 2049 1573 2104 sciat
1611 2064 1670 2104 se
1700 2048 2080 2104 ecclesiastica:

499 2114 697 2188 regula:
723 2115 929 2188 laqueis
955 2118 1203 2188 innodari
1223 2159 1238 2181 ,
1274 2126 1332 2173 et
1366 2126 1575 2173 reatum
1605 2119 1912 2188 apostolica:
1937 2118 2079 2188 sedis

498 2182 807 2258 incurrere;
841 2186 1052 2258 Paulus,
1081 2187 1366 2258 episc0pns
1411 2182 1710 2257 Aqutevivte
1753 2187 1933 2258 dixit:
1967 2187 2100 2258 Ego.

497 2268 714 2322 quoque
742 2255 901 2310 simili
929 2272 1014 2311 me
1041 2255 1159 2324 lege
1187 2255 1520 2326 constringe,
1548 2266 1604 2311 et
1631 2258 1697 2311 de
1726 2257 1956 2323 czeteris,
1987 2256 2077 2324 qui

497 2331 924 2396 transgressores
949 2326 1160 2391 fuerint,
1190 2329 1388 2396 pariter
1407 2342 1620 2391 censeo,
1655 2342 1722 2380 ne
1743 2327 1821 2380 eis
1840 2327 1958 2396 sine
1982 2342 2077 2394 pe—

498 2392 668 2446 riculo
697 2395 776 2448 sui
848 2396 1099 2466 uidquam
1129 2392 1236 2450 tale
1264 2405 1472 2451 tentare
1502 2397 1680 2459 liceat,
1710 2395 1853 2464 quod
1885 2392 2077 2449 merito

498 2462 691 2515 debeat
713 2411 992 2519 viniiieari.
1017 2466 1226 2519 Primus
1247 2468 1524 2519 enisconus
1546 2465 1795 2519 Ecclesia:
1822 2465 2077 2519 Atellana:

497 2462 691 2536 debeat
713 2462 992 2536 vindicari.
1017 2466 1226 2521 Primus
1247 2468 1524 2536 episc0pus
1546 2462 1795 2536 Ecclesia:
1822 2465 2079 2536 Atellana:

498 2530 634 2603 dixit
667 2551 678 2585 :
713 2531 827 2588 Hoc
857 2544 913 2588 et
941 2550 1041 2603 ego
1071 2551 1267 2590 censeo
1282 2530 1867 2590 "esse'observandum.
1903 2533 2077 2588 Palla-

499 2598 619 2654 dius
665 2603 949 2673 episcopus
977 2598 1242 2659 'Ecclesiae
1290 2605 1555 2673 Salapina:
1601 2605 1772 2658 dixit:
1805 2604 1944 2658 Nihil
1991 2619 2078 2658 me

498 2678 685 2724 contra
715 2672 1047 2741 disciplinam
1075 2672 1512 2738 ecclesiasticam,
1533 2674 1616 2726 vel
1639 2682 1835 2728 statuta
1865 2683 2079 2727 sancto-

499 2754 615 2792 rum
645 2755 912 2812 eanonum
943 2744 1202 2797 facturum
1229 2759 1348 2799 esse
1376 2743 1654 2812 polliceor.
1686 2741 1930 2796 Tiberius
1959 2743 2075 2812 epi-

496 2823 692 2878 scopus
721 2810 972 2866 lieelcsia:
1002 2811 1310 2867 Sabinensis
1348 2810 1481 2867 dixit
1513 2831 1525 2866 :
1561 2811 1823 2866 Proﬁteor
1851 2827 1935 2866 me
1965 2810 2076 2867 sta-

500 2885 617 2950 iitta
643 2881 784 2936 sedis
821 2881 1130 2950 apostolica:
1171 2884 1223 2936 in
1261 2883 1506 2937 omnibus
1534 2882 1836 2946 custodire,
1867 2891 1922 2935 et
1951 2883 1994 2935 si
2025 2883 2075 2936 in

498 2945 734 3002 Ecclesia
769 2945 886 3004 mea
935 2952 1252 3022 clericorum
1300 2952 1534 3020 aliquem
1579 2961 1769 3007 contra
1809 2945 2076 3022 prtecepta

495 3025 804 3092 sanctorum
871 3037 1138 3076 canonum
1190 3021 1596 3092 deprehendero
1651 3030 1744 3076 aut
1797 3021 2076 3076 mulierem

496 3085 748 3154 duxisse,
789 3100 880 3144 aut
926 3092 1058 3146 duas
1085 3085 1280 3146 habere
1311 3108 1504 3147 uxores
1530 3133 1545 3157 ,
1594 3093 1660 3146 ab
1709 3092 2075 3147 ecclesiastico

495 3157 671 3232 oflicio
700 3163 956 3232 separari.
1011 3161 1090 3216 Ab
1121 3162 1380 3216 universis
1408 3163 1675 3232 episcopis
1715 3160 1913 3216 dictum
1944 3170 2027 3232 est
2059 3181 2070 3214 :

2146 1419 2420 1476 Ecclesia
2458 1435 2552 1473 sua
2601 1419 2668 1474 ad
2717 1421 2938 1474 alteram
2990 1421 3218 1474 transire

2112 1880 2155 1940 Β

2178 588 2311 642 nihil
2353 595 2544 642 contra
2591 585 2931 640 Nicanorum
2978 599 3246 638 canonum
3293 583 3582 637 constituta
3630 593 3734 639 ten-

2178 665 2337 711 tetur.

2247 725 2286 779 l.
2338 723 2452 780 Hoc
2500 733 2680 779 autem
2729 725 2958 794 primum
3001 720 3498 794 juxtaeorumdem
3541 721 3734 776 Patrum

2176 795 2387 864 regulas
2412 794 2655 848 volumus
2683 793 2966 864 custodiri,
3001 805 3060 846 ut
3089 793 3264 864 nullus
3292 801 3485 864 prmter
3514 794 3736 864 notitiam

2176 862 2338 934 atque
2367 879 2688 919 consensum
2713 863 2896 917 fratris
2926 863 3178 934 Ascanii
3204 862 3622 934 metropolitani,
3651 862 3738 934 ali-

2177 931 2442 1002 quatenus
2462 942 2806 988 consecretur
2825 933 3066 1003 antistes,
3093 933 3218 1003 quia
3244 932 3346 986 hoc
3367 941 3422 985 et
3445 940 3596 985 vetus
3622 931 3738 987 ordo

2179 1003 2368 1069 tenuit,
2401 1003 2503 1056 hoc
2532 1011 2894 1058 trecentorum
2942 1002 3128 1057 decem
3176 1011 3232 1055 et
3279 1010 3403 1056 octo
3450 1011 3740 1055 sanctorum

2178 1071 2396 1127 Patrum
2426 1069 2665 1126 deﬁnivit
2692 1072 2982 1127 auctoritas
3006 1113 3021 1138 ,
3060 1071 3146 1126 cui
3182 1071 3424 1139 quisquis
3462 1071 3643 1124 obvias
3670 1081 3741 1126 te-

2179 1141 2412 1197 tenderit
2433 1157 2639 1201 manus,
2667 1157 2852 1196 eorum
2873 1157 2934 1196 se
2951 1141 3224 1196 consortio
3248 1140 3445 1195 fatetur
3465 1140 3739 1209 indignum,

2177 1224 2407 1280 quorum
2430 1211 2875 1280 praeceptionibus
2904 1211 3196 1264 resnltarit.

2249 1281 2317 1337 ll.
2369 1279 2673 1348 ln’quorum
2697 1281 3072 1335 contumeliam
3091 1295 3122 1333 a
3143 1279 3372 1349 superbo
3395 1279 3582 1350 spiritu
3597 1285 3741 1337 etiam

2219 1367 2304 1406 ars
2353 1351 2442 1405 illa
2489 1350 2871 1414 contemnitur,
2904 1365 3008 1419 qua
3055 1359 3276 1404 cavetur
3325 1365 3393 1405 ne
3425 1351 3546 1420 quis
3573 1351 3740 1406 relicta

2179 1367 2420 1474 Ecclesia
2458 1435 2552 1473 sua
2601 1419 2668 1474 ad
2717 1421 2938 1474 alteram
2990 1421 3218 1474 transire
3261 1428 3564 1474 nrzesumat.
3606 1419 3740 1474 Ouod

2209 1421 2420 1476 Ecclesia
2458 1435 2552 1473 sua
2601 1419 2668 1474 ad
2717 1421 2938 1474 alteram
2990 1421 3218 1474 transire
3261 1419 3564 1484 przesumat.
3606 1419 3742 1484 Quod

2180 1490 2339 1544 nimis
2369 1489 2608 1559 improbe
2636 1490 3063 1559 conniventibus,
3083 1499 3142 1559 et
3172 1498 3227 1543 ut
3253 1489 3498 1543 deleatur
3523 1491 3741 1559 gravius,

2179 1560 2332 1615 vobis
2353 1557 2730 1624 asserentibus,
2754 1558 2983 1613 lremeus
3010 1558 3289 1628 episcopus
3315 1557 3542 1613 conatur
3566 1557 3743 1612 admit-

2181 1637 2297 1684 tere
2330 1648 2342 1682 :
2375 1629 2674 1698 qui'nostra
2725 1628 3046 1683 auctoritate
3090 1628 3336 1683 roborari
3379 1629 3590 1696 cupitis,
3619 1643 3743 1697 quos

2181 1697 2414 1753 maxime
2442 1698 2509 1767 de
2537 1699 2698 1752 rebus
2727 1697 2922 1753 illicitis
2951 1711 3141 1766 magna
3173 1698 3536 1767 indignatione
3563 1698 3743 1767 proba~

2184 1769 2253 1822 tis
2281 1766 2543 1836 accendi,
2566 1767 2742 1822 Lectis
2780 1782 2908 1835 ergo
2939 1768 2991 1821 in
3041 1765 3306 1822 conventu
3330 1765 3589 1829 fratrum,
3619 1785 3745 1836 quos

2183 1838 2374 1891 natalis
2397 1838 2501 1892 mei
2524 1835 2782 1892 festivitas
2807 1845 3175 1906 congregarat,
3201 1836 3390 1892 litteris
3409 1838 3614 1902 vestris,
3636 1835 3747 1906 qua:

2183 1907 2249 1962 de
2278 1906 2590 1962 ordinandis
2618 1907 2883 1976 episc0pis
2919 1907 3208 1962 secundum
3238 1914 3436 1960 statuta
3467 1923 3744 1971 canomtm,

2183 1977 2268 2032 vel
2297 1979 2750 2048 praedecessorum
2789 1991 3032 2032 meorum
3067 1977 3292 2048 decreta
3340 1985 3500 2048 sunt,
3550 1977 3747 2046 prolata

2181 2045 2447 2168 sient'entia
2477 2055 2748 2115 gestorum
2772 2088 2787 2114 ,
2822 2062 2939 2118 qua:
2965 2045 3170 2117 pariter
3195 2045 3485 2102 direximus
3507 2087 3522 2111 ,
3552 2045 3748 2102 tenore

2181 2135 2196 2168 t
2219 2125 2414 2168 tscetts.

2180 2118 2414 2170 discetis.

2251 2185 2338 2239 lll.
2377 2185 2525 2240 Unde
2553 2195 2761 2241 remoto
2790 2187 2856 2240 ab
2899 2185 3131 2240 Ecclesia
3164 2186 3562 2247 Barcinonensi,
3595 2194 3749 2253 atquo

2180 2255 2246 2309 ad
2275 2272 2368 2310 sua
2400 2256 2622 2310 remisso
2658 2255 2858 2310 Irenaeo
2902 2257 3154 2324 episcopo
3188 2273 3200 2308 :
3233 2257 3428 2310 sedatis
3457 2272 3552 2325 per
3579 2271 3748 2308 sacer-

2180 2325 2415 2379 dotalem
2446 2326 2759 2380 modestiam
2789 2327 3149 2394 voluptatibus
3173 2365 3188 2390 ,
3230 2341 3346 2393 quze
3387 2342 3481 2395 per
3510 2327 3749 2395 ignoran-

2183 2395 2308 2448 tiam
2360 2395 2842 2448 eeclesiasticarum
2892 2395 3068 2462 legum
3117 2394 3443 2460 desiderant,
3473 2394 3614 2463 quod
3644 2410 3747 2447 non

2181 2464 2305 2517 licet
2333 2465 2580 2519 obtinere
2613 2483 2624 2517 ε
2661 2465 2780 2518 talis
2828 2467 3068 2533 protinus
3106 2465 3172 2518 de
3209 2465 3354 2520 clero
3384 2466 3598 2534 proprio
3629 2464 3739 2517 liar—

2181 2534 2562 2588 ciuonensibus
2588 2534 2870 2603 episcopus
2898 2534 3194 2598 ordinetur,
3239 2535 3448 2602 qualem
3483 2543 3535 2589 te
3566 2537 3749 2602 pacci-

2180 2619 2303 2672 pue,
2338 2603 2502 2657 frater
2531 2603 2721 2658 Ascani
2744 2644 2758 2667 ,
2788 2611 3035 2672 oporteat
3061 2605 3258 2672 eligere
3281 2646 3296 2669 ,
3329 2613 3383 2659 et
3411 2605 3594 2659 deceat
3622 2620 3752 2658 con-

2179 2688 2410 2728 secrare.
2441 2672 2518 2726 Ne
2546 2674 2592 2727 si
2616 2673 2858 2727 similiter
2885 2672 3025 2728 forte
3054 2673 3250 2728 factum
3284 2676 3475 2740 fuerat,
3507 2690 3610 2727 non
3639 2675 3751 2728 sine

2180 2742 2552 2810 objurgatione
2600 2743 2674 2797 tui
2721 2744 2955 2798 maxime
2999 2745 3228 2798 nominis
3275 2745 3522 2798 retundat
3570 2753 3749 2798 nostra

2179 2815 2467 2936 pralCtJliiO
2493 2853 2508 2877 ,
2546 2812 2687 2881 quod
2726 2813 2778 2867 in
2819 2813 3062 2881 injuriam
3101 2814 3228 2880 Dei,
3258 2830 3286 2868 a
3316 2831 3422 2883 quo
3448 2813 3752 2883 specialiter

2179 2898 2354 2936 sacer
2376 2884 2595 2936 otalium
2624 2891 2706 2936 est
2733 2884 2903 2936 eratia
2932 2883 3268 2936 dignitatum.
3296 2884 3633 2936 didicerimus
3655 2885 3750 2936 ad-

2178 2883 2595 2936 sacerdotalium
2624 2891 2706 2936 est
2733 2884 2903 2952 gratia
2932 2883 3268 2952 dignitatum,
3296 2884 3633 2938 didicerimus
3655 2885 3750 2936 ad-

2179 2953 2421 3018 missum,
2454 2967 2552 3007 nec
2579 2952 2903 3023 episcopalis
2925 2953 3097 3023 honor
3127 2954 3515 3007 hazreditarium
3539 2955 3624 3021 jus
3651 2970 3750 3022 pu-

2179 3030 2346 3092 tetur,
2377 3023 2519 3090 quod
2549 3025 2702 3078 nobis
2734 3022 2848 3078 sela
2879 3022 2972 3077 Dei
3008 3025 3175 3078 nostri
3203 3023 3398 3078 Christi
3426 3023 3752 3092 benignitate

2177 3091 2468 3146 confertur.

2252 3160 2338 3233 ιν.
2378 3159 2662 3217 Ordinatos
2690 3177 2818 3231 ergo
2846 3179 2985 3218 nunc
3014 3165 3325 3233 episcopos,
3355 3164 3446 3231 qui
3477 3163 3594 3217 licet
3626 3163 3753 3216 dum

496 3222 800 3282 Sententiis
837 3229 1056 3311 fratrum
1095 3247 1280 3311 omnes
1326 3222 1629 3311 sequimur,
1644 3231 2074 3311 _omnes_‘confi_r-
2103 3250 2147 3311 ρ
2181 3238 2233 3284 te
2261 3231 2539 3311 ignorante
2569 3222 2808 3311 provecvti
2835 3222 3282 3311 sunt,_ci1m_suis
3309 3222 3611 3311 auctoribus
3641 3249 3750 3311 nte-

497 3309 740 3363 mamus,
778 3308 830 3352 et
873 3301 1229 3356 observandas
1275 3316 1394 3356 esse
1443 3303 1798 3356 decernimus.
1848 3301 2073 3364 Exaudi,

493 3367 726 3439 ultriste,
758 3368 939 3424 llilaro
965 3371 1094 3435 vita,
1153 3371 1351 3425 dictum
1391 3379 1473 3426 est
1510 3373 1727 3439 septies.
1780 3369 1907 3436 Quae
1939 3371 2076 3424 male

492 3435 723 3509 admissa
755 3449 879 3494 sunt
924 3456 1020 3509 per
1068 3450 1120 3495 te
1149 3442 1504 3508 corrigantur,
1545 3435 1742 3496 dictum
1772 3435 1855 3495 est
1883 3442 2072 3495 octies.

491 3505 644 3562 Quod
676 3524 782 3561 non
810 3505 952 3571 licet,
989 3525 1091 3564 ll0n
1125 3510 1232 3573 fiat,
1263 3505 1459 3564 dictum
1489 3519 1571 3564 est
1597 3511 1788 3565 octies.

564 3575 776 3649 lliiarus
815 3580 1098 3648 e-pisc0pus
1139 3579 1387 3635 Ecclesiae
1434 3581 1580 3634 urbis
1635 3580 1817 3633 [torum
1867 3578 2073 3649 synodo

489 3647 780 3708 pnesidens
807 3647 938 3702 dixit
970 3668 981 3701 :
1013 3650 1274 3715 Quoniam
1305 3651 1580 3719 pr'.e.;entis
1607 3647 1932 3704 definitionis
1963 3649 2074 3702 for-

491 3729 657 3794 inam,
679 3731 805 3794 qua:
835 3721 1131 3794 secund_um_
1154 3730 1459 3794 sanctorum
1498 3731 1583 3794 est
1627 3729 1822 3776 statuta
1853 3728 2069 3794 senten-

496 3787 644 3859 tiam,
676 3787 726 3838 iu
755 3789 989 3841 omnium
1014 3788 1367 3844 Ecclesiarum
1399 3792 1641 3844 notitiam
1671 3790 1952 3859 pervenire
1976 3791 2072 3842 de-

487 3856 758 3932 cernimus
791 3874 907 3932 :_ne
955 3859 1212 3932 cuiquam
1253 3875 1350 3928 pro
1397 3863 1475 3913 sui
1520 3856 1688 3932 possii
1736 3860 2073 3932 ignoratione

494 3926 651 3997 licere
680 3926 821 3994 quod
848 3944 954 3981 non
987 3926 1129 3996 licet,
1153 3926 1312 3983 cdere
1339 3939 1485 3997 gesta
1513 3926 1843 3983 notariorum
1873 3928 2074 3982 sollici-

491 3994 621 4047 tudo
649 3997 874 4050 curabit.

564 4061 774 4118 flilarus
803 4067 1084 4134 episcopus
1129 4067 1382 4133 Ascanio,
1416 4075 1470 4122 et
1508 4067 1770 4123 universis
1807 4066 2073 4136 episcopis

488 4131 909 4203 'f'aijraconensis
938 4131 1241 4203 provincize.

567 4198 857 4275 Postquam
906 4198 1112 4260 litteras
1158 4216 1352 4260 vestra:
1402 4206 1702 4261 dilectionis
1748 4206 2068 4275 accepimus,

493 4269 1157 4347 t{uibusptjazsuniptiones
1185 4275 1402 4346 Sylvani
1447 4277 1685 4346 episcopi
1738 4269 2071 4347 Calagurené

485 4339 909 4415 siumEcclesite
937 4339 1091 4415 retnn
1115 4347 1147 4398 li
1179 4339 1385 4415 petistis
1411 4385 1426 4410 ,
1465 4339 1519 4400 et
1558 4339 1766 4401 rursum
1818 4339 2072 4400 Barcino-

496 4411 737 4464 neusium
767 4414 1004 4480 quaeritis
1033 4411 1192 4469 nimis
1217 4416 1398 4469 illicita
1430 4426 1550 4469 vota
1582 4416 1798 4479 firmari,
1830 4417 2069 4469 honora-

497 4487 670 4556 torum
711 4489 765 4556 et
789 4497 1159 4556 possessorum
1201 4485 1698 4556 Tyriassoueusimn
1726 4487 2071 4556 ,iAscauten-

495 4549 628 4625 sium
651 4590 666 4614 ,
711 4549 1202 4625 Calaguritauorum
1227 4549 1265 4622 ,⁷
1285 4556 1664 4625 Varegensium
1688 4597 1702 4621 ,
1735 4554 2065 4618 Tritinsium,

2179 3302 2383 3354 ruerint
2412 3301 2746 3366 submoveri,
2776 3303 2875 3358 hac
2905 3307 3110 3358 ratione
3141 3304 3408 3356 firmamus
3427 3345 3442 3368 ,
3473 3304 3515 3356 si
3547 3319 3647 3357 nec
3677 3306 3753 3358 vi-

2178 3369 2557 3442 tltneimaritus
2592 3371 2752 3426 fuerit
2790 3373 3110 3442 quisquam,
3155 3383 3209 3428 et
3248 3373 3300 3426 in
3346 3373 3498 3426 unius
3535 3375 3755 3440 virginis

2178 3441 2411 3507 nuptiis,
2444 3455 2506 3494 ac
2536 3449 2656 3495 vota
2702 3441 3054 3509 convenerit,
3085 3445 3222 3498 sicut
3250 3453 3304 3496 et
3334 3443 3521 3510 legalia
3552 3445 3758 3497 consti-

2177 3516 2287 3581 tuta
2318 3510 2629 3581 prmcipiunt
2654 3510 2882 3581 dicendo
2907 3531 2919 3566 :
2951 3512 3214 3568 Sacerdos
3241 3513 3497 3581 virginem
3528 3529 3760 3569 uxorem

2177 3579 2436 3652 accipiat,
2468 3595 2575 3652 non
2615 3579 2855 3652 viduam,
2897 3599 3003 3637 non
3035 3579 3364 3652 repudiatam
3412 3580 3596 3650 (Leuit.
3632 3599 3759 3648 xxt;

2179 3645 2366 3722 Ezeclt.
2393 3649 2559 3722 X_L_1V),
2587 3645 2876 3722 secundum
2906 3652 3049 3722 quod
3076 3645 3235 3706 etiam
3263 3645 3450 3706 beatus
3477 3645 3762 3721 apostolus

2177 3716 2390 3790 Paulus,
2422 3716 2670 3787 Magister
2694 3716 2953 3789 gentium,
2983 3723 3048 3776 de
3078 3722 3159 3776 his
3187 3722 3277 3790 qui
3310 3722 3419 3774 fieri
3449 3716 3764 3777 desiderant

2175 3789 2518 3858 sacerdotes,
2568 3791 2782 3858 propria
2829 3791 3163 3846 institutione
3207 3789 3314 3845 non
3361 3793 3525 3846 tacuit
3571 3792 3763 3848 dicens

2177 3855 2230 3927 (Ι
2259 3857 2388 3912 Tim.
2423 3859 2500 3926 ut)
2539 3855 2752 3915 {Unius
2782 3863 2962 3916 uxoris
3003 3863 3204 3923 virum,
3237 3861 3387 3928 cujus
3420 3870 3604 3916 tenore
3635 3879 3764 3916 sen‘

2176 3929 2458 3999 tentizeita
2487 3928 2759 3983 informati
2789 3945 2905 3985 esse
2932 3931 3159 3996 debetis,
3183 3939 3239 3984 ut
3261 3932 3398 3985 inter
3418 3939 3607 3984 cetera
3638 3947 3767 3999 qua:

2175 3998 2587 4072 cavendasunt,
2617 3999 2731 4053 lucc
2754 4000 3018 4072 studentis
3047 4003 3312 4072 praecipue
3339 4001 3608 4056 custodire
3633 3998 3768 4072 qua:

2174 4069 2497 4133 cognoscitis
2526 4077 2650 4122 ante
2677 4069 2921 4124 universa
2951 4071 3208 4123 mandari.

2244 4137 2310 4192 ν.
2342 4137 2617 4210 ln_quibus
2645 4139 2803 4193 etiam
2835 4139 3264 4210 prospiciendum
3288 4148 3387 4204 est,
3417 4155 3484 4194 ne
3512 4139 3622 4193 duo
3655 4141 3772 4197 sint

2173 4207 2226 4260 in
2255 4222 2360 4261 una
2389 4205 2631 4263 Ecclesia
2677 4205 3019 4275 sacerdotes,
3063 4225 3162 4264 nec
3190 4210 3485 4264 litterarum
3516 4210 3770 4277 ignarus,

2174 4285 2264 4330 aut
2295 4292 2483 4348 carens
2533 4278 2709 4348 aliqua
2756 4287 2908 4348 parte
2955 4279 3312 4333 membrorum
3341 4320 3355 4343 ,
3384 4279 3465 4333 vel
3497 4281 3666 4334 etiam
3698 4298 3772 4335 ex

2173 4347 2561 4418 ptenitentibus
2584 4347 2775 4416 aliquis
2817 4349 2881 4403 ad
2915 4364 3122 4403 sacrum
3152 4349 3504 4404 ministerium
3535 4365 3771 4418 prorsus

2172 4417 2378 4487 sinatur
2407 4417 2680 4487 accedere.
2724 4418 2833 4473 Nec
2869 4426 3075 4472 tantum
3119 4419 3317 4487 putetis
3346 4417 3640 4487 petitiones
3670 4437 3773 4473 va-

2173 4486 2283 4558 iere
2313 4486 2652 4558 populorum,
2684 4495 2744 4541 ut
2773 4503 2892 4542 cum
2920 4489 3002 4543 his
3027 4486 3216 4558 parcre
3245 4486 3472 4558 cupitis,
3506 4489 3773 4544 volunta-

2174 4543 2282 4628 iem
2312 4543 2520 4610 Do'mini
2551 4543 2718 4628 nostri
2749 4573 2867 4626 qua:
2911 4573 3008 4612 nos
3028 4543 3260 4628 'pcccare
3290 4543 3563 4626 p'rohibet,
3595 4543 3773 4614 dese-

494 4614 916 4695 Leviensium'et
943 4614 1404 4680 Veroviscensium
1425 4614 1662 4680 civitatis
1690 4614 1808 4685 cum
1839 4614 2071 4678 subscri-
2100 4625 2150 4684 D
2175 4625 2334 4686 ratis,
2367 4629 2519 4692 cujus
2550 4614 2840 4694 indignaiio
2879 4643 2945 4682 ex
2977 4614 3080 4682 ho'c
3122 4614 3334 4695 gravius
3363 4614 3774 4692 commovetur,

493 4689 759 4754 ptionibus
787 4691 1116 4761 diversorum
1152 4696 1354 4749 litteras
1382 4695 1535 4748 nobis
1557 4703 1767 4750 constat
1798 4695 2026 4761 ingestas
2053 4712 2066 4747 :

493 4771 588 4825 per
613 4773 745 4826 quas
775 4760 823 4814 id
854 4764 994 4836 quod
1025 4763 1092 4818 de
1119 4764 1351 4836 Sylvano
1373 4766 1588 4836 querela
1623 4774 1795 4836 vestra
1822 4760 2071 4836 deprom-

495 4837 675 4894 pserat
698 4868 712 4889 ,
739 4834 1098 4908 excusabant.
1144 4833 1247 4908 Sed
1280 4833 1626 4904 reprehensio
1646 4833 1942 4908 justissima
1972 4850 2068 4888 eo-

492 4910 608 4948 rum
638 4899 838 4972 pariter
859 4899 1002 4972 justa
1031 4899 1358 4971 allegatione
1382 4920 1487 4957 non
1517 4899 1753 4963 carebat.
1783 4905 1904 4971 quia
1935 4919 2070 4972 prae-

495 4973 578 5018 ter
598 4969 986 5047 conscientiam
1018 4969 1440 5047 metropolitani,
1481 4973 1740 5047 fratris__ct
1767 4969 1977 5047 coepisc
2015 4973 2066 5047 pi

491 5039 660 5089 nostri
683 5039 914 5105 Ascanii,
949 5039 1217 5096 nonnullis
1245 5045 1548 5098 civitatibus
1577 5043 1851 5098 ordinatos
1866 5039 2069 5096 elaruit

490 5107 1021 5187 sacerdotesnllnde
1071 5113 1348 5187 quoniam
1378 5113 1632 5182 quidquid
1687 5112 1755 5166 ab
1789 5111 2067 5187 _alterutra

511 5183 643 5252 parte
663 5187 744 5229 est
764 5177 1068 5244 iudicatum,
1089 5177 1236 5234 omni
1263 5177 1539 5236 videamus
1567 5182 1917 5252 perversitate
1942 5197 2070 5234 con-

515 5259 700 5322 lusum,
718 5254 1015 5322 temporum
1055 5253 1376 5322 necessitate
1405 5261 1703 5322 perspecta,
1739 5252 1840 5305 hac
1865 5252 2072 5304 ratione

489 5311 914 5370 decernimus'ad
943 5321 1154 5374 veniam
1196 5311 1466 5391 pertinere
1491 5360 1507 5385 ,
1529 5311 1700 5390 -quod
1727 5331 1936 5390 gestum
1966 5328 2066 5383 est,

2173 4695 2297 4762 quia
2327 4695 2626 4769 benignitas
2652 4697 2767 4769 ejus
2791 4736 2807 4761 ,
2855 4696 2979 4769 dum
3023 4697 3153 4769 fiunt
3183 4697 3365 4769 illicita
3401 4712 3499 4766 per
3525 4713 3629 4752 eos
3673 4700 3778 4769 qui

2173 4771 2304 4834 sunt
2327 4764 2647 4834 interpretes
2675 4767 3017 4834 placationis,
3051 4765 3353 4821 offenditur.

2248 4832 2330 4906 Vl.
2377 4831 2443 4887 Ut
2465 4831 2641 4888 autem
2667 4831 2842 4890 omnia
2860 4836 3145 4890 secundum
3165 4839 3274 4889 hrec
3302 4851 3418 4905 qua:
3439 4837 3777 4906 scripsimus

2174 4905 2526 4970 corrigantur,
2561 4915 2851 4972 prtesentes
2898 4907 3102 4960 litteras
3137 4905 3367 4974 Trajano
3416 4905 3778 4964 subdiacono

2175 4975 2647 5044 nostroiveniente
2696 4975 3002 5030 direximus.
3033 4976 3184 5040 Quod
3215 4975 3256 5029 si
3285 4975 3510 5029 lrenteus
3541 4979 3780 5044 episeo-

2171 5058 2270 5114 pus
2291 5043 2353 5094 ad
2373 5043 2663 5098 Ecclesiam
2686 5061 2857 5110 suam,
2882 5045 3126 5114 deposito
3149 5045 3500 5112 improbitatis
3521 5043 3779 5113 ambitu,

2173 5113 2349 5166 redire
2395 5114 2708 5181 neglexerit,
2761 5114 2901 5183 quod
2930 5113 3115 5169 einen
3139 5114 3359 5183 judicio,
3382 5115 3474 5170 sed
3498 5115 3782 5170 humani-

2175 5184 2671 5266 tateprzestabitur,
2702 5185 3082 5266 removendum
3112 5199 3170 5238 se
3196 5183 3273 5266 _ab
3293 5185 3593 5266 episcopali
3612 5201 3785 5266 Eon-

2173 5252 2337 5322 sortio
2374 5267 2492 5322 esse
2520 5262 2827 5322 cognoscat.
2880 5253 3008 5307 Data
3048 5258 3100 5308 in
3131 5253 3232 5309 cal.
3284 5251 3555 5322 Januarii,
3609 5255 3783 5310 Basi-

2176 5319 2279 5376 lico
2308 5330 2361 5376 et
2386 5319 2748 5378 llermin'erico
2777 5337 2864 5378 vv.
2895 5338 2972 5378 cc.
3006 5339 3184 5379 conss.
3217 5322 3349 5394 (An.
3379 5319 3578 5377 Chriin
3603 5325 3782 5396 465.)

499 5438 2806 5468 Μ

1581 5530 1939 5592 DECRETA
1988 5531 2356 5594 SlMl‘LlCll
2399 5533 2645 5595 PAP/E.

496 5718 605 5840 mi;
646 5720 948 5794 Simplicius
991 5724 1275 5794 episcopus
1315 5723 1506 5780 Joanni
1557 5726 1810 5798 episcopo
1855 5728 2064 5785 Raven-

515 5805 628 5846 ΜΗ,

568 5861 622 5914 Si
646 5861 762 5929 quis
791 5873 931 5918 esset
960 5864 1181 5921 intuitus
1211 5865 1585 5925 ecclesiastica:
1627 5866 1915 5936 disciplina:
1935 5912 1954 5940 ,
1987 5872 2066 5925 vel

2177 5732 2219 5784 si
2271 5731 2395 5800 quid
2435 5732 2575 5812 apud
2616 5741 2699 5812 .t_e__
2724 5734 3072 5790 sacerdotalis
3119 5736 3392 5792 modestia:
3439 5746 3795 5812 teneretur,

2178 5804 2765 5879 nunquamplertibiles
2802 5816 3237 5879 perpetrarentur
3263 5823 3537 5875 excessus,
3571 5825 3600 5862 a
3634 5804 3793 5879 qui;

2175 5871 2270 5925 bus
2301 5871 2344 5925 si
2375 5873 2518 5927 nullo
2550 5882 2602 5928 te
2627 5871 2968 5942 paternarum
2999 5877 3299 5946 regularum
3324 5892 3377 5951 Pl
3399 5871 3542 5934 teras
3577 5871 3796 5939 coisti—
