3988 6344
457 380 560 435 39.5

529 485 825 551 Boniiacio,
1325 485 1505 550 Petro,
1540 535 1543 538 .
2056 490 2109 555 Δ

527 563 701 624 Sixto,
1330 554 1504 620 Petro,

531 629 807 696 Petronio,
1325 624 1636 694 Laurentio,

533 695 798 768 Rt‘iinano,
1324 695 1550 768 J_oanne,

533 766 869 834 Martiniano,
1324 766 1640 836 Epiphanio,

529 842 774 911 Opilione
789 879 806 906 ,
1327 837 1664 911 Sebastiano,
1698 846 1753 894 et

529 906 769 980 Agapeto
787 947 804 973 ,
1170 979 1198 980 η
1325 906 1690 980 Abundantio,

533 977 845 1038 astantibus
890 993 1106 1048 quoque
1153 979 1488 1041 diaconibus,
1546 977 1695 1050 Felix
1749 979 2034 1050 episcopus

464 1053 716 1110 Ecclesia:
757 1051 1034 1106 catholica:
1057 1050 1211 1120 urbis
1238 1050 1453 1112 Romae,
1505 1048 1800 1120 prtesidens
1828 1048 2034 1120 synodo

461 1126 597 1180 dixit
642 1141 654 1174 :
697 1121 1008 1176 Communis
1037 1119 1220 1184 dolor,
1253 1127 1306 1172 et
1345 1118 1608 1185 generalis
1652 1127 1738 1173 est
1782 1118 2033 1187 gemitus,

463 1194 608 1264 quod
649 1193 787 1245 intra
835 1190 1068 1264 Africam
1113 1189 1474 1264 rebaptizatos
1522 1190 1683 1242 etiam
1731 1191 2032 1264 episc0pos,

465 1257 830 1336 presbyteros,
863 1261 1224 1328 diaconosque
1248 1257 1597 1336 cognovimus
1618 1275 1632 1321 ;
1663 1273 1781 1328 qua:
1808 1274 1892 1336 res
1920 1257 2038 1336 sine

463 1328 712 1388 dubio'ad
737 1338 924 1384 vestrae
946 1343 1160 1397 quoque
1182 1329 1424 1397 pervenit
1446 1328 1688 1397 notitiam
1711 1330 2033 1383 sanctitatis.

465 1405 540 1458 De
560 1418 667 1473 quo
689 1400 814 1471 quid
837 1396 1109 1473 observari
1133 1396 1343 1473 debeat,
1370 1396 1622 1473 ordinare
1645 1414 1742 1453 nos
1764 1400 2034 1473 convenit.

465 1467 784 1528 Proinde—nt
807 1467 1085 1523 manifesta
1117 1470 1186 1523 sit
1214 1483 1377 1537 super
1404 1469 1511 1522 hoc
1538 1477 1721 1522 nostra
1745 1469 2033 1534 sententia,

466 1560 580 1612 qum
624 1541 776 1595 nobis
815 1547 941 1595 sunt
970 1538 1080 1592 visa
1107 1540 1424 1593 recitantur.
1449 1537 1760 1593 Anastasius
1783 1539 2039 1594 diaconus
2087 1549 2098 1555 “

467 1612 728 1668 recitavit.

536 1682 801 1756 Dilectiss.
833 1679 886 1733 in
904 1677 1119 1756 Christo
1150 1677 1277 1734 Jcsn
1299 1677 1552 1756 fratribus
1581 1678 1841 1734 universis
1871 1678 2036 1749 episc.

468 1768 566 1824 per
591 1749 832 1824 diversas
862 1749 1162 1824 provincias
1183 1749 1508 1824 constitutis.
1637 1819 1649 1824 _
1727 1818 1760 1824 __
1805 1818 1817 1824 Δ
1877 1767 1886 1824 ρ

537 1821 777 1889 Qualiter
799 1821 849 1873 in
864 1817 1135 1889 ’Africanis
1156 1819 1464 1887 regionibus
1491 1819 1685 1874 astutia
1712 1817 1912 1872 diaboli
1939 1833 2041 1889 suae

470 1871 1390 1959 aetiissapamconstans;
1413 1871 1729 1958 agriami
1761 1871 2040 1958 multiplici
2071 1871 2120 1929 Β

469 1962 786 2031 deceptione
803 1960 1125 2031 proruperit,
1149 1967 1205 2012 nt
1228 1974 1333 2031 non
1355 1959 1522 2031 modo
1542 1959 1727 2026 vulgus
1748 1959 2042 2031 incautum,

469 2035 560 2088 sed
594 2028 738 2101 ipsos
757 2028 976 2101 quoque
1001 2029 1272 2101 inmortis
1302 2028 1568 2101 profunda
1592 2029 1839 2084 merserit
1859 2044 2042 2101 sacer-

470 2099 642 2164 dotes,
666 2100 842 2167 nullus
871 2115 977 2152 non
999 2099 1145 2153 orbis
1166 2099 1444 2166 ingemuit,
1463 2099 1606 2152 nulla
1629 2106 1771 2152 terra
1795 2099 2040 2152 nescivit.

474 2173 625 2227 Unde
656 2172 706 2225 in
734 2169 918 2238 grandi
950 2184 1181 2224 maerore
1211 2168 1370 2238 pusiti
1400 2169 1735 2222 dissimulare
1766 2184 1891 2238 non
1921 2183 2046 2236 pos-

470 2259 654 2298 sumus
676 2237 1034 2310 pereuntium,
1058 2237 1222 2307 atque
1238 2254 1266 2291 a
1285 2239 1439 2292 nobis
1461 2238 1842 2310 exigendarum
1867 2237 2048 2310 discri-

471 2329 591 2368 men
640 2308 937 2365 animarum
984 2327 995 2362 :
1031 2317 1358 2377 quapropter
1396 2318 1708 2377 competens
1745 2308 2043 2362 abhibenda

472 2392 555 2438 est
574 2382 769 2435 talibus
799 2378 1008 2432 medela
1041 2377 1377 2441 vulneribus,
1411 2394 1479 2431 ne
1508 2379 1790 2432 immatura
1824 2377 2044 2432 curandi

473 2454 700 2511 facilitas
729 2448 1000 2504 mortifera
1024 2450 1194 2517 captis
1217 2457 1368 2518 peste
1397 2449 1468 2501 nil
1498 2448 1686 2517 prosit,
1717 2448 2047 2515 sed'segnius

476 2529 702 2576 tractata
733 2519 997 2588 pernicies
1028 2526 1178 2572 reatu
1208 2534 1313 2571 non
1349 2518 1594 2588 legitima;
1623 2518 1916 2572 curationis
1963 2519 2046 2572 in-

475 2594 656 2645 volvat
687 2587 886 2658 pariter
917 2588 1128 2641 saucios
1158 2595 1214 2640 et
1243 2589 1537 2658 medentes.
1579 2587 1842 2656 Imprimis
1867 2588 2046 2658 itaque

477 2657 836 2716 venientisad
879 2673 1006 2720 vos,
1047 2665 1111 2726 iet
1141 2657 1432 2710 remedium
1464 2658 1784 2726 postulantis
1819 2657 2046 2712 sollicite

473 2728 804 2787 discutienda
828 2737 910 2782 est
937 2725 1216 2796 professio,
1242 2735 1295 2779 et
1326 2725 1555 2796 persona
1585 2726 1815 2796 decepti,
1848 2736 1905 2779 ut
1934 2742 2048 2781 me-

475 2803 594 2857 dela
625 2802 794 2868 possit
834 2795 1135 2868 congruens
1164 2795 1430 2868 exhiberi.
1465 2795 1532 2849 Et
1559 2797 1647 2866 qui
1677 2795 2046 2868 satisfacturus

475 2872 585 2925 Deo
609 2865 707 2939 per
733 2867 1103 2939 paenitentiam
1120 2907 1142 2939 ε
1169 2866 1556 2939 rebaptizatum
1580 2865 1656 2939 se
1685 2867 1921 2939 legitime
1939 2865 2048 2939 do-

475 2935 652 3004 luerit,
685 2935 863 2993 utrum
891 2936 958 2990 ad
990 2937 1091 2991 hoc
1117 2935 1321 3007 facinus
1349 2937 1676 3007 cucurrerit,
1699 2952 1767 2990 an
1793 2937 2048 3007 impulsus

475 3011 782 3072 accesserit,
814 3007 1136 3078 requiratur.
1166 3005 1354 3060 Sciens
1383 3004 1612 3078 quod‘se
1637 3004 1881 3075 decipiat
1909 3008 2045 3078 ipse,

474 3081 565 3151 qui
599 3081 750 3151 fallit,
779 3075 1015 3151 nihilque
1036 3092 1132 3147 per
1153 3075 1733 3151 nostrainfacilitatem
1764 3075 2048 3151 tribunalis

475 3145 692 3207 excelso
715 3148 916 3216 judicio
945 3145 1210 3218 derogari,
1243 3148 1328 3202 cui
1359 3147 1447 3200 illa
1479 3155 1604 3218 sunt
1626 3156 1761 3212 rata,
1793 3161 1911 3218 quae
1935 3148 2045 3218 pia,

476 3237 595 3293 qum
621 3235 768 3296 vera,
803 3233 922 3296 qua;
945 3216 1089 3296 justa
1117 3224 1274 3296 sunt,
1305 3224 1361 3296 et
1391 3217 1682 3296 necessitas
1700 3257 1717 3283 ,
1757 3216 1912 3296 aliter
1938 3216 2048 3271 tra-
2073 3236 2117 3296 ρ

477 3286 671 3346 clauda
699 3298 782 3344 est
810 3289 948 3341 ratio
978 3286 1288 3340 voluntatis.
1310 3286 1556 3341 Deterior
1575 3296 1656 3342 est
1681 3295 1860 3342 autem
1886 3302 2047 3342 causa

477 3363 619 3416 illius
654 3360 743 3430 qui
793 3357 929 3430 forte
979 3357 1152 3426 pretio
1191 3356 1667 3430 sollieitatnsest,
1719 3365 1779 3430 ut
1827 3359 2045 3430 periret.

477 3431 617 3486 Nihil
639 3426 780 3484 enim
806 3429 1127 3482 intentatum
1149 3426 1364 3495 reliquit
1385 3427 1652 3492 inimicus,
1675 3428 1759 3481 cui
1777 3426 1846 3483 ne
1867 3428 1932 3482 de
1952 3443 2048 3482 sua

478 3502 635 3556 liccat
662 3499 894 3567 gaudere
915 3505 1157 3566 captura,
1183 3496 1600 3551 succurrendum
1622 3505 1701 3551 est
1731 3498 1972 3564 irretitis,
1989 3506 2052 3552 .et

479 3569 835 3626 conterendus
865 3568 1110 3622 venantis
1137 3575 1221 3622 est
1245 3567 1502 3637 laqueus,
1546 3575 1605 3621 ut
1634 3568 1685 3621 in
1720 3567 1938 3636 fugatim
1967 3569 2048 3622 la-

479 3640 839 3696 mentantibus
862 3638 1066 3707 lapsum
1099 3645 1205 3691 tam
1212 3637 1442 3761 iustitia:
1472 3639 1861 3704 moderatione,
1888 3652 2049 3708 quam

479 3709 892 3761 comnunctione
922 3708 1137 3761 pietatis
1178 3723 1207 3761 a
1272 3709 1478 3761 aulam.
1508 3723 1667 3761 uuam
1699 3709 2047 3761 reliquerant.

478 3709 892 3780 compunctione
922 3708 1145 3780 pietatis
1178 3708 1244 3761 ad
1272 3709 1478 3780 aulam,
1508 3709 2047 3780 quamreliquerant,

481 3783 551 3836 sit
576 3776 866 3848 regressus,
903 3776 1003 3832 nec
1041 3777 1240 3846 pudeat
1279 3776 1478 3839 forsan,
1521 3776 1613 3832 aut
1637 3778 1814 3847 pigeat
1838 3777 2052 3832 indictis

479 3851 797 3921 jejuniorum
840 3848 1243 3921 gemimumqne
1276 3848 1616 3921 temporibus
1666 3848 1914 3915 obedire,
1957 3855 2051 3921 aut

481 3917 599 3975 aliis
627 3919 978 3974 observantia:
1006 3917 1318 3972 salubrioris
1347 3918 1722 3986 obtemperare
1749 3919 2048 3986 prteceptis,

480 3992 601 4061 quia
630 3988 915 4061 humilibus
939 3988 1094 4041 datur
1117 3989 1310 4061 gratia,
1335 4001 1443 4040 non
1465 3989 1708 4054 superbis
1731 3987 1936 4061 (locob‘i
1954 3987 2048 4061 Iv).

480 4056 560 4114 Sit
589 4075 718 4126 ergo
745 4058 914 4110 ruina:
960 4071 1070 4126 sua:
1098 4056 1286 4110 dolore
1331 4063 1667 4126 prostratus,
1713 4058 1954 4126 quisquis
1997 4059 2050 4112 in

481 4125 694 4185 Christo
743 4128 855 4180 ﬁeri
899 4125 1091 4195 quaerit
1120 4133 1356 4195 erectus,
1400 4133 1456 4178 et
1503 4139 1600 4195 per
1641 4125 2053 4194 dispensationis

482 4208 680 4252 nostra:
711 4194 1072 4265 ministerium
1103 4194 1285 4265 (quod
1331 4194 1562 4248 vestram
1610 4197 1760 4265 sequi
1801 4199 2053 4251 convenit

481 4268 799 4338 charitatem
822 4305 836 4328 ,
881 4279 986 4338 nec
1031 4263 1215 4338 alieni»
1240 4263 1316 4319 fas
1343 4273 1424 4319 est
1440 4265 1535 4338 _vel
1566 4263 1729 4330 velle,
1780 4265 1866 4320 vel
1895 4282 2052 4338 posse

483 4337 862 4414 t_r:mscendere
881 4334 927 4414 )_A
951 4349 1140 4414 causas
1170 4336 1286 4401 ejus
1304 4372 1319 4399 ,
1363 4335 1463 4414 qui
1489 4344 1678 4414 contra
1705 4334 2051 4414 apostolicam

481 4409 776 4462 doctrinam
799 4405 866 4459 ad
897 4405 1232 4475 iterationem
1255 4420 1313 4458 se
1338 4405 1495 4475 nimis
1522 4405 1736 4461 infausti
1765 4406 2056 4475 baptisma-

481 4481 548 4532 tis
577 4477 797 4541 dedidit,
827 4475 911 4529 vel
951 4474 1084 4542 ejus,
1117 4473 1205 4541 qui
1237 4473 1501 4543 aliquibus
1530 4473 1858 4543 argumentis
1885 4492 2051 4530 excu-

479 4549 701 4602 sandum
732 4546 922 4601 callide
952 4545 1225 4614 proprium
1257 4545 1526 4614 putaverit
1561 4561 1679 4600 esse
1708 4561 2049 4614 consensum,

479 4617 797 4672 sacerdotali
845 4604 1030 4682 vigore
1054 4604 1066 4613 ’
1091 4622 1147 4668 et
1191 4604 1523 4668 humanitate
1551 4622 1871 4679 tractemus,
1914 4625 1972 4670 ut
1998 4604 2049 4670 in
2081 4604 2127 4672 Ι)

480 4689 559 4741 eis
585 4686 760 4755 lides(
779 4701 896 4754 quae
924 4686 1023 4738 nisi
1055 4692 1138 4755 est
1163 4699 1289 4746 una,
1317 4684 1429 4752 jam
1458 4685 1602 4739 nulla
1633 4687 1755 4753 est)
1786 4686 2052 4754 adjutorio

482 4757 688 4811 Domini
715 4754 926 4824 judicis,
959 4755 1024 4808 ad
1046 4754 1272 4809 salutem
1297 4757 1412 4808 sine
1443 4763 1639 4809 nostra:
1662 4757 2053 4824 properationis

481 4826 778 4881 oil‘ensione
799 4833 1112 4894 reparetur,
1159 4825 1284 4894 quia
1323 4839 1444 4879 cum
1477 4826 1776 4893 peccatoris
1819 4841 1849 4878 a
1897 4827 2052 4882 nobis

479 4895 777 4949 satisfactio
806 4894 1168 4962 protrahitur,
1213 4908 1319 4947 non
1353 4902 1549 4962 praeter
1577 4905 1814 4948 nostram
1843 4895 2053 4950 laudem

480 4977 641 5033 atque
668 4964 909 5033 taatitiam
940 4977 1091 5016 mens
1119 4962 1234 5030 ejus
1262 4962 1329 5016 ad
1359 4965 1568 5018 veniam
1600 4965 1876 5033 purgatior
1900 4967 2050 5020 inve-

479 5031 642 5088 nitur.
668 5031 735 5086 Et
763 5033 884 5087 ideo
912 5033 1263 5104 memineritis
1284 5034 1421 5088 hanc
1449 5031 1614 5104 super
1632 5031 1720 5088 his
1735 5049 1831 5088 nos
1852 5035 2052 5091 habere

477 5105 819 5167 sententiam,
852 5109 914 5157 ut
940 5111 1152 5157 servata
1181 5103 1889 5172 discretionepeccantium,
1942 5121 2050 5160 non

477 5174 667 5229 eadem
695 5174 892 5237 cuncti,
925 5172 1189 5244 qui‘lapsi
1218 5181 1361 5244 sunt,
1393 5174 1545 5228 lance
1575 5184 1892 5244 pensentnr,
1915 5191 2052 5244 quo-

479 5247 623 5298 niam
651 5245 872 5312 majoris
913 5242 1280 5310 castigationis
1319 5252 1401 5296 est
1429 5243 1721 5310 exigendus
1751 5242 1948 5311 usum,—
1965 5246 2049 5300 cui

477 5315 670 5368 domus
694 5312 906 5382 Domini
923 5313 1215 5382 commissa
1241 5312 1401 5366 fuerit
1424 5313 1722 5382 disciplina.

554 5383 619 5438 Ut
640 5398 768 5454 ergo
797 5383 864 5437 ab
893 5381 1148 5454 Ecclesiae
1175 5381 1569 5454 summitatibus
1595 5384 1927 5454 inchoemus,
1957 5399 2051 5441 eos

476 5469 613 5523 quos
639 5451 942 5523 episcopos,
966 5451 1327 5524 presbyteros,
1352 5454 1435 5506 vel
1457 5452 1712 5507 diaconos
1740 5451 1902 5524 fuisse
1921 5469 2051 5510 con-

477 5521 691 5587 stiterit,
717 5532 772 5578 et
801 5521 896 5579 seu
925 5521 1172 5591 optantes
1199 5521 1442 5585 forsitan,
1480 5537 1574 5591 seu
1599 5531 1817 5576 coactos
1846 5523 2045 5578 lavacri

479 5593 624 5648 illius
654 5594 796 5648 unici
850 5590 1210 5660 salutarisque
1237 5591 1494 5644 claruerit
1523 5590 1715 5646 fecisse
1753 5592 2042 5660 jactus-am,

476 5672 529 5720 et
558 5663 851 5730 Christum,
897 5676 1057 5730 quem
1089 5675 1194 5714 non
1224 5661 1396 5715 solum
1429 5661 1573 5715 dono
1600 5663 2042 5728 regenerationis,

473 5748 662 5787 verum
717 5734 882 5787 etiam
935 5732 1106 5799 gratia
1164 5730 1401 5801 percepti
1455 5731 1676 5785 honoris
1742 5732 2041 5799 induerant,

474 5802 705 5864 exuisse,
737 5818 858 5856 cum
887 5809 1097 5855 constet
1123 5803 1387 5854 neminem
1419 5801 1485 5854 ad
1515 5801 1800 5854 secundam
1827 5803 2048 5857 tinctio-

473 5886 598 5926 nem
629 5872 810 5926 venire
838 5871 1106 5939 potuisse,
1141 5871 1242 5926 nisi
1269 5886 1328 5928 se
1358 5871 1536 5940 palam
1554 5870 1926 5936 Christianum
1954 5888 2050 5928 ne-

1296 372 1631 428 API’ENDIX
1674 374 1762 428 AD
1803 370 2326 430 COLLECTIONEM
2365 371 2848 444 DiONYSlANAM.

3589 372 3675 428 εει

2136 489 2376 556 gaverit,
2425 495 2501 552 et.
2531 486 2803 557 professus
2856 485 3010 541 fuerit
3059 500 3177 541 esse
3216 497 3501 557 paganum.
3554 486 3679 556 Quod

2136 572 2257 611 cum
2286 557 2611 625 generaliter
2639 558 2707 611 sit
2735 558 2787 612 in
2819 559 3064 611 otnnihus
3091 559 3499 625 exsecrandum,
3539 560 3680 614 multo

2134 629 2304 696 magis
2335 629 2387 681 in
2418 628 2720 697 episcopis,
2761 628 3086 697 presbyteris
3110 636 3163 682 et
3193 629 3505 683 diaconibus
3533 629 3682 683 auditu

2135 699 2324 770 saltem
2347 747 2351 750 .
2372 697 2624 766 dictuque
2643 699 2905 770 probatur
2925 697 3270 770 horrendum.
3293 697 3401 754 Sed
3426 699 3544 770 quia
3564 699 3682 754 idem

2135 714 2324 751 saltem
2347 747 2351 750 .
2372 714 2624 766 metuque
2638 714 2905 821 grouatur
2925 714 3270 752 norrenuum.
3293 714 3401 754 δθα
3426 714 3544 770 quia
3564 714 3682 754 idem

2135 767 2394 821 Dominus
2435 776 2596 835 atque
2679 768 2884 821 alvator
2911 768 3356 822 clementissimus
3385 778 3487 834 est,
3533 779 3578 823 et
3599 785 3685 823 ne-

2101 899 2103 901 ,
2135 837 2335 908 minem
2363 836 2477 890 vult
2507 838 2704 905 perire,
2738 851 2907 905 usque
2926 836 3003 908 ad
3033 839 3211 892 exitus
3235 839 3316 892 sui
3339 839 3481 893 diem
3509 839 3553 892 in
3587 855 3685 908 pm-

2138 906 2444 974 nitentiam,
2473 908 2516 960 si
2547 907 2888 976 resipiscunt,
2916 907 3099 976 jacere
3127 909 3434 970 conveniet,
3471 923 3559 963 nec
3583 906 3685 962 ora-

2136 977 2270 1030 tioni
2302 992 2408 1030 non
2432 976 2592 1030 modo
2627 975 2866 1030 lidelium
2893 1019 2907 1041 ,
2956 975 3049 1031 sed
3079 992 3179 1032 nec
3207 979 3693 1032 catechumeuorum'

2136 1046 2352 1114 quidem
2375 1047 2698 1101 omnimodis
2723 1048 3002 1110 interesse,
3027 1046 3219 1114 quibus
3240 1049 3545 1102 communio
3572 1049 3686 1103 laica

2139 1117 2191 1169 in
2222 1123 2395 1170 morte
2424 1115 2754 1185 redhibenda
2783 1124 2884 1179 est,
2934 1131 3097 1185 quam
3134 1132 3248 1171 rem
3279 1118 3576 1184 diligentius
3601 1133 3686 1172 ex-

2137 1187 2351 1309 plqrare
2381 1185 2468 1240 vel
2517 1184 2692 1240 facere
2722 1184 3084 1256 probatiSsimi
3113 1187 3414 1243 sacerdotis
3469 1193 3585 1242 cura
3611 1190 3688 1242 de.

2178 1272 2206 1309 e
2229 1264 2306 1309 nt.

2139 1258 2306 1311 behit.

2213 1327 2287 1380 De
2315 1325 2525 1380 clericis
2568 1333 2777 1390 autem,
2830 1334 2885 1381 et
2927 1325 3226 1392 monachis,
3253 1335 3346 1381 aut
3379 1327 3560 1396 puellis
3586 1326 3687 1389 Dei,

2140 1404 2232 1450 aut
2260 1395 2636 1467 saecularibus,
2679 1397 2885 1452 serv-ari
2911 1397 3247 1467 praecipimus
3275 1395 3417 1452 hunc
3446 1404 3686 1460 tenorem,

2141 1482 2301 1533 quem
2340 1465 2551 1520 Nicznna
2583 1467 2822 1536 synodus
2849 1469 2991 1521 circa
3031 1465 3125 1521 eos
3153 1468 3240 1534 qui
3273 1468 3406 1536 lapsi
3437 1475 3571 1530 sunt,
3617 1468 3692 1522 vel

2141 1537 2368 1599 fuerint,
2419 1534 2742 1588 servandum
2774 1551 2894 1591 esse
2919 1537 3225 1601 constituit,
3279 1534 3343 1590 ut
3378 1537 3578 1591 scilicet
3614 1537 3693 1604 qui

2142 1606 2287 1659 nulla
2329 1607 2678 1668 necessitate,
2714 1606 2909 1660 nullius
2939 1607 3015 1660 rei
3047 1607 3240 1661 timore
3270 1616 3432 1676 atque
3472 1609 3693 1675 periculo

2144 1692 2203 1730 se
2233 1682 2290 1728 ut
2317 1676 2780 1744 rebaptizarentur
2806 1677 3068 1730 hzerctlcis
3098 1677 3261 1744 impie
3287 1677 3618 1739 dediderunt,
3655 1676 3694 1731 si

2146 1755 2325 1807 tamen
2355 1760 2450 1799 eos
2480 1760 2548 1798 cx
2577 1746 2741 1800 corde
2769 1747 3044 1815 paeniteat,
3079 1746 3249 1800 tribus
3277 1747 3432 1800 annis
3455 1747 3588 1815 inter
3613 1762 3696 1799 au-

2147 1816 2356 1872 dientes
2399 1815 2544 1878 sint,
2595 1812 2803 1884 septem
2847 1832 2974 1869 vero
3018 1817 3171 1872 annis
3217 1815 3529 1885 subjaceant
3574 1812 3697 1885 inter

2147 1887 2469 1956 pmnitentes
2513 1885 2758 1956 manibus
2787 1885 3163 1950 sacerdotum,
3213 1884 3422 1941 duobus
3461 1887 3612 1940 etiam
3638 1884 3698 1940 ad

2147 1954 2450 2010 oblationes
2479 1954 2654 2008 modis
2683 1957 2930 2009 omnibus
2959 1972 3066 2009 non
3082 1957 3343 2021 sinuntur,
3369 1957 3459 2010 sed
3485 1964 3700 2010 tantuma

2144 2026 2305 2078 modo
2330 2025 2673 2094 p0pularibus
2695 2026 2747 2078 in
2777 2027 3022 2080 oratione
3049 2028 3340 2091 socientur,
3365 2041 3465 2081 nec
3489 2031 3699 2080 centun-

2145 2096 2302 2148 datur
2332 2095 2444 2166 Deo
2463 2095 2599 2166 colla
2630 2095 2964 2166 submittere,
2995 2097 3085 2166 qui
3115 2100 3235 2166 enm
3265 2111 3371 2148 non
3405 2097 3580 2150 timuit
3615 2097 3703 2149 ab-

2145 2179 2362 2232 negare.
2413 2163 2566 2230 Quod
2614 2165 2700 2231 si,
2753 2174 2810 2219 ut
2851 2173 2976 2235 pote
3012 2163 3318 2230 mortales,
3362 2167 3499 2220 intra
3549 2173 3706 2221 metas

2147 2235 2441 2304 pmscripti
2473 2236 2729 2304 temporis
2757 2237 2980 2304 cmperit
3007 2237 3129 2290 vitae
3167 2236 3285 2289 finis
3323 2249 3542 2304 urgere,
3590 2236 3730 2290 θυι».-

2147 2305 2468 2358 veniendum
2500 2312 2582 2358 est
2619 2305 2954 2375 imploranti,
3005 2314 3059 2359 et
3085 2320 3181 2359 seu
3211 2307 3278 2360 ab
3308 2307 3578 2375 episeopo,
3621 2306 3705 2374 qui

2146 2375 2517 2446 paenitentiam
2548 2375 2771 2446 dederit,
2804 2389 2913 2446 seu,
2941 2375 3006 2429 ab
3046 2376 3180 2438 alio,
3213 2376 3301 2446 qni
3332 2385 3506 2429 tamen
3538 2375 3707 2430 datam

2147 2461 2265 2500 esse
2294 2445 2601 2517 probaverit
2619 2486 2650 2517 ,_
2679 2453 2771 2499 aut
2800 2445 3048 2500 similiter
3076 2445 3420 2517 presbytero,
3470 2445 3708 2501 viaticum

2149 2514 2368 2584 abeunti
2398 2515 2465 2569 de
2495 2515 2692 2570 saaculo
2714 2531 2820 2569 non
2853 2514 3093 2584 negetur.

2218 2583 2405 2641 Pueris
2436 2593 2614 2639 autem
2637 2624 2652 2651 ,
2687 2587 2898 2656 quibus,
2929 2583 3090 2654 quod
3121 2585 3295 2640 adhuc
3318 2585 3548 2642 investes
3573 2591 3710 2649 sunt,

2147 2669 2178 2708 a
2209 2660 2492 2724 pubertate
2519 2656 2839 2710 vocabulum
2868 2661 2982 2720 est,
3014 2671 3108 2710 seu
3138 2655 3378 2721 clericis,
3423 2670 3517 2710 seu
3547 2656 3714 2722 laicis,

2149 2733 2237 2778 aut
2270 2725 2432 2778 etiam
2459 2725 2723 2798 similibus
2743 2725 2952 2798 puellis,
2972 2726 3177 2798 quibus
3205 2726 3503 2798 ignorantia
3532 2726 3715 2798 suifra-

2147 2802 2305 2862 gatnr
2331 2797 2527 2859 astatis,
2569 2795 2876 2864 aliquandiu
2907 2796 3006 2850 sub
3035 2812 3223 2850 manus
3251 2796 3593 2864 impositione
3617 2795 3716 2850 de-

2149 2865 2330 2928 tentis,
2380 2864 2654 2919 reddenda
2683 2867 3122 2930 commnnio‘est,
3168 2881 3267 2921 nec
3300 2881 3485 2920 eorum
3529 2880 3718 2934 exspe-

2149 2933 2340 3007 ctanda
2355 2935 2843 3007 pmnitentia,quos
2860 2937 3064 3007 excipit
3083 2951 3114 2990 a
3135 2933 3718 3007 coercitionecensura,

2149 3003 2296 3075 quod
2323 3003 2469 3076 esta
2511 3006 2666 3076 nobis
2690 3003 2910 3076 provide
2938 3003 3309 3069 constitutum,
3355 3021 3423 3059 ne
3451 3006 3509 3076 hi
3535 3006 3723 3073 quibus

2149 3074 2203 3146 in
2229 3074 2429 3146 terreni
2454 3074 2575 3146 labe
2599 3074 2832 3144 contagii
2855 3076 2972 3146 plus
2995 3078 3237 3132 minusve
3257 3075 3516 3146 restatiad
3536 3076 3724 3141 vitam,

2152 3144 2277 3217 dum
2300 3145 2477 3217 adhuc
2499 3145 2562 3217 in
2582 3144 2895 3216 paenitentia
2917 3156 3058 3217 sunt,
3089 3146 3393 3217 paenitenda
3416 3145 3551 3199 forte
3578 3160 3727 3200 com-

2151 3215 2387 3286 mittant.
2413 3213 2569 3282 Quod
2583 3213 2640 3271 _si
2671 3225 2796 3271 ante
2811 3213 3126 3286 prteﬁnitum
3153 3217 3485 3286 pmnitentize
3511 3223 3729 3283 tempus

2149 3285 2433 3366 despectus
2463 3301 2493 3340 a
2535 3286 2779 3366 medicis,
2811 3285 2904 3341 aut
2941 3287 3277 3366 evidentibus
3303 3285 3729 3366 mortis-pressus

2150 3355 2377 3420 indiciis,
2420 3365 2634 3425 recepta
2664 3358 2942 3425 quisquam
2972 3357 3362 3412 communionis
3396 3355 3567 3426 gratia
3597 3369 3730 3426 cono

2153 3425 2396 3489 valescit,
2423 3424 2699 3481 servemus
2728 3427 2781 3481 in
2803 3424 2876 3481 eo
2906 3427 3050 3496 quod
3087 3426 3288 3481 Nicaeni
3316 3424 3552 3496 canones
3577 3424 3732 3496 ordi-

2150 3504 2346 3567 narunt
2371 3537 2386 3564 ,
2411 3505 2489 3567 Aut
2531 3496 2791 3551 habeatur
2822 3494 2960 3551 inter
2985 3497 3106 3551 illos
3133 3498 3224 3567 qui
3255 3497 3308 3550 in
3341 3495 3595 3567 oratione,
3616 3494 3734 3567 sola

2149 3564 2572 3638 communicant,
2596 3567 2769 3622 donec
2796 3567 3083 3638 impleatur
3106 3564 3339 3637 spatium
3370 3566 3633 3636 temporis
3653 3564 3738 3618 ei-

2149 3635 2271 3689 dem
2295 3638 2675 3704 praistitutum.

2221 3705 2330 3760 Nec
2355 3709 2769 3778 catechumenos
2789 3717 3022 3773 nostros,
3045 3707 3136 3778 qui
3161 3707 3260 3762 sub
3286 3705 3375 3761 tali
3396 3705 3741 3778 professione

2151 3776 2405 3845 baptizati
2435 3785 2580 3841 sunt,
2613 3779 2968 3846 przcterimus,
2993 3776 3123 3846 quia
3145 3794 3251 3832 non
3279 3787 3363 3832 est
3389 3776 3553 3831 causa
3573 3776 3742 3846 dissi-

2151 3848 2293 3900 milis
2339 3847 2511 3917 (sicut
2541 3845 2699 3900 iidem
2746 3849 2915 3903 sancti
2945 3845 3180 3903 canones
3207 3847 3525 3902 ordinarunt
3542 3846 3584 3917 )_
3617 3845 3744 3913 ejus

2150 3917 2242 3985 qui
2273 3913 2514 3988 quolibet
2551 3917 2711 3972 modo
2741 3918 3041 3982 Christum,
3073 3933 3231 3988 quem
3261 3917 3426 3971 semel
3451 3913 3747 3988 confessus

2152 3995 2256 4051 est,
2305 3987 2585 4056 abjurarit,
2630 3988 2800 4043 tribus
2829 3989 2983 4042 annis
3012 3986 3152 4042 inter
3175 3989 3453 4042 audientes
3481 3986 3594 4040 sint
3615 4025 3636 4051 ,
3686 3994 3748 4041 et

2152 4065 2341 4127 postea
2373 4073 2503 4129 cum
2543 4057 2948 4129 catechumenis
2987 4059 3368 4129 pet-mittantur
3381 4071 3551 4129 orare
3575 4096 3594 4122 ,
3634 4071 3760 4129 per

2153 4126 2346 4182 manus
2371 4128 2764 4197 impositionem
2785 4126 3178 4183 communionis
3193 4127 3472 4182 catholica:
3498 4126 3751 4197 gratiam

2153 4195 2461 4320 recepturi.‘
2512 4196 2764 4278 Exceptis
2813 4213 2944 4252 sane
3010 4197 3397 4278 tantummodo.
3436 4195 3753 4265 episcopis,

2153 4282 2278 4320 ures
2318 4269 2502 4320 vteris.
2525 4268 2858 4320 draconibus.
2881 4268 3074 4320 quibus
3095 4268 3212 4320 solo
3239 4275 3430 4320 mortis
3453 4280 3569 4320 sum
3601 4275 3753 4319 tem-

2152 4267 2502 4338 presbyteris,
2525 4267 2858 4339 diaconibus,
2881 4268 3074 4339 quibus
3095 4268 3212 4339 solo
3239 4267 3430 4322 mortis
3453 4280 3569 4321 suae
3601 4275 3758 4339 tem-

2154 4336 2288 4407 pore
2317 4336 2772 4392 reconciliandam
2803 4336 2923 4393 esse
2949 4339 3059 4407 jam
3087 4338 3333 4400 diximus,
3366 4345 3601 4407 caeteros
3627 4336 3761 4391 sive

2154 4405 2410 4473 clericos,
2460 4409 2574 4463 sive
2603 4408 2896 4462 monachos
2922 4405 3008 4463 vel
3036 4409 3362 4472 monachas,
3406 4421 3504 4460 seu
3544 4405 3762 4473 laicos,

2155 4492 2316 4531 sexus
2339 4478 2616 4548 utriusque
2658 4493 2937 4547 personas,
2961 4493 3098 4547 quos
3117 4478 3372 4532 violentia
3396 4483 3452 4530 et
3480 4475 3765 4548 periculis

2155 4556 2375 4602 coactos
2405 4546 2742 4602 iterationem
2782 4546 3118 4618 baptismatis
3143 4548 3372 4618 subiisse
3408 4546 3762 4618 constiterit.

2153 4618 2239 4670 vel
2272 4619 2362 4684 qui
2392 4619 2570 4687 aliquo
2616 4615 2922 4674 commento
2951 4619 3174 4686 hujusce
3214 4615 3470 4672 facinoris
3500 4615 3768 4687 piaculis

2154 4687 2391 4759 dixerint
2417 4685 2522 4743 non
2552 4690 2744 4751 teneri,
2780 4689 2832 4742 in
2861 4685 3174 4759 paenitentia
3196 4701 3294 4756 per
3307 4686 3626 4759 triennium
3653 4685 3770 4740 du-

2153 4773 2276 4828 rare
2303 4757 2676 4823 decernimus,
2708 4768 2762 4812 et
2790 4755 2886 4828 per
2913 4773 3102 4828 manus
3125 4755 3526 4828 impositionetu
3553 4755 3631 4808 ad
3657 4769 3769 4808 so—

2154 4826 2403 4898 cietatem
2447 4829 2610 4898 recipi
2655 4825 3000 4883 sacramenti.
3049 4826 3155 4898 illo,
3196 4825 3293 4896 per
3331 4825 3509 4898 omnia
3558 4831 3776 4878 custo-

2153 4897 2304 4968 dito,
2365 4913 2432 4952 ne
2478 4895 2695 4968 ex'his_
2732 4914 2964 4968 unquam
3013 4895 3211 4968 quiin
3247 4895 3485 4968 qualibet
3539 4903 3771 4968 atate,

2154 4967 2278 5020 alibi
2334 4982 2494 5036 quam
2550 4969 2601 5021 in
2657 4965 2896 5023 EccleSia
2950 4965 3213 5023 catholica
3267 4965 3366 5020 aut
3417 4965 3774 5036 inbaptizati

2155 5045 2247 5089 aut
2298 5034 2671 5106 inrebaptizati
2711 5047 2855 5103 sunt,
2899 5038 2963 5091 ad
2999 5037 3431 5106 ecclesiasticam
3485 5034 3777 5106 militiam

2154 5121 2378 5175 prorsus
2420 5104 2794 5176 permittantur
2848 5105 3145 5172 accedere,
3194 5106 3387 5175 quibus
3440 5104 3586 5158 satis
3633 5118 3785 5157 esse

2151 5177 2352 5240 debet,
2409 5177 2554 5244 quod
2601 5179 2652 5230 in
2703 5177 3088 5232 catholicorum
3142 5189 3421 5230 numerum
3477 5181 3620 5227 sunt
3679 5189 3785 5226 re-

2152 5247 2313 5315 cepti,
2362 5243 2613 5315 quoniam
2654 5246 2720 5302 de
2763 5263 2861 5302 suo
2888 5246 3075 5301 ordine
3103 5254 3158 5300 et
3179 5244 3570 5315 communione
3604 5243 3664 5295 vi
3695 5246 3789 5315 te-

2153 5313 2295 5369 hiITur
2323 5313 2462 5370 ferre
2496 5317 2783 5386 judicium,
2832 5317 3084 5387 quisquis
3118 5317 3222 5370 hoc
3268 5313 3558 5367 violaverit
3610 5314 3793 5387 anti—

2153 5388 2374 5449 stitum,
2426 5383 2510 5439 vel
2540 5388 2630 5454 qui
2675 5402 2780 5440 non
2827 5383 3116 5440 remo’verit
3159 5400 3282 5440 eum
3329 5397 3488 5452 quem
3543 5397 3618 5436 ex
3682 5383 3792 5454 his

2153 5455 2218 5508 ad
2285 5453 2637 5510 ministeritnn
2703 5457 2955 5511 clericalc
3021 5456 3350 5524 obrepsisset
3390 5453 3787 5519 cognoverit.

2149 5525 2456 5579 Curandum
2487 5541 2614 5579 vero
2645 5527 2896 5591 maxime,
2923 5533 2980 5580 et
3007 5523 3389 5579 omni’cautela
3432 5531 3520 5576 est
3555 5525 3794 5590 νηπία

2151 5595 2401 5660 demtum,
2433 5612 2498 5650 ne
2527 5598 2646 5664 quis
2669 5599 2891 5650 fratrum
2919 5596 3469 5665 coepiscoporumque
3517 5599 3794 5665 nostro.

2152 5681 2311 5737 rum,
2342 5674 2434 5718 aut
2473 5661 2632 5720 etiam
2676 5661 3129 5737 presbyterorum:
3165 5661 3220 5718 in
3265 5662 3487 5737 alterius
3517 5661 3808 5716 civitate

2153 5736 2238 5788 vel
2265 5736 2483 5790 dimcesi
2509 5733 2889 5805 poenitenteni,
2941 5735 3023 5788 vel
3051 5735 3152 5789 sub
3184 5748 3341 5787 manu
3371 5733 3630 5805 positum
3681 5746 3814 5805 sg-

2154 5805 2406 5868 cerdotis,
2440 5799 2532 5858 aut
2571 5823 2692 5859 eum
2720 5808 2810 5874 qui
2839 5799 3240 5860 reconciliatum
3271 5799 3392 5874 esse
3423 5816 3483 5854 se
3515 5799 3806 5874 dixerit,

2153 5875 2268 5932 sine
2297 5877 2534 5944 episcopi
2575 5875 2659 5931 vel
2688 5869 2987 5948 presbyteri
3027 5872 3334 5932 testimonio
3357 5912 3373 5939 ,
3423 5879 3483 5928 et
3519 5869 3800 5937 litteris.
