4000 6344
507 311 602 369 ἷΰῐ

1354 313 1695 370 API'ENDIX
1734 315 1822 369 AD
1861 313 2381 370 COLLECTlONEM
2423 313 2921 370 DlONYSlANAM.‘

3647 313 3727 368 35?.

507 425 932 511 sanmnlicclesim
960 429 1092 483 dixit
1125 447 1138 483 :
1185 428 1459 511 scriptura
1485 445 1616 511 quze
1650 431 1702 482 in
1749 429 2069 511 sacerdotali
2103 442 2142 491 Α
2181 439 2353 511 atque.
2375 430 2706 511 peregrinos,
2757 444 2825 511 iie
2865 428 3016 511 mala:
3061 426 3405 511 tractationis
3432 425 3728 511 ministretur

505 497 732 554 concilio
763 499 986 551 recitata
1017 507 1119 564 est,
1147 497 1560 554 evidentissim'is
1587 499 1923 555 documentis
1951 515 2076 554 con-

504 576 611 639 stat
633 567 881 622 invalida.
929 565 1161 639 Primum
1190 567 1335 639 quod
1381 576 1568 639 contra
1608 567 1822 623 Patrum
1863 569 2073 636 regulas

505 656 534 694 a
565 638 737 708 laicis,
765 637 1010 708 quamvis
1036 637 1322 708 religiosis,
1348 638 1537 708 quibus
1557 639 1700 692 nulla
1729 639 1794 693 de
1817 640 2074 694 ecclesia-

508 710 656 765 sticis
684 706 1023 778 facultatibus
1051 707 1249 778 aliquid
1286 706 1601 778 disponendi
1629 709 1818 776 legitur
1839 724 2073 778 unquam

506 779 758 833 attributa
787 774 1044 848 facultas,
1073 774 1214 832 facta
1242 774 1453 832 videtur
1479 795 1509 848 ;i
1542 774 1753 848 deinde,
1781 774 2073 848 quod'nul-

505 846 873 929 linsprznsullis
913 847 1406 929 apostoliczesedis
1432 845 1826 929 subscriptione
1866 845 2074 929 firmata

505 915 747 973 docetur.
797 915 962 981 Quod
989 917 1034 972 si
1084 917 1367 986 cujuslibet
1413 915 1700 984 provinciae
1743 917 2069 986 sacerdotes,

505 989 642 1042 intra
682 987 814 1040 sues
849 987 1108 1042 terminos
1150 985 1378 1042 concilio
1408 987 1622 1052 habito,
1669 985 1929 1056 quidquid
1958 987 2075 1042 sine

502 1056 902 1124 metropolitani
947 1057 1028 1110 sui
1069 1058 1322 1111 antistitis
1358 1057 1678 1111 auctoritate
1728 1059 2072 1121 tentaverint,

506 1128 716 1181 iri-itum
745 1125 1098 1196 esseidfebere
1138 1124 1324 1181 Patres
1369 1125 1464 1196 SS.
1494 1134 1825 1192 sanxerunt;
1872 1134 2073 1196 quanto

505 1197 693 1265 magis,
746 1195 888 1262 quod
928 1195 981 1248 in
1025 1197 1318 1264 apostolica
1354 1195 1483 1251 sede
1515 1213 1622 1250 non
1651 1195 1913 1250 existente
1940 1211 2074 1265 pra:-

504 1268 640 1328 snle,
691 1267 782 1346 qui
813 1267 1226 1346 prairogativam
1251 1265 1418 1346 _beati
1448 1267 1624 1346 meriti
1654 1265 1883 1336 apostoli
1929 1265 2072 1346 P_etri

504 1352 602 1406 per
633 1336 933 1406 universum
959 1337 1143 1406 orbem
1183 1336 1466 1406 primatum
1499 1336 1748 1391 obtinens
1787 1336 2072 1390 sacerdotii

505 1403 732 1461 statutis
757 1403 1099 1474 synodalibus
1144 1403 1426 1460 consuevit
1467 1406 1701 1460 tribuere
1741 1406 2068 1470 ﬁrmitatem,

505 1492 536 1530 a
586 1475 758 1540 laicis,
787 1472 933 1544 licet
977 1475 1436 1544 consentientibus
1478 1475 1765 1543 aliquantis
1803 1475 2073 1544 episcopis

506 1545 617 1615 (qni
647 1552 828 1615 tamen
865 1541 1131 1615 Pontilici,
1176 1559 1206 1598 a
1251 1560 1359 1613 quo
1406 1541 1711 1615 consecrari
1751 1541 2068 1614 probantur,

502 1612 866 1685 pratjiidiciuin
917 1612 1112 1685 inferre
1147 1612 1276 1685 non
1324 1614 1636 1684 potuerunt)
1693 1612 2070 1685 praesumptum

505 1683 669 1739 fuisse
696 1683 1061 1750 cognoscitur,
1107 1683 1312 1738 viribus
1339 1698 1524 1738 carere
1572 1683 1679 1738 nun
1697 1683 1930 1738 dubium
1965 1693 2069 1752 est,

506 1770 604 1808 nec
630 1768 785 1823 posse
817 1754 956 1806 inter
994 1753 1360 1810 ecclesiastica
1391 1752 1497 1808 ullo
1531 1755 1688 1810 modo
1716 1761 1914 1808 statuta
1944 1769 2072 1809 cen-

505 1840 610 1879 SCl'l
619 1863 632 1877 .

576 1892 659 1946 Ill.
693 1892 889 1947 Sancta
919 1891 1152 1965 synodus
1179 1893 1351 1965 dixit:
1392 1891 1542 1948 Licet
1568 1893 1858 1950 secundum
1891 1911 2075 1965 prose-

505 1965 773 2017 cutionem
833 1963 1212 2016 vcnerabilium
1269 1963 1489 2017 fratrum
1538 1963 2073 2030 nostrorum,“Lau-

506 2034 682 2095 rentii,
718 2030 881 2104 Petri,
912 2031 1130 2104 Eulalii,
1151 2031 1447 2104 Creseonii,
1472 2032 1707 2104 Maximi,
1737 2034 1820 2087 vel
1848 2034 2077 2104 Stepha-

505 2104 583 2166 ni,
613 2118 712 2157 nec
734 2101 887 2173 apud
906 2116 1006 2155 nos
1035 2102 1294 2157 incertum
1326 2103 1554 2156 habetur
1580 2103 1718 2156 hanc
1749 2104 1915 2172 ipsam
1940 2101 2074 2158 scri-

506 2181 717 2243 pturam
753 2171 959 2243 nullius
1000 2186 1132 2243 esse
1157 2173 1433 2237 momenti,
1476 2171 1848 2243 qu:n__etia_msi
1898 2174 2073 2242 aliqua

506 2241 688 2314 posset
715 2241 1006 2295 subsistere
1021 2241 1241 2314 ratione
1270 2243 1442 2314 modis
1463 2241 1720 2314 omnibus
1741 2241 1793 2295 in
1831 2241 2074 2314 synodali

506 2310 813 2382 conventu,
883 2310 1104 2382 provida
1161 2311 1504 2368 beatitudinis
1549 2321 1748 2382 vestrae
1805 2310 2073 2368 sententia

506 2381 1150 2446 enervariconveniebat,
1204 2389 1259 2434 et
1306 2382 1356 2435 in
1390 2385 1597 2438 irritum
1643 2381 1854 2447 deduci,
1907 2400 1975 2438 ne
2019 2384 2073 2437 in

505 2451 810 2522 exemplum
837 2460 1142 2522 remaneret
1163 2452 1522 2522 priesinnendi
1556 2453 1880 2522 quibuslibet
1904 2454 2070 2518 laicis,

505 2521 750 2592 quamvis
776 2520 1058 2592 religiosis,
1091 2521 1176 2592 vel
1207 2522 1536 2592 potentibus,
1565 2520 1618 2576 in
1647 2538 1968 2591 quacunque
1998 2524 2073 2578 ci-

507 2590 694 2653 vitate,
724 2590 963 2660 quolibet
993 2590 1154 2660 modo
1182 2591 1381 2658 aliquid
1409 2590 1699 2646 decernere
1726 2593 1794 2645 de
1820 2590 2076 2648 ecclesia-

504 2661 659 2732 sticis
675 2659 1031 2732 facultatibus.
1085 2659 1318 2732 Quarum
1342 2660 1471 2715 solis
1497 2661 1861 2732 sacerdotibus
1888 2662 2072 2732 dispo-

503 2731 664 2785 nendi
694 2730 988 2784 indiscussa
1021 2743 1051 2781 a
1082 2729 1191 2783 Deo
1215 2744 1346 2784 cura
1375 2731 1659 2784 commissa
1689 2729 1930 2786 docetur.

578 2798 931 2873 Symmachus
977 2799 1263 2873 episcopus
1310 2799 1715 2873 dixit__:_blodo,
1761 2802 1887 2873 quia
1934 2801 2075 2858 Deus

502 2869 842 2942 prtesentiam
867 2869 1361 2942 vestram_votivam
1390 2869 1522 2923 mihi
1541 2870 1639 2924 sub
1661 2871 1898 2942 qualibet
1917 2887 2074 2926 occa-

503 2938 654 2997 sione
695 2939 978 3004 concessit,
1026 2938 1172 3001 volo,
1217 2938 1261 2994 si
1309 2939 1500 3007 placet,
1545 2954 1659 2994 rem
1702 2938 2069 3007 fierifirmatn,

503 3027 664 3081 quam
688 3008 850 3066 credo
879 3008 1251 3081 ecclesiasticis
1287 3008 1974 3081 facultatibus_eonvenire,
2014 3019 2075 3067 ut

504 3078 797 3149 agnoscant
825 3094 1014 3134 omnes
1065 3093 1201 3149 quos
1230 3078 1282 3133 in
1313 3094 1399 3133 me
1428 3095 1594 3134 vanus
1621 3079 1771 3136 furor
1794 3081 2067 3146 excitavit,

503 3148 632 3206 nihil
662 3166 748 3204 me
776 3149 945 3218 magis
971 3148 1188 3220 studere
1212 3163 1373 3220 quam
1402 3156 1462 3204 ut
1489 3149 1699 3204 salvum
1749 3166 1869 3205 esse
1901 3153 2073 3220 possit

503 3220 646 3290 quod
675 3220 806 3274 mihi
835 3227 915 3290 est
942 3235 972 3272 a
1003 3219 1114 3290 Deo
1149 3219 1246 3273 sub
1273 3219 1670 3290 dispensatione
1701 3219 2069 3289 commiSsum,

502 3289 596 3345 sed
620 3291 780 3346 etiam
809 3289 1135 3360 quibuslibet
1161 3291 1589 3360 successoribus,
1632 3289 1798 3344 Deum
1829 3291 2070 3346 timenti-

505 3361 624 3424 bus,
668 3357 878 3429 gratuin
908 3374 1025 3414 esse
1051 3357 1262 3429 debeat,
1316 3367 1369 3414 et
1395 3358 1465 3429 ad
1507 3360 1860 3415 ecclesiastici
1890 3369 2074 3416 custo-

504 3429 648 3501 diam
678 3427 1002 3501 patrimonii
1046 3427 1336 3499 pertinere.
1385 3427 1581 3485 Sancta
1628 3430 1866 3501 synodus
1893 3431 2065 3485 dixit:

502 3498 712 3555 Scimus
761 3498 1120 3568 provisionem
1168 3507 1398 3553 vestram
1462 3498 1780 3555 necessariis
1835 3502 2068 3566 studere,

504 3575 558 3625 ct
580 3571 708 3640 ideo
737 3569 791 3622 in
817 3578 996 3623 vestra
1025 3576 1106 3640 est
1136 3577 1409 3640 potesiate
1428 3569 1698 3640 sequenda
1727 3571 2031 3640 disponere.

2178 498 2414 566 occasio,
2443 515 2560 554 cum
2591 498 2901 554 liberalitati
2927 498 3001 552 illi
3027 498 3132 552 alia
3162 498 3355 551 itinera
3390 504 3726 552 reserventur.

2177 569 2320 624 Sane
2357 577 2563 622 tantum
2592 569 2784 623 domus
2813 569 2865 622 in
2889 568 3219 638 quibuslibet
3247 566 3468 622 urbibus
3495 569 3723 638 constitu-

2178 647 2264 703 ιω,
2296 654 2520 708 quarum
2550 647 2747 692 statum
2777 637 3000 708 necesse
3023 647 3106 692 est
3134 651 3368 708 expensa
3397 651 3506 708 non
3550 637 3726 692 modica

2177 706 2486 774 sustentari,
2534 708 2789 776 acceptis,
2833 708 2878 762 si
2906 706 3102 762 auferri
3149 706 3462 776 contigerit,
3493 708 3588 762 sub
3610 708 3728 775 iusta

2178 779 2582 833 existimatione
2629 777 2952 844 redditibus,
3009 785 3065 832 et
3115 776 3280 831 divini
3337 776 3529 832 timore
3569 777 3727 846 iudicii

2182 855 2606 903 commutentur.

2249 916 2314 971 V.
2348 915 2471 970 Pari
2493 920 2652 972 etiam
2682 915 3042 972 Ecclesiarum
3073 931 3171 986 per
3191 931 3379 972 omnes
3401 915 3647 973 Romanae
3669 918 3728 973 ci-

2177 987 2358 1042 vitatis
2401 987 2602 1052 titulos,
2655 987 2744 1054 qui
2797 996 2922 1040 sunt
2978 987 3295 1056 presbyteri,
3320 988 3406 1042 vel
3453 987 3734 1056 quicunque

2178 1056 2393 1126 fuerint,
2427 1056 2644 1123 astringi
2680 1056 2925 1111 volumus
2953 1057 3073 1124 lege
3113 1057 3384 1119 custodes,
3433 1057 3733 1126 quiarnefas

2179 1125 2325 1180 dictu
2355 1135 2436 1180 est
2477 1127 2822 1192 obligatione,
2852 1142 2956 1196 qua
2986 1141 3045 1181 se
3092 1141 3189 1195 per
3214 1125 3533 1196 charitatem
3560 1125 3734 1182 Christi

2179 1197 2454 1264 connectit
2479 1211 2717 1250 summus
2747 1195 3006 1264 pontifex,
3042 1211 3105 1250 ea
3147 1196 3418 1250 hominem
3442 1195 3657 1254 ’secundi
3683 1199 3732 1252 in

2178 1263 2416 1320 Ecclesia
2436 1266 2638 1320 ordinis
2663 1263 2768 1319 non
2800 1266 2985 1320 teneri.
3019 1264 3338 1334 Quicunque
3354 1274 3534 1321 tamen
3560 1266 3738 1322 oblitus

2179 1335 2294 1398 Dei,
2323 1345 2374 1388 et
2405 1337 2601 1390 decreti
2632 1335 2788 1401 liujns
2817 1335 3117 1400 immemor,
3158 1336 3309 1404 cujus
3341 1335 3591 1390 Romana:
3617 1337 3736 1392 civi-

2179 1405 2304 1458 tatis
2323 1406 2630 1460 sacerdotes
2658 1405 2904 1460 voluinus
2932 1406 3196 1473 religiosis
3218 1407 3446 1460 nexibus
3474 1405 3735 1472 devineiri,

2177 1474 2230 1545 in
2260 1477 2608 1530 constitutum
2638 1490 2872 1545 praesens
2925 1476 3288 1539 committens,
3345 1475 3628 1545 quidquam
3678 1477 3742 1529 de

2173 1542 2292 1610 jure
2317 1545 2609 1608 titulorum,
2638 1542 2726 1599 vel
2755 1543 3007 1600 Ecclesia:
3029 1545 3274 1613 superius
3303 1542 3532 1613 praifatie
3575 1547 3738 1614 quoli-

2179 1614 2270 1667 bet
2322 1615 2500 1678 modo,
2531 1623 2728 1682 praeter
2774 1630 2986 1682 aurum,
3036 1622 3332 1682 argentum,
3379 1615 3459 1668 vel
3489 1629 3731 1682 geminas,

2180 1692 2355 1754 vestes
2383 1699 2615 1752 quoque,
2645 1684 2689 1738 si
2718 1691 2859 1747 sunt,
2884 1686 2968 1739 vel
2993 1684 3034 1737 si
3060 1692 3421 1743 accesserunt,
3450 1685 3621 1754 aliqua
3643 1700 3741 1739 nio-

2179 1752 2301 1806 bilia
2325 1753 2389 1807 ad
2411 1761 2723 1807 ornamenta
2758 1754 2934 1808 divina
2966 1754 3184 1808 minime
3212 1752 3739 1823 pertiiieiitia‘perpe-

2107 1813 2154 1870 B
2184 1823 2433 1890 tnojiire,
2464 1825 2701 1892 exceptis
2731 1823 2993 1877 duntaxat
3038 1824 3138 1877 sub
3187 1813 3402 1892 prmfata
3443 1813 3740 1878 conditione

2100 3185 2145 3247 C

2179 1892 2446 1957 domibus,
2476 1894 2710 1947 alienare
2735 1894 3044 1956 tentaverit,
3091 1893 3337 1959 donator,
3384 1893 3661 1959 alieiiator,
3683 1909 3743 1949 ac

2178 1962 2427 2015 venditor
2457 1965 2674 2017 honoris
2701 1964 2781 2017 sui
2804 1963 3091 2016 amissione
3116 1963 3392 2017 multetur.

2250 2031 2337 2086 Vl.
2372 2031 2656 2099 Prmterea,
2688 2033 2777 2101 qui
2809 2034 3040 2102 petierit,
3075 2041 3167 2086 aut
3208 2033 3499 2103 acceperit,
3527 2033 3613 2088 vel
3654 2034 3740 2102 qui

2178 2103 2638 2173 presbyterorum,
2687 2111 2781 2156 aut
2810 2101 3175 2157 "diaconornm
3201 2145 3217 2169 ,
3260 2101 3355 2157 seu
3407 2101 3741 2157 defensorum

2177 2170 2326 2224 danti
2346 2170 2748 2240 subscripserit,
2772 2188 2878 2241 quo
2908 2173 3074 2228 iratus
3105 2173 3244 2227 Dens
3268 2173 3470 2228 animas
3500 2175 3744 2242 percutit,

2178 2242 2515 2296 anathemate
2539 2243 2786 2309 feriatur,
2828 2243 3002 2311 sitque
3049 2243 3351 2310 accipienti,
3404 2243 3487 2296 vel
3516 2244 3744 2298 subseri-

2179 2311 2321 2363 benti
2353 2311 2419 2363 de
2453 2313 2697 2380 personis
2725 2313 2965 2380 superius
2988 2313 3406 2380 comprehensis,
3433 2313 3601 2376 idest,
3620 2328 3750 2382 quas

2178 2383 2522 2436 anathemate
2566 2383 2712 2436 feriii
2754 2383 3087 2447 censuimus,
3125 2383 3177 2435 in
3208 2390 3404 2436 statuta
3433 2397 3590 2451 poma
3620 2399 3749 2438 con-

2178 2452 2501 2522 tubernium,
2532 2460 2764 2519 servata,
2795 2467 2951 2522 quam
2976 2452 3325 2521 'prgemisimus
3353 2453 3406 2507 in
3432 2453 3746 2517 alienatore,

2176 2519 2434 2593 vindicta.
2470 2522 2576 2576 Nisi
2602 2521 2740 2576 forte
2766 2519 2824 2593 et
2843 2519 3104 2576 alienatur
3129 2522 3249 2585 sibi,
3296 2523 3421 2576 dum
3449 2522 3664 2593 repetit,
3694 2533 3752 2578 et

2175 2590 2585 2662 qui_a_cceperit,
2611 2592 2776 2648 celeri
2806 2593 3146 2647 restitutione
3173 2590 3530 2662 prospexerit;

2246 2659 2356 2732 Vll.
2384 2659 2537 2726 Quod
2564 2663 2608 2732 si
2655 2662 2862 2732 minore
2889 2663 3080 2716 anima:
3122 2659 3234 2718 suae
3287 2659 3414 2716 cura
3467 2664 3753 2732 quisquam

2175 2730 2470 2784 remedium
2501 2731 2738 2786 oblatum
2771 2731 2906 2785 forte
2932 2732 3246 2799 neglexerit,
3278 2747 3438 2801 supra
3466 2730 3530 2786 ea
3559 2730 3751 2802 pinna-

2175 2814 2294 2872 rum
2340 2815 2558 2872 genera,
2585 2816 2702 2870 quin
2730 2803 2975 2870 superius
3003 2810 3253 2855 tenentur
3278 2803 3529 2872 ascripta,
3558 2810 3753 2857 contra

2175 2866 2275 2940 fas,
2305 2866 2522 2940 siquod
2545 2866 2871 2940 conceptum
2912 2872 3072 2926 fuerit
3099 2866 3497 2934 documentum,
3529 2873 3761 2940 univer-

2174 2938 2248 2992 sis
2277 2938 2474 3014 viribus
2505 2938 2781 3014 (quamvis
2805 2942 2873 2997 ab
2899 2942 3050 3014 initio
3081 2941 3252 2995 nullas
3273 2939 3756 3014 habueritieﬂ‘ec-

2175 3015 2338 3063 tetiir.
2370 3008 2477 3083 Sed
2507 3008 2667 3066 etiam
2710 3010 2889 3083 liceat“
2915 3011 3321 3083 quibuscunque
3377 3008 3766 3083 ecclesiasticis

2175 3080 2418 3149 personis
2437 3095 2626 3135 vocem
2652 3080 3093 3149 contradictionis
3140 3080 3356 3149 all'érre,
3396 3089 3452 3135 et
3491 3081 3754 3136 ecclesia.

2175 3148 2310 3219 stica
2339 3151 2657 3206 auctoritate
2700 3148 2894 3214 fulciri,
2924 3151 2995 3204 ita
3026 3159 3086 3205 ut
3111 3166 3232 3205 cum
3279 3148 3538 3205 fructibus
3579 3153 3767 3219 possit

2177 3217 2350 3289 aliena
2376 3235 2677 3289 reposcere,
2725 3234 2825 3274 nec
2847 3221 3027 3288 aliquo
3055 3235 3114 3274 se
3141 3228 3266 3274 ante
3292 3221 3525 3275 tribunal
3550 3217 3768 3276 Christi

2178 3287 2457 3359 obstaculo
2484 3291 2708 3353 muniat,
2739 3289 2862 3359 quia
2893 3287 3154 3358 religiosis
3201 3290 3481 3344 animabus
3523 3292 3592 3344 ad
3619 3292 3768 3344 sub-

2177 3358 2428 3430 stantiam
2457 3358 3035 3430 pauperum’derelicta
3066 3367 3251 3430 contra
3281 3359 3383 3430 fas,
3408 3361 3528 3414 sine
3573 3359 3770 3430 aliqua

2179 3427 2392 3498 pietatis
2412 3427 2860 3494 consideratione,
2893 3428 3168 3498 dispergit.
3198 3427 3366 3498 Hujus
3392 3438 3574 3484 autem
3623 3427 3770 3484 oon-

2181 3497 2475 3553 stitutionis
2499 3499 2673 3568 legem
2719 3501 2773 3553 in
2803 3497 3092 3569 apostolica
3115 3497 3318 3552 tantum
3344 3499 3598 3569 volumus
3627 3502 3773 3555 sede

2180 3569 2402 3638 servari,
2427 3571 2689 3624 universis
2715 3568 2966 3625 Ecclesiis
2992 3583 3088 3638 per
3125 3568 3432 3637 provincias
3458 3571 3777 3624 secundum

2181 3637 2476 3692 animarum
2490 3637 3166 3708 considerationem,quem
3182 3639 3460 3708 proposito
3479 3639 3776 3706 religionis

2179 3709 2470 3764 convenire
2505 3719 2742 3765 rectores
2769 3723 2951 3764 earum
2977 3707 3226 3774 viderint,
3249 3723 3398 3762 more
3421 3717 3670 3770 servato.
3703 3708 3779 3761 Et

2179 3777 2630 3848 subscripserunt.
3195 3845 3233 3848 _
3303 3847 3313 3848 ί
3388 3833 3448 3848 ,-

2248 3845 2458 3920 Cznlius,
2487 3849 2858 3920 Symmachus,
2885 3849 3168 3920 episcopus
3195 3845 3448 3920 Ecclesiae
3471 3846 3780 3912 Romamn,

2177 3917 2302 3972 huic
2327 3917 2643 3980 constituto,
2663 3934 2693 3972 a
2715 3919 2870 3973 nobis
2890 3919 3054 3981 facto,
3087 3917 3392 3986 subscripsi.

2248 3986 2823 4068 C_:‘clii_is,.Lai_ire.ntius,
2845 3988 3127 4068 episcopus
3147 3985 3785 4068 sanct'ie_.blediolanm-

2177 4055 2250 4108 sis
2277 4055 2544 4128 Ecclesiin,
2577 4059 2700 4112 huic
2725 4055 3089 4123 constituto,a
3116 4055 3410 4121 venerabili
3438 4071 3580 4126 papa
3607 4057 3782 4128 Sym-

2175 4127 2368 4197 macho
2400 4128 2566 4196 facto,
2590 4128 2898 4197 subscripsi.

2250 4195 2437 4267 Petrus
2462 4194 2744 4267 episcopus
2773 4194 3051 4252 catholicae
3098 4195 3427 4267 Ravennatis
3476 4194 3790 4267 Ecclesiae,

2173 4265 2302 4389 hulic
2327 4265 2705 4350 constituto,’a
2732 4268 3024 4323 venerabili
3052 4281 3188 4336 papa
3229 4265 3563 4337 Symmacho
3596 4266 3788 4329 facto,

2175 4350 2235 4389 su
2279 4352 2488 4389 SCI‘IDSI.

2175 4350 2488 4393 SUDSCI‘IDSI.

2245 4354 2379 4391 nscri
2470 4376 2488 4391 .

2245 4354 2499 4473 Eulaiiisils,
2526 4407 2809 4477 episcopus
2849 4414 3049 4462 sanctie
3087 4404 3338 4477 Ecclesia:
3377 4404 3796 4477 Syracusame,

2176 4475 2302 4548 huic
2338 4474 2654 4545 constituto,
2685 4474 2728 4532 εί
2750 4477 3042 4534 venerabili
3061 4491 3198 4548 papa
3229 4474 3560 4548 Symmacho
3592 4474 3792 4541 facto,

571 3639 1248 3712 Syniniachus_episcopu_s
1287 3638 1542 3695 Ecclesia:
1602 3638 1878 3712 catholica:
1929 3641 2074 3712 urbis

503 3706 687 3765 Retine
716 3709 848 3762 dixit
870 3706 1092 3779 :lllagna
1116 3706 1329 3777 quidem
1350 3710 1654 3764 venerando
1677 3719 1732 3764 et
1757 3711 2074 3764 sacerdotali

503 3779 729 3834 debetur
780 3779 986 3834 cultura
1015 3779 1314 3848 proposito,
1365 3779 1451 3834 cui
1480 3780 1722 3834 imminet
1768 3780 1836 3833 de
1872 3780 2071 3848 studio,

502 3863 620 3918 qua:
650 3855 795 3919 recta
823 3856 969 3916 sunt,
1016 3864 1124 3919 non
1153 3848 1244 3919 de”
1267 3851 1586 3904 necessitate
1635 3849 1939 3919 disponere.
1967 3850 2074 3904 Sed

501 3917 755 3988 quoniam
787 3919 838 3972 in
870 3917 1150 3988 aliquibus
1179 3917 1354 3988 aliena
1385 3917 1795 3986 postulantibus,
1819 3919 2073 3988 vitiorum

501 3987 676 4044 mater
704 3989 949 4053 avaritia,
973 3987 1261 4057 repudiatis
1277 3987 1571 4042 honestatis
1590 3987 1879 4057 repagulis,
1903 3997 2073 4044 totum

502 4066 653 4129 putat
679 4057 932 4129 expedire
960 4055 1102 4124 quod
1128 4055 1284 4129 licet,
1310 4065 1364 4111 et
1389 4057 1489 4129 ita,
1518 4057 1641 4112 dum
1655 4055 1863 4126 praeda:
1883 4058 2070 4125 inhiat,

501 4125 765 4198 patientia
789 4140 1036 4198 superna:
1088 4125 1304 4198 pietatis
1355 4127 1614 4198 abutitur,
1639 4125 2073 4196 eispectantibus

501 4195 891 4253 correctionem
921 4195 1058 4265 omlo
1086 4195 1424 4264 moderante,
1439 4196 1654 4265 judiciis
1681 4195 1752 4252 se
1767 4197 2073 4252 existimant

502 4281 611 4321 non
639 4267 828 4330 teneri,
852 4274 907 4320 et
947 4264 1150 4336 clarum
1179 4265 1267 4330 sit,
1298 4264 1449 4336 quod
1468 4265 1606 4336 apud
1635 4275 1812 4322 certos
1835 4269 1886 4321 in
1909 4283 2074 4323 ocea-

501 4335 997 4407 sionenirapiendi
1033 4335 1519 4407 procedat'divinie
1573 4353 1722 4390 mora
1770 4339 2068 4392 sententiae.

501 4405 606 4462 Sed
653 4406 829 4471 nobis,
876 4405 1339 4475 quos—pastoralis
1393 4423 1542 4469 cura,
1585 4417 1638 4462 et
1694 4408 2073 4462 ecclesiastica:

501 4477 750 4546 astringit
793 4491 890 4546 pro
921 4475 1318 4546 dispensatione
1361 4477 1563 4531 credita
1617 4478 1754 4532 ratio
1803 4477 2070 4533 reddenda

499 4545 831 4624 substantiai,
861 4562 996 4614 opus
1020 4555 1102 4624 est
1131 4552 1190 4599 ut
1213 4545 1630 4624 sollicitudinem
1680 4557 1915 4601 nostram
1963 4563 2070 4624 non
2102 4566 2151 4624 ι)
2176 4546 2488 4624 subscripsi.

500 4617 673 4672 solum
716 4618 783 4670 ad
811 4616 1110 4686 pncscntia,
1137 4615 1230 4669 sed
1266 4619 1428 4670 etiam
1471 4617 1538 4671 ad
1586 4627 1832 4672 secutura
1879 4619 2068 4672 saecula

501 4689 853 4757 porrigainus,
883 4701 950 4740 ne
980 4686 1046 4739 ad
1076 4686 1266 4739 anima:
1294 4695 1490 4757 nostin;
1517 4686 1831 4741 detrimenta
1859 4687 2068 4741 contin-

503 4756 615 4826 gat,
643 4757 778 4820 sibi,
800 4758 890 4823 qui
909 4765 1150 4824 possunt,
1175 4756 1389 4826 statutis
1414 4756 1610 4811 debere
1626 4757 1927 4811 innocentia
1947 4772 2074 4825 pia:-

502 4825 764 4898 sumentis
786 4826 852 4880 de
881 4827 1128 4880 libertate
1175 4825 1637 4898 dcliqucrit,_cum
1667 4827 1912 4898 religiosa
1945 4841 2070 4898 pose

501 4897 609 4949 sitit
637 4907 690 4949 et
719 4912 842 4966 nos,
867 4904 920 4966 et
949 4908 1293 4966 successores
1337 4896 1507 4950 nostri
1556 4905 1826 4966 potestate
1872 4896 2066 4960 fulciri,

501 4967 707 5033 legibus
736 4965 1112 5020 ecclesiasticis
1133 4965 1446 5019 servientes.

571 5035 659 5091 ιν.
695 5034 788 5090 llis
812 5049 940 5100 ergo
968 5035 1268 5104 perpensis,
1301 5051 1553 5091 mansuro
1593 5051 1712 5089 cum
1759 5036 1852 5091 Dei
1899 5037 2069 5092 nostri

500 5105 933 5175 consideratione
960 5105 1176 5158 decreto
1204 5107 1492 5167 sancimus,
1519 5114 1577 5159 ut
1613 5106 1742 5160 nulli
1764 5107 2071 5175 apostolica:

499 5178 644 5232 sedis
671 5174 880 5244 praesuli
920 5190 948 5226 a
1000 5176 1245 5244 praesenti
1273 5175 1360 5228 die
1403 5175 1576 5229 donec
1601 5177 1918 5244 disponente
1962 5176 2069 5230 Do-

499 5248 647 5300 mino
675 5244 954 5301 catholica:
999 5244 1120 5298 lidci
1167 5246 1423 5299 manserit
1451 5245 1689 5299 doctrina
1719 5246 1986 5309 salutaris,
2009 5247 2075 5299 li-

499 5325 621 5372 ceat
649 5314 904 5384 prmdium
933 5315 1189 5369 rusticum
1219 5322 1645 5384 quanteeunque
1673 5313 1832 5368 fuerit
1852 5316 1936 5369 vel
1966 5331 2070 5370 ma-

499 5383 813 5452 gnitudinis,
861 5384 943 5438 vol
975 5385 1299 5450 exiguitatis,
1332 5383 1432 5438 sub
1458 5395 1715 5452 perpetua
1746 5384 2070 5440 alienatimie

495 5452 582 5508 vel
627 5455 1043 5512 commutatione
1090 5454 1155 5506 ad
1183 5452 1462 5519 cujuslibet
1484 5455 1606 5520 jura
1639 5454 1944 5519 transferre,
1974 5468 2074 5508 nec

497 5526 813 5592 cujusquam
839 5529 1183 5593 excusentur
1219 5519 1554 5593 necessitatis
1596 5520 1836 5574 obtentu.
1870 5520 2076 5593 Quippe

499 5607 625 5662 cum
651 5590 754 5646 non
806 5591 876 5644 sit
919 5590 1202 5662 personale
1247 5591 1388 5662 quod
1412 5590 1712 5662 loquimur,
1738 5605 1838 5645 nec
1885 5590 2078 5662 aliquis

501 5660 819 5717 clericorum
842 5663 932 5732 vel
960 5659 1218 5715 laicoruin
1245 5659 1344 5732 sub
1371 5659 1496 5714 liac’
1526 5660 1839 5732 occasione
1858 5659 2074 5732 accepta

505 5740 738 5793 tueatur,
764 5731 852 5784 sed
887 5748 984 5786 nec
1015 5731 1064 5784 in
1102 5728 1493 5788 usunifrnctiun
1516 5729 1640 5797 ju'ra
1665 5729 1930 5798 aliquibus
1961 5728 2077 5788 d'ari

481 5801 680 5877 liccat,
709 5816 806 5855 nec
834 5803 960 5858 data
989 5800 1233 5867 retineri,
1258 5811 1450 5871 praeter
1466 5800 1712 5869 clericos,
1741 5808 1794 5856 et
1817 5804 2075 5874 captivos,
2123 5869 2130 5876 _

2246 4615 2400 4672 Felix
2417 4619 2852 4684 lnteramnensis,

2248 4685 2572 4756 {Emilianus
2595 4685 2936 4756 Vetcllciisis,

2250 4755 2513 4824 Tigridius
2542 4757 2868 4824 Taurinatis,

2244 4825 2436 4882 Bassus
2467 4827 2798 4893 Mutinensis,

2245 4895 2509 4952 Maximus
2531 4898 2807 4963 Blcranus,

2247 4965 2524 5036 Rufentius
2545 4967 2843 5036 lgiiatinus,

2249 5035 2596 5092 Martiiiiaiius
2624 5037 2903 5101 0~liCttslS,

2249 5105 2586 5178 Eortunatus
2607 5108 2980 5178 Vessanensis,

2250 5175 2525 5247 lincarpus
2552 5177 2925 5247 Messaniensis,

2248 5246 2551 5315 Stephanus
2579 5246 2898 5310 Venusinus,

2249 5315 2508 5370 Romulus
2542 5315 2929 5384 Prmiiestiiiiis,

2250 5383 2562 5454 Yindemins
2589 5387 2918 5454 Aiitiatiniis,

2248 5453 2575 5511 Fortunatus
2605 5453 2932 5524 Fulgcnatis,

2252 5523 2548 5580 Martianus
2577 5523 2941 5589 Aicaniensis,

2250 5593 2628 5665 Chrysogonus
2648 5595 2998 5660 Albanensis,

2251 5663 2571 5718 Laurentius
2597 5663 2964 5728 Bovianensis,

2253 5733 2574 5788 Paschasius
2608 5733 3012 5800 Vulturnensis,

2254 5803 2456 5874 Aprilis
2476 5803 2801 5868 Nucerinus,
