4000 6344
384 666 395 693 γ’

466 340 570 396 555

1322 342 1661 401 APPENDIX
1699 344 1791 399 AD
1825 336 2348 399 COLLECTIONEM
2390 327 2865 392 DIONYSIANAM.

3617 325 3711 385 536

458 465 653 529 prmter
680 460 1035 515 reverentiam
1078 460 1145 515 de
1183 460 1559 515 ecclesiasticis
1609 460 1836 527 negotiis
1865 458 2033 528 perti-
2065 465 2108 517 Α
2143 453 2400 529 Matth}
2419 453 2461 523 )-
2483 452 2556 529 ΕΑ
2579 452 2628 507 in
2650 463 2967 529 quacunque
2989 448 3206 529 οίνίιειὶς
3234 461 3568 529 ρθεθιη,ςεεο
3591 463 3715 529 99η·

390 573 396 581 .
459 544 608 593 nere,
642 533 982 586 committens
1010 532 1171 585 etiam
1195 532 1448 599 potestati
1474 532 1782 599 ponlilicum
1801 572 1816 595 ,
1844 539 1901 582 ut
1920 530 2036 584 sive

390 602 399 662 ξ
462 600 793 667 propositum
824 602 1023 655 vellent
1068 600 1255 655 audire
1303 602 1605 667 negotium,
1661 603 1774 654 sive
1809 601 2032 661 nollent,

463 668 605 739 quod
634 671 803 740 magis
842 678 1094 740 putarent
1118 670 1266 734 utile,
1291 672 1651 726 deliberarent
1688 689 1700 723 :
1745 668 2035 724 dummodo

463 739 1089 811 venerandipr’ovisione
1134 741 1346 795 concilii
1392 757 1495 811 pax
1528 750 1669 795 esset
1717 740 1769 794 in
1820 740 2036 811 civitate

463 810 708 879 Romana
741 808 1061 864 Christianis
1100 811 1370 879 omnibus,
1394 808 1517 879 quze
1544 827 1663 864 cum
1705 811 1848 877 juste
1874 808 2037 861 olTer-

463 890 577 940 tur,
609 878 702 932 Dei
726 880 975 933 mandata
1003 878 1361 946 complentur;
1392 878 1554 934 ltalim
1576 896 1684 934 sua:
1714 881 1844 933 dare
1868 885 2040 931 recto-

465 964 577 1003 rem
635 958 1015 1015 agnoscentes,
1058 950 1263 1005 nullum
1294 951 1447 1005 nobis
1474 952 1710 1004 laborem
1741 948 1905 1003 alium
1954 962 2042 1003 re-

465 1018 750 1091 mansisse,
774 1020 873 1091 nisi
906 1029 964 1074 ut
991 1020 1313 1075 dissidentes
1340 1036 1460 1075 cum
1501 1020 1802 1091 humilitate
1839 1032 2040 1088 propo-

465 1088 753 1143 siti'nostri
797 1089 864 1144 ad
900 1090 1243 1144 concordiam
1300 1090 1658 1155 hortaremur,
1711 1090 1836 1157 quia
1875 1102 2039 1141 unum

467 1168 632 1232 tanta;
656 1159 732 1232 rei
756 1160 1013 1232 restabat,
1056 1160 1200 1232 unde
1224 1160 1333 1213 Deo
1370 1175 1678 1229 parercmus
1698 1201 1713 1225 ,
1745 1166 1803 1232 ut
1842 1164 2041 1232 sancite

467 1228 721 1297 principis
746 1228 1026 1291 voluntati,
1054 1230 1340 1283 iuvitamus
1359 1228 1604 1284 senatum
1629 1228 2037 1298 amplissimum,

467 1299 611 1365 quali
662 1300 899 1369 oportuit
928 1299 1194 1366 legatione
1221 1300 1518 1363 destinata,
1549 1297 1833 1353 monentes
1873 1297 2039 1369 etin-

467 1365 761 1431 struentes,
809 1365 997 1422 causas
1032 1369 1121 1423 Dei
1168 1370 1334 1437 ipsius
1368 1370 1568 1438 judicio
1610 1365 2039 1429 committendas,

470 1438 560 1505 qui
589 1438 734 1491 valet
763 1453 958 1507 corpus
989 1438 1250 1500 occidere,
1283 1447 1337 1492 et
1365 1441 1594 1492 animam
1625 1440 1838 1493 mittere
1876 1438 1927 1490 in
1958 1449 2045 1503 ge-

467 1508 699 1561 hennam
741 1507 952 1574 (Matth.
988 1509 1053 1577 x)
1086 1527 1099 1560 :
1129 1509 1219 1577 qui
1242 1510 1399 1575 dicit,
1430 1509 1554 1563 Mihi
1578 1508 1835 1571 vindicta,
1860 1517 1913 1561 et
1942 1520 2042 1573 ego

468 1578 759 1648 retribuam
787 1577 1005 1647 (Ezech.
1033 1579 1117 1648 ix)
1145 1596 1157 1629 :
1184 1578 1334 1647 Apud
1364 1594 1521 1648 quem
1552 1579 1879 1648 conscientia
1904 1577 2043 1629 nuda

468 1654 552 1701 est
602 1646 936 1716 (Rom.ixu),
966 1647 1053 1702 cui
1096 1646 1203 1702 non
1234 1646 1653 1703 rabsconduntur
1696 1647 1927 1710 occulta,
1953 1660 2045 1699 co-

469 1717 640 1783 gitare
668 1715 958 1787 prudentes
983 1718 1126 1787 viros
1147 1727 1419 1786 oportere,
1438 1727 1636 1787 quanta
1665 1718 2045 1771 inconvenien-

472 1795 581 1869 ter,
606 1794 661 1839 et
690 1785 1123 1869 pracjudicialiter
1145 1785 1197 1840 in
1216 1788 1373 1869 hujus
1394 1785 1591 1855 nogotii
1617 1786 1880 1869 principio
1910 1802 2045 1869 conf

472 1835 740 1927 iig'i'ss'éui,
757 1835 1130 1923 crassas,
1145 1835 1431 1925 ἶὲέῖιῖἇῖιὲεζ
1459 1835 2047 1927 (ἷῖιὲιίὶι⁷ἰρξὶ⁷ἶὸὲαῆξίιὶι
2082 1835 2119 1891 Β

472 1926 862 1989 remissionem,
894 1927 1131 1995 peccatis
1151 1942 1255 1980 non
1282 1928 1509 1995 aperire,
1540 1926 1635 1981 sed
1661 1926 1930 1988 claudere,
1955 1926 2047 1994 qui

472 1995 617 2062 quod
637 1995 915 2049 dicebatur
942 1994 1130 2062 majori
1156 1994 1359 2063 judicio
1381 2011 1658 2051 servamus
1677 2038 1693 2065 ,
1721 1997 2048 2051 instruentes

475 2080 573 2121 eos
600 2065 722 2137 quia
752 2079 850 2132 per
867 2080 975 2137 nos
995 2065 1362 2137 illistristus
1385 2066 1807 2137 innotuitann.
1834 2066 1913 2133 x),
1939 2081 2045 2137 non

470 2148 610 2204 esse,
638 2134 819 2188 ovium
867 2134 979 2203 lupi
1008 2135 1227 2191 insidias
1256 2137 1569 2204 prmvidere,
1623 2134 1718 2191 sed
1764 2136 1999 2204 pastoris
2031 2154 2042 2188 :

472 2203 725 2260 maxime.
758 2204 883 2270 quia
905 2204 957 2258 in
984 2218 1143 2275 causa
1169 2203 1387 2275 praefata
1417 2207 1634 2267 multos.
1668 2221 1727 2260 se
1754 2203 2048 2272 dignaban—

474 2282 560 2342 tur
587 2287 938 2342 cognoscere,
970 2282 1027 2328 et
1052 2272 1501 2329 Deo'satisfacere
1546 2291 1698 2331 error
1722 2276 2042 2329 involverat.

474 2341 542 2397 Et
568 2341 694 2413 quia
724 2358 832 2398 non
863 2350 1114 2413 poterant
1139 2344 1290 2413 plura
1316 2346 1416 2399 sub
1440 2345 1541 2400 hac
1560 2346 1844 2401 occasione
1872 2343 2046 2399 Eccle-

472 2414 565 2468 sia:
594 2414 831 2469 membra
853 2414 1106 2482 dispergi,
1137 2414 1233 2469 sed
1261 2414 1427 2483 magis
1456 2430 1553 2483 per
1580 2414 2046 2470 mansuetudinem

472 2484 739 2538 sustineri.
772 2483 1074 2554 sicutuboni
1121 2500 1222 2539 nos
1243 2488 1422 2554 operis
1451 2483 1647 2540 Paulus
1688 2486 1942 2553 magister
1967 2484 2049 2537 in-

472 2561 745 2608 struxerat
768 2552 787 2622 (
809 2551 873 2623 IfI
905 2552 1037 2607 Tim.
1074 2554 1157 2623 iv)
1178 2595 1191 2618 ,
1218 2551 1403 2608 dicens
1447 2556 1711 2610 sanandos
1738 2551 1856 2609 esse
1884 2554 2047 2623 pluri-

475 2639 594 2703 mos
614 2638 711 2691 per
740 2622 1144 2703 patientiamet
1166 2624 1483 2703 doctrinam.
1504 2623 1585 2703 ⁵Ει
1628 2622 1932 2703 quicunque
1957 2640 2051 2703 pu-

473 2700 657 2746 tantur
683 2692 783 2755 rei,
826 2699 883 2762 et
923 2692 1174 2759 gravibus
1218 2693 1455 2761 peccatis
1503 2694 1758 2762 involuti,
1804 2692 2048 2762 quamvis

476 2763 653 2817 nullus
681 2770 766 2817 est
793 2761 884 2827 qui
928 2761 1128 2817 delicto
1155 2770 1357 2827 careat,
1387 2764 1525 2817 sicut
1552 2761 1787 2818 Joannes
1822 2761 2048 2818 testatur

476 2832 753 2901 apostolus
783 2829 1021 2902 (IVJoan.
1052 2831 1125 2902 l).
1145 2832 1211 2902 iSi
1256 2832 1431 2885 dicam
1460 2832 1583 2900 quia
1614 2842 1893 2902 peccatum
1936 2848 2043 2887 non

475 2888 673 2967 habeo,
703 2888 932 2957 mendax
960 2888 1100 2974 sum:
1142 2901 1243 2956 bos
1273 2888 1645 2974 tameninagis
1670 2888 1932 2974 pressuris
1958 2904 2050 2974 ho-

476 2974 679 3026 minum
716 2972 1025 3034 sustentari,
1058 2979 1116 3026 et
1143 2972 1429 3041 perterreri
1460 2972 1556 3025 has
1578 2972 1882 3039 passiones.
1910 2973 2048 3041 judi-

475 3043 559 3097 cia
588 3042 767 3097 divina
794 3041 1045 3112 suspendi
1071 3058 1083 3093 :
1114 3043 1365 3105 maxime,
1391 3057 1513 3097 cum
1560 3042 1647 3096 illa
1678 3058 1796 3112 qua:
1843 3042 2048 3111 praemi-

475 3114 658 3175 simus,
683 3112 824 3166 inter
850 3112 952 3165 alia
973 3110 1042 3166 de
1069 3113 1389 3166 auctoritate
1414 3112 1573 3173 sedis.
1605 3110 1901 3178 obstarent,
1918 3113 2041 3179 quia

473 3183 618 3264 quod
636 3196 921 3264 possessor
949 3181 1064 3249 ejus
1086 3181 1361 3263 quondam
1389 3182 1577 3264 beatus
1597 3181 1785 3264 Petrus
1807 3183 2037 3264 ‘meruit.
2071 3204 2116 3264 ρ

478 3254 532 3309 in
561 3253 839 3308 nobilitate
866 3252 1221 3321 possessionis
1242 3254 1494 3315 accessit,
1530 3262 1585 3307 et
1613 3253 1914 3307 claritatem
1943 3267 2039 3305 ve-

477 3332 647 3377 terem
691 3322 844 3378 vobis
868 3319 1005 3384 'dat,
1048 3319 1141 3375 det
1169 3321 1364 3376 Christi
1394 3320 1523 3376 dote
1558 3323 1857 3377 rectoribus
1888 3338 1900 3373 :
1933 3322 2042 3375 cla-

477 3401 708 3458 mentes,
754 3392 1010 3462 scriptum
1037 3406 1158 3462 esse
1205 3406 1302 3461 per
1348 3392 1665 3462 prophetam
1710 3406 1777 3445 ex
1813 3406 2042 3462 persona

476 3462 574 3517 Dei
599 3462 755 3530 (Icci.
782 3460 1135 3530 L).’Nunquid
1165 3460 1270 3515 non
1299 3460 1661 3517 valet’manus
1687 3476 1805 3515 mea
1836 3460 1903 3514 ad
1923 3476 2048 3515 cou-

476 3534 796 3589 sumendum
825 3546 920 3586 eos
957 3532 1048 3598 qui
1076 3533 1426 3586 erraverunt?
1456 3531 1579 3587 llaec
1607 3531 1794 3586 eadem
1825 3532 2046 3599 saepissi-

477 3618 585 3667 tne,
608 3603 748 3659 sicut
776 3601 1032 3667 oportuit,
1065 3609 1469 3657 commonentes
1504 3618 1515 3655 :
1550 3609 1608 3655 ut
1659 3601 1839 3655 habita
1879 3601 2048 3655 inten-

478 3673 626 3728 tione
650 3671 1009 3734 discederent,
1034 3679 1090 3726 et
1122 3671 1319 3726 factum
1351 3679 1615 3733 nostrum,
1641 3671 1785 3739 quod
1808 3671 1944 3725 Deus
1974 3672 2050 3725 in-

475 3745 793 3813 spiraverat,
837 3740 991 3810 juxta
1019 3740 1327 3813 mandatum
1367 3741 1632 3813 principis
1667 3756 1793 3813 non,
1822 3741 2051 3813 discute-

476 3810 600 3868 rént
616 3855 628 3873 .
654 3812 751 3867 sed
776 3820 1149 3880 sequerentur,
1178 3812 1319 3866 sicut
1343 3810 1569 3865 decebat
1592 3810 1844 3866 Ecclesia:
1873 3810 2009 3866 ﬁlios
2029 3856 2043 3877 ,

476 3898 578 3937 nec
601 3883 701 3937 sub
731 3882 1239 3936 hacintermissione
1255 3883 1660 3941 contenderent.
1674 3889 1729 3934 et
1744 3889 2049 3936 crescerent

478 3952 733 4009 Ecclesia:
759 3951 1100 4006 detrimenta.
1127 3950 1258 4016 Qua:
1287 3966 1372 4004 res
1400 3950 1657 4019 poscebat
1686 3965 1807 4004 cum
1836 3949 2050 4005 festina-

477 4024 624 4080 tione
652 4023 914 4082 succurri,
947 4028 1001 4073 et
1024 4021 1177 4074 nobis
1200 4020 1358 4087 hujus
1387 4019 1676 4074 celeritatis
1721 4028 1777 4073 et
1800 4020 1903 4074 illis
1926 4021 2050 4076 obe-

476 4093 695 4147 dientia
720 4091 1013 4145 necessitas
1040 4090 1350 4143 imminebat
1381 4106 1392 4141 :
1425 4089 1658 4143 maxime
1675 4105 1798 4146 cum
1832 4105 2046 4145 omnem

514 4177 615 4215 ene
636 4160 845 4229 plebem
875 4173 1159 4214 cernamus
1187 4159 1303 4227 ejus
1331 4159 1695 4214 communioni
1740 4159 2050 4216 iudissocia—

517 4233 657 4285 ilitcr
685 4230 997 4289 adhaesisse.
1021 4229 1173 4289 cujus
1200 4243 1300 4282 nos
1328 4244 1435 4284 non
1476 4229 1684 4283 modica
1710 4243 1836 4284 cura
1870 4231 2051 4285 stimu-

476 4301 651 4360 labat,
665 4314 735 4353 ne
752 4299 806 4352 in
837 4300 1017 4366 aliquo
1042 4296 1311 4353 laberetur
1330 4312 1534 4353 errore.
1560 4296 1763 4365 Quibus
1783 4299 2045 4368 allegatis,

477 4385 598 4425 cum
628 4369 723 4423 Dei
750 4370 917 4423 nostri
946 4370 1308 4423 obtestatione
1341 4369 1699 4429 decernimus,
1735 4369 1924 4423 harum
1954 4386 2049 4425 ne-

446 4482 449 4483 ν
474 4440 805 4501 cessitatum,
829 4440 912 4493 vel
937 4440 1255 4506 religionum
1282 4438 1715 4494 consideratione
1740 4441 1967 4505 astricti,
1992 4450 2050 4496 et

473 4510 679 4565 cmlesti
734 4510 1085 4579 inspiratione
1149 4510 1425 4578 perpensis
1476 4510 1765 4580 omnibus,
1822 4525 1940 4580 qua:
1994 4511 2046 4566 in

470 4595 632 4635 causa
678 4588 851 4644 erant,
901 4580 1251 4645 inspiratione
1294 4579 1543 4645 secretis,
1585 4588 1644 4633 ut
1694 4579 2045 4645 Symmachus
2073 4585 2128 4644 D

473 4666 606 4721 papa
628 4650 768 4705 sedis
789 4650 1098 4719 apostolicm
1127 4649 1339 4718 praesul,
1371 4648 1768 4721 abghujusmodi
1797 4652 2043 4720 proposi-

473 4718 704 4774 tionibus
732 4718 1043 4790 impetitus,
1092 4729 1349 4789 quantum
1389 4719 1457 4774 ad
1504 4718 1750 4774 homines
1800 4718 2041 4790 respicit,

475 4792 599 4857 quia
627 4798 799 4843 totum
829 4791 1005 4845 causis
1046 4790 1433 4844 obsistentibus
1459 4790 1704 4858 superius
1749 4791 2043 4857 designatis

462 4868 709 4925 constat,
737 4859 957 4913 arbitrio
977 4859 1158 4912 divino
1183 4858 1344 4913 fuisse
1364 4860 1659 4921 dimissum,
1679 4860 1747 4914 sit
1771 4861 2040 4924 immunis,

470 4938 529 4983 et
556 4929 710 4992 liber,
738 4936 794 4982 et
834 4928 1149 4983 Christiana:
1177 4928 1320 4997 plebi
1348 4929 1465 4983 sine
1506 4928 1680 4996 aliqua
1715 4929 1782 4983 de
1820 4930 2043 4997 objectis

473 4998 776 5065 oblatione,
817 4998 873 5052 in
912 4998 1157 5052 omnibus
1201 4997 1458 5054 Ecclesiis
1502 5000 1635 5062 suis,
1664 4998 1729 5052 ad
1782 5000 1869 5067 jus
1903 5000 2045 5055 sedis

466 5083 581 5123 sua:
608 5067 1035 5138 pertinentibus,
1063 5076 1121 5123 et
1166 5069 1342 5123 tradat
1375 5068 1554 5123 divina
1606 5070 1886 5138 mysteria,
1918 5071 2042 5137 quia

465 5154 591 5193 eum
614 5138 685 5220 ob
707 5138 1136 5221 impugnatorum
1160 5139 1794 5221 suorumnimpetitionem
1824 5148 2044 5221 prOpter

466 5209 717 5278 superius
740 5208 1049 5279 designatas
1068 5222 1276 5271 causas,
1309 5209 1532 5277 obligari
1555 5224 1664 5262 non
1692 5208 1930 5279 potuisse
1957 5224 2046 5265 co-

463 5276 771 5346 gnovimus.
818 5276 973 5348 Unde
1023 5280 1315 5333 secundum
1372 5276 1709 5347 principalia'
1741 5287 2038 5348 prmcepta,

463 5356 814 5430 qurenostrm
831 5347 937 5403 hoc
958 5348 1204 5430 tribuunt
1220 5350 1495 5430 potestati,
1522 5350 1571 5402 ei
1592 5349 1850 5430 quidquid
1876 5347 2045 5430 eccle-

464 5417 667 5474 siastici
697 5419 837 5473 intra
865 5432 1075 5473 sacram
1128 5420 1312 5473 urbem
1364 5417 1610 5481 Romam,
1641 5420 1723 5472 vel
1754 5418 1882 5472 foris
1904 5418 2041 5487 juris

464 5498 568 5555 est,
597 5488 974 5555 reformamus,
1021 5497 1193 5542 totam
1237 5502 1454 5542 causam
1505 5487 1596 5541 Dei
1636 5488 1837 5556 judicio
1867 5504 2043 5543 reser-

466 5568 673 5626 vantes,
687 5559 965 5613 universos
976 5559 1273 5622 hortamur,
1290 5565 1347 5612 ut
1362 5572 1569 5613 sacram
1586 5559 2038 5625 communionem,

464 5630 603 5684 sicut
629 5644 717 5685 res
745 5628 998 5699 postulat,
1025 5631 1093 5683 ab
1141 5643 1209 5683 eo
1245 5628 1567 5699 percipiant,
1598 5635 1655 5681 et
1697 5627 1810 5693 Dei,
1842 5636 1897 5681 et
1926 5630 2042 5682 ani-

465 5715 670 5753 marum
699 5697 917 5754 suarum
946 5698 1308 5762 meminerint,
1339 5698 1461 5766 quia
1492 5697 1607 5767 ipse
1632 5706 1687 5751 et
1714 5710 1924 5751 amator
1947 5713 2041 5767 pa-

466 5769 546 5840 eis
567 5776 671 5834 est,
703 5778 759 5822 et
778 5770 892 5838 ipse
921 5784 1025 5840 pax
1045 5776 1148 5833 est,
1181 5768 1271 5840 qui
1299 5765 1483 5822 menet
1501 5765 1738 5840 {Pacem
1765 5765 2038 5824 meam'do

466 5839 639 5905 vobis,
699 5836 884 5907 pacem
921 5836 1116 5895 'meam
1171 5839 1417 5908 relinquo
1466 5837 1615 5894 vobis
1671 5836 1861 5910 (Joan.
1916 5854 2037 5905 xiv;

2140 517 2452 577 ﬁrmandam
2473 517 2762 583 aﬂirma'ns,
2795 517 2983 573 beatos
3002 533 3121 572 esse
3144 518 3275 571 dicit
3303 518 3556 586 paciﬁcos
3587 517 3717 587 (Ibi-

2139 595 2274 660 dem,
2298 594 2380 660 v).
2397 592 2520 647 Haec
2542 592 2845 661 quicunque
2873 604 2943 661 ex
2970 588 3319 661 instructione
3347 595 3535 661 nostra
3555 590 3716 657 (quod

2139 680 2245 719 non
2262 658 2618 732 'tes'timamu's)
2642 663 2724 714 vel
2743 658 2862 732 non
2881 658 3134 732 admittit,
3145 658 3246 732 _ve_l
3257 658 3538 732 retractari
3561 672 3717 727 posse

2139 733 2446 796 crediderit,
2478 727 2675 795 videat,
2698 728 3112 800 quiaiin_divino
3136 727 3338 800 judicio
3380 735 3720 800 contemptus

2139 804 2221 857 sui
2244 804 2507 857 rationem
2530 809 2630 863 est,
2651 797 2791 855 sicut
2809 799 2876 853 de
2898 798 3009 852 Deo
3030 797 3368 862 conﬁdimus,
3395 797 3721 852 redditurus.

2143 873 2219 928 De
2274 873 2485 927 clericis
2526 871 2809 925 memorati
2862 882 3030 937 papae,
3082 867 3174 937 qui
3221 868 3288 937 ab
3336 867 3592 936 episcopo
3624 882 3726 921 suo

2142 951 2268 996 ante
2298 950 2507 1009 tempus
2534 940 2749 1009 aliquod
2790 936 3215 1009 contraregulas
3258 936 3724 1009 diseesserunt,_et

2140 1012 2376 1065 schisma
2401 1007 2665 1076 fecerunt,
2697 1010 2801 1063 hoc
2829 1008 2943 1063 ﬁeri
2970 1007 3332 1071 decrevimus,
3364 1014 3423 1059 ut
3448 1020 3542 1061 eos
3564 1007 3725 1061 satis-

2143 1082 2403 1137 facientes
2437 1082 2688 1148 episcopo
2716 1094 2815 1133 suo
2857 1076 3225 1148 misericordia
3268 1077 3646 1148 subsequatur,
3670 1084 3725 1129 et

2143 1150 2336 1206 ofﬁciis
2376 1145 2754 1206 ecclesiasticis
2794 1164 2853 1203 se
2877 1147 3148 1216 gaudeant
3186 1145 3417 1209 restitui,
3464 1147 3588 1213 quia
3618 1147 3727 1199 Do-

2145 1222 2322 1276 minus
2350 1230 2406 1275 et
2432 1220 2765 1289 Redemptor
2791 1227 2977 1272 noster
3002 1231 3132 1289 oves
3164 1216 3405 1289 perditas
3431 1216 3497 1268 ab
3539 1230 3726 1269 errore

2144 1290 2357 1344 lzetatur
2384 1284 2657 1353 inventas,
2674 1297 2731 1344 et
2751 1304 2913 1356 super
2938 1285 3219 1356 profugum
3250 1284 3417 1356 lilium
3446 1293 3726 1356 paternam

2145 1360 2445 1415 libertatem
2463 1360 2696 1415 cmlestis
2724 1353 3405 1413 medicatoraccommodat
3434 1353 3584 1418 (Luc.
3612 1357 3725 1418 xv).

2148 1428 2398 1498 Quisquis
2426 1446 2556 1485 vero
2583 1430 2901 1483 clericorum
2930 1434 3053 1497 post
3082 1424 3538 1498 hanciormamg
3573 1424 3730 1498 nobis

2186 1492 2447 1566 robzitam,
2478 1514 2798 1569 quocunque
2839 1492 3053 1553 sacrato
3085 1496 3195 1550 Deo
3229 1496 3349 1569 loco
3400 1494 3451 1547 in
3483 1492 3731 1548 Ecclesia

2197 1584 2389 1623 omana
2418 1565 2608 1625 missas
2632 1565 2907 1623 celebrare
2937 1565 3353 1634 praesumpserit,
3378 1572 3574 1632 pmter
3593 1579 3730 1619 con-

2146 1639 2425 1711 scientiam
2455 1624 2606 1711 papa;
2625 1709 2633 1711 Α
2653 1624 2980 1711 Symmachi,
3012 1637 3137 1711 dum
3159 1624 3293 1688 vivit
3321 1624 3535 1711 stitutis
3563 1649 3735 1711 cano—
3831 1624 3846 1637 ’

2150 1709 2303 1773 uicis,
2332 1701 2480 1764 velui
2525 1701 2897 1765 schismaticus
2940 1705 3284 1776 percellatur.
3339 1701 3735 1776 ista‘suﬂiciat

2150 1793 2269 1832 cum
2293 1778 2387 1833 Dei
2416 1780 2602 1834 notitia
2625 1779 2832 1832 sincere
2858 1773 3247 1846 prdtulisseeEt
3264 1773 3734 1846 subscripserunt.

2220 1846 2544 1904 Laurentius
2564 1843 3129 1920 episcopus—Ecclesiae
3159 1843 3574 1920 Mediolanensis
3606 1845 3734 1897 huic

2151 1924 2351 1973 statuto
2380 1912 2661 1983 nostro,'in
2687 1912 2793 1987 qu'o
2823 1926 2989 1973 totam
3012 1930 3224 1971 causam
3253 1913 3343 1968 Dei
3358 1912 3563 1982 judicio
3590 1929 3739 1967 com-

2150 1987 2416 2057 misimus,
2438 1990 2749 2057 subscripsi.

2222 2053 2412 2133 Petrus
2437 2053 2721 2129 episcopus
2744 2057 2991 2113 Ecclesia:
3002 2053 3345 2133 _Rav_eu_na_tis
3376 2053 3503 2107 huic
3520 2058 3739 2133 statuto

2152 2136 2353 2199 nostro.
2382 2130 2434 2182 in
2451 2124 2557 2199 quo
2576 2124 2742 2185 totam
2758 2142 2975 2184 causam
3000 2127 3094 2182 Dei
3115 2124 3315 2195 judicio
3338 2124 3738 2185 commisimus,

2149 2196 2459 2269 subscripsi.

2220 2266 2375 2337 Eelix'
2401 2269 2811 2337 lteramnensis,

2220 2336 2480 2394 Maximus
2508 2339 2785 2403 Bleranus,

2222 2406 2486 2464 Maximus
2516 2408 2834 2471 Ticinensis,

2219 2476 2507 2534 Gerontius
2535 2478 2859 2544 Fundensis,

2220 2544 2538 2602 Laurentius
2571 2548 2812 2614 Boensis,

2218 2615 2510 2672 Mercurius
2536 2617 2802 2683 Sutrinus,

2221 2684 2437 2756 ililarus
2460 2688 2817 2756 Tempsanus,

2218 2754 2561 2813 Innocentius
2588 2754 2903 2822 Fertinatis,

2222 2825 2411 2881 Vitalis
2440 2828 2748 2893 Fundanus,

2217 2896 2424 2952 Aristus
2448 2896 2726 2960 Ostiensis,

2220 2964 2403 3021 Victor
2429 2966 2712 3032 Lunensis,

2219 3034 2598 3107 Chrysogonus
2628 3037 2969 3099 Albanensis,

2219 3104 2502 3162 Romanus
2520 3108 2903 3168 Numeutanus.

2218 3174 2538 3233 Cresconius
2564 3176 2909 3243 Tudertinus,

2215 3244 2450 3318 Joannes
2469 3246 2783 3318 Spolitinus,

2217 3314 2534 3385 Laurentius
2559 3318 2917 3385 Vergomatis,

2217 3384 2496 3441 Rufentius
2520 3384 2831 3454 Agnatinus,

2216 3454 2509 3511 Martianus
2535 3459 2767 3520 Acanus,

2217 3524 2541 3596 Fortunatus
2570 3528 2825 3596 Agniuus.

2222 3595 2567 3667 innocentius
2594 3595 3128 3667 Forosemproniem,

2218 3664 2433 3738 ljilarus
2463 3666 2847 3738 Tetnpranenq

2216 3733 2505 3791 Severinus
2527 3733 2940 3800 Tu'ndaritanus,

2217 3804 2561 3875 §ebastianus
2581 3807 2839 3875 Suranus,

2219 3874 2370 3930 Felix
2400 3878 2695 3942 Atellanus,

2220 3943 2872 4017 fropinquusi'l‘ribensis,

2218 4014 2521 4072 Bonifacius
2544 4016 2934 4083 Cameritanus,

2220 4084 2527 4143 Vindemius
2565 4087 2885 4148 Antiatinus,

2223 4154 2533 4213 Valentinus
2562 4158 2958 4224 Amiterninus,

2220 4224 2523 4298 Bpnilacius
2545 4228 2975 4298 Aquaevivensis,

2218 4296 2541 4353 Emilianus
2570 4296 2828 4364 Sitranus,

2217 4364 2505 4423 Cassianus
2528 4367 2861 4431 Mutinensis,

2220 4434 2525 4506 Stephanus
2550 4437 2871 4506 Venusinus,

2222 4505 2547 4576 Fortunatus
2573 4505 2927 4576 Fulginensis,

2218 4575 2522 4647 Stephanus
2542 4575 2946 4647 Neapolitanus,

2146 4672 2157 4684 -
2218 4645 2569 4702 Maximianus
2603 4645 2908 4714 Perusinus,

2219 4716 2548 4773 Concordius
2568 4716 2861 4784 Mesinatis,

2218 4786 2408 4864 Castus
2425 4788 2728 4864 ‘P'ratensis,

2222 4856 2504 4928 Martyritis
2530 4857 2951 4924 Terracinensis,

2221 4928 2462 4999 Asterius
2492 4929 2789 4999 Aquinatis,

2221 4996 2500 5067 Amantius
2530 4996 2869 5067 Potentinus,

2222 5064 2384 5122 Ursus
2415 5068 2691 5131 Reatinus,

2218 5137 2560 5194 Innocentius
2588 5138 2897 5206 Mivanatis,

2221 5207 2492 5263 Eustasius
2516 5209 2913 5274 Cremonensis,

2223 5275 2491 5348 Eucarpus
2521 5278 2821 5347 Meresape’,

2218 5346 2450 5403 Serenus
2479 5349 2733 5409 Nolanus,

2221 5416 2511 5488 Eutychius
2538 5417 2848 5488 Traneusis,

2217 5486 2531 5543 Paschasius
2554 5487 2945 5556 Vulturnensis,

2219 5556 2367 5628 Felix
2388 5557 2703 5628 Nepesinus,

2216 5625 2558 5683 Innocentius
2590 5626 2887 5681 Dii-entiam
2917 5625 3315 5695 Tiberinornm,

2215 5696 2477 5764 Sylvanus
2509 5697 2694 5751 Velitei
2710 5713 2832 5762 nus,

2217 5767 2510 5823 Mercurius
2538 5768 2837 5829 Gabiuatis,

2218 5840 2469 5895 Rusticus
2489 5840 2841 5907 Buxentiuus,
