4000 6344
290 325 397 387 345

1209 324 1494 381 DlONYSll
1533 324 1767 382 EXIGUI
1806 323 2137 380 EPISTOLA
2166 327 2252 381 AD
2287 326 2636 387 EUGll’lUM.

3431 341 3544 407 δια

360 445 615 506 Joannes.
664 442 878 498 humilis
920 442 1199 511 presbyter
1245 440 1303 497 S.
1336 442 1491 497 Rom.
1534 443 1676 498 Eccl.
1726 444 1862 496 tituli
1896 447 1942 503 Α
1973 442 2104 497 tituli
2132 443 2314 498 Sancti
2347 443 2631 507 Laurentii,
2666 456 2775 511 qua
2800 442 3031 499 Damasi.
3078 441 3201 498 huic
3228 452 3539 512 constituto,

294 518 501 570 Sancte
529 515 808 578 Susannte,
857 512 980 567 huic
1008 511 1319 577 constituto,
1369 530 1397 565 a
1430 514 1583 568 nobis
1627 515 1865 584 promul-

292 599 435 655 gata,
466 584 777 655 subscripsi.
1078 651 1093 655 _
1264 650 1291 655 _
1350 650 1383 655 __
1554 616 1607 655 _-

364 650 691 719 liustratius,
713 650 927 722 humilis
954 651 1233 722 presbyter
1259 650 1317 704 S.
1349 650 1505 705 Rom.
1547 650 1696 705 Eccl.
1730 652 1868 704 tituli

293 727 502 781 Sanctae
533 724 841 786 Anastasiaa,
889 721 1013 777 huic
1035 721 1349 785 constituto,
1394 735 1422 773 a
1454 722 1607 775 nobis
1634 722 1871 791 promul-

292 804 444 865 μιν,
471 794 785 865 subscripsi.

363 859 664 929 Georgius,
690 859 1011 914 immeritus
1052 861 1333 928 presbyter
1378 869 1574 915 sanctae
1620 859 1871 913 Romanze

294 934 547 989 Ecclesiae
578 931 714 985 tituli
750 932 846 984 SS.
872 929 1090 983 Joannis
1120 942 1176 983 et
1205 930 1370 994 Pauli,
1406 930 1529 985 huic
1557 931 1869 993 constituto,

294 1022 324 1059 a
355 1004 511 1057 nobis
536 1002 893 1069 promulgata,
922 1000 1228 1069 subscripsi.

366 1067 695 1138 Thalassius,
726 1069 943 1139 humilis
971 1067 1251 1139 presbyter
1277 1068 1659 1139 sanctmilom.
1699 1067 1866 1139 ﬁeri,

296 1142 435 1197 tituli
483 1136 691 1194 Sanctia
744 1140 835 1193 Dei
876 1136 1177 1199 Genitricis,
1228 1139 1317 1208 qui
1349 1137 1647 1205 appellatur
1688 1136 1871 1191 Calisti

295 1224 446 1268 trans
475 1210 731 1272 Tiberim,
762 1210 885 1264 huic
913 1210 1223 1269 constituto,
1274 1224 1303 1261 a
1334 1208 1485 1261 nobis
1515 1207 1871 1275 promulgata,

295 1281 608 1338 subscriDSi.

370 1297 627 1410 3:23;;
675 1348 891 1402 humilis
920 1347 1196 1416 presbyter
1240 1344 1296 1400 S.
1332 1345 1486 1416 Rom.
1536 1344 1701 1405 Eccl.,
1735 1345 1872 1399 tituli

296 1421 511 1473 Sancte
538 1417 767 1483 Sabime,
792 1415 1252 1480 huieconslituto,
1280 1431 1308 1469 a
1340 1415 1493 1470 nobis
1518 1416 1870 1483 promulgata,

295 1489 606 1557 subscripsi.

370 1554 774 1613 Constantinus.
805 1557 1084 1624 presbyter
1110 1564 1308 1609 sancta:
1343 1554 1498 1608 Rom.
1532 1554 1700 1617 Eccl.,
1737 1554 1874 1607 tituli

298 1629 489 1682 Sancti
519 1626 745 1697 Cyriaci,
786 1627 908 1682 huic
931 1626 1245 1690 constituto,
1276 1641 1304 1677 a
1337 1624 1491 1678 nobis
1513 1624 1871 1693 promulgata,

296 1698 611 1754 subscripsi.

370 1714 679 1834 Emittis,
731 1766 947 1835 humilis
975 1765 1255 1835 presbyter
1281 1772 1477 1817 sancta:
1509 1760 1663 1815 Rom.
1692 1759 1877 1835 Eccle-

1975 530 2005 566 a
2034 514 2186 567 nobis
2208 514 2566 582 promulgata,
2592 512 2899 581 subscripsi.

2044 582 2295 640 Marinus.
2327 582 2573 648 indignus
2600 583 2876 651 presbyter
2917 582 2973 635 S.
3009 585 3161 635 ttom.
3196 586 3367 651 Eccl.,
3403 585 3548 640 tituli

1972 652 2347 772 Aqostolorum
2371 694 2386 719 ,
2418 652 2541 707 huic
2570 652 2887 715 constituto,
2930 666 2958 703 a
2984 652 3137 705 nobis
3183 655 3537 722 promulgata,

1972 737 2033 772 SI]
2053 738 2280 772 )SCI‘IDSI.

1971 737 2280 789 subscripsi.

2041 790 2293 852 Joannes,
2326 789 2540 843 humilis
2570 789 2848 859 presbyter
2885 788 2939 842 S.
2976 789 3129 843 Rom.
3177 790 3345 857 [ζα-1.,
3404 795 3545 851 tituli

1972 859 2180 981 Salacia;
2214 859 2422 940 Prisca},
2456 860 2577 913 huic
2605 861 2917 925 constituto,
2949 876 2977 911 a
3010 860 3160 913 nobis
3184 864 3539 931 promulgata,

1972 946 2030 981 su
2055 946 2282 981 )SCI‘HlSI.

1971 946 2175 984 SUBSCl‘l
2201 946 2282 982 )Sl.

2043 949 2249 1061 Petrtis,
2299 999 2542 1065 indignus
2577 998 2982 1053 archidiaconus
3025 1007 3220 1054 sanctae
3248 1000 3389 1056 sedis
3417 1017 3546 1068 apo-

1972 1070 2192 1149 stolicae,
2242 1069 2364 1122 huic
2392 1069 2704 1134 constituto,
2751 1085 2782 1123 a
2810 1069 2963 1124 nobis
3001 1072 3360 1138 promulgata,
3414 1071 3543 1124 sub-

1973 1155 2073 1193 SCI‘I
2116 1155 2178 1190 sn.

2043 1156 2346 1273 Gii'egorius,
2376 1206 2640 1273 indignus,
2692 1216 2746 1262 et
2792 1207 3001 1261 humilis
3047 1208 3303 1263 diaconus
3347 1217 3550 1263 sanctae

1973 1277 2118 1398 aegis
2142 1277 2469 1356 apostolicae,
2490 1279 2610 1330 huic
2628 1279 2937 1340 constituto,
2961 1293 2989 1329 a
3014 1280 3166 1332 nobis
3188 1280 3547 1347 promulgata,

1973 1364 2033 1398 su
2075 1362 2282 1398 SCI‘IDSI.

1972 1362 2176 1400 sunscrt
2219 1362 2282 1400 ει.

2044 1362 2311 1478 Μυδοιῖιυε,
2343 1415 2555 1470 humilis
2599 1415 2855 1469 diaconus
2893 1423 3093 1471 sancta:
3121 1416 3261 1471 sedis
3291 1416 3546 1484 apostoli-

1974 1499 2069 1545 cm,
2093 1485 2213 1536 huic.
2243 1486 2556 1545 constituto,
2591 1500 2619 1537 a
2652 1486 2806 1539 nobis
2834 1484 3188 1553 promulgata,
3236 1485 3541 1553 subscripsi.

2045 1554 2381 1617 Benedictus,
2416 1556 2660 1621 indignus
2707 1554 2963 1608 diaconus
3003 1563 3200 1607 sanctas
3244 1555 3384 1608 sedis
3412 1570 3545 1621 apo-

1974 1624 2196 1704 stolictc,
2249 1625 2372 1681 huic
2412 1626 2726 1693 constituto,
2765 1640 2794 1679 a
2822 1624 2974 1678 nobis
3016 1624 3372 1692 promulgata,
3420 1625 3551 1677 suh-.

2035 1710 2180 1745 rlDSI.

1974 1709 2295 1815 “iiiglhon.
2322 1762 2487 1829 April.
2519 1763 2644 1831 imp.
2669 1761 2866 1815 domno
2894 1762 3132 1832 piissimo
3158 1761 3392 1831 Augusto
3421 1760 3552 1832 Leo-

297 1838 412 1899 εἰπε,
445 1831 581 1889 tituli
606 1835 788 1906 Sancti
813 1831 1122 1906 Clementis,
1140 1831 1291 1897 'huic
1318 1835 1630 1896 constituto,
1663 1845 1692 1884 a
1721 1832 1874 1885 nobis
1908 1847 1952 1906 Β
1977 1847 2063 1895 ne,
2096 1848 2125 1885 a
2152 1832 2261 1885 Deo
2289 1842 2547 1906 coronato
2568 1845 2767 1906 magno
2789 1831 2942 1906 imp.,
2965 1842 3290 1906 ann0_sexto
3317 1848 3401 1906 rc.
3426 1831 3549 1906 ejus

297 1906 662 1977 promulgata,
691 1904 1000 1977 subscripsi.

314 1968 319 1983 ξ
372 1968 725 2046 Epiphanius,
746 1968 956 2033 humilis
986 1974 1263 2044 presbyter
1297 1980 1500 2029 sancta}
1528 1970 1687 2031 Rotn.
1706 1968 1878 2038 Eccl.,

1980 1917 2122 1955 anno
2150 1910 2335 1960 sexto;
2360 1901 2452 1956 sed
2481 1910 2535 1956 et
2556 1902 2907 1957 Constantino
2937 1918 3078 1955 novo
3120 1902 3245 1969 imp.
3279 1900 3395 1965 eitts
3421 1901 3548 1963 lilio,

1981 1986 2123 2025 anno
2152 1971 2405 2035 secundo,
2432 1971 2718 2025 indictione
2747 1980 2934 2039 quarta
2966 1971 3087 2040 (Au.
3119 1969 3307 2025 Christi
3333 1970 3477 2039 7‘21).

315 2077 3557 2116 mm

1414 2102 1775 2110 .—_—.——.—_———.

1320 2188 1959 2305 DIONYSII
2045 2190 2533 2305 EXIGUI

911 2398 1536 2506 OPERUM
1663 2392 2059 2498 PARS
2189 2392 2951 2503 SECUNDA.

317 2677 1136 2813 OPUSCULA
1262 2674 1904 2883 assutae

1989 2677 2353 2884 LET
2465 2676 3549 2808 PAR/ENETICA.

1130 2952 1517 3015 EPISTOLA
1560 2954 1667 3014 AD
1710 2953 2096 3016 EUGIPIUM
2139 2956 2741 3031 PRESBYTERUM,

435 3077 517 3137 In
546 3076 886 3137 versionem
915 3074 988 3137 ab
1020 3094 1081 3137 se
1111 3076 1339 3154 factum
1366 3072 1516 3136 libri
1542 3074 1836 3153 Gregorii
1878 3074 1941 3135 Ν
1943 3077 2166 3153 ysuni,
2193 3076 2281 3135 De
2316 3076 2684 3139 Conditionc
2712 3098 2817 3139 seu
2860 3080 3113 3161 api/icio
3142 3081 3430 3146 hominis.

1380 3188 1425 3207 Χ

388 3265 613 3321 Domino
638 3265 979 3347 sanctissimo.
1004 3272 1060 3320 et
1086 3280 1116 3319 a
1144 3279 1233 3320 me
1273 3264 1559 3335 plurimum
1583 3264 1889 3321 venerando
1916 3265 1962 3328 C
1992 3262 2167 3331 aliqua
2197 3276 2316 3331 quas
2342 3268 2567 3330 possunt
2595 3261 2787 3316 merito
2816 3262 3156 3331 reprehendi,
3185 3264 3361 3319 nullus
3387 3264 3561 3319 lector

309 3370 476 3417 sacro
501 3354 724 3426 Eugipio
753 3355 1064 3425 presbytero
1088 3354 1368 3426 Dionysius
1395 3352 1647 3423 Exiguus.

389 3446 588 3502 Sancto
632 3447 993 3502 venerationis
1046 3454 1154 3509 tua:
1196 3445 1372 3501 studio
1401 3459 1499 3514 pro
1530 3444 1663 3498 meis
1689 3443 1891 3503 viribus

310 3538 623 3605 obsecutus,
640 3537 782 3592 beati
810 3534 1051 3605 Gregorii
1082 3535 1304 3607 Nysseui
1330 3536 1568 3607 episcOpi
1599 3535 1789 3589 librum
1818 3535 1890 3590 De

307 3626 636 3687 Conditione
658 3627 888 3682 hominis
942 3641 972 3681 e
996 3624 1179 3681 Gmea
1220 3625 1488 3685 locutione
1508 3624 1773 3695 converti,
1795 3623 1889 3677 tri-

308 3721 464 3789 ginta
485 3728 539 3773 et
566 3735 670 3773 uno
697 3720 764 3772 ab
802 3717 990 3772 eodem
1018 3716 1283 3786 capitibus
1308 3715 1633 3785 explicatum
1662 3732 1674 3766 :
1701 3713 1753 3766 in
1781 3728 1889 3781 quo

309 3825 484 3881 opere
512 3818 768 3879 quantum
796 3808 896 3863 sim
927 3806 1247 3862 difﬁcultatis
1272 3814 1547 3875 espertus,
1575 3818 1641 3857 ex
1671 3804 1782 3875 ipsa
1815 3802 1889 3856 le—

309 3899 499 3955 ctione
528 3898 853 3968 probabitur.
885 3895 953 3950 lnr
996 3895 1235 3965 plurimis
1263 3895 1403 3957 enim
1454 3893 1605 3961 juxta
1655 3893 1893 3961 philoso-z

311 3990 547 4061 phorum
595 3989 887 4047 sententias
937 3987 1271 4055 immoratus,
1320 3984 1646 4055 opulentiam
1688 3992 1889 4036 tantam

309 4093 428 4133 sua:
483 4077 795 4132 eruditionis
848 4075 1147 4144 expressit,
1203 4082 1259 4128 ut
1300 4088 1437 4141 pene
1484 4072 1613 4127 nihil
1650 4072 1891 4127 omiserit

308 4185 505 4224 eorum
534 4184 652 4239 qum
679 4169 747 4222 ab
794 4168 895 4221 illis
920 4167 1092 4221 doctis
1137 4173 1192 4220 et
1236 4164 1425 4218 otiosis
1453 4163 1676 4232 ingeniis
1706 4163 1757 4216 in
1789 4162 1890 4217 hac

309 4270 472 4330 parte
522 4275 619 4329 per
674 4256 1071 4313 inextricabiles
1123 4254 1327 4323 digesta
1377 4263 1501 4307 sunt
1548 4252 1885 4322 quastiones.

309 4350 555 4416 Quorum
607 4349 767 4403 etiam
821 4346 1104 4402 nonnullas
1141 4344 1367 4414 ineptias
1415 4343 1487 4397 ita
1518 4343 1799 4407 destruxit,
1833 4350 1890 4397 ut

311 4441 446 4495 illud
478 4438 859 4509 propemodum
895 4438 1047 4492 nobis
1077 4436 1369 4489 insinuaret
1405 4431 1645 4502 Apostoli
1692 4448 1798 4503 quo
1830 4430 1893 4482 li—

312 4530 469 4584 deles
497 4529 712 4583 instruit
740 4528 952 4581 dicens:
994 4525 1173 4579 Videte
1204 4540 1267 4577 ne
1293 4524 1404 4594 quis
1434 4539 1520 4576 vos
1550 4522 1770 4591 decipiat
1798 4538 1889 4590 per

1992 3354 2045 3407 in
2071 3353 2153 3407 his
2198 3354 2373 3406 meum
2405 3361 2554 3420 putet
2574 3352 2866 3419 obligatum
2895 3368 3013 3408 esse
3042 3370 3358 3409 consensum
3386 3373 3399 3420 ;
3435 3358 3559 3423 quia

1992 3441 2169 3497 oflicio
2220 3442 2552 3497 translatoris
2603 3442 2872 3512 explicui,
2923 3459 3030 3498 non
3079 3446 3317 3500 censoris
3358 3445 3560 3513 judicio

1990 3531 2332 3599 comprobavi
2343 3571 2357 3585 .

2062 3620 2399 3690 Quapropter
2420 3620 2603 3674 humili
2651 3620 2950 3676 devotionis
2978 3620 3234 3691 obsequio
3264 3638 3476 3692 precor,
3504 3633 3561 3677 ut

1989 3712 2243 3767 sanctitas
2284 3720 2372 3765 tua
2403 3711 2770 3779 prOllll53i0|liS
2798 3726 2928 3765 mea:
2968 3710 3289 3764 solutionem
3320 3713 3561 3780 gratissi-

1990 3816 2075 3855 ma
2100 3809 2278 3855 mente
2307 3800 2563 3869 percipiat
2588 3838 2604 3864 ,
2648 3809 2701 3854 et
2733 3801 2785 3854 iu
2815 3801 3219 3869 quibuscunque
3255 3802 3427 3857 minus
3451 3804 3563 3858 ele-

1989 3900 2177 3959 ganter
2225 3890 2409 3945 videor
2447 3891 2711 3952 elocutus,
2766 3890 2972 3944 veniam
3007 3892 3298 3945 clementer
3346 3907 3561 3947 accom-

1990 3980 2343 4049 modet;qnia
2364 3981 2679 4050 necessitate
2709 3982 3008 4051 temporisa
3036 3980 3461 4035 doctissimorum
3486 3983 3563 4036 vi-

1989 4090 2169 4143 rorum
2212 4074 2500 4129 collatione
2541 4074 2858 4139 distractus,
2883 4090 2989 4127 non
3019 4088 3127 4142 quo
3174 4072 3331 4127 debui
3365 4074 3561 4128 librum

1990 4165 2274 4236 splendore
2302 4164 2514 4233 digessi,
2539 4166 2629 4234 qui
2668 4174 2725 4219 ut
2750 4164 2989 4234 plurimis
3012 4164 3270 4234 probatur
3294 4166 3567 4219 abundare

1990 4257 2293 4323 virtutibus,
2316 4256 2390 4310 ita
2421 4256 2753 4327 quibusdam,
2788 4264 2844 4309 ut
2870 4270 3011 4325 sepe
3032 4255 3210 4317 retuli,
3240 4255 3459 4310 maculis
3482 4257 3562 4309 vi-

1991 4348 2145 4402 detur
2182 4362 2448 4418 aspersus.
2485 4345 2614 4401 Oret
2659 4361 2787 4414 ergo
2817 4360 2915 4415 pro
2962 4362 3047 4400 me
3079 4354 3165 4397 tua
3194 4344 3459 4413 dignatio.
3506 4354 3563 4399 ut

1992 4437 2152 4492 tantis
2177 4451 2397 4505 pressus,
2416 4435 2690 4505 angustiis,
2709 4436 2897 4489 saltem
2918 4434 3233 4503 spiritalium
3262 4433 3565 4488 studiorum

1992 4528 2267 4583 latitudine
2296 4526 2555 4594 gaudeam
2590 4543 2603 4577 :
2636 4540 2736 4593 nec
2764 4524 2899 4578 adeo
2929 4523 3277 4593 praesentibus
3328 4538 3563 4591 unquam

310 4621 693 4693 philosophiam
738 4628 786 4672 et
831 4620 1039 4672 inanem
1084 4615 1370 4688 fallaciam,
1401 4612 1677 4667 secundum
1723 4610 1889 4665 tradi-
1918 4640 1971 4699 Ι)
1993 4619 2310 4675 magi-oribus
2340 4618 2514 4682 liceat,
2545 4624 2603 4669 ut
2626 4630 2722 4679 nos
2749 4631 2779 4669 a
2808 4615 3083 4685 proposito
3112 4613 3301 4669 futura:
3325 4615 3563 4670 delecta-

311 4713 503 4765 tionem
526 4711 805 4772 hominum,
830 4705 1105 4759 secundant
1124 4703 1369 4757 elementa
1394 4700 1593 4767 mundi,
1616 4708 1663 4753 et
1686 4716 1789 4753 non
1817 4715 1891 4765 se-

308 4800 538 4854 cundum
565 4797 823 4851 Christum
851 4795 1069 4867 (Colon.
1103 4809 1159 4857 ιι,
1194 4792 1271 4863 8).
1306 4791 1437 4846 Nam
1462 4790 1617 4845 sicuti
1645 4789 1892 4861 quaedam

309 4898 462 4943 recta
485 4904 603 4957 quae
628 4886 766 4942 Deus
796 4886 897 4939 illis
918 4884 1469 4952 revelavit,sapienter
1497 4870 1795 4951 approbat,
1817 4881 1890 4935 ita

310 4993 482 5049 prava
509 4994 695 5033 eorum
725 4978 806 5031 vel
848 4978 962 5047 ipse
1016 4977 1212 5044 dirigit,
1257 4978 1341 5030 vel
1388 4985 1649 5045 quatenus
1678 4976 1745 5029 ab
1774 4976 1892 5033 aliis

306 5069 573 5136 vitentur,
595 5068 864 5129 ostendit;
886 5066 1122 5138 exceptis
1136 5067 1384 5129 videlicet
1407 5066 1589 5135 paucis
1617 5067 1669 5119 in
1694 5066 1887 5135 quibus

308 5160 444 5217 dum
491 5160 643 5213 valde
666 5158 1002 5228 persequitur
1044 5158 1194 5223 vitia,
1226 5157 1449 5229 protulit
1476 5156 1555 5228 (ut
1588 5156 1698 5210 lteri
1727 5156 1883 5225 solet)

306 5251 478 5306 etiam
506 5249 618 5317 ipse
639 5250 850 5303 vitiosa.

381 5341 551 5408 lgitnr
575 5340 934 5407 eloquentiam
966 5338 1099 5392 tanti
1128 5338 1360 5392 doctoris
1385 5338 1684 5403 mmulatus,
1707 5336 1888 5391 enisus

305 5448 430 5489 sum
470 5431 682 5498 quidem
715 5428 1140 5485 disertitudinem
1178 5427 1294 5497 ejus
1321 5428 1492 5498 sequi,
1523 5428 1650 5483 licet
1674 5428 1886 5498 assequi

307 5523 473 5579 nimis
499 5522 685 5591 impari
717 5520 968 5577 facultate
989 5520 1391 5590 nequiverim.F
1396 5520 1535 5575 idem
1559 5528 1734 5574 tamen
1764 5536 1887 5574 sen-

305 5614 605 5670 tentiarum
645 5613 759 5683 ejus
786 5629 882 5684 pro
904 5628 1023 5667 mea
1052 5613 1425 5670 mediocritate
1446 5605 1677 5676 servavi,
1714 5612 1888 5665 sciens

308 5706 545 5795 veritate
572 5705 702 5787 nihil
728 5720 847 5762 esse
866 5704 1222 5775 pncstantius.
1253 5706 1321 5763 Et
1347 5704 1473 5777 quia
1503 5710 1647 5768 sunt,
1678 5710 1736 5757 ut
1756 5702 1886 5765 dixi,

1351 5838 1751 5856 M

1996 4707 2155 4762 tionis
2192 4707 2477 4781 abducant.
2508 4705 2796 4757 Maximum
2828 4719 3056 4774 namque
3103 4704 3351 4759 solatium
3382 4705 3432 4758 in
3462 4706 3566 4761 hac

1994 4796 2206 4853 miseria
2227 4796 2485 4868 capimus,
2516 4795 2560 4848 si
2590 4793 2657 4849 de
2677 4803 2900 4855 ventura
2925 4792 3094 4863 glaria
3116 4798 3424 4850 continuata
3449 4813 3565 4852 me-

1992 4889 2249 4943 ditatione
2271 4896 2578 4942 tractemus.
2598 4884 2848 4952 Quamvis
2875 4886 3015 4939 enim
3045 4886 3165 4954 quis
3193 4901 3377 4941 amore
3405 4888 3567 4942 cccle-

1990 4978 2149 5032 stium
2196 4991 2335 5045 aegre
2374 4975 2512 5031 ferat
2548 4974 2707 5044 hujus
2736 4975 3180 5044 peregrinationis
3202 4976 3560 5042 incommoda,

1994 5079 2049 5124 et
2089 5084 2209 5124 cum
2251 5067 2511 5139 propheta
2563 5066 2809 5123 dolenter
2845 5066 3135 5121 exclamet:
3170 5066 3283 5131 Ilcu
3312 5084 3408 5132 me,
3432 5066 3565 5138 quod

1995 5160 2249 5213 incolatu:
2297 5176 2435 5212 meus
2481 5159 2816 5229 prolongata;
2864 5167 2981 5224 est,
3030 5156 3251 5210 habitari
3305 5174 3418 5229 cum
3469 5157 3565 5209 Ita-

1996 5252 2272 5307 bitantibus
2294 5250 2480 5317 Cedar,
2502 5252 2717 5303 multum
2737 5248 2907 5302 incola
2936 5249 3033 5318 fuit
3060 5251 3233 5301 anima
3258 5265 3370 5301 mea
3391 5246 3563 5312 (Prol.

1999 5358 2145 5409 cxrx,
2174 5342 2247 5412 5);
2282 5350 2473 5396 etcum
2496 5343 2655 5395 beato
2682 5340 2941 5408 Apostolo
2963 5339 3292 5393 conﬁdenter
3317 5346 3519 5390 asserat
3547 5355 3560 5388 :

1998 5430 2160 5500 Cupio
2185 5431 2393 5485 dissolvi
2420 5442 2468 5483 et
2496 5447 2607 5485 esse
2634 5445 2748 5482 cum
2776 5428 2978 5483 Christo
3001 5426 3219 5498 (Philip.
3252 5442 3288 5488 ι,
3320 5424 3432 5492 23),
3482 5432 3574 5497 ως-

1997 5537 2118 5575 men
2150 5538 2177 5575 a
2209 5523 2377 5590 patria
2401 5537 2505 5574 non
2531 5520 2718 5589 procul
2738 5519 2984 5573 exsulare
3010 5516 3257 5577 creditur,
3277 5514 3320 5568 si
3350 5529 3578 5590 semper.

1993 5615 2223 5684 patriam
2252 5612 2516 5680 desiderio
2546 5619 2921 5679 consequatur.
3556 5584 3576 5604 ι
