4000 6344
478 318 579 373 δη

1755 320 1905 377 ωοΝ
1918 323 2104 378 YSlUS
2144 324 2294 382 EXlG
2309 329 2346 382 Ε
2361 328 2463 384 US.

3604 320 3637 373 3
3651 319 3709 375 l3

1403 532 1758 612 SANCTI
1833 536 2306 615 GREGORII
2364 537 2811 616 EPISCOPI

1372 692 1453 732 Δί)
1493 692 1793 734 FRATREM
1840 694 2006 734 SUUM
2054 694 2308 737 PETRUM
2357 695 2835 745 PRESBYTERUM,

473 798 569 844 DE
595 796 931 860 IMAGINE,
965 797 1045 843 ID
1088 797 1218 846 EST
1249 799 1345 845 DE
1375 799 1691 847 HOMINTS
1730 800 2202 867 CONDI'I'IONE,
2235 805 2399 867 QUIE
2430 806 2476 851 Δ
2513 805 2695 851 FBAT
2708 805 2803 850 RE
2832 802 3088 851 EOBUM
3134 801 3415 851 BANCTO
3440 803 3736 852 ΒΑειωο

1329 870 1681 918 EPISCOPO
1708 871 1781 916 ιΝ
1821 871 2337 921 HEXAEMERON
2370 874 2548 922 SUNI‘
2578 874 2865 922 OMISSA.

2274 984 2344 994 -σ

541 1064 597 1118 Si
630 1065 971 1133 pecuniarum
1008 1064 1194 1133 pretiis
1234 1080 1328 1119 eos
1357 1071 1631 1133 oporteret
1660 1064 1928 1136 honorare
1955 1063 2043 1132 qui
2077 1066 2123 1126 Α
2150 1080 2332 1133 gnum,
2360 1065 2410 1119 id
2433 1065 2497 1119 ad
2516 1067 2824 1133 magistrum
2846 1065 2965 1133 jure
2987 1064 3285 1129 referatur;
3310 1064 3353 1117 si
3380 1080 3508 1119 vero
3533 1050 3735 1135 magni-

473 1158 756 1211 virtutibus
776 1158 1037 1223 eminent,
1067 1173 1261 1226 parvus
1292 1159 1495 1227 utique,
1521 1158 1659 1211 sicut
1687 1156 1940 1211 Salomon
1973 1157 2050 1209 ait

472 1246 650 1317 (Prov.
684 1255 816 1316 post.
850 1264 897 1301 v.
929 1246 995 1299 40
1020 1246 1160 1316 apud
1187 1245 1382 1314 LXX),
1415 1256 1557 1301 totus
1578 1247 1807 1300 mundus
1833 1247 2046 1299 divitia-

468 1353 585 1389 rum
612 1337 902 1399 videretur,
943 1338 1032 1406 qui
1068 1338 1168 1391 tuis
1216 1338 1385 1405 possit
1435 1336 1701 1405 aquuari
1742 1337 2043 1390 virtutibus.

466 1428 571 1483 Sed
595 1429 717 1497 quia
749 1428 915 1484 multo
943 1430 1113 1497 gratia
1159 1429 1351 1484 melior
1374 1444 1533 1498 quam
1580 1428 1883 1482 divitiarum
1908 1443 2043 1496 opu-

468 1519 630 1574 lentia
677 1534 795 1587 quae
835 1527 939 1573 tua:
979 1520 1312 1574 venerationi
1351 1519 1613 1587 debetur,
1644 1520 1855 1583 existit,
1880 1518 2045 1584 exigit

468 1616 649 1662 autem
696 1616 753 1663 et
795 1619 1040 1663 sanctum
1070 1609 1271 1664 Pascha
1310 1610 1586 1664 charitatis
1625 1608 2042 1663 muniﬁcentiam

467 1708 807 1767 consuetam;
839 1701 1112 1755 offerimus
1157 1702 1441 1756 excellenti
1471 1701 1766 1771 prudentia:
1795 1707 1899 1754 tua:
1922 1716 2044 1753 mu-

466 1810 633 1861 nus,o
664 1795 825 1848 homo
849 1794 960 1857 Dei,
987 1810 1207 1863 parvum
1236 1794 1474 1862 quidem,
1498 1808 1801 1862 quanquam
1824 1792 2043 1859 dignum

464 1883 708 1936 videatur
739 1884 833 1937 tibi
878 1883 1093 1946 deferri,
1136 1884 1230 1938 sed
1268 1885 1466 1938 nostris
1508 1884 1681 1953 impar
1706 1884 1906 1937 viribus
1934 1898 2041 1937 non

467 1974 713 2027 habetur.
742 1973 854 2028 Hoc
884 1982 1062 2027 autem
1089 1990 1280 2028 munus
1322 1991 1500 2030 sermo
1528 1984 1631 2039 est,
1665 1975 1828 2030 veluti
1876 1976 2042 2029 vesti-

464 2072 700 2117 mentum
729 2065 1147 2133 pauperrimum,
1182 2082 1248 2120 ex
1279 2064 1426 2135 inopi
1477 2074 1659 2121 nostra
1689 2066 2040 2134 intelligentia

462 2171 568 2209 non
612 2155 726 2208 sine
756 2155 939 2209 labore
968 2164 1279 2211 contextum
1313 2175 1325 2209 :
1367 2158 1631 2213 sermonis
1657 2172 1787 2213 vero
1815 2158 2041 2213 materia
2084 2198 2091 2217 ε

461 2244 680 2298 forsitan
710 2243 968 2299 audacior
1014 2244 1257 2314 plurimis
1294 2261 1415 2301 esse
1444 2246 1726 2312 videbitur,
1762 2255 2039 2301 verumta-

464 2350 583 2388 men
638 2334 780 2388 haud
828 2334 1059 2388 absurda
1107 2335 1190 2389 vel
1242 2335 1497 2395 indecens
1522 2339 1850 2393 mstimatur.
1881 2338 2039 2393 Solus

2152 1157 2416 1212 licentiam
2440 1158 2909 1226 contemplationis
2929 1158 3045 1224 ejus
3072 1165 3254 1210 nostra
3284 1172 3391 1209 non
3412 1165 3733 1225 assequatur

2148 1252 2362 1313 oratio;
2412 1251 2497 1303 ille
2526 1250 2737 1319 quidem
2788 1260 2980 1318 pneter
3020 1250 3418 1303 accusationem
3466 1249 3729 1313 manebit,

2147 1355 2249 1409 qua
2297 1348 2514 1409 putatur
2561 1338 2807 1393 eﬂ‘ectum
2855 1340 3175 1393 dexterioris
3220 1346 3443 1394 eventus
3490 1338 3731 1392 noluisse

2147 1431 2256 1486 suis
2286 1430 2555 1484 insinuare
2576 1430 2868 1499 discipulis,
2886 1440 3066 1483 notam
3090 1430 3417 1484 causationis
3440 1428 3725 1496 eﬂ'ugiens.

2146 1521 2254 1576 Nos
2300 1528 2481 1575 autem
2526 1520 2667 1589 apud
2713 1535 2807 1574 eos
2853 1521 2943 1588 qui
2973 1518 3457 1588 vituperationibus
3485 1517 3725 1575 student,

2146 1618 2541 1679 consequenter
2579 1611 2779 1663 erimus
2832 1610 3069 1671 obnoxii,
3109 1609 3273 1661 veluti
3311 1607 3401 1676 qui
3454 1607 3726 1677 parvitate

2146 1700 2322 1755 cordis
2350 1700 2517 1755 nostri
2567 1700 2702 1753 tanti
2740 1699 2981 1767 magistri
3038 1698 3354 1767 sapientiam
3398 1711 3594 1766 eapere
3625 1713 3725 1750 ne—

2144 1807 2420 1860 queamus.
2451 1791 2544 1845 Est
2574 1800 2753 1846 autem
2782 1807 2888 1845 non
2921 1806 3082 1859 parva
3114 1789 3182 1843 ad
3209 1788 3724 1858 contemplationem

2143 1884 2419 1955 proposita
2443 1884 2597 1938 nobis
2626 1884 2873 1945 intentio,
2907 1898 3006 1936 nec
3026 1883 3185 1936 alicui
3213 1896 3399 1935 eorum
3436 1880 3726 1934 miraculo-

2143 1990 2280 2039 rum,
2326 1990 2444 2043 qure
2467 1975 2518 2028 in
2545 1974 2745 2027 mundo
2766 1982 2908 2037 sunt,
2938 1973 3338 2043 postponenda;
3363 1970 3607 2025 fortassis
3636 1984 3726 2023 au-

2138 2073 2249 2121 tem
2277 2073 2333 2119 et
2359 2064 2687 2137 praeferenda
2718 2073 2802 2119 est
2831 2063 3101 2130 omnibus,
3131 2077 3249 2131 qua:
3277 2062 3477 2116 notitia:
3522 2068 3724 2114 nostra?

2140 2154 2382 2224 subjecta
2428 2163 2575 2209 sunt.
2607 2154 2748 2209 Nihil
2799 2154 2943 2209 enim
2971 2168 3160 2208 eorum
3199 2166 3317 2221 qua:
3341 2151 3615 2213 videntur,
3644 2150 3723 2202 si-

2141 2246 2266 2300 mile
2289 2254 2372 2299 est
2418 2245 2550 2308 Deo,
2601 2244 2740 2299 sicut
2776 2252 2861 2299 est
2888 2244 3120 2296 humana
3171 2240 3413 2297 conditio
3444 2257 3456 2292 :
3487 2239 3563 2292 ita
3603 2247 3658 2292 ut
3690 2254 3720 2290 a

2136 2337 2384 2406 benignis
2413 2336 2747 2393 auditoribus
2773 2334 2842 2389 de
2866 2334 2948 2390 his
2994 2348 3118 2404 quae
3167 2333 3359 2388 dicturi
3386 2347 3570 2386 sumus
3626 2346 3718 2383 ve-

457 2426 669 2495 quidem
700 2424 858 2493 digne
884 2433 1184 2480 creaturam
1206 2425 1300 2480 Dei
1320 2428 1817 2497 consideraﬁt,qui
1845 2444 2036 2483 secun-
2069 2438 2108 2495 Β
2139 2430 2225 2482 nia
2273 2428 2428 2482 nobis
2458 2429 2509 2481 iu
2540 2426 2789 2500 praesenti
2823 2425 3055 2496 petenda
3091 2424 3190 2489 sit,
3236 2424 3279 2479 si
3314 2437 3493 2476 sermo
3531 2429 3721 2475 noster

458 2518 584 2570 dum
603 2516 768 2570 Deum
788 2525 1001 2572 creatus
1029 2525 1130 2571 est.
1156 2515 1362 2571 Etvere
1386 2516 1454 2571 ad
1478 2519 1758 2585 imaginem
1781 2520 1876 2575 Dei
1904 2536 2033 2575 con-

456 2610 598 2662 ditus
639 2609 1006 2677 formatusque
1049 2608 1295 2675 Basilius,
1337 2612 1636 2664 communis
1672 2618 1825 2680 pater
1848 2621 2034 2666 noster

455 2710 615 2769 atque
642 2708 964 2771 przeceptor,
994 2700 1083 2768 qui
1116 2700 1553 2755 sublimiSsimum
1582 2709 1841 2756 creatura:
1872 2704 2033 2758 totius

454 2802 698 2843 ornatum
750 2791 930 2844 multis
982 2791 1370 2860 intelligibilem
1433 2808 1527 2847 sua
1574 2795 2031 2864 contemplatione

452 2884 692 2955 perfecit,
718 2892 770 2937 et
792 2884 845 2937 in
886 2898 1012 2937 vera
1041 2884 1133 2939 Dei
1183 2886 1443 2956 sapientia
1468 2884 1755 2940 formatum
1773 2887 2029 2941 mundum

450 2978 533 3030 liis
566 2978 657 3045 qui
699 2992 794 3047 per
834 2977 952 3046 ejus
997 2977 1334 3047 prudentiam
1378 2979 1502 3033 huic
1543 2986 1797 3048 aptantur
1849 2980 2030 3049 inspe—

449 3068 635 3129 ctioni.
665 3067 1000 3121 notissimum
1027 3082 1145 3121 esse
1165 3068 1462 3122 constituit.
1488 3067 1595 3122 Nos
1624 3074 1803 3122 autem
1832 3082 2023 3138 quam-

449 3159 528 3211 vis
557 3158 807 3211 admirari
833 3158 899 3211 de
927 3173 1014 3223 eo,
1043 3166 1101 3211 ut
1120 3158 1336 3227 dignum
1358 3168 1458 3223 est,
1485 3160 1703 3213 minime
1732 3160 2021 3225 valeamus;

450 3260 627 3304 tamen
659 3264 722 3303 ea
743 3265 859 3319 quae
887 3249 1080 3303 desunt
1103 3250 1185 3303 his
1206 3264 1324 3318 qua:
1363 3250 1430 3303 ab
1474 3250 1576 3304 hoc
1603 3251 1857 3319 magistro
1896 3266 2021 3320 per-

446 3353 629 3413 specta
658 3354 802 3411 sunt,
835 3342 1130 3412 adjicienda
1151 3342 1490 3408 credidimus,
1525 3343 1826 3398 nullatenus
1866 3357 2023 3397 occa-

444 3437 596 3489 sione
645 3437 891 3503 prznscnti
932 3434 1127 3489 laboris
1171 3436 1287 3503 ejus
1326 3442 1669 3488 attenuantes
1708 3433 2021 3487 industriam

445 3532 567 3595 (nec
587 3526 732 3581 enim
778 3526 858 3580 fas
898 3526 1125 3581 sublime
1154 3525 1269 3595 ejus
1298 3526 1567 3594 eloquium
1604 3525 1801 3579 nostris
1830 3524 2022 3578 obum-

441 3617 583 3669 brari
612 3618 968 3684 sermonibus)
999 3634 1011 3680 ;
1074 3618 1167 3671 sed
1199 3631 1266 3671 ne
1292 3632 1355 3671 ea
1383 3631 1499 3686 qua:
1530 3616 1738 3670 videtur
1764 3617 2020 3682 magistro

439 3708 625 3762 deesse
654 3709 842 3775 gloria,
868 3709 1139 3780 discipulis
1166 3709 1478 3777 imputetur.
1500 3707 1634 3761 Nam
1658 3722 1780 3761 cum
1808 3704 2016 3760 ﬂexae-

2135 2520 2355 2575 inferior
2381 2534 2541 2588 quam
2571 2519 2651 2574 rei
2679 2517 2909 2587 dignitas
2933 2518 3204 2586 exsposcit
3234 2524 3507 2585 appareat.
3541 2511 3724 2582 Opor-

2137 2622 2251 2668 tere
2306 2621 2486 2666 autem
2515 2612 2765 2666 existimo
2792 2610 2922 2665 nihil
2969 2626 3156 2665 eorum
3202 2624 3322 2679 quae
3348 2607 3492 2662 circa
3535 2605 3721 2659 homi—

2136 2718 2256 2758 nem
2288 2704 2432 2773 prius
2455 2701 2643 2757 effecta
2672 2702 2985 2766 creduntur,
3013 2709 3072 2756 et
3098 2714 3217 2769 qua:
3244 2694 3564 2766 complenda
3590 2710 3720 2764 spo-

2133 2803 2322 2848 rantur
2366 2794 2417 2846 in
2450 2779 2742 2861 posterum,
2795 2806 3022 2861 quaeque
3064 2804 3207 2842 nunc
3235 2789 3287 2841 in
3318 2787 3562 2856 pnesenti
3592 2801 3719 2840 cer-

2130 2895 2351 2954 nuntur,
2374 2884 2726 2941 indiscussum
2756 2898 2975 2955 prorsus
2998 2883 3263 2943 omittere,
3288 2895 3356 2934 ne
3378 2879 3554 2934 minor
3592 2894 3723 2948 pro-

2131 2978 2384 3032 missione
2411 2985 2593 3031 nostra
2644 2975 2758 3030 haec
2797 2973 3062 3044 expositio
3090 2972 3311 3026 forsitan
3357 2977 3634 3037 arguatur.
3667 2970 3719 3023 si

2128 3070 2347 3125 homine
2375 3071 2429 3124 in
2456 3069 2913 3139 contemplatione
2954 3067 3233 3137 proposito
3264 3064 3718 3135 praetermittatur

2127 3160 2325 3229 aliquid
2353 3175 2539 3215 eorum
2590 3174 2710 3230 qua:
2755 3159 2824 3213 ad
2850 3173 3067 3214 causam
3097 3157 3370 3227 pertinere
3396 3162 3713 3210 monstrari-

2126 3262 2231 3306 tur.
2262 3250 2368 3305 Sed
2392 3258 2447 3305 et
2474 3266 2593 3320 qua:
2618 3250 2866 3304 videntur
2891 3264 3016 3317 erga
3045 3263 3167 3303 eum
3196 3247 3458 3301 accidisse
3488 3253 3719 3302 contra-

2125 3343 2224 3406 ria,
2251 3351 2304 3397 et
2333 3358 2429 3397 cur
2458 3357 2564 3396 non
2595 3342 2681 3395 illa
2713 3355 2834 3409 qua:
2881 3341 2949 3393 ab
2982 3340 3133 3393 initio
3162 3337 3301 3391 facta
3330 3346 3471 3401 sunt,
3506 3338 3557 3391 in
3588 3338 3713 3407 ejus

2123 3442 2313 3489 natura
2365 3435 2729 3503 reperiantur,
2785 3448 2881 3500 per
2908 3431 3213 3503 quamdam
3260 3432 3712 3486 consecutionem

2123 3527 2502 3591 necessariam,
2518 3541 2634 3595 quae
2659 3524 3173 3595 tamScripturarum
3197 3525 3516 3578 auctoritate
3538 3539 3714 3593 quam

2122 3617 2345 3672 rationis
2373 3616 2767 3684 excogitatione
2796 3615 3022 3670 collecta
3060 3623 3161 3678 est,
3208 3615 3487 3671 decentius
3530 3617 3712 3685 expli-

2123 3720 2315 3764 cantur
2344 3728 2355 3761 :
2388 3710 2459 3762 ita
2490 3716 2548 3762 ut
2593 3707 2694 3761 sibi
2734 3716 2997 3763 consonet
3024 3709 3271 3763 universa
3302 3710 3549 3777 materia,
3578 3724 3709 3765 cum

438 3814 589 3853 inero
618 3798 733 3866 ejus
778 3798 845 3853 de
873 3800 1180 3854 conditione
1232 3798 1463 3852 hominis
1489 3798 1756 3867 expositio
1784 3797 1940 3861 desit,
1971 3795 2015 3851 si
2045 3801 2087 3861 C
2119 3801 2256 3857 ordo
2286 3816 2350 3855 ac
2377 3801 2543 3855 series
2568 3814 2686 3870 quae
2714 3808 2930 3870 putatur
2955 3801 3201 3863 adversa,
3228 3801 3295 3854 ad
3327 3817 3491 3855 unum
3524 3804 3712 3857 lenm.

436 3892 611 3946 nullus
639 3892 941 3947 auditorum
972 3893 1113 3945 illius
1135 3890 1351 3959 aliquod
1380 3888 1598 3945 afferret
1627 3888 1879 3952 studium,
1906 3902 2014 3956 quo

435 3983 610 4037 minus
660 3983 709 4035 id
750 3983 894 4051 quod
936 3981 1340 4035 desiderabatur
1405 3979 1656 4048 impleret
1682 4019 1698 4044 ,
1757 3977 2012 4031 adversus

434 4085 679 4137 magnam
719 4070 943 4135 gloriam
974 4068 1090 4137 ejus
1116 4068 1494 4137 vituperationi
1524 4067 1749 4122 forsitan
1791 4076 2012 4137 praesta-

433 4170 582 4214 retur
601 4161 831 4224 occasio,
853 4160 1019 4213 veluti
1041 4161 1130 4228 qui
1156 4160 1450 4227 neglexerit
1474 4159 1539 4212 ad
1562 4159 1800 4213 habitum
1822 4174 2012 4229 quem-

430 4253 551 4305 dam
606 4252 930 4321 perspicacis
972 4253 1331 4320 intelligentia:
1377 4268 1596 4307 suorum
1624 4251 2007 4321 discipulorum

431 4350 636 4396 mentes
688 4343 947 4397 imbuere.
973 4342 1121 4397 Nunc
1150 4358 1278 4411 ergo
1314 4343 1464 4412 juxta
1496 4344 1635 4397 vires
1680 4352 1892 4398 nostras
1929 4344 2002 4411 id,

428 4434 572 4504 quod
619 4436 794 4489 minus
844 4434 1012 4501 deest,
1048 4451 1319 4505 exponere
1348 4436 1600 4503 aggressi,
1633 4435 1678 4489 si
1725 4436 1851 4507 quid
1898 4436 2005 4490 tale

427 4527 693 4597 reperitur
718 4528 771 4581 in
801 4528 999 4582 nostris
1041 4528 1184 4598 quod
1207 4528 1321 4596 ejus
1351 4529 1607 4583 doctrina:
1641 4544 1747 4583 non
1776 4530 1845 4584 sit
1868 4529 2006 4583 indi-

2118 3908 2244 3948 num
2269 3893 2623 3961 eumdemque
2650 3892 2950 3959 conveniat,
2982 3894 3058 3948 sic
3078 3892 3255 3947 divina
3278 3907 3382 3963 ope
3409 3902 3575 3963 atque
3600 3896 3708 3949 vir-

2117 3991 2230 4038 tute
2258 3998 2407 4053 spem
2428 3992 2613 4037 contra
2636 3998 2783 4052 spem
2826 3991 2881 4037 et
2928 3982 3234 4039 facultatem
3277 3984 3432 4039 nobis
3461 4000 3529 4039 ex
3557 3985 3705 4039 ditii—

2113 4074 2312 4130 cultate
2340 4081 2646 4144 praestante.
2678 4073 3120 4129 Mauifestationis
3150 4082 3329 4129 autem
3355 4074 3526 4143 gratia
3557 4078 3709 4146 epti-

2111 4181 2257 4219 mum
2297 4165 2412 4219 fore
2452 4163 2653 4219 credidi
2707 4171 3022 4234 praesentem
3063 4180 3365 4219 sermonem
3421 4167 3517 4219 tibi
3548 4169 3704 4239 capi-

2110 4257 2237 4311 tulis
2257 4256 2548 4325 explicare,
2575 4270 2680 4323 quo
2730 4256 2903 4324 possis
2933 4256 2985 4308 in
3014 4255 3160 4309 brevi
3211 4257 3374 4311 totius
3401 4259 3584 4326 operis
3620 4260 3705 4312 ef.

2112 4346 2309 4402 fectum
2340 4361 2434 4415 per
2472 4346 2678 4412 singula
2710 4354 3010 4416 empturum
3044 4354 3347 4401 nostrorum
3376 4358 3701 4415 argumenta

2110 4451 2459 4507 cognoscere.

1050 4755 1205 4863 ι).
1242 4751 2045 4917 κακεαοιι

2128 4751 2193 4859 Ῑ
2265 4747 3044 4861 NYSSENI

776 4945 973 5071 DE
1073 4942 1959 5081 CREATIONE
2056 4940 2721 5072 HOMINIS
2814 4942 3326 5095 LIBER,

921 5113 1553 5177 SUPPLEMENTUM
1596 5112 2125 5175 HEXAEMERON
2169 5113 2461 5175 BASlLll
2510 5112 2769 5175 MAGNI
2816 5114 3175 5186 FRATRIS,

1380 5231 1778 5273 INTERPRETE
1825 5228 2113 5272 DlONYSIO
2157 5231 2415 5275 ROMANO
2458 5232 2722 5275 EX‘IGUO.

952 5422 1180 5480 CAPUT
1217 5423 1506 5480 PRIMUM.

427 5541 766 5595 I‘nrticutaris
794 5538 1031 5611 quoniam
1059 5539 1391 5611 ratiocinatio
1423 5539 1485 5592 de
1528 5537 1719 5611 mundo
1737 5579 1752 5604 ,
1777 5544 1993 5611 natura-

490 5612 651 5673 lisque
701 5606 981 5679 disputatio
1026 5616 1075 5661 et
1128 5609 1320 5662 clarior
1366 5608 1619 5677 expositio
1658 5606 1722 5659 de
1767 5607 1845 5658 his
1883 5623 1998 5677 qua:

491 5685 631 5751 prius
658 5682 714 5733 in
743 5682 961 5733 hominis
992 5680 1299 5749 formatione
1330 5688 1484 5748 pacta
1515 5686 1884 5731 monstrantur.

492 5790 588 5850 ilic
618 5790 771 5856 liber,
804 5791 875 5844 ait
902 5790 1196 5859 Scriptura,
1228 5790 1587 5861 generationis
1614 5789 1734 5846 cceli
1762 5796 1817 5844 et
1844 5798 1996 5845 terrm

2024 5427 2075 5485 D
2097 5421 2316 5491 quando
2344 5421 2583 5491 perfecta
2604 5429 2726 5476 sunt
2756 5425 2934 5478 omnia
2957 5439 3076 5493 qua:
3104 5426 3369 5495 videntur,
3393 5436 3447 5483 et
3474 5430 3541 5483 ad
3565 5428 3691 5500 pro-

2100 5515 2275 5583 prium
2305 5515 2463 5569 situm
2503 5515 2708 5584 singula
2738 5515 2971 5571 discreta
3001 5528 3300 5584 cesserunt,
3346 5522 3564 5589 quando
3595 5541 3690 5578 vo-

2099 5604 2263 5659 lubile
2304 5606 2408 5659 hoc
2456 5620 2653 5674 corpus
2695 5606 2816 5661 caali
2863 5614 3057 5661 cuncta
3110 5611 3404 5674 constituit,
3440 5612 3689 5668 medium

2100 5711 2228 5749 vero
2258 5694 2435 5749 locum
2479 5696 2643 5749 totius
2672 5705 2935 5752 creatura:
2964 5700 3144 5766 gravia
3176 5716 3405 5772 corpora
3439 5712 3493 5757 et
3521 5704 3690 5759 deor-

2100 5804 2217 5844 sum
2240 5787 2512 5857 vergentia
2541 5790 2727 5844 sortita
2771 5797 2912 5859 sunt,
2942 5800 3081 5847 terra
3110 5793 3317 5850 scilicet
3346 5806 3507 5867 atque
3537 5814 3685 5869 aqua
