4000 6344
196 406 300 466 549

1004 402 1182 458 LIBRI
1220 404 1307 457 DE
1346 402 1739 458 CREATIONE'
1774 402 2045 459 ιιολιικιδ
2084 405 2651 462 INTERPRETATIO.

3363 404 3465 458 353a

196 536 318 577 sese
345 528 533 575 mutuo
578 517 929 575 continentia.
964 518 1248 574 Vinculum
1291 526 1471 573 autem
1510 517 1781 587 quoddam
1813 523 1861 580 Α
1885 519 2035 584 juxta
2068 514 2295 574 localem
2328 520 2748 584 translationem,
2780 534 2967 574 verum
2990 526 3040 573 et
3063 517 3215 588 juxta
3249 519 3469 570 venibi-

197 622 362 683 atque
405 611 802 665 ﬁrmamentum
860 624 1049 667 eorum
1080 624 1201 677 qum
1250 607 1389 663 facta
1429 616 1555 663 sunt
1601 606 1781 660 divina

198 714 513 772 aeternaque
540 703 778 771 potentia
809 708 915 769 est,
949 701 1272 756 exstantium
1304 700 1513 753 naturis
1560 700 1786 766 inserta,

199 810 322 864 qum
347 792 573 862 geminis
594 790 873 846 ell'ectibus
894 791 1141 845 universa
1178 789 1507 844 moderatur.
1538 788 1595 842 In
1641 798 1786 843 statu

202 900 437 956 namque
467 893 524 939 et
563 891 710 937 motu
743 897 851 935 non
880 881 1055 936 solum
1086 896 1151 935 ex
1202 896 1309 935 non
1336 879 1603 936 stantibus
1632 892 1791 946 gene-

200 980 490 1039 rationem,
517 974 611 1029 sed
639 972 1071 1043 permansionem
1110 971 1542 1032 subsistentibus,
1573 968 1785 1023 maelii-

201 1075 332 1121 nata
362 1074 445 1122 est
465 1065 605 1119 circa
629 1062 999 1130 gravissimam
1028 1068 1084 1114 et
1113 1057 1600 1114 incommutabilem
1632 1066 1791 1109 natu-

203 1173 277 1212 ra:
316 1154 779 1219 immobilitatem,
808 1151 970 1205 velati
1010 1149 1295 1220 quemdam
1346 1164 1503 1202 axem
1543 1146 1790 1200 stabilem

202 1257 369 1315 atque
399 1244 780 1305 lirmissimum,
805 1240 1202 1294 velocissimam
1234 1238 1355 1293 coeli
1385 1237 1791 1291 circulationem

205 1337 275 1392 ad
322 1337 491 1391 instar
519 1342 649 1389 rotae
670 1333 870 1401 jugiter
907 1331 1204 1400 perveliens
1225 1371 1241 1398 ,
1271 1339 1325 1382 et
1376 1328 1792 1381 indissolubilcm

207 1425 570 1481 substantiam
619 1438 716 1491 per
773 1420 1092 1475 alterutrum
1150 1421 1390 1487 utrisque
1443 1434 1792 1474 conservans.

206 1517 343 1574 Nam
374 1524 432 1570 et
456 1514 703 1569 volubilis
729 1512 953 1566 materia
984 1526 1081 1580 per
1108 1510 1446 1565 celerrimum
1473 1519 1677 1564 motum
1710 1525 1798 1563 so—

208 1607 478 1663 liditatem
530 1614 688 1659 teme
757 1604 1085 1657 circumacta
1135 1601 1494 1669 constringit,
1537 1611 1592 1656 et
1644 1611 1800 1655 teme

208 1699 475 1755 stabilitas
496 1711 593 1767 per
620 1694 947 1749 immobilem
983 1693 1311 1755 ﬁrmitatem,
1342 1693 1655 1748 volubilium
1683 1695 1800 1748 cir-

210 1789 362 1843 cuitu
420 1787 756 1841 incessanter
817 1784 1129 1839 extenditur
1175 1801 1187 1836 :
1250 1798 1404 1851 mqua
1458 1800 1585 1837 vero
1647 1784 1801 1853 juxta

1886 611 1990 664 lem
2038 610 2254 665 modum
2303 621 2463 681 atque
2493 614 2803 667 mutabilem
2836 611 2926 666 ﬁat
2966 629 2979 665 :
3012 612 3248 679 itemque
3278 620 3469 663 natura

1884 702 2090 759 stabilis
2112 711 2313 756 motum
2344 703 2435 771 qui
2458 702 2516 755 ﬁt
2545 718 2643 772 per
2682 702 3182 765 commutationem,
3209 702 3354 755 nulla
3386 717 3475 753 ra-

1890 793 2034 847 tione
2064 794 2289 862 recipiat
2319 808 2329 845 :
2363 794 2628 862 sapientia
2672 792 2766 846 Dei
2798 792 3152 861 proprietates
3213 792 3469 844 uniuscu-

1883 881 2078 951 jusque
2106 892 2435 952 permutans,
2464 884 2791 937 immobilem
2823 883 3039 951 quidem
3061 891 3307 936 naluram
3338 897 3471 933 con-

1889 974 2189 1027 vertibilem
2213 971 2357 1036 fecit,
2391 973 2643 1027 mobilem
2673 990 2803 1027 vero
2829 972 3285 1026 inconvertibilem
3318 988 3329 1022 :
3355 987 3476 1039 pro‘

1892 1065 2122 1119 videntia
2170 1066 2398 1135 quadam
2430 1066 2543 1119 haec
2574 1066 2644 1119 ita
2678 1066 3013 1133 dispensans,
3048 1080 3113 1117 ne
3144 1063 3288 1131 quod
3337 1063 3473 1115 divi-

1893 1170 1975 1208 nm
2022 1164 2226 1208 natura:
2268 1163 2349 1209 est
2378 1156 2643 1224 singulare
2670 1156 2755 1209 vel
2804 1155 3081 1225 proprium
3114 1153 3204 1223 (id
3235 1161 3316 1206 est
3364 1153 3463 1204 im-

1895 1246 2165 1299 mobilitas
2192 1254 2247 1299 et
2296 1245 2854 1313 incommittabilitas)
2899 1245 2950 1297 in
3000 1245 3180 1311 aliqua
3228 1251 3474 1296 creatura

1897 1343 2184 1405 conspecta
2226 1336 2393 1389 Deum
2437 1336 2706 1389 aestimare
2752 1334 2955 1388 faceret
2988 1343 3304 1388 creaturam.
3359 1332 3475 1385 Non

1898 1427 2039 1481 enim
2066 1427 2267 1496 poterit
2295 1427 2471 1478 anima
2503 1425 2667 1477 videri
2716 1426 3024 1493 opinionem
3055 1424 3254 1477 habere
3283 1422 3479 1475 Divini—

1899 1516 2043 1580 tatis,
2069 1516 2211 1585 quod
2251 1514 2451 1567 mobile
2484 1514 2564 1568 vel
2589 1515 2839 1567 mutabile
2870 1515 3044 1567 fuerit.
3078 1512 3300 1576 Idcirco,
3334 1521 3477 1565 terra

1901 1607 2117 1677 quidem
2138 1606 2363 1670 stabilis,
2397 1606 2490 1660 sed
2521 1606 2790 1659 mutabilis
2816 1613 2925 1669 est;
2950 1605 3141 1658 coelum
3167 1618 3295 1656 vero
3320 1618 3483 1656 econ-

1904 1698 2068 1752 trario
2098 1715 2219 1775 cum
2248 1714 2354 1753 non
2384 1700 2453 1754 sit
2483 1700 2760 1766 mutabile,
2807 1699 2967 1753 simul
3011 1712 3111 1751 nec
3139 1696 3330 1751 stabile
3352 1703 3434 1749 est
3465 1711 3478 1745 :

1906 1800 1965 1846 ut
2003 1794 2177 1847 stabili
2205 1793 2420 1861 quidem
2468 1793 2777 1847 substantia:
2826 1792 3253 1853 mutabilitatem,
3286 1789 3487 1842 incom-

212 1879 635 1949 unumquodque
686 1892 872 1932 eorum
913 1876 1139 1946 quorum
1181 1876 1425 1947 operatio
1473 1876 1660 1941 distat,
1688 1893 1801 1930 ma—
1835 1894 1880 1953 Β
1906 1885 2149 1937 mutabili
2199 1900 2326 1938 vero
2358 1885 2710 1938 mobilitatem
2753 1884 2928 1937 divina
2959 1884 3129 1936 virtus
3168 1882 3484 1944 adnectens,

213 1971 441 2041 gnitudo
466 1978 749 2039 compacta
778 1978 881 2033 est,
922 1968 976 2021 id
1021 1975 1122 2032 est,
1167 1976 1274 2021 tam
1304 1967 1419 2036 ejus
1447 1982 1565 2035 quae
1594 1969 1799 2023 stabilis

219 2070 433 2119 natura:
481 2069 583 2125 est,
623 2075 785 2129 quam
832 2059 973 2112 illius
1018 2073 1137 2126 quae
1183 2058 1487 2114 incessabili
1536 2060 1801 2114 rotatione

213 2160 484 2223 raptatur,
519 2166 643 2205 nam
690 2165 868 2218 neque
920 2158 1062 2203 terra
1101 2157 1283 2217 potest
1312 2165 1343 2203 a
1373 2151 1588 2219 propria
1617 2151 1802 2205 solidi-

215 2254 328 2301 tate
371 2242 671 2307 translerri,
726 2258 903 2312 neque
944 2240 1142 2297 coelum
1185 2257 1417 2311 unquam
1462 2242 1801 2297 velocissima

214 2347 400 2393 motus
422 2337 507 2393 sui
532 2335 853 2391 circuitione
873 2334 1063 2387 laxari.
1088 2332 1212 2387 Hmc
1238 2342 1418 2388 autem
1444 2342 1499 2387 et
1527 2334 1695 2403 prima
1725 2349 1806 2388 se-

216 2427 455 2485 cundum
478 2425 789 2482 Conditoris
816 2424 1134 2494 sapientiam
1166 2423 1330 2476 veluti
1367 2423 1633 2491 quoddam
1660 2424 1805 2492 prin-

216 2520 421 2589 cipium
466 2518 629 2573 totius
659 2516 920 2571 machina:
956 2514 1256 2584 probantur
1293 2527 1414 2568 esse
1466 2522 1803 2581 constructa,

216 2610 533 2666 declarante
586 2606 870 2676 magniﬁco
918 2606 1011 2661 illo
1068 2605 1251 2675 Moyse
1307 2621 1404 2674 per
1448 2604 1552 2660 hoc
1582 2605 1804 2674 quodin

218 2702 487 2772 principio
528 2700 725 2756 omium
766 2707 824 2754 et
863 2706 1062 2752 terram
1091 2696 1256 2751 aDeo
1282 2696 1423 2749 facta
1474 2710 1805 2749 commemo-

218 2802 331 2858 rat,
359 2804 415 2848 et
432 2792 575 2862 quod
603 2807 672 2846 ex
693 2799 844 2847 motu
870 2799 923 2844 et
950 2789 1184 2843 statione
1210 2803 1330 2857 quae
1357 2786 1603 2841 videntur
1624 2787 1676 2840 in
1707 2786 1808 2842 hac

218 2896 495 2951 creatura,
523 2884 678 2953 juxta
723 2882 959 2937 divinum
1014 2880 1299 2937 consilium
1350 2879 1421 2934 in-
1458 2879 1807 2948 generatione

219 2986 421 3033 cuncta
472 2976 736 3047 producta
774 2980 920 3029 sunt.
948 2971 1086 3026 Cum
1136 2984 1266 3040 ergo
1311 2970 1509 3025 caelum
1558 2976 1614 3024 et
1663 2979 1807 3023 terra

219 3068 496 3126 mensuris
524 3066 693 3137 tequis
716 3066 870 3135 juxta
900 3061 1225 3118 contrariam
1255 3059 1549 3116 elﬁcaciam
1578 3060 1646 3115 ab
1675 3059 1811 3113 invi-

220 3176 346 3216 cem
374 3160 645 3229 disparata
675 3158 805 3224 sint,
854 3170 919 3210 ea
949 3163 1197 3209 creatura
1225 3168 1343 3223 qua:
1370 3153 1424 3207 in
1453 3151 1631 3207 medio
1680 3167 1813 3207 con-

1904 1982 1959 2026 et
1985 1973 2301 2028 alterutrum
2329 1988 2427 2042 per
2451 1975 2725 2042 utriusque
2754 1974 3191 2028 contrarietatem
3223 1971 3331 2025 suis
3360 1984 3485 2039 pro-

1902 2068 2220 2136 prietatibus
2249 2069 2526 2138 copulans,
2561 2085 2590 2123 a
2623 2070 2921 2123 Divinitatis
2951 2069 3207 2137 Opinione
3236 2082 3478 2121 remove-

1902 2166 2003 2223 ret,
2033 2157 2179 2226 quod
2210 2167 2457 2213 neutrum
2489 2160 2679 2213 horum
2714 2158 2887 2227 (sicut
2913 2158 3113 2212 dictum
3144 2156 3261 2225 est)
3293 2154 3487 2209 divina:

1905 2257 2111 2302 natura:
2136 2250 2431 2317 putabitur,
2457 2250 2505 2301 id
2536 2249 2679 2317 quod
2702 2249 2956 2302 mutabile
2987 2255 3042 2301 et
3072 2246 3319 2301 instabile
3346 2259 3490 2298 com—

1904 2340 2237 2409 probabitur.
2258 2340 2514 2395 Universa
2541 2342 2701 2410 igitur
2724 2342 2790 2395 ad
2820 2358 2975 2395 suum
3008 2341 3167 2394 ﬁnem
3197 2353 3492 2405 congruen-

1908 2438 1991 2484 ter
2016 2438 2199 2499 aptata
2248 2440 2392 2485 sunt.
2428 2429 2672 2485 Perfecta
2722 2438 2846 2485 sunt
2893 2431 3066 2495 enim,
3094 2431 3233 2484 sicut
3282 2428 3491 2497 Moyses

1906 2522 2001 2586 ait,
2046 2521 2241 2577 caelum
2284 2529 2341 2576 et
2368 2530 2509 2575 terra
2565 2530 2619 2575 et
2645 2536 2765 2590 quae
2797 2522 2937 2575 inter
2984 2521 3098 2575 haec
3126 2518 3300 2573 media
3342 2526 3487 2582 sunt,

1908 2613 2087 2669 omnia
2132 2613 2267 2666 mira
2321 2612 2739 2681 pulchritudine,
2767 2611 2973 2681 singula
3005 2624 3230 2678 qumque
3260 2620 3484 2675 compe-

1909 2714 2085 2760 tenter
2122 2711 2315 2759 ornata
2350 2704 2583 2758 :cmlum
2625 2703 2841 2772 quidem
2890 2700 3163 2755 stellarum
3204 2698 3493 2751 luminibus

1910 2797 2149 2859 micans;
2173 2809 2321 2849 mare
2347 2809 2477 2847 vero
2506 2802 2667 2861 atque
2696 2808 2789 2846 aer
2814 2790 3175 2845 animantibus
3207 2797 3313 2842 tam
3347 2796 3495 2841 nata-

1916 2889 2113 2945 bilibus
2138 2903 2300 2957 quam
2327 2886 2636 2940 volatilibus
2662 2885 2797 2938 mire
2830 2882 3124 2953 tripudians
3150 2899 3164 2947 ;
3194 2888 3335 2935 terra
3356 2893 3495 2933 vero

1912 2977 2240 3032 multimodis
2266 2976 2553 3031 herbarum
2583 2976 2807 3039 naturis,
2841 2974 3193 3042 virgultorum
3210 2972 3495 3024 diversita-

1914 3069 2055 3123 tibus
2102 3065 2334 3135 quodam
2387 3065 2547 3119 modo
2598 3064 2864 3133 gestiens,
2916 3078 3037 3132 qum
3081 3067 3493 3117 conservantem

1914 3166 2107 3214 cuncta
2152 3157 2333 3211 divino
2371 3164 2502 3209 nutu
2556 3162 2799 3223 vegetata
2841 3153 3165 3222 progenuit;
3194 3160 3249 3205 et
3289 3150 3494 3218 repleta

222 3251 520 3306 trariorum
544 3259 646 3316 est,
695 3267 762 3307 ex
797 3260 950 3321 parte
996 3248 1226 3319 quadam
1275 3248 1661 3303 cobmrentium
1708 3246 1811 3301 sibi
1846 3262 1889 3326 ο
1920 3248 2139 3319 quidem
2170 3255 2286 3302 erat
2314 3246 2600 3316 speciebus
2646 3244 2910 3299 universis
2932 3243 3093 3298 simul
3123 3255 3244 3297 cum
3273 3240 3495 3294 ﬁoribus

222 3345 578 3419 participans,
610 3343 949 3399 summitates
1000 3342 1198 3398 divisas
1242 3341 1456 3412 propria
1489 3339 1813 3395 mediatione

223 3436 527 3495 connectit.
558 3434 636 3489 Ita
661 3442 719 3488 ut
740 3433 1038 3489 manifestm
1063 3433 1171 3487 sint
1210 3432 1605 3487 contrariorum
1634 3430 1703 3484 ad
1728 3430 1811 3483 al-

226 3535 497 3583 terutrum
526 3526 629 3580 hac
659 3526 1071 3596 interpositione
1098 3522 1512 3592 conjunctionis.
1540 3521 1675 3575 Nam
1705 3537 1815 3575 mo-

226 3618 354 3673 bilis
380 3630 597 3686 semper
623 3623 680 3671 et
720 3615 1053 3671 subtilissimi
1082 3614 1221 3682 ignis
1250 3613 1606 3667 substantiam
1637 3611 1813 3664 imita-

227 3720 322 3764 tur
347 3710 687 3778 aliquatenus
718 3722 830 3771 aer,
856 3716 963 3760 tam
984 3706 1204 3761 levitate
1226 3712 1429 3758 natum
1449 3717 1610 3771 quam
1637 3709 1815 3755 motus

226 3800 639 3872 opportunitate
671 3816 684 3852 :
718 3815 827 3852 non
871 3806 1048 3851 tamen
1079 3795 1390 3863 huiusmodi
1421 3802 1524 3859 est,
1555 3801 1613 3846 ut
1642 3807 1672 3845 a
1722 3807 1815 3845 so-

230 3894 616 3948 lidissimonun
670 3890 994 3958 cognatione
1047 3888 1291 3944 videatur
1344 3887 1589 3953 alienus,
1643 3899 1817 3954 neque

228 3999 451 4054 semper
478 3982 765 4038 immobilis
794 3996 1139 4051 permanens,
1172 3994 1344 4047 neque
1370 3977 1570 4046 jngiter
1595 3972 1817 4030 eﬁluens

228 4084 399 4145 atque
446 4071 748 4128 deﬁciens:
806 4069 903 4125 sed
952 4071 1229 4138 utriusque
1276 4068 1605 4138 proprietate
1651 4066 1817 4121 veluti

229 4166 557 4237 quibusdam
585 4164 977 4219 contrariorum
1010 4162 1288 4217 eﬁectibus
1319 4158 1545 4215 conﬁnis
1567 4158 1815 4223 efﬁcitur,

231 4260 546 4313 immiscens
583 4257 743 4311 simul
794 4264 850 4311 et
877 4256 1123 4311 dividens
1178 4256 1230 4308 in
1272 4254 1452 4323 seipso
1478 4269 1596 4321 qum
1626 4261 1818 4307 natura

231 4352 471 4405 discreta
492 4358 643 4412 sunt,
664 4348 956 4404 secundum
982 4349 1120 4403 hanc
1144 4348 1408 4402 rationem
1432 4361 1461 4400 a
1482 4348 1677 4415 liquida
1692 4362 1823 4416 quo-

232 4458 342 4511 que
395 4440 699 4495 substantia
754 4440 965 4509 gemina
1013 4439 1278 4493 cliaritatc
1315 4438 1541 4492 subnixa
1579 4438 1821 4506 utrisque

232 4530 711 4588 contrarietatibus
752 4538 1071 4598 coaptatur;
1099 4527 1242 4598 quod
1299 4528 1440 4581 enim
1488 4527 1663 4594 gravis
1691 4526 1819 4580 etin

1917 3338 2120 3394 fructus
2162 3351 2377 3406 quoque
2409 3335 2727 3405 producens,
2754 3333 2911 3401 plena
2942 3340 2999 3385 et
3042 3340 3225 3402 parata
3249 3331 3332 3383 his
3374 3344 3495 3398 qum

1916 3431 1969 3485 in
1995 3431 2075 3485 eis
2095 3428 2254 3484 solita
2274 3436 2398 3481 sunt
2420 3426 2548 3481 oriri
2570 3444 2582 3477 :
2602 3433 2791 3480 cuncta
2812 3438 3026 3493 quoque
3050 3423 3206 3476 dorsa
3238 3422 3495 3475 montium

1917 3532 2080 3592 atque
2110 3520 2391 3575 cacumina
2419 3527 2473 3573 et
2497 3516 2755 3587 quidquid
2811 3529 3111 3570 convexum
3163 3521 3323 3581 atque
3352 3512 3499 3580 supi-

1919 3632 2066 3679 num,
2098 3616 2183 3670 vel
2232 3615 2285 3668 in
2333 3611 2664 3669 convallibus
2692 3610 2910 3679 planum
2960 3616 3122 3675 atque
3166 3607 3493 3659 subslratum

1917 3707 2205 3761 herbarum
2235 3720 2371 3759 nova
2402 3701 2581 3772 specie
2609 3707 2664 3755 et
2692 3700 2837 3753 varia
2887 3699 3143 3753 arborum
3194 3695 3494 3766 pulchritu-

1917 3799 2042 3853 dine
2079 3797 2497 3858 coronabantur,
2528 3792 2689 3847 modo
2728 3790 2943 3861 quidem
2973 3790 3042 3844 de
3080 3790 3236 3842 terris
3265 3788 3497 3840 eminen-

1919 3890 2020 3955 tia;
2052 3888 2144 3943 sed
2171 3886 2238 3941 ad
2264 3884 2608 3956 perfectionis
2635 3898 2745 3936 suae
2787 3881 3162 3936 concurrentia
3191 3893 3313 3931 mox
3344 3878 3496 3937 dero

1919 4002 2035 4041 rem
2089 3983 2433 4046 laetabantur,
2466 3980 2713 4033 universa
2752 3978 2903 4047 juxta
2933 3975 3148 4029 modum
3178 3988 3329 4027 suum
3362 3986 3500 4041 pra:-

1920 4084 2079 4145 cepto
2129 4073 2393 4127 vivilicata
2440 4070 2639 4123 divino.
2684 4067 2933 4121 Jumenta
2980 4064 3193 4133 quidem
3235 4061 3493 4131 gregatim

1917 4170 2068 4238 juxta
2097 4166 2371 4236 proprium
2402 4178 2569 4231 genus
2593 4162 2645 4214 in
2687 4161 2819 4215 silva
2844 4157 3197 4213 discurrentia
3223 4154 3501 4208 moraban-

1923 4269 2039 4324 tur;
2067 4256 2241 4311 avinm
2256 4272 2383 4309 vero
2406 4252 2691 4307 modulatis
2711 4250 2956 4305 cantibus
2984 4249 3220 4303 omnium
3248 4248 3498 4300 silvarum

1926 4362 2167 4405 consona
2194 4344 2543 4400 resonabant.
2573 4342 2733 4396 Maris
2756 4340 2916 4395 etiam
2946 4340 3106 4394 facies
3128 4339 3209 4409 (ut
3235 4338 3501 4390 mstimare

1924 4438 2087 4507 licet)
2117 4436 2350 4491 maxima
2382 4442 2509 4488 tunc
2552 4443 2668 4487 erat
2709 4430 3015 4501 placiditate
3045 4438 3097 4483 et
3119 4427 3503 4494 tranquillitate

1926 4530 2036 4585 suis
2107 4525 2616 4593 congregationibus
2679 4520 3110 4594 profundissimis
3186 4516 3497 4570 constituta.

232 4624 489 4678 deorsum
539 4620 788 4691 proclivis
840 4628 943 4685 est,
974 4618 1140 4671 multa
1164 4616 1230 4669 ad
1258 4624 1528 4669 terrenam
1574 4620 1818 4667 naturam
1849 4616 2085 4695 DJuxta
2126 4628 2291 4685 quam
2345 4611 2605 4666 stationes
2650 4619 2707 4663 et
2754 4617 2944 4678 portus
2997 4607 3176 4659 divina
3223 4603 3503 4656 voluntate

234 4712 567 4781 cognatione
590 4709 883 4765 fmderatur
914 4726 925 4761 :
957 4707 1102 4777 quod
1129 4721 1255 4759 vero
1283 4704 1438 4758 ﬂuxa:
1459 4713 1513 4758 et
1541 4703 1825 4757 decurren-

237 4804 313 4857 tis
332 4800 586 4859 efﬁcacia:
608 4809 711 4865 est,
743 4816 851 4855 non
882 4798 1028 4853 omni
1060 4796 1219 4851 modo
1250 4804 1458 4849 naturae
1486 4795 1699 4849 mobilis
1728 4810 1825 4848 ex-

232 4911 364 4967 pers
414 4910 537 4950 esse
586 4892 973 4961 cognoscitur:
1006 4890 1249 4959 quaedam
1304 4904 1535 4959 namque
1586 4903 1683 4957 per
1722 4888 1825 4942 hoc

233 4989 416 5055 ipsum
448 4986 503 5038 lit
527 4985 896 5053 oppositorum
921 4983 1150 5035 mixtura
1179 4990 1341 5049 atque
1362 4980 1671 5046 concursio,
1694 4979 1824 5033 dum

234 5084 297 5127 et
313 5074 549 5142 gravitas
571 5074 623 5126 in
648 5080 796 5127 motu
816 5079 1075 5135 transeat,
1099 5085 1199 5124 nec
1222 5078 1399 5124 motus
1416 5070 1542 5123 item
1564 5070 1827 5136 gravitate

234 5165 507 5228 tardetur,
538 5164 630 5220 sed
662 5163 727 5217 ad
757 5179 875 5220 sese
906 5163 1252 5228 conveniant,
1286 5177 1406 5232 qua:
1429 5161 1583 5231 juxta
1604 5163 1827 5215 summi-

234 5266 384 5313 tates
424 5254 741 5308 naturaliter
780 5262 908 5308 sunt
953 5252 1145 5316 divisa,
1174 5252 1302 5305 dum
1332 5252 1432 5306 sibi
1483 5259 1669 5307 mutuo
1697 5267 1830 5322 qua-

231 5347 366 5401 dam
397 5346 726 5401 mediatione
754 5346 1098 5415 copulantur,
1139 5344 1249 5400 imo
1277 5344 1455 5414 potius
1486 5343 1829 5412 diligentissi-

231 5452 384 5494 mam
409 5437 676 5505 rationem
706 5452 806 5493 nec
831 5436 946 5506 ipsa
975 5434 1367 5493 contrariorum
1390 5434 1683 5491 substantia
1710 5434 1827 5490 sine

233 5528 605 5600 permixtione
621 5528 843 5582 alterius
870 5525 1219 5597 proprietatis
1248 5524 1462 5580 existat.
1484 5524 1641 5589 ltem,
1663 5540 1828 5593 quan-

233 5632 357 5677 tum
387 5634 536 5685 reor,
560 5620 809 5674 universa
832 5633 953 5689 quae
983 5618 1037 5671 in
1070 5616 1268 5672 mundo
1298 5625 1609 5679 cernuntur,
1644 5626 1829 5671 mutua

229 5714 344 5769 sibi
397 5712 663 5767 societate
692 5710 1058 5772 consentiunt,
1090 5718 1146 5762 et
1177 5708 1230 5762 in
1279 5722 1443 5762 unum
1474 5704 1649 5760 omnis
1678 5722 1831 5762 crea-

232 5817 363 5858 tura
416 5802 731 5870 conspirare
777 5798 1149 5868 cognoscitur,
1180 5798 1305 5854 dum
1358 5796 1411 5851 in
1460 5795 1831 5866 oppositorum

232 5893 669 5979 proprietatibus
696 5890 985 5955 invenitur.
1017 5887 1146 5951 Nam
1176 5909 1296 5950 cum
1320 5895 1499 5946 motus
1525 5903 1633 5943 non
1661 5886 1835 5949 solum

1925 4705 2090 4761 veluti
2115 4702 2331 4773 quidam
2361 4702 2511 4755 sinus
2559 4698 2736 4753 eﬁecti
2786 4713 2882 4766 per
2910 4696 3088 4749 littora
3132 4693 3290 4748 terris
3336 4692 3501 4744 maria

1930 4794 2271 4865 copulabant,
2296 4789 2613 4861 quietissimi
2643 4787 2801 4842 etiam
2833 4794 3012 4839 motus
3042 4783 3301 4838 undarum
3328 4781 3506 4835 vibra-

1926 4885 2122 4939 bantur
2153 4882 2313 4937 veluti
2356 4889 2510 4951 prata
2557 4879 2804 4943 virentia,
2850 4875 3177 4932 tenuissimis
3218 4882 3381 4941 atque
3431 4873 3508 4926 in-

1931 4975 2107 5031 noxiis
2136 4973 2347 5028 ﬂatibus
2397 4972 2721 5027 summitatis
2751 4969 3089 5040 snperliciem
3120 4982 3353 5035 congrua
3383 4965 3510 5019 snb~

1931 5067 2122 5120 tilitate
2142 5065 2459 5134 crispantes,
2486 5072 2542 5117 et
2569 5062 2846 5119 universus
2871 5061 3018 5117 orbis
3046 5058 3340 5115 secundum
3367 5072 3514 5113 crea-o

1933 5158 2133 5212 tionem
2154 5173 2308 5211 suam
2334 5165 2474 5211 terra
2502 5156 2748 5225 marique
2780 5162 2997 5226 paratus
3024 5151 3254 5207 astabat.
3285 5148 3390 5205 Sed
3420 5148 3512 5219 qui

1933 5252 2015 5307 his
2038 5258 2280 5309 uteretur
2310 5249 2523 5304 interim
2552 5263 2659 5302 non
2689 5255 2824 5301 erat.

2553 5376 2783 5434 CAPUT
2820 5377 2885 5434 ll.

2022 5492 2126 5551 Cur
2154 5494 2459 5548 novissimus
2489 5500 2602 5563 post
2631 5500 2920 5546 creaturam
2941 5492 3112 5561 factus
3142 5491 3209 5545 sit
3236 5487 3410 5543 homo.

2002 5608 2247 5664 Nondum
2276 5620 2509 5676 namque
2537 5619 2729 5674 magna
2759 5604 2876 5658 haec
2895 5610 2949 5657 et
2979 5603 3210 5671 pretiosa
3240 5615 3326 5654 res
3352 5600 3517 5655 homo

1933 5702 2117 5756 mundi
2160 5700 2413 5754 dominus
2464 5698 2680 5764 aderat,
2731 5712 2829 5751 nec
2884 5695 3026 5749 enim
3065 5693 3321 5747 decuerat
3367 5691 3517 5759 prius

1937 5794 2170 5849 existere
2192 5791 2488 5861 principem
2515 5804 2674 5857 quam
2706 5786 2809 5841 illan
2823 5800 3049 5854 quorum
3082 5793 3296 5851 gereret
3326 5782 3520 5853 princi.

1941 5893 2144 5955 patum.
2197 5878 2306 5934 Sed
2338 5880 2426 5941 ubi
2455 5885 2646 5933 cuncta
2694 5875 2742 5929 ci
2774 5874 3099 5945 subjicienda
3145 5884 3334 5949 parata
3373 5880 3517 5941 sunt.
