4000 6344
528 387 625 446 351

1797 399 2154 456 DIONYSIUS
2193 401 2511 460 EXIGUUS.

3677 416 3770 472 5"9.

516 508 636 577 jam
655 522 992 578 consequens
1017 516 1137 565 erat
1163 526 1424 583 apparere
1447 520 1739 570 rectorem.
1782 514 1918 582 Quia
1946 517 2106 584 igitur
2136 524 2182 577 Δ
2214 518 2264 570 in
2292 520 2555 575 creaturis
2605 521 2900 577 visibilibus
2934 524 3109 579 simile
3154 527 3451 597 reperitur,
3482 530 3641 585 verbo
3664 535 3769 588 solo

524 599 692 652 veluti
713 600 983 668 quoddam
1012 601 1159 670 regni
1180 602 1511 660 domicilium
1530 603 1711 661 futuro
1737 607 1851 675 regi
1878 606 2107 663 Creator

526 689 893 745 universitatis
922 689 1196 759 effecerat,
1228 694 1282 749 id
1329 702 1511 751 autem
1556 705 1673 752 erat
1704 705 1866 764 terra,
1899 699 2104 765 insulas,

523 780 715 845 maria,
747 788 800 833 et
819 796 981 851 super
1010 781 1126 839 haec
1153 784 1347 839 omium
1388 786 1442 840 in
1478 787 1693 843 modum
1728 805 1959 845 camerae
1978 807 2102 847 cur-

522 876 739 934 vatum;
786 869 1000 926 divitias
1027 889 1157 927 vero
1199 884 1520 945 reposuerat
1564 879 1717 946 regni
1750 880 2102 948 multiplices;

520 957 736 1019 divitias
764 970 944 1015 autem
974 963 1094 1019 dico
1118 973 1283 1021 totam
1312 974 1615 1021 creaturam
1644 968 1902 1039 quidquid
1943 977 2023 1025 est
2051 971 2105 1025 in

522 1047 704 1109 herbis
733 1058 788 1105 et
816 1051 1010 1119 plantis
1055 1063 1110 1108 et
1138 1055 1444 1122 arboribus,
1477 1057 1733 1127 quidquid
1771 1059 1825 1113 in
1863 1061 2108 1131 Spiritali-

522 1136 623 1191 bus
655 1146 709 1191 et
742 1141 1028 1196 sensilibus
1064 1152 1119 1197 et
1137 1144 1403 1211 animatis,
1439 1146 1583 1215 quod
1609 1147 1708 1201 nisi
1734 1149 1950 1203 metalla
1972 1166 2108 1219 quo-

526 1242 633 1294 que
685 1228 770 1285 his
825 1234 1079 1286 convenit
1125 1234 1468 1291 adnumerari
1492 1237 1692 1293 divitiis
1720 1256 1840 1309 quae
1886 1224 2108 1312 propter

520 1318 766 1379 colorum
798 1323 1244 1391 pulchritudinem
1274 1328 1507 1397 pretiosa
1520 1331 1767 1387 humanis
1792 1335 1963 1390 oculis
1990 1336 2104 1391 visa

523 1418 663 1471 sunt,
699 1421 756 1465 ut
781 1414 894 1467 auri
935 1424 992 1470 et
1020 1419 1224 1484 argenti
1255 1426 1311 1473 et
1355 1419 1597 1489 lapidum
1628 1438 1815 1479 eorum
1842 1440 1977 1493 quos
2002 1427 2103 1482 ho-

522 1501 697 1557 mines
731 1512 933 1569 amant,
963 1505 1154 1561 horum
1184 1509 1422 1563 omnium
1471 1511 1681 1580 copiam
1712 1515 1857 1569 velut
1893 1518 2108 1585 quibus-

522 1594 646 1651 dam
676 1596 947 1666 regalibus
999 1599 1266 1656 thesauris
1317 1612 1475 1658 terra:
1516 1603 1711 1661 finibus
1734 1610 2017 1675 occulens,
2052 1612 2103 1665 in

524 1686 666 1742 hunc
692 1687 953 1743 mundum
984 1690 1255 1748 hominem
1290 1694 1530 1763 protinus
1558 1697 1874 1763 introduxit,
1901 1709 1959 1753 ut
1978 1716 2107 1769 quo-

527 1780 770 1835 rumdam
815 1783 1196 1840 miraculorum
1245 1798 1519 1857 spectator
1547 1791 1824 1858 existeret,
1855 1807 2106 1861 quorum.

2210 615 2507 685 perficitur,
2540 626 2595 671 ct
2634 633 2771 687 opus
2813 626 2926 674 tam
2964 620 3211 676 mirabile
3258 636 3359 677 nec
3395 623 3543 679 unde
3570 625 3656 680 flat
3682 644 3770 683 nec

2208 708 2469 776 qualiter,
2503 710 2785 765 intimatur
2815 730 2827 764 :
2874 714 2953 768 sic
2981 720 3036 769 et
3075 715 3283 784 singula
3314 733 3543 788 quinque
3581 732 3769 777 creatu-

2206 813 2408 865 rarum,
2430 800 2617 866 aether,
2649 790 2819 857 stellae
2861 813 2914 858 et
2944 819 3039 860 aer
3075 807 3165 875 qui
3195 808 3433 863 medium
3464 810 3637 866 locum
3659 828 3771 867 cou-

2207 889 2360 955 tinet,
2410 906 2579 957 mare,
2634 901 2801 960 terra,
2852 896 3107 951 animalia
3156 908 3212 953 et
3256 902 3535 956 nascentia
3584 904 3768 969 omnia,

2206 980 2373 1033 verbo
2404 983 2777 1037 tantummodo
2804 985 3173 1053 producuntur
3201 997 3258 1042 ut
3281 991 3389 1044 sint
3416 1009 3430 1056 ;
3470 992 3535 1046 ad
3559 993 3770 1047 hominis

2207 1079 2386 1124 autem
2410 1072 2579 1129 solius
2601 1074 2965 1131 conditionem
2990 1093 3111 1131 cum
3141 1081 3368 1136 consilio
3392 1083 3769 1151 quodammodo

2207 1161 2468 1219 Conditor
2503 1167 2868 1224 universitatis
2923 1171 3163 1235 accedit,
3218 1180 3273 1228 et
3329 1177 3604 1230 materiam
3656 1193 3764 1246 quae

2207 1259 2592 1313 Constructioni
2616 1260 2733 1328 ejus
2760 1262 2829 1315 sit
2852 1265 3161 1319 necessaria
3190 1276 3478 1336 praeparat,
3509 1276 3563 1322 et
3590 1269 3652 1323 ad
3677 1270 3771 1325 for-

2208 1365 2350 1404 mam
2408 1352 2675 1419 primmvae
2724 1368 2788 1409 ac
2843 1356 3156 1425 principalis
3204 1359 3621 1428 pulchritudinis
3663 1364 3770 1433 ejus

2206 1451 2424 1511 coaptat
2446 1444 2872 1511 similitudinem,
2898 1454 2954 1501 et
2976 1449 3331 1505 intentionem
3350 1492 3365 1517 ,
3391 1452 3542 1520 cujus
3570 1453 3645 1507 rei
3668 1468 3773 1522 gra-

2209 1535 2279 1588 tia
2327 1531 2437 1598 ﬁat,
2465 1534 2720 1601 insinuat,
2752 1552 3044 1606 congruam
3084 1541 3160 1594 illi
3214 1550 3460 1596 naturam
3508 1541 3774 1600 effectibus

2205 1627 2315 1680 suis
2354 1626 2655 1692 instituens,
2686 1642 2805 1697 quae
2847 1629 2914 1684 ad
2964 1632 3298 1701 propositum
3348 1633 3621 1704 aptissima
3663 1651 3774 1693 esse

2205 1718 2483 1788 probatur.

2829 1811 3057 1868 CAPUT
3094 1812 3182 1867 IV.

523 1869 648 1923 dam
678 1886 807 1926 vero
832 1872 1163 1928 dominatum
1194 1876 1561 1947 principaliter
1593 1880 1892 1945 obtineret;
1920 1892 2107 1951 quate-
2136 1888 2183 1949 Β
2211 1901 2385 1966 Quare
2420 1919 2512 1979 ρετ
2539 1904 2713 1957 omnia
2766 1905 3097 1979 imperiosam
3147 1906 3422 1979 quamdam
3482 1917 3775 1979 potestatem

524 1976 625 2031 pus
656 1976 750 2030 per
797 1978 859 2017 ea
891 1964 1085 2033 quibus
1132 1973 1373 2022 uteretur
1418 1970 1741 2041 intelligeret
1770 1972 2100 2042 largitorem,

525 2066 623 2121 per
665 2068 728 2106 ea
785 2069 916 2108 vero
976 2070 1094 2124 qua:
1150 2058 1372 2126 pulchra
1436 2068 1493 2115 et
1534 2063 1818 2130 magniﬁca
1870 2074 2107 2120 contem-

526 2143 718 2211 platur,
744 2144 1068 2205 ineffabilem
1094 2149 1173 2202 sui
1204 2148 1426 2205 factoris
1448 2163 1628 2221 posset
1656 2153 1975 2223 investigare
2003 2172 2103 2227 po-

524 2235 768 2298 tentiam.
796 2235 1087 2313 Propterea
1110 2243 1434 2298 novissimus
1462 2244 1516 2299 in
1545 2245 1686 2307 hunc
1707 2247 1962 2303 mundum
1984 2257 2105 2318 post

523 2336 824 2382 creaturam
864 2327 1202 2387 introductus
1230 2342 1314 2387 est
1357 2334 1520 2390 homo
1552 2353 1565 2389 :
1596 2351 1705 2391 non
1735 2347 1794 2391 ut
1817 2337 2104 2396 vilissimus

521 2420 574 2477 in
603 2429 843 2476 extrema
865 2432 1017 2492 parte
1040 2425 1349 2494 projectus.
1377 2428 1472 2483 sed
1513 2444 1673 2497 quem
1705 2430 1925 2486 decebat
1953 2435 2105 2501 geni—

523 2519 635 2563 tum
666 2526 790 2565 mox
816 2528 936 2567 esse
962 2524 1248 2570 rectorem.
1280 2518 1415 2573 Nam
1452 2521 1591 2577 sicut
1613 2522 1830 2590 quidam
1867 2525 2105 2594 optimus

527 2600 782 2656 invitator
810 2618 918 2656 non
941 2605 1090 2673 prius
1117 2606 1171 2661 in
1201 2606 1420 2662 domum
1450 2625 1764 2679 pransorem
1791 2627 1952 2681 quam
1974 2631 2104 2684 pm-

518 2698 673 2761 parct
700 2692 887 2760 epulas
934 2693 1251 2761 introducit,
1297 2697 1393 2752 sed
1420 2713 1634 2754 omnem
1665 2709 1979 2770 apparatum
2029 2704 2105 2758 in-

518 2790 753 2848 struens,
802 2783 1131 2854 domumque
1173 2786 1544 2855 congruenter
1577 2805 1884 2857 exornans,
1931 2793 2103 2850 discu-

527 2874 699 2929 bitum
727 2891 947 2946 quoque
976 2885 1030 2931 et
1059 2893 1301 2933 mensam
1329 2888 1385 2935 et
1418 2889 1649 2948 czetera;
1698 2891 1829 2939 tunc
1874 2884 1943 2940 ad
1973 2901 2101 2955 prae-

525 2976 741 3033 paratas
789 2965 899 3034 jam
953 2967 1174 3024 delicias
1224 2980 1577 3033 convocatum
1635 2975 1829 3029 invitat
1878 2992 1894 3029 :
1945 2976 2099 3046 juxta

517 3057 661 3123 hunc
689 3059 906 3113 modum
947 3060 1098 3116 dives
1122 3070 1175 3116 et
1201 3064 1451 3135 capiosus
1481 3076 1677 3122 nostra:
1698 3067 1950 3124 conditor
1975 3070 2102 3126 edu-

518 3156 778 3217 catorque
805 3150 1136 3217 substantiae,
1169 3153 1323 3211 bonis
1351 3157 1597 3213 omnibus
1624 3158 1837 3230 replens
1884 3159 2097 3216 habitav

517 3240 697 3296 culum
726 3242 907 3297 mundi
947 3243 1105 3313 hujus
1131 3255 1184 3300 et
1212 3262 1434 3316 magnas
1453 3251 1549 3304 has
1597 3250 1784 3320 epulas
1812 3253 2095 3323 variasque
2121 3272 2168 3334 ς

518 3333 824 3405 disponens,
851 3336 928 3392 sic
974 3338 1270 3393 introduxit
1318 3341 1612 3415 hominem,
1665 3344 1800 3400 dans
1854 3345 1906 3401 ei
1962 3362 2098 3417 opus

522 3425 777 3479 eximium
807 3427 1081 3482 custodire
1115 3429 1421 3488 mandattun
1452 3470 1466 3493 ,
1491 3446 1598 3500 quo
1622 3448 1728 3487 non
1751 3436 1992 3505 appetitu
2019 3452 2100 3491 re-

516 3531 635 3579 rum
683 3533 791 3572 non
830 3520 1186 3588 exstantium,
1233 3522 1327 3576 sed
1374 3525 1718 3591 praesentium
1760 3528 2099 3595 possessione

518 3608 795 3677 gauderet.
836 3609 1044 3666 lilcirco
1095 3613 1255 3666 etiam
1304 3614 1529 3684 duplicis
1576 3619 1990 3687 compositionis
2046 3622 2097 3676 ei

515 3716 704 3766 causas
756 3702 1005 3771 intexuit,
1041 3713 1255 3760 terreno
1283 3707 1562 3776 spirituale
1611 3712 1990 3777 commiscens,
2040 3722 2097 3769 ut

518 3806 614 3859 per
642 3792 920 3860 utriusque
949 3795 1328 3862 cognationem
1370 3806 1598 3866 utraque
1645 3801 1979 3870 proprietate
2008 3818 2099 3871 ρο-

517 3883 725 3955 tirptur,
760 3882 869 3939 Deo
893 3885 1108 3953 quidem
1130 3888 1481 3955 spiritualiter
1504 3889 1703 3957 fruens,
1730 3901 1944 3948 terrena
1968 3908 2097 3949 vero

515 3974 655 4037 bona
686 3976 954 4046 corporali
983 3994 1081 4032 usu
1106 3980 1422 4049 percipiens.

1126 4091 1353 4147 CAPUT
1390 4093 1475 4148 Ill.

519 4177 670 4243 Quod
697 4183 970 4252 pretiosior
1006 4186 1146 4258 omni
1192 4194 1430 4240 creatura
1470 4205 1585 4258 quia
1630 4188 1848 4257 videtur,
1904 4192 2097 4249 existat

1050 4255 1273 4309 humana
1312 4255 1557 4313 conditio.

584 4343 812 4413 Dignum
840 4362 968 4403 vero
1016 4357 1099 4405 est
1148 4358 1205 4404 ut
1253 4367 1355 4406 nec
1394 4354 1493 4407 ista
1541 4371 1633 4410 res
1671 4357 2093 4430 incontemplata

515 4442 820 4505 prmtereat,
850 4439 994 4506 quod
1047 4442 1181 4494 tanti
1211 4442 1367 4511 hujus
1389 4445 1536 4499 orbis
1574 4450 1869 4504 exstructio
1896 4458 1951 4505 et
1981 4466 2097 4521 par-

518 4526 646 4579 tium
676 4526 793 4595 ejus
820 4530 1015 4599 quibus
1036 4530 1087 4585 in
1116 4533 1398 4588 elementis
1427 4537 1734 4593 continetur
1753 4540 2089 4608 universitas,

2480 1975 2595 2043 ipsa
2615 1976 2926 2028 constructio
2961 1975 3187 2029 humana
3217 1975 3492 2047 signiﬁcet.

2278 2061 2427 2117 Sicut
2455 2064 2596 2117 cnim
2619 2064 2672 2117 in
2702 2064 2803 2118 hac
2823 2064 2931 2118 vita
2959 2066 3024 2118 ad
3046 2066 3313 2135 quoslibet
3343 2083 3468 2122 usus
3489 2069 3557 2123 ab
3578 2068 3778 2125 artiﬁci-

2207 2152 2308 2207 bus
2335 2153 2685 2208 instrumenta
2715 2162 3087 2224 competenter
3114 2165 3386 2226 aptantur.
3413 2159 3486 2212 ita
3508 2160 3671 2214 veluti
3695 2163 3775 2214 res

2205 2243 2448 2313 quaedam
2477 2245 2545 2299 ad
2586 2259 2722 2314 opus
2750 2246 2960 2315 imperii
2995 2260 3296 2317 congruens
3327 2250 3393 2304 ab
3420 2252 3624 2323 optimo
3650 2254 3775 2307 arti-

2208 2326 2307 2391 fice
2333 2343 2523 2389 natura
2552 2345 2736 2391 nostra
2764 2340 3112 2404 construitur,
3136 2356 3255 2408 quas
3280 2342 3392 2397 sive
3416 2344 3568 2413 juxta
3594 2347 3777 2402 anima:

2206 2428 2633 2497 pucrogativam,
2661 2443 2755 2482 seu
2797 2428 2949 2497 juxta
2980 2432 3223 2500 corporis
3252 2432 3488 2487 habitum
3525 2434 3645 2488 talis
3669 2438 3776 2490 exi-

2204 2525 2391 2581 steret,
2419 2532 2537 2585 qua:
2565 2517 2633 2571 ad
2679 2518 3049 2588 imperandum
3080 2522 3438 2589 opportunior
3464 2533 3773 2592 appareret:

2203 2604 2433 2675 denique
2454 2607 2653 2671 anima,
2693 2606 2749 2661 id
2777 2606 2920 2676 quod
2945 2608 3126 2677 regale
3163 2617 3325 2678 atque
3345 2610 3776 2667 sublimissimum

2203 2707 2304 2760 est,
2323 2711 2434 2751 sua:
2459 2697 2771 2752 substantiae
2792 2706 2849 2753 et
2870 2713 2898 2752 a
2925 2699 3131 2768 privata
3160 2701 3347 2771 procul
3375 2702 3672 2758 humilitate
3695 2720 3776 2759 se~

2196 2786 2442 2857 junctum
2491 2789 2685 2863 clarius
2711 2790 2837 2845 hinc
2864 2790 3187 2854 declaratur,
3220 2793 3363 2861 quod
3396 2794 3592 2849 nullius
3618 2796 3777 2864 subji-

2200 2880 2374 2935 ciatur
2400 2881 2644 2951 imperio,
2673 2882 2877 2936 habens
2903 2883 3108 2937 arbitrii
3135 2883 3458 2951 libertatem,
3488 2900 3693 2955 suoque
3719 2902 3778 2942 se

2199 2980 2333 3025 nutu
2361 2978 2522 3039 atque
2549 2972 2917 3027 moderatione
2962 2972 3294 3042 dispensans,
3327 2973 3479 3042 cujus
3504 2977 3647 3031 enim
3675 2977 3779 3032 hoc

2199 3061 2302 3115 nisi
2346 3061 2657 3131 imperantis
2683 3071 2767 3117 est
2793 3064 3112 3133 proprium?
3140 3062 3314 3134 Super
3361 3064 3478 3119 haec
3502 3066 3661 3120 etiam
3692 3075 3777 3121 to-

2199 3151 2304 3208 tius
2324 3161 2586 3209 creatura:
2609 3154 2863 3215 Dominus
2884 3156 2952 3209 ad
2979 3157 3262 3224 imaginem
3292 3157 3375 3212 sui
3401 3156 3671 3213 Creatoris
3697 3160 3778 3213 ef-

2200 3242 2389 3310 fectus,
2412 3246 2543 3300 nihil
2567 3248 2709 3302 aliud
2737 3248 2953 3312 iudicat,
2982 3250 3083 3303 nisi
3110 3250 3255 3317 quod
3293 3266 3420 3305 mox
3443 3252 3496 3305 in
3540 3267 3607 3308 eo
3634 3254 3779 3322 regis

2200 3348 2391 3393 natura
2421 3339 2647 3395 formata
2691 3341 2779 3405 sit.
2805 3342 2953 3395 Sicut
2981 3342 3121 3407 enim
3147 3343 3297 3411 juxta
3336 3344 3623 3399 humanam
3650 3361 3784 3399 con-

2198 3428 2557 3495 suetudinem,
2589 3430 2678 3497 qui
2735 3429 3035 3499 principum
3084 3429 3367 3499 imaginem
3415 3430 3639 3501 lingunt,
3674 3447 3783 3489 non

2198 3519 2374 3575 solum
2428 3520 2829 3590 impressionem
2874 3520 3059 3575 forma:
3104 3520 3220 3590 ejus
3253 3522 3544 3592 imitantur,
3594 3539 3785 3579 verum

2203 3612 2366 3666 etiam
2397 3613 2596 3668 amictu
2613 3628 2886 3682 purpureo
2899 3613 3211 3669 describunt
3230 3615 3429 3685 regiam
3445 3616 3783 3684 dignitatem,

2199 3709 2252 3755 et
2277 3702 2453 3771 imago
2482 3702 2593 3772 ipsa
2619 3702 2729 3770 jam
2758 3719 2856 3772 pro
2884 3704 3273 3760 consuetudine
3326 3706 3519 3760 dicitur
3550 3708 3790 3776 impera-

2199 3800 2312 3858 tor;
2353 3794 2431 3848 sic
2482 3802 2537 3848 et
2580 3794 2809 3848 humana
2832 3795 3145 3849 substantia.
3177 3797 3427 3865 quoniam
3457 3797 3525 3851 ad
3555 3797 3788 3851 aliorum

2197 3884 2435 3952 regimen
2459 3884 2788 3943 condebatur
2818 3894 3038 3956 propter
3084 3887 3482 3945 similitudinem
3510 3890 3655 3957 regis
3679 3890 3794 3943 uni-

2200 3978 2661 4044 versorum,velut
2681 3978 2924 4046 quaedam
2953 3979 3129 4047 imago
3159 3980 3389 4034 animata
3412 3981 3793 4052 componitur,

2196 4068 2383 4138 primm
2409 4083 2537 4123 vero
2577 4068 2760 4124 forma:
2788 4076 2844 4125 et
2864 4070 3081 4125 nomine
3113 4079 3168 4125 et
3195 4071 3403 4125 honore
3429 4071 3792 4141 participans,

2197 4172 2303 4213 non
2335 4156 2568 4225 tegmine
2595 4158 3000 4213 circumamicto
3031 4174 3285 4230 purpura,
3311 4175 3412 4214 nec
3434 4170 3657 4230 sceptro
3704 4163 3799 4217 vel

2197 4242 2500 4300 diademate
2521 4244 2743 4313 gloriam
2769 4262 2878 4300 sua:
2898 4247 3168 4317 dignitatis
3186 4248 3459 4303 insinuans
3476 4266 3497 4302 εν
3513 4265 3622 4303 nec
3640 4251 3799 4304 enim

2196 4337 2505 4411 principalis
2560 4337 2730 4395 forma
2757 4337 2809 4392 in
2862 4337 2944 4395 his
2987 4352 3107 4393 esse
3135 4339 3507 4409 conspicitur:
3557 4340 3663 4394 sed
3695 4357 3801 4409 pro

2194 4444 2464 4499 purpureo
2487 4429 2777 4491 velamine,
2803 4414 2997 4485 vestita'
3024 4431 3221 4485 virtute
3248 4441 3350 4496 est,
3389 4448 3509 4502 qua:
3539 4435 3802 4488 omnium

2196 4529 2634 4577 ornamentorum
2664 4523 2922 4590 regalium
2958 4524 3244 4592 pretiosior
3264 4527 3642 4595 approbatur;
3696 4544 3804 4597 pro

515 4632 544 4669 ε,
575 4616 752 4673 divina
792 4622 1034 4689 ροιεηιία
1065 4622 1370 4693 perﬁciam.
1409 4629 1681 4697 extemplo
1729 4631 1931 4699 parile,
1968 4648 2090 4687 cum
2124 4636 2167 4692 ο
2194 4620 2410 4681 sceptro
2442 4627 2570 4667 vero
2599 4613 2928 4668 beatitudine
2950 4623 3003 4668 et
3033 4615 3437 4672 immortalitate
3460 4619 3805 4686 sustollitur,

508 4710 754 4782 jussione
810 4715 1137 4780 subsistens,
1196 4718 1431 4774 hominis
1479 4728 1657 4775 autem
1700 4721 2093 4781 formationem

512 4803 737 4884 artiﬁcis
763 4808 1103 4873 praecedebat
1142 4811 1273 4865 tanti
1304 4811 1607 4877 consilium,
1637 4822 1693 4867 et
1729 4813 2094 4884 descriptione

512 4876 663 4952 uerbi
691 4896 835 4964 quod
880 4897 1117 4951 futurum
1168 4908 1252 4953 est
1302 4908 1427 4955 ante
1479 4876 1743 4969 signatur,
1774 4876 2095 4972 qualemque

512 5000 633 5068 psse
678 4996 952 5055 oporteat,
981 4996 1036 5043 et
1062 4989 1215 5057 cujus
1243 4992 1427 5060 primae
1454 4992 1638 5049 forma:
1681 4994 2091 5051 similitudinem

513 5078 732 5155 referat,
756 5079 826 5133 ob
849 5095 1010 5149 quam
1033 5096 1250 5136 causam
1283 5082 1403 5152 fiat,
1431 5085 1627 5155 quidve
1655 5085 1834 5141 finitus
1868 5087 2087 5155 efticiat,

512 5160 570 5254 et
597 5187 823 5242 quorum
876 5172 1207 5251 dominatum
1258 5186 1441 5247 gerat,
1473 5179 1651 5233 omnia
1691 5180 1838 5249 prius
1872 5182 2091 5236 actione

514 5273 795 5335 perspecta
824 5275 965 5328 sunt,
1020 5275 1078 5320 ut
1105 5276 1234 5323 ante
1272 5271 1677 5337 generationem
1731 5286 1885 5327 suam
1928 5274 2092 5328 homo

514 5340 869 5425 antiquiorem
919 5357 1321 5426 quodammodo
1369 5364 1594 5419 sortitus
1640 5363 1710 5416 sit
1749 5364 2087 5432 dignitatem,

513 5447 820 5517 priusquam
849 5449 1166 5505 subsisteret
1194 5453 1563 5507 universorum
1589 5454 1865 5523 possidens
1895 5456 2092 5525 princi-

511 5540 715 5608 patum.
749 5539 893 5595 Dixit
913 5541 1053 5594 enim
1088 5541 1227 5596 Deus
1253 5561 1265 5595 :
1301 5541 1577 5595 Faciamus
1598 5542 1852 5597 hominem
1881 5543 1951 5596 ad
1970 5545 2099 5597 ima-

512 5630 681 5705 ginem
708 5639 757 5681 et
785 5630 1169 5684 similitudinem
1202 5641 1451 5695 nostram,
1478 5640 1527 5684 et
1556 5632 1845 5687 dominetur
1871 5633 2093 5704 piscibus

513 5719 695 5782 moris,
724 5728 773 5771 et
802 5718 974 5773 bestiis
1019 5730 1170 5775 terra:
1200 5731 1249 5775 ct
1275 5722 1565 5777 volatilibus
1594 5724 1729 5792 caeli,
1758 5735 1807 5778 et
1828 5727 2094 5795 pecoribus

515 5810 765 5863 universa:
815 5821 984 5865 terrm.
1031 5810 1075 5865 Ο
1111 5813 1269 5881 quale
1306 5813 1648 5868 miraculum!
1688 5816 1768 5870 sol
1800 5816 1875 5882 fit,
1906 5826 1960 5871 et
1985 5816 2100 5870 uola

517 5881 626 5973 ium
658 5900 914 5983 praecedit
954 5903 1272 5971 consilium;
1307 5904 1503 5960 coelum
1548 5921 1782 5979 quoque,
1835 5908 1920 5963 cui
1964 5908 2095 5964 nihil

2196 4710 2252 4757 et
2290 4704 2455 4771 regali
2484 4712 2628 4761 serto
2663 4703 2885 4773 justitiae
2912 4721 3111 4760 corona
3139 4708 3461 4762 decoratur:
3494 4710 3570 4763 ita
3602 4720 3671 4765 ut
3702 4727 3810 4781 per

2197 4797 2311 4851 haec
2333 4797 2510 4851 omnia
2540 4807 2865 4852 monstretur
2883 4799 2948 4852 ad
2978 4798 3292 4867 dignitatem
3315 4802 3514 4869 regiam
3545 4806 3808 4871 genitam

2199 4885 2645 4956 pulchritudinem
2676 4884 2729 4940 in
2760 4902 2819 4942 se
2866 4888 3131 4957 pritnaavaz
3160 4888 3347 4951 forma:
3374 4891 3673 4960 diligenter
3704 4908 3812 4957 ex-

2196 4990 2450 5046 primere.

2841 5088 3069 5145 CAPUT
3102 5090 3162 5144 V.

2422 5175 2573 5242 Quod
2598 5179 2749 5234 homo
2772 5180 3054 5236 similitudo
3085 5182 3325 5252 probetur
3362 5185 3590 5252 imperii.

2271 5270 2512 5325 Divinam
2541 5287 2670 5327 vero
2707 5272 3156 5342 pulchritudinem
3186 5290 3291 5328 non
3334 5276 3516 5330 habitu
3548 5277 3819 5345 quodam

2199 5377 2261 5416 ac
2290 5362 2489 5430 specie,
2518 5362 2603 5425 vel
2632 5361 2855 5431 alicujus
2883 5364 3129 5418 claritate
3161 5364 3357 5419 coloris
3385 5375 3672 5432 ornatam,
3711 5370 3815 5422 sed

2200 5452 2449 5507 ineﬁabili
2468 5452 2734 5509 felicitatis
2750 5456 2953 5509 honore
2979 5456 3195 5525 provehi
3218 5464 3447 5511 constat.
3467 5456 3629 5513 Sicut
3653 5458 3818 5512 enim

2195 5542 2396 5598 formas
2412 5544 2686 5598 hominum
2718 5559 2811 5613 per
2836 5546 3046 5599 colores
3075 5547 3330 5616 quosdam
3361 5548 3606 5616 pictores
3636 5549 3698 5601 in
3728 5556 3819 5601 ta-

2196 5633 2333 5688 bulis
2388 5633 2750 5700 trausfcrunt,
2802 5637 3063 5691 tincturas
3112 5639 3357 5707 proprias
3408 5654 3821 5710 congruasque

2198 5726 2499 5789 miscentes,
2533 5727 2604 5780 ita
2632 5728 2970 5797 utprimmvae
2992 5727 3172 5784 forma:
3202 5730 3363 5785 decor
3388 5731 3438 5784 in
3470 5732 3821 5785 similitudi-

2198 5832 2317 5871 nem
2341 5816 2739 5886 diligentissima
2771 5821 3065 5876 mutatione
3098 5822 3473 5891 transmigrct:
3520 5826 3603 5880 sic
3640 5827 3827 5879 intel-

2197 5907 2302 5978 ligo
2333 5916 2530 5964 nostmc
2551 5910 2859 5967 substantia:
2889 5912 3255 5977 formatorem,
3286 5913 3431 5970 velut
3460 5916 3829 5985 quibusdam
