4000 6344
192 262 295 321 3ἒ23

982 263 1156 321 LIBRI
1196 262 1279 320 DE
1316 258 1703 320 CREATIONE
1732 256 2008 323 H05“le
2045 256 2610 327 INTERI‘RETATIO.

3349 258 3456 327 531

190 384 445 438 virtutum
479 380 774 443 coloribus,
802 380 991 433 miram
1027 378 1478 449 pulchritudinem
1506 392 1618 433 sua:
1643 378 1774 432 ima-
1802 381 1850 439 Α
1878 379 1960 433 lus
1996 380 2157 435 debet
2185 381 2534 451 multiplicem
2562 382 2679 452 ejus
2704 384 2989 438 essentiam
3032 384 3332 453 suspicari?
3354 383 3458 449 Qui

186 473 297 543 gini
312 472 622 535 contulisse,
648 470 700 525 iu
730 471 884 525 nobis
904 471 1293 541 exprimentem
1321 470 1596 540 proprium
1626 468 1775 539 prin-

188 567 445 634 cipatum.
477 562 615 617 Sunt
660 570 839 615 autem
871 561 1190 631 multiplices
1216 568 1273 615 et
1302 558 1655 614 multiformes
1683 574 1770 613 co-

193 656 335 709 lores
351 654 507 722 hujus
534 652 798 721 imaginis,
818 652 1011 720 quibus
1024 665 1163 705 vera:
1185 651 1369 705 formae
1385 650 1673 705 similitudo
1690 650 1778 705 de-

189 746 445 817 pingitur,
469 759 577 799 non
600 757 821 798 cerussa
846 750 902 797 et
918 743 1253 811 purpurisso,
1276 756 1377 795 nec
1397 741 1585 795 horum
1609 741 1774 795 mixta

189 853 313 892 cum
342 837 515 890 altero
539 836 789 904 qualitas,
816 849 916 888 nec
942 832 1168 903 alicujus
1193 832 1484 902 uigrediuis
1511 832 1773 902 superdu-

189 927 300 982 ctio
330 928 453 982 cilia
480 926 775 995 oculosque
796 925 1037 986 sublinit,
1070 933 1124 979 et
1144 939 1240 993 per
1268 924 1480 992 aliquod
1509 934 1776 993 tempera-

191 1028 435 1103 mgntum
447 1017 699 1087 depressa
721 1027 776 1072 et
798 1031 1031 1071 concava
1054 1016 1381 1071 assimilatur
1403 1016 1681 1069 character
1694 1015 1775 1069 vel

190 1124 525 1179 quaecunque
554 1108 748 1163 similia
779 1107 1046 1176 pictorum
1082 1120 1269 1159 manus
1307 1104 1524 1161 artificis
1553 1120 1775 1173 compo-

190 1217 351 1258 suere
377 1202 630 1264 solertia;
658 1200 752 1254 sed
784 1216 882 1269 pro
908 1200 1024 1255 istis
1052 1200 1203 1254 adest
1231 1199 1456 1269 puritas,
1480 1200 1779 1269 impassibi-

188 1295 337 1362 Stas,
351 1293 645 1355 beatitudo,
672 1292 905 1360 malique
924 1290 1089 1345 totius
1109 1290 1340 1355 aversio,
1375 1298 1429 1344 et
1449 1305 1777 1358 quaecunque

187 1390 405 1457 generis
424 1387 575 1441 istius
606 1386 857 1448 existunt,
888 1400 985 1454 per
1022 1399 1143 1453 qum
1176 1384 1227 1437 in
1264 1384 1568 1438 hominibus
1597 1383 1779 1453 impri-

190 1480 358 1531 mitur
404 1476 699 1530 similitudo
746 1474 947 1528 divina.
998 1472 1214 1527 Talibus
1260 1471 1479 1527 floribus
1524 1472 1779 1526 mirabilis

186 1570 453 1625 Conditor
480 1568 765 1637 imaginem
797 1566 1089 1635 propriam,
1119 1565 1170 1618 id
1194 1573 1277 1619 cst
1310 1572 1551 1618 naturam
1583 1574 1779 1619 nostrae

185 1659 513 1715 conditionis
542 1658 774 1711 ornavit.
806 1656 861 1710 Si
892 1672 1023 1711 vero
1052 1656 1307 1709 discutias
1333 1665 1387 1709 et
1415 1655 1516 1708 alia
1544 1670 1641 1724 per
1659 1670 1778 1723 qua:

1876 472 2018 525 enim
2048 472 2308 541 plantavit
2335 489 2537 537 aurem,
2569 490 2673 527 non
2700 474 2892 528 audit?
2919 481 3012 529 aut
3031 476 3122 543 qui
3148 472 3299 527 tinxit
3324 487 3456 527 ocu-

1875 560 2006 624 lum,
2056 577 2160 615 non
2195 563 2544 617 considerat?
2572 562 2721 618 Sicut
2759 565 3023 633 propheta
3065 573 3310 629 testatur,
3361 569 3459 632 per

1876 653 1994 708 btec
2013 640 2258 722 exempla
2286 655 2629 723 operationes
2670 654 2973 724 hujusmodi
3006 657 3167 710 veluti
3198 656 3460 725 quasdam

1877 746 2120 799 humana:
2147 753 2351 798 natura:
2398 745 2706 799 notissimas
2730 746 3105 814 impressiones
3134 747 3410 800 insinuans
3441 761 3454 797 :

1875 835 2160 891 Faciamus
2182 840 2347 900 enim,
2379 838 2454 891 ait
2482 837 2642 900 Deus,
2692 838 2951 891 hominem
2994 838 3065 889 ad
3088 838 3367 908 imaginem
3400 844 3453 888 et

1878 929 2265 982 similitudinem
2293 939 2540 983 nostram.
2575 928 2680 983 Sed
2725 928 2811 981 ubi
2862 928 2993 981 mihi
3041 942 3184 981 nunc
3239 925 3459 981 hieresis

1880 1017 2339 1073 Eunomianorum
2413 1019 2640 1073 nefanda
2694 1019 2968 1080 subsistet,
3026 1016 3153 1087 quid
3205 1015 3461 1070 adversus

1878 1110 2017 1163 hanc
2045 1109 2236 1163 dicturi
2264 1119 2390 1163 sunt
2436 1111 2659 1165 vocem?
2701 1108 2985 1175 Quomodo
3029 1123 3127 1177 per
3156 1108 3269 1161 hmo
3296 1108 3461 1161 Verba

1880 1202 2172 1255 novitatem
2193 1201 2272 1254 sui
2301 1200 2575 1255 defensuri
2602 1206 2723 1255 sunt
2752 1199 3054 1268 dogmatis?
3079 1198 3313 1252 Putasne
3341 1206 3466 1265 pos;

1878 1292 2032 1347 sibile
2055 1307 2192 1356 esse,
2224 1292 2423 1357 dicent,
2458 1301 2515 1346 ut
2543 1293 2718 1359 imago
2749 1307 2852 1345 una
2882 1291 3214 1345 dissimilium
3262 1288 3461 1342 formaa

1879 1400 1996 1438 rum
2045 1385 2448 1439 similitudinem
2496 1384 2728 1438 referat?
2757 1384 2814 1438 Si
2855 1384 2996 1437 enim
3033 1382 3187 1452 jUxta
3243 1381 3460 1435 illorum

1877 1476 2198 1529 sententiam
2223 1484 2425 1527 natura:
2449 1472 2621 1527 Patris
2652 1474 2824 1544 impar
2858 1482 2938 1527 est
2968 1472 3152 1532 Filius,
3180 1470 3458 1539 quomodo

1878 1568 2209 1622 diversarum
2263 1574 2573 1619 naturarum
2604 1580 2763 1617 uuam
2814 1564 2955 1618 Deus
2990 1561 3237 1617 condidit
3272 1560 3458 1628 imagi-

1881 1658 2038 1711 nem?
2067 1656 2166 1721 Qui
2193 1655 2333 1710 enim
2374 1655 2507 1709 dixit
2536 1672 2549 1707 :
2584 1654 2862 1707 Faciamus
2890 1654 3149 1706 hominem
3177 1652 3245 1704 ad
3273 1652 3459 1720 imagio‘

184 1752 427 1806 divinum
449 1750 613 1805 decus
635 1750 831 1813 elucet,
862 1748 977 1803 hzec
1004 1748 1164 1802 etiam
1192 1747 1243 1800 in
1270 1746 1500 1815 imagine
1539 1747 1605 1800 ad
1628 1747 1768 1801 illius
1800 1752 1847 1810 Β
1872 1762 1987 1799 nem
2029 1754 2281 1807 nostram,
2327 1759 2424 1811 per
2451 1744 2715 1812 pluralem
2748 1742 3166 1812 significantiam
3213 1748 3457 1796 sanctam

184 1842 593 1897 similitudinem
623 1839 771 1893 salva
817 1838 1063 1907 profecto
1093 1838 1351 1906 reperies,
1398 1851 1549 1889 mcns
1577 1836 1775 1890 etenim

184 1942 243 1989 et
270 1933 498 1986 verbum
529 1940 612 1985 est
634 1944 840 1984 summa
870 1928 1150 1982 Divinitas.
1180 1926 1235 1980 lu
1266 1926 1527 1995 principio
1550 1940 1778 1993 namque

182 2028 304 2078 erat
331 2021 591 2083 Verbum,
619 2028 674 2073 et
699 2018 812 2087 qui,
847 2016 1143 2073 secundum
1190 2015 1434 2078 Paulum,
1466 2015 1773 2084 proficiunt,

182 2122 426 2167 mentem
456 2110 688 2172 Christi,
711 2110 802 2177 qui
834 2109 887 2162 in
917 2109 997 2161 eis
1023 2107 1276 2174 loquitur,
1302 2120 1361 2159 se
1387 2105 1587 2159 habere
1616 2106 1778 2174 proﬁ-

186 2212 394 2257 tentur.
427 2202 543 2256 Nou
571 2214 699 2268 ergo
729 2198 913 2269 procul
945 2198 1059 2251 hcce
1098 2212 1131 2250 a
1176 2204 1362 2249 natura
1391 2194 1620 2248 humana
1644 2210 1776 2250 con-

182 2297 419 2367 spicias:
446 2296 498 2350 in
529 2307 583 2350 te
611 2309 841 2364 namque
862 2306 918 2348 et
945 2294 1166 2347 verbum
1196 2300 1252 2346 et
1282 2292 1631 2361 intelligentia
1672 2300 1774 2356 est,

186 2404 311 2457 quae
368 2388 646 2442 imitantur
698 2386 917 2440 verbum
964 2392 1309 2451 mentemque
1362 2383 1616 2438 divinam.
1646 2382 1777 2437 Item

183 2477 443 2541 cbaritas,
470 2476 694 2543 fonsque
708 2475 1134 2539 charitats;hoc
1162 2473 1326 2534 enim,
1346 2474 1419 2526 ait
1438 2486 1662 2541 magnus
1692 2472 1779 2527 ille

182 2566 445 2629 Joannes,
467 2568 722 2635 quoniam
752 2565 989 2621 eharitas
1030 2579 1097 2618 ex
1140 2562 1252 2618 Deo
1280 2572 1382 2617 est.
1414 2562 1566 2619 Hanc
1593 2571 1777 2618 autem

185 2659 347 2713 nobis
368 2657 536 2711 veluti
558 2671 844 2725 personam
866 2653 1109 2708 Christus
1129 2653 1389 2708 formator
1433 2664 1629 2708 nostra:
1651 2653 1779 2707 sub-

186 2750 402 2803 stantiae
428 2745 727 2809 conferens,
755 2746 830 2799 ait
859 2762 871 2797 :
902 2743 968 2797 In
995 2744 1091 2797 hoc
1116 2752 1424 2813 cognoscent
1452 2758 1624 2796 omnes
1645 2758 1776 2813 quo-

189 2840 335 2893 nium
371 2839 471 2891 mei
508 2837 631 2891 estis
657 2836 919 2904 discipuli,
959 2836 1006 2889 si
1042 2833 1368 2887 dilectionem
1398 2832 1681 2887 habueritis
1708 2833 1779 2886 ad

183 2931 426 2985 invicem.
453 2926 608 2995 Quod
641 2926 687 2981 si
734 2925 953 2980 dilectio
978 2924 1134 2979 nobis
1180 2923 1283 2978 ista
1324 2920 1574 2989 defuerit,
1616 2921 1778 2978 totius

187 3021 439 3091 imaginis
483 3020 693 3090 species
738 3017 1011 3086 figuraque
1054 3016 1314 3071 solvetur.
1369 3013 1572 3070 Cuncta
1610 3014 1773 3069 etiam

1877 1835 2032 1889 nobis
2060 1835 2335 1889 insinuans
2363 1833 2699 1899 Trinitatem,
2751 1848 3091 1901 nequaquam
3117 1832 3460 1901 singulariter

1877 1942 2028 1982 suam
2059 1934 2349 1981 testaretur
2388 1925 2701 1992 imaginem,
2733 1924 2776 1979 si
2822 1925 3086 1993 primaeva:
3123 1922 3307 1978 forma:
3354 1922 3461 1977 sibi

1876 2017 2160 2072 dissimiles
2185 2016 2532 2071 exstitissent.
2567 2014 2678 2069 Nec
2704 2015 2846 2069 enim
2874 2015 3125 2083 possibile
3153 2024 3235 2069 est
3278 2020 3337 2066 ut
3364 2026 3456 2067 eo-

1876 2125 1997 2163 rum
2018 2109 2109 2176 qui
2129 2108 2228 2161 sibi
2250 2108 2477 2161 invicem
2522 2114 2826 2173 congruunt
2847 2105 3067 2159 minime
3088 2143 3104 2169 ,
3134 2120 3238 2158 una
3266 2104 3456 2158 simili-

1876 2201 2008 2255 tudo
2031 2205 2384 2260 monstretur;
2414 2196 2508 2252 sed
2539 2198 2585 2252 si
2624 2198 2852 2252 diversae
2899 2206 3055 2251 erant
3078 2205 3299 2263 natur-.12,
3331 2212 3457 2265 pro-

1877 2292 2021 2346 fecto
2049 2290 2286 2345 diversas
2315 2303 2502 2343 eorum
2548 2296 2602 2341 et
2629 2288 2850 2355 singulis
2880 2296 3236 2354 congruentes
3265 2287 3455 2354 imagi-

1879 2394 1974 2433 nes
1995 2378 2335 2434 condidisset.
2363 2375 2551 2431 Utrum
2590 2376 2715 2444 quia
2743 2392 2850 2430 una
2893 2376 3107 2445 quidem
3138 2376 3334 2444 imago,
3362 2376 3456 2429 sed

1876 2486 1986 2526 non
2016 2484 2120 2525 una
2144 2469 2387 2536 imaginis
2409 2468 2579 2522 forma
2615 2476 2716 2528 est,
2746 2468 2867 2537 quis
2899 2468 2969 2521 ita
2996 2467 3236 2536 privatur
3262 2467 3462 2521 intelli~

1877 2561 2054 2630 gentia
2084 2568 2143 2613 ut
2170 2559 2625 2627 ignorarequeat,
2649 2557 2794 2627 quod
2820 2573 2883 2611 ea
2906 2572 3024 2626 qua:
3046 2558 3135 2611 uni
3163 2558 3461 2626 probantur

1877 2668 1997 2707 esse
2016 2651 2229 2711 similia.
2253 2660 2307 2706 et
2327 2651 2393 2706 ad
2415 2666 2474 2705 se
2504 2650 2731 2705 invicem
2754 2650 3155 2704 similitudinem
3182 2650 3459 2720 propriam

1876 2741 1993 2796 sine
2031 2739 2364 2795 dubitatione
2405 2741 2770 2795 conservent?
2808 2739 2876 2793 Et
2907 2739 3127 2793 forsitan
3171 2748 3461 2809 propterea

1876 2846 2057 2886 sermo
2084 2830 2297 2885 divinus
2323 2830 2461 2885 hanc
2497 2829 2754 2883 malitiam
2800 2829 2852 2882 in
2877 2829 3186 2884 conditione
3214 2830 3463 2883 humana!

1876 2920 2001 2974 vitae
2048 2919 2397 2989 proSpicicn:,
2442 2916 3004 2986 Eunomianorumque
3053 2919 3468 2987 perversitatem

1877 3024 2145 3072 resccans,
2178 3009 2253 3062 ait
2288 3028 2301 3061 :
2359 3007 2639 3062 Faciamus
2684 3007 2944 3061 hominem
2983 3006 3052 3060 ad
3097 3009 3375 3080 imaginem
3410 3019 3465 3062 es

185 3113 459 3183 conspicit
496 3110 821 3181 enuditque
855 3108 1113 3163 Divinitas
1142 3114 1198 3162 et
1242 3105 1424 3161 omnia
1469 3114 1775 3176 perscruta-
1799 3109 1844 3169 α
1876 3100 2267 3155 similitudinem
2296 3110 2549 3155 nostram.

188 3217 301 3260 tur.
333 3203 511 3259 Habes
538 3211 593 3257 et
629 3209 685 3257 tu
714 3216 811 3271 per
838 3200 1025 3275 oculos
1047 3206 1104 3254 et
1128 3210 1284 3253 aures
1305 3196 1463 3266 hujus
1488 3195 1567 3252 rei
1595 3195 1774 3250 ellica-

185 3292 333 3348 ciam
357 3290 569 3346 vitalem
596 3296 653 3345 et
679 3288 1050 3343 scrutatricem
1072 3300 1397 3356 eorumque
1424 3292 1552 3341 sunt
1577 3282 1778 3340 intelli-

184 3383 428 3455 gentiam
458 3391 515 3439 to
539 3380 814 3452 possidere
840 3378 1143 3448 cognoscis.

808 3510 1035 3568 CAPUT
1072 3511 1159 3567 Vl.

189 3605 488 3681 Inquisizio,
522 3622 673 3679 quam
699 3604 1140 3727 consignationem
1162 3616 1309 3654 mens
1330 3598 1514 3653 habent
1533 3598 1604 3651 ad
1626 3606 1779 3651 natu-

258 3697 400 3727 mm-
429 3681 484 3727 in
503 3693 601 3727 ano
629 3679 783 3727 etiam
811 3692 841 3727 o
882 3676 976 3727 ἐει-
1000 3672 1446 3726 Eunomiunorum
1474 3669 1661 3727 dogma
1688 3685 1775 3723 rs-

258 3669 402 3745 ἔστη,
429 3669 486 3731 in
629 3679 783 3731 etiam
811 3669 976 3729 obiter
1000 3672 1446 3726 Eunomiunorum
1474 3669 1661 3739 dogma
1688 3685 1775 3723 rs-

264 3752 481 3821 βιαίαν.

262 3839 380 3895 Nec
427 3852 515 3893 me
560 3838 841 3906 quisquam
894 3833 1203 3904 suspicetur
1254 3832 1324 3885 ad
1377 3829 1780 3887 similitudinem

190 3929 528 4002 operationis
574 3930 820 3984 humana:
867 3924 1092 3981 diversis
1120 3922 1400 3980 eﬂ'ectibus
1438 3922 1672 3977 divinam
1702 3921 1782 3976 di-

189 4038 325 4078 cere
373 4020 681 4092 potentiam
698 4026 892 4073 cuneta
932 4014 1239 4086 complecti.
1267 4013 1379 4069 Nec
1423 4013 1565 4067 enim
1595 4011 1675 4067 fas
1701 4018 1785 4067 est

194 4114 251 4167 in
304 4112 394 4165 illa
438 4109 619 4164 divina
663 4107 1007 4176 simplicitate
1056 4105 1266 4160 variam
1328 4103 1786 4172 multiplicemque

192 4204 456 4258 virtutem
510 4200 841 4270 operationis
877 4195 1177 4257 advertere,
1210 4208 1314 4249 nec
1354 4193 1409 4248 in
1450 4193 1605 4247 nobis
1640 4192 1782 4245 enim

194 4293 380 4348 multa:
409 4289 658 4361 quaedam
712 4297 838 4344 sunt
884 4286 1128 4343 enicaces
1166 4301 1346 4341 rerum
1395 4298 1785 4353 causarumque

192 4386 480 4457 potentis,
500 4384 627 4439 licet
650 4393 714 4438 ea
740 4396 861 4451 qua:
889 4381 954 4435 ad
981 4380 1145 4434 vitam
1175 4378 1480 4449 pertineant
1506 4375 1784 4445 multiplici

2474 3206 2704 3265 CAPUT
2739 3208 2849 3264 VII.

1876 3302 1981 3358 Cur
2009 3302 2176 3355 nudus
2217 3301 2365 3355 homo
2393 3300 2715 3423 natur-eligat
2733 3301 2894 3355 armis
2913 3309 2963 3355 et
2986 3301 3325 3357 selaminibus
3352 3319 3453 3374 ap-

2538 3390 2630 3423 DfO
2666 3388 2695 3423 e
2715 3388 2795 3423 ur.

2537 3388 2795 3441 pronemr.

1949 3461 2057 3519 Sed
2107 3461 2235 3533 quid
2262 3462 2360 3516 sibi
2385 3461 2495 3515 vult
2524 3469 2580 3515 et
2609 3461 2772 3531 ipsius
2813 3460 3137 3515 habitudinis
3165 3460 3457 3525 rectitudo,

1880 3553 2005 3623 quid
2022 3561 2200 3607 autem
2229 3567 2335 3607 non
2360 3552 2427 3605 ad
2456 3552 2618 3604 vitam
2653 3558 3081 3618 congenerautur
3107 3552 3321 3621 corpori
3352 3552 3465 3606 vir-

1883 3644 2011 3699 tutis
2038 3642 2284 3708 eﬂ'ectus,
2331 3657 2517 3697 verum
2566 3640 2738 3695 nudus
2764 3640 2979 3709 quidem
3023 3638 3351 3698 naturalibus
3381 3652 3461 3699 te-

1881 3734 2150 3803 gumentis
2178 3734 2396 3789 inermis
2422 3732 2583 3786 etiam
2624 3740 2680 3785 et
2722 3732 2876 3800 inops
2905 3734 3251 3803 omniumque
3275 3749 3463 3789 neces-

1882 3830 2145 3885 sariarum
2172 3840 2351 3881 rerum
2384 3824 2759 3895 egentissimus
2781 3825 2943 3878 homo
2972 3826 3025 3878 in
3056 3825 3192 3879 hanc
3214 3826 3466 3894 produci-

1884 3926 1972 3972 tur
2001 3917 2186 3982 vitam,
2226 3914 2318 3985 qui
2364 3914 2516 3983 juxta
2566 3913 2617 3968 id
2647 3912 2794 3983 quod
2837 3913 3074 3967 cernitur
3120 3914 3469 3969 miseratione

1885 4008 2063 4079 potius
2112 4021 2274 4076 quam
2330 4004 2588 4059 felicitate
2632 4004 2822 4073 dignus
2868 4018 2986 4058 esse
3039 4001 3302 4058 videatur.
3346 4003 3469 4058 Non

1886 4100 2029 4155 enim
2076 4105 2318 4152 armatur
2365 4095 2721 4167 productione
2750 4109 3031 4160 cornuum,
3066 4110 3172 4150 non
3212 4096 3472 4163 unguium

1886 4188 1971 4242 vel
1995 4187 2232 4243 dentium
2265 4185 2491 4239 tuitionc
2530 4182 2787 4247 munitur,
2816 4198 2917 4238 nec
2948 4184 3130 4252 aliquo
3169 4185 3359 4239 aculeo
3386 4185 3469 4240 le~

1889 4278 2138 4332 thiferum
2169 4278 2314 4330 virus
2344 4274 2667 4337 infunditur;
2699 4275 2892 4342 quibus
2921 4274 3080 4328 rebus
3109 4274 3365 4342 pleraque
3393 4273 3475 4329 fe-

1889 4384 2067 4423 rarum
2116 4376 2277 4435 atque
2306 4366 2636 4435 serpentium
2675 4365 2727 4417 in
2754 4364 3011 4418 ultionem
3048 4364 3127 4417 sui
3158 4364 3480 4417 naturaliter

195 4454 487 4532 videantur
538 4474 855 4545 operatione
896 4472 1229 4540 contingere.
1282 4466 1396 4522 Una
1436 4482 1679 4535 namque
1708 4466 1789 4521 vis
1822 4475 1868 4534 ο
1894 4460 2255 4521 instruuntur;
2286 4471 2388 4510 nec
2417 4455 2535 4524 pilis
2563 4470 2760 4523 corpus
2788 4454 3073 4520 obtegitur,
3106 4468 3225 4507 cum
3255 4463 3475 4521 oporte-

190 4568 445 4639 qudam
473 4565 629 4620 nobis
657 4564 854 4619 mentis
884 4563 1082 4618 inserta
1111 4568 1215 4627 est,
1258 4573 1379 4627 quae
1416 4573 1512 4627 per
1551 4558 1790 4623 singulos

192 4674 395 4715 sensus
412 4672 728 4721 excurrens,
748 4671 813 4710 ea
837 4669 955 4723 qua:
974 4654 1073 4709 sibi
1101 4652 1398 4708 oderuntur
1426 4649 1785 4718 amplectitur.

195 4752 329 4807 ιιωε
355 4766 453 4820 per
478 4750 664 4804 oculos
686 4763 805 4817 quae
824 4745 1054 4801 videnda
1072 4754 1199 4799 sunt
1224 4742 1524 4813 conspicit;
1555 4741 1669 4794 haec
1694 4754 1791 4810 per

194 4860 373 4900 aures
391 4858 513 4912 qum
534 4843 781 4899 dicuntur
802 4840 1054 4907 exaudit;
1079 4841 1194 4895 haec
1219 4841 1270 4894 in
1297 4840 1378 4894 his
1405 4853 1524 4907 qua:
1544 4845 1669 4892 sunt
1695 4851 1791 4890 vo—

194 4939 311 4991 tiva
342 4937 581 4998 laetatur,
602 4943 657 4989 at
680 4932 749 4987 ab
777 4934 862 4989 bis
886 4949 1005 5003 qua:
1027 4931 1263 4987 insuavia
1289 4931 1608 5000 probantur,
1630 4944 1789 4983 avcr-

195 5029 357 5083 titur.
405 5023 652 5079 Ilanibus
698 5023 859 5077 etiam
901 5020 1109 5093 perficit
1151 5033 1486 5090 quaecunque
1538 5018 1790 5083 voluerit,

195 5118 447 5174 retinens
503 5116 587 5171 his
641 5123 697 5170 et
737 5130 923 5170 rursus
958 5112 1219 5183 abjicieus
1262 5110 1562 5178 horumque
1594 5108 1796 5162 instru-

196 5218 513 5265 mentorum
542 5206 823 5262 elIectibus
853 5214 1009 5260 utens
1052 5213 1113 5257 ut
1155 5201 1410 5271 expedire
1462 5198 1793 5270 probaverit.

196 5304 254 5355 Si
285 5313 421 5367 ergo
443 5300 499 5353 in
522 5298 765 5364 homine,
790 5297 876 5351 cui
907 5296 1118 5351 diversa
1141 5293 1501 5347 membrorum
1530 5289 1703 5344 ofticia
1728 5288 1797 5343 ab

199 5399 432 5446 auctore
448 5388 678 5442 formata
699 5396 843 5449 sunt,
876 5402 980 5441 una
1009 5384 1307 5451 eademque
1334 5396 1420 5437 res
1440 5388 1543 5444 est,
1565 5394 1682 5448 qua:
1703 5392 1799 5447 per

199 5499 397 5541 omnes
436 5498 628 5540 sensus
677 5489 969 5550 operatur,
1002 5489 1158 5533 utens
1186 5474 1409 5545 singulis
1437 5480 1799 5539 congruenter

200 5592 262 5633 es
302 5589 469 5631 causa
520 5573 862 5643 poposcerit,
915 5584 1015 5623 nec
1066 5568 1442 5639 operationum
1483 5558 1797 5615 differentiis

200 5680 419 5725 natura
458 5680 569 5721 sua
617 5665 720 5718 vim
769 5662 1169 5733 potentiamque
1219 5664 1550 5720 commutat;
1591 5662 1797 5721 quanto

203 5762 377 5847 mag
432 5759 487 5811 in
513 5756 648 5822 Deo,
674 5755 797 5825 quia
828 5754 936 5809 siut
964 5750 1178 5812 effectus
1207 5756 1463 5812 virtutum
1492 5745 1649 5810 varii,
1682 5745 1797 5799 nul-

1896 4558 1983 4605 ret
2005 4564 2126 4604 eum
2156 4550 2245 4617 qui
2268 4546 2333 4601 ad
2361 4548 2586 4600 aliorum
2618 4546 3016 4614 proponebatur
3047 4545 3323 4615 imperium
3350 4559 3479 4613 pro—

1897 4642 2025 4712 priis
2046 4641 2209 4695 armis
2240 4638 2465 4692 nathrali
2497 4636 2805 4706 provisione
2845 4635 3059 4701 vallari,
3106 4650 3173 4689 ne
3198 4636 3264 4688 ad
3295 4644 3481 4690 custo-

1896 4735 2037 4790 diam
2064 4733 2145 4787 sui
2184 4733 2412 4787 aliorum
2440 4728 2774 4786 adminiculis
2804 4727 3085 4798 indigeret.
3118 4726 3266 4782 Nunc
3296 4738 3479 4783 auten

1898 4826 1983 4880 leo
2014 4822 2229 4892 quidem
2258 4835 2311 4876 et
2332 4837 2462 4891 aper
2483 4829 2539 4875 et
2567 4820 2717 4888 tigris
2739 4830 2794 4875 et
2816 4818 3032 4889 pardus,
3066 4819 3150 4873 vel
3174 4820 3217 4872 si
3246 4820 3370 4888 quid
3396 4819 3489 4874 bis

1897 4915 2071 4970 simile
2097 4922 2201 4979 est,
2227 4911 2579 4966 suﬂicieutem
2604 4925 2703 4979 pro
2728 4910 2902 4964 salute
2925 4924 3021 4962 sua
3044 4909 3293 4962 virtutem
3324 4919 3484 4963 natu-

1896 5007 2080 5061 raliter
2106 5002 2342 5074 possidet
2371 5019 2385 5068 ;
2409 5009 2465 5056 et
2493 5014 2648 5055 tauro
2673 5015 2878 5055 cornua
2913 5008 3063 5065 sunt,
3090 5008 3145 5054 et
3188 4999 3488 5069 pernicitas

1899 5098 2093 5170 lepori,
2126 5110 2393 5164 cervoque
2423 5094 2591 5147 saltus
2643 5103 2699 5148 et
2745 5101 2923 5147 certus
2972 5092 3215 5157 intuitus,
3260 5100 3314 5146 et
3362 5092 3488 5147 aliis

1898 5188 2257 5244 animantibus
2303 5184 2646 5253 magnitudo,
2693 5193 2746 5238 et
2795 5183 3002 5237 arteria
3038 5183 3346 5253 prominens
3370 5182 3489 5237 oris

1899 5281 2156 5342 ollicium,
2186 5277 2327 5347 quod
2356 5274 2729 5348 proboscidem
2753 5274 2939 5342 vulgus
2968 5274 3229 5343 appellat;
3257 5272 3483 5327 volatili-

1898 5374 1998 5428 bus
2038 5372 2201 5426 etiam
2250 5382 2548 5439 pennarum
2600 5363 2833 5419 ofﬁcium
2888 5373 2942 5418 et
2991 5365 3179 5433 apibus
3208 5362 3476 5416 aculeum.

1900 5466 2212 5533 cunctisque
2237 5476 2464 5531 prorsus
2483 5474 2644 5513 unum
2663 5456 2887 5523 aliquod
2907 5453 3149 5507 naturale
3175 5452 3481 5520 pratsidium

1898 5564 2110 5610 constat
2131 5568 2250 5609 esse
2270 5550 2548 5616 cdlatum.
2597 5545 2756 5601 Solus
2782 5551 2959 5597 autem
2989 5541 3152 5594 homo
3179 5552 3288 5606 prin
3313 5539 3484 5591 omni-

1898 5649 1997 5701 bus
2025 5644 2259 5701 crcditur
2288 5641 2588 5700 destitutus,
2611 5645 2665 5689 et
2695 5634 2776 5687 his
2799 5633 2891 5701 qui
2922 5627 3170 5684 currendi
3190 5626 3486 5683 velocitate

1898 5738 2242 5809 procmiucnt
2271 5732 2492 5804 pigrior,
2535 5728 2635 5786 illis
2659 5732 2837 5779 autem
2868 5721 2956 5791 qui
2986 5717 3227 5790 corporis
3248 5718 3490 5775 cmiucut
