4000 6344
211 281 310 339 557

1030 290 1203 346 LlBlil
1245 291 1332 345 DE
1371 288 1758 346 CREATIONE
1796 287 2075 347 llOillNlS
2104 291 2662 351 lNl'EliPRETA'HO

3371 298 3484 352 533

210 401 584 458 intellectualis
611 404 860 468 essentia:
889 420 1030 460 nunc
1059 408 1341 476 omittatur
1365 407 1420 461 in
1441 421 1538 462 sua
1561 406 1801 477 proprie—
1827 411 1873 463 A
1906 411 2027 468 tur;
2077 405 2330 473 spiritalis
2377 416 2560 463 autem
2605 407 2815 476 judicat
2843 409 3044 477 omnia,
3089 417 3202 482 ipse
3244 423 3424 471 autem
3452 429 3484 467 a

211 502 319 547 tate
340 493 552 548 divisio.
579 492 691 550 Nec
719 494 859 550 enim
889 497 1043 552 nobis
1068 508 1150 553 est
1177 497 1244 554 de
1283 500 1387 554 hac
1429 514 1491 554 re
1535 499 1802 553 sermonis

206 601 445 641 occasro.
476 585 790 655 Corporalis
812 597 992 643 autem
1027 590 1339 646 substantia:
1387 590 1533 645 aliud
1572 599 1655 645 est
1692 606 1810 646 om-

211 680 338 735 nino
383 679 502 735 sine
557 678 664 732 vita
693 717 708 744 ,
764 677 908 733 aliud
953 679 1076 734 vita:
1125 681 1458 750 participat:
1501 695 1687 736 rursus
1731 684 1799 735 vi-

210 771 330 824 talis
351 769 651 840 corporalis
680 770 782 823 alia
819 779 945 824 sunt
987 771 1282 835 sensibilia,
1328 771 1433 826 alia
1476 787 1606 827 vero
1640 787 1804 836 sensu

209 865 470 927 carentia,
506 871 564 919 ut
592 873 717 919 sunt
745 864 906 920 etiam
936 862 1114 936 capilli
1139 865 1310 919 nostri
1337 875 1391 920 et
1418 879 1642 934 ungues.
1671 863 1804 919 Item

207 957 483 1013 sensibilia
512 957 566 1010 iu
597 957 802 1012 naturis
829 957 1233 1014 rationabilium
1258 965 1312 1011 et
1351 956 1802 1012 irrationabilium

208 1047 540 1102 dividuntur.
572 1044 868 1118 Propterea
898 1055 1022 1117 post
1048 1048 1356 1110 exanimem
1387 1049 1668 1102 materiam
1691 1033 1799 1116 pri-

209 1159 358 1197 mum
384 1143 534 1198 velut
576 1141 908 1212 crepidinem
939 1140 1224 1210 quamdam
1272 1141 1413 1196 hanc
1452 1140 1804 1209 germinalem

211 1237 568 1291 substantiam
628 1234 902 1304 legislator
947 1235 1262 1304 expressit:
1313 1235 1569 1305 deinceps
1617 1249 1803 1289 eorum

209 1330 620 1398 generationem
645 1344 766 1397 quae
786 1329 1032 1384 sensibus
1053 1327 1420 1383 tantummodo
1436 1328 1802 1394 continentur,

210 1423 444 1492 aperuit.
500 1420 566 1474 Et
621 1422 746 1491 quia
801 1421 1094 1476 secundum
1153 1421 1309 1477 istam
1361 1421 1804 1489 consequentiam

209 1527 274 1566 ea
304 1526 428 1580 quae
454 1511 620 1565 vitam
654 1511 706 1565 in
739 1527 904 1566 carne
945 1512 1139 1566 sortita
1168 1523 1315 1578 sunt,
1358 1511 1634 1565 sensibilia
1686 1511 1804 1579 qui-

210 1604 333 1658 dem
363 1603 484 1658 sine
511 1603 930 1671 intelligibilibus
961 1619 1057 1672 per
1091 1619 1151 1658 se
1194 1603 1484 1658 subsistere
1529 1603 1802 1670 videntur,

214 1696 497 1750 rationalis
525 1706 706 1752 autem
741 1697 1040 1751 subStantia
1073 1712 1182 1750 non
1221 1703 1399 1765 potest
1446 1697 1498 1750 in
1543 1696 1651 1749 alio
1700 1696 1802 1749 nisi

1904 495 2120 551 nemine
2137 495 2430 566 iudicatur.
2459 499 2702 570 Denique
2734 500 2876 557 sicut
2902 507 3103 560 carnali
3131 505 3376 563 animalis
3401 521 3495 562 su—

1906 601 2205 658 pereminet
2235 590 2385 657 juxta
2429 590 2676 644 eamdem
2705 606 3012 647 mensuram
3038 595 3324 650 annualem
3351 609 3492 664 quo-

1907 693 2011 748 que
2040 678 2293 747 spiritalis
2323 679 2558 734 excellit.
2599 679 2755 746 Quod
2802 697 2932 751 ergo
2978 684 3328 741 novissimum
3371 699 3496 757 post

1906 770 2089 826 omnia
2117 770 2320 827 factum
2352 770 2629 827 hominem
2658 772 2932 844 Scriptura
2973 788 3376 848 commemorat,
3415 783 3495 832 ni—

1905 860 1980 914 hil
2009 860 2152 915 aliud
2183 876 2344 929 quam
2374 861 2444 916 de
2473 872 2616 918 statu
2633 865 2832 919 anima:
2872 867 3235 938 pbiiosophari
3265 885 3367 926 nos
3400 869 3495 924 de-

1903 952 2033 1006 bere
2079 952 2310 1008 latenter
2354 952 2631 1022 informat,
2678 961 3499 1029 necessariaqutedam-rerum

1904 1045 2311 1114 consequentia,
2337 1046 2390 1101 id
2419 1048 2637 1118 quidem
2667 1050 2964 1120 perfectum
2995 1052 3048 1106 in
3094 1055 3382 1122 postremis
3410 1055 3498 1108 in-

1902 1136 2139 1192 sinuans.
2189 1138 2387 1194 Natura
2435 1157 2668 1212 namque
2714 1145 2994 1199 rationalis
3033 1155 3228 1200 extera
3281 1160 3501 1216 quoque

1903 1228 2148 1284 continet
2163 1238 2218 1285 et
2238 1231 2573 1288 incrementa
2587 1235 2866 1302 germinis,
2889 1245 2944 1290 et
2969 1252 3160 1294 sensus
3185 1238 3495 1306 animantis,

1904 1331 2094 1376 natura
2125 1323 2286 1376 etiam
2307 1326 2576 1379 sensibilis
2595 1327 2945 1394 germinalem
2975 1329 3209 1398 speciem
3238 1330 3356 1384 sine
3393 1329 3498 1384 du—

1902 1413 2163 1469 bitatione
2216 1416 2614 1485 complectitur.
2684 1417 2809 1474 Haec
2856 1431 3032 1474 autem
3081 1432 3300 1491 propter
3352 1422 3499 1491 quod

1903 1505 2268 1562 immaterialis
2310 1517 2392 1562 est
2430 1523 2487 1563 se
2527 1510 2642 1564 sola
2669 1512 3061 1580 complectitur.
3093 1514 3501 1583 Consequenter

1904 1596 2067 1665 igitur
2097 1607 2285 1654 natura
2319 1601 2484 1654 veluti
2533 1617 2632 1670 per
2668 1605 2929 1671 quesdam
2963 1609 3177 1673 gradus,
3210 1609 3333 1660 vitae
3378 1607 3501 1662 dies

1903 1690 2313 1761 proprietatum,
2365 1694 2432 1747 ab
2480 1694 2824 1748 inferioribus
2869 1696 2934 1749 ad
2983 1698 3305 1766 perfectiora
3358 1713 3490 1752 eou-

211 1788 456 1844 sensibili
504 1803 735 1857 corpore
789 1789 1066 1854 contueri;
1122 1787 1325 1843 idcirco
1372 1790 1495 1857 pust
1561 1790 1802 1855 germina
1835 1789 1882 1848 Β
1908 1781 2138 1836 scendit.

209 1890 380 1948 atque
402 1879 648 1949 jumenta
679 1880 850 1936 factus
875 1889 962 1935 est
1006 1881 1188 1943 homo,
1220 1880 1307 1934 via
1343 1879 1573 1951 quadam
1606 1895 1802 1935 conse-

209 1979 446 2040 quenter
473 1971 540 2026 ad
561 1971 947 2040 perfectionem
994 1978 1183 2025 natura
1210 1970 1516 2040 perficiens.
1555 1970 1802 2025 Omnium

211 2075 453 2132 namque
481 2061 800 2131 specierum,
832 2061 884 2115 id
912 2070 1012 2128 est,
1044 2071 1100 2116 et
1128 2063 1420 2117 crescentis
1457 2063 1712 2130 germinis
1750 2071 1807 2116 et

210 2155 483 2209 sensualis
502 2154 794 2208 animantis
818 2154 922 2208 hoc
944 2154 1206 2209 rationale
1227 2153 1425 2208 animal
1449 2153 1614 2208 homo
1641 2154 1806 2223 parti-

211 2245 382 2314 cipat.
431 2243 676 2298 Nutr-itur
721 2243 864 2298 enim
906 2243 1060 2312 juxta
1105 2244 1405 2299 naturalem
1454 2243 1807 2298 substantiam

212 2336 412 2388 anima:
439 2335 694 2404 qualitas,
720 2334 1038 2390 incrementi
1059 2350 1192 2390 vero
1218 2337 1324 2389 vim
1346 2336 1580 2389 sensuali
1609 2335 1810 2389 submi-

213 2425 541 2481 nistratione
592 2425 848 2490 sortitur,
891 2440 1010 2493 qua:
1052 2424 1205 2493 juxta
1251 2425 1537 2496 quemdam
1593 2423 1809 2479 modum

211 2530 375 2570 suum
400 2514 544 2570 inter
568 2514 988 2570 intellectualem
1016 2525 1071 2570 et
1099 2517 1429 2571 materialem
1459 2515 1810 2571 substantiam

211 2607 271 2663 in
323 2606 508 2662 medio
556 2606 841 2669 collocata,
897 2615 1160 2676 quantum
1202 2607 1347 2663 illius
1405 2606 1812 2676 comparatione

211 2700 473 2765 crassior,
507 2707 716 2754 tantum
743 2699 860 2769 ejus
884 2699 1200 2769 pmlatione
1238 2700 1451 2754 videtur
1492 2713 1610 2753 esse
1632 2698 1814 2754 sinue—

213 2794 356 2848 rior.
388 2791 593 2847 Deinde
616 2791 886 2847 sensibilis
916 2792 994 2847 rei
1019 2794 1165 2860 quod
1205 2801 1288 2847 est
1316 2791 1722 2847 subtilissimum
1759 2805 1816 2853 et

218 2881 617 2938 lucidissimum
648 2882 1001 2937 intellectuali
1033 2883 1299 2938 sociatum
1346 2881 1406 2936 fit
1436 2874 1682 2952 quaedam
1728 2881 1816 2938 na-

217 2985 362 3031 tura:
391 2974 679 3044 permixtio
707 2974 1057 3038 conveniens,
1099 2973 1174 3028 ita
1203 2982 1262 3028 ut
1286 2973 1341 3027 in
1365 2973 1537 3028 tribus
1579 2973 1698 3028 istis
1733 2973 1816 3026 vi-

214 3066 416 3121 deatur
449 3067 612 3122 homo
639 3063 952 3121 subsistere.
982 3063 1118 3120 Nam
1143 3072 1200 3120 et
1219 3065 1538 3136 Apostolum
1577 3065 1686 3120 tale
1724 3065 1819 3119 ali-

2531 1896 2762 1951 CAPUT
2800 1896 2887 1950 IX.

1911 1981 2064 2048 Quod
2074 1988 2344 2056 aptissima
2367 1987 2590 2042 hominis
2611 1987 2854 2071 habitudo
2884 1990 2954 2043 ad
2982 2007 3110 2061 opus
3132 1993 3350 2046 rationis
3373 2007 3501 2047 cou-

2543 2069 2740 2112 structa
2764 2069 2850 2113 sit.

1978 2147 2114 2216 Quia
2148 2149 2308 2216 igitur
2338 2149 2603 2205 rationale
2649 2151 2850 2204 animal
2877 2151 3060 2215 homo,
3095 2153 3385 2222 oportebat
3415 2154 3501 2207 ni-

1908 2241 1992 2295 sui
2036 2241 2262 2296 rationis
2285 2242 2612 2296 conveniens
2655 2242 2860 2298 institui
2895 2245 3140 2313 corporis
3171 2246 3503 2301 instrumen-

1911 2341 2045 2386 tum.
2084 2332 2235 2386 Sicut
2277 2332 2418 2386 euim
2445 2333 2690 2386 videmus
2718 2335 2939 2389 musica:
2966 2337 3322 2405 peritissimos
3346 2339 3502 2405 juxta

1911 2423 2100 2490 organi
2127 2423 2367 2491 speciem
2418 2423 2653 2477 studium
2703 2424 3089 2481 modulaminis
3131 2442 3417 2494 exercere,
3451 2439 3505 2485 et

1912 2528 2088 2584 neque
2111 2514 2406 2568 tubicinare
2433 2514 2703 2570 barbitum
2746 2517 2945 2585 nervis,
2975 2533 3153 2588 neque
3179 2519 3506 2575 citharizare

1913 2605 2178 2660 tubicines
2207 2623 2221 2657 :
2262 2604 2416 2673 juxta
2445 2605 2588 2660 hunc
2619 2607 2840 2662 modum
2867 2609 3347 2665 instrumentorum
3375 2628 3507 2668 eon-

1913 2695 2266 2750 structionem
2297 2696 2584 2765 oportebat
2630 2712 2752 2751 esse
2776 2699 2978 2753 rationi
3023 2703 3450 2758 consentientem
3489 2721 3508 2758 ε

1901 2784 1992 2839 ita
2027 2793 2086 2839 ut
2107 2784 2384 2854 aptissime
2422 2794 2608 2854 posset
2653 2786 2720 2840 ad
2749 2803 2905 2842 usum
2933 2803 3188 2845 resonare
3222 2794 3512 2862 sermonis,

1916 2877 2010 2944 qui
2049 2875 2318 2930 vocalium
2366 2876 2731 2930 membrorum
2777 2876 3101 2934 formaretur
3140 2879 3351 2937 officiis.
3383 2881 3510 2939 Ideo

1911 2973 2102 3019 autem
2120 2980 2310 3020 manus
2339 2973 2605 3034 coaptata:
2636 2976 2763 3020 sunt
2789 2969 3028 3037 corpori,
3059 2977 3114 3024 et
3136 2973 3381 3039 quamvis
3404 2974 3512 3028 uti-

1918 3055 2100 3112 litates
2146 3055 2296 3110 mille
2323 3055 2448 3109 vita:
2493 3055 2653 3123 hujus
2696 3071 3019 3113 enumerare
3045 3059 3356 3115 facillimum
3408 3073 3511 3129 est,

217 3157 360 3228 quid
381 3155 764 3225 cognoscimus
788 3155 1059 3222 intimare,
1088 3156 1177 3211 ubi
1205 3170 1304 3227 pro
1330 3157 1818 3212 Thessalonicensi-
1843 3161 1890 3224 C
1917 3163 2054 3218 quas
2092 3147 2208 3202 ὶδωο
2259 3153 2564 3216 Opportuna
2609 3155 2666 3201 ει
2713 3147 2980 3203 durabiliat
3019 3165 3273 3206 maan
3316 3153 3515 3208 instru-

215 3249 326 3306 διδ
355 3261 516 3302 orans
535 3248 648 3302 ait:
680 3246 803 3319 Ipse
828 3257 998 3302 auum
1031 3247 1172 3302 Deus
1216 3249 1362 3319 pacis
1403 3248 1687 3318 sanctiﬁcat
1731 3265 1818 3302 eos

216 3358 319 3410 per
339 3341 536 3404 omniin,
560 3350 616 3393 ut
641 3341 844 3411 integer
864 3341 1076 3409 spiritus
1105 3348 1266 3395 uester
1284 3350 1335 3394 et
1359 3341 1540 3394 anima
1565 3349 1616 3394 et
1634 3356 1820 3412 corpus

213 3436 342 3488 sine
370 3432 580 3502 querela
613 3434 670 3486 in
696 3432 973 3486 alimmum
999 3431 1214 3487 Domini
1247 3433 1413 3488 nostri
1457 3433 1585 3488 Jesu
1625 3430 1820 3488 Christi

215 3533 460 3579 servetur
480 3540 500 3578 :
546 3540 648 3594 pro
683 3524 923 3578 nutribili
962 3533 1118 3594 parte
1168 3539 1386 3594 corpus,
1429 3539 1529 3594 pro
1584 3523 1822 3580 sensibili

220 3617 491 3681 animam,
521 3632 621 3686 pro
648 3616 998 3672 intelle'ctuali
1027 3617 1274 3686 spiritum
1304 3631 1530 3688 ponens.
1564 3616 1824 3672 Similiter

220 3717 281 3761 et
333 3708 570 3762 scribam
619 3707 674 3762 in
722 3706 1010 3776 Evangeiio
1055 3707 1316 3764 Dominus
1357 3709 1631 3764 instruens
1675 3708 1823 3763 omni

223 3798 491 3853 mandato
518 3798 860 3853 dilectionem
892 3799 1103 3854 Domini
1145 3800 1426 3869 prteponit.
1456 3812 1576 3868 quae
1612 3812 1679 3854 ex
1711 3805 1823 3852 toto

223 3888 404 3942 corde
428 3895 483 3942 et
507 3902 576 3943 ex
605 3896 716 3942 tota
737 3889 918 3942 anima
947 3898 1005 3943 et
1041 3904 1112 3944 ex
1149 3897 1268 3944 toto
1297 3890 1571 3946 intellectu
1612 3887 1826 3968 perfici-

227 3988 345 4032 tur.
378 3975 511 4030 Nam
539 3985 596 4031 et
623 3977 676 4031 in
705 3979 955 4046 praesenti
983 3977 1230 4033 eamdem
1279 3978 1409 4033 mibi
1459 3993 1638 4035 sermo
1675 3977 1828 4034 diffe-

224 4069 468 4124 rentiam
496 4069 710 4124 videtur
753 4070 1218 4140 interpretationis
1265 4069 1478 4126 eﬂ‘erre.
1523 4072 1826 4142 Corpulen-

227 4161 434 4215 liorem
489 4160 704 4228 quidem
757 4161 1054 4216 efﬁcaciam
1108 4176 1205 4216 cor
1241 4162 1548 4232 appellans,
1593 4163 1827 4218 animam

226 4266 373 4306 vero
399 4251 628 4305 mediam
655 4251 840 4307 sedem
881 4259 1068 4307 tenere
1117 4251 1444 4320 significans.
1493 4252 1827 4309 Intellectum

228 4360 420 4400 autem
469 4345 835 4400 sublimiorem
887 4345 1242 4400 substantiam
1297 4346 1630 4401 rationabilis
1697 4347 1829 4402 insi-

228 4454 413 4492 nuans
437 4437 914 4507 perspicabilisque
941 4437 1174 4492 virtutis.
1220 4435 1376 4492 Unde
1404 4445 1460 4492 et
1497 4445 1607 4492 tres
1634 4437 1832 4492 distan-

1922 3252 2103 3298 menta
2131 3241 2342 3295 naviter
2370 3240 2766 3308 administrent,
2797 3258 3014 3299 omnem
3065 3255 3234 3301 artem
3269 3262 3511 3303 omnem-

1899 3349 2028 3406 nque
2053 3330 2422 3404 operationem
2449 3332 2593 3388 bello
2613 3341 2668 3388 et
2680 3349 2812 3403 pace
2831 3331 3204 3406 competenter
3219 3339 3516 3408 explentia.

1923 3435 2102 3480 tamen
2129 3440 2242 3495 pra:
2267 3425 2392 3479 aliis
2416 3424 2664 3480 omnibus
2687 3425 2920 3481 rationis
2966 3414 3129 3496 causa
3178 3444 3369 3483 manus
3397 3447 3515 3484 cor-

1906 3520 2043 3590 .pori
2065 3527 2256 3573 natura
2283 3527 2645 3585 congruenter
2683 3519 2954 3587 apposuit.
2985 3519 3116 3572 Nam
3139 3521 3183 3573 si
3213 3520 3378 3574 homo
3399 3521 3515 3576 sine

1922 3609 2170 3664 manibus
2190 3609 2507 3669 exstitisset,
2525 3608 2773 3676 profecto
2793 3609 3260 3678 percipiendorum
3275 3613 3516 3666 ciborum

1927 3701 2249 3756 necessitate
2276 3699 2514 3753 membra
2543 3700 2723 3753 vultus
2763 3700 2882 3768 ejus
2921 3701 2987 3755 ad
3019 3701 3186 3756 instar
3214 3704 3508 3774 quadrupeo

1925 3794 2054 3847 dum
2082 3789 2463 3854 formarentur,
2493 3789 2566 3843 ita
2595 3797 2655 3844 ut
2698 3791 2930 3860 oblonga
2973 3791 3142 3848 facies
3187 3802 3522 3862 tenuaretur,

1907 3887 2092 3944 'simul‘
2106 3894 2162 3942 et
2189 3886 2454 3941 emineret
2475 3885 2527 3940 in
2550 3885 2788 3951 naribus,
2819 3888 2930 3942 oris
2956 3889 3118 3942 etiam
3148 3889 3286 3943 labia
3318 3890 3523 3945 callesa

1929 3991 1985 4038 et
2011 3981 2282 4050 grossiora
2313 3990 2495 4035 essent
2523 3989 2686 4049 atque
2733 3980 3066 4048 firmissima;
3099 3989 3154 4036 et
3197 3982 3262 4034 ad
3294 3998 3519 4052 carpen-

1929 4074 2028 4129 das
2057 4073 2252 4128 herbas
2299 4079 2674 4141 competenter
2712 4080 2916 4141 aptata,
2968 4086 3076 4128 nec'
3119 4087 3224 4126 non
3265 4081 3320 4127 et
3347 4074 3525 4142 lingua

1930 4163 2204 4233 grandiori
2229 4175 2461 4234 corpore
2487 4161 2674 4216 durior
2701 4173 2844 4217 esset
2873 4171 2930 4217 et
2950 4164 3216 4234 asperior,
3248 4181 3366 4234 qua:
3393 4182 3517 4220 coo-

1929 4261 2216 4324 peraretur
2246 4251 2514 4315 dentibus,
2549 4251 2617 4305 ad
2645 4267 2709 4306 ea
2733 4267 2854 4322 qua:
2885 4254 3185 4308 mandenda
3219 4256 3528 4324 perciperet

1933 4343 2187 4413 liquidior
2213 4343 2473 4410 existens,
2506 4350 2561 4396 et
2601 4345 2754 4411 juxta
2804 4351 3090 4413 utrumque
3118 4344 3255 4398 latus
3285 4346 3504 4401 effusior

1933 4438 2108 4508 qualis
2136 4443 2220 4491 est
2249 4451 2442 4491 canum
2475 4443 2529 4490 et
2558 4443 2874 4491 caaterorum
2916 4452 3035 4505 qua:
3085 4447 3379 4492 vescuntur
3401 4455 3526 4494 car-

225 4530 346 4580 tias
401 4525 735 4580 voluntath
793 4527 942 4580 novit
991 4526 1280 4597 Apostolus
1323 4545 1336 4579 :
1379 4526 1672 4593 carnalem,
1713 4543 1832 4598 quae
1861 4537 1908 4596 ι)
1937 4528 2112 4594 nibus,
2144 4541 2244 4597 per
2291 4540 2480 4596 aspera
2516 4525 2756 4580 dentium
2803 4526 3081 4579 intervalla
3112 4527 3435 4582 discurrens.
3468 4528 3527 4582 Si

225 4621 385 4674 circa
411 4629 657 4674 ventrem
693 4627 749 4674 et
773 4618 1054 4673 inferiores
1082 4627 1265 4688 partes
1306 4619 1671 4690 voluptatibus
1711 4626 1832 4673 tan-

224 4719 354 4762 tum
381 4709 593 4766 vitiosis
617 4710 963 4778 obsequitur;
993 4709 1277 4765 animalem
1311 4725 1466 4775 vero,
1500 4725 1622 4779 quae
1656 4710 1832 4766 media

223 4803 383 4855 inter
428 4800 678 4854 virtutem
725 4800 1094 4868 malitiamque
1121 4808 1386 4864 versatur,
1430 4800 1574 4855 hanc
1615 4799 1833 4870 quidem

219 4890 674 4959 supergrediens,
704 4890 842 4944 illius
861 4898 1400 4960 autem-nequaquam
1427 4889 1696 4960 particeps
1718 4890 1832 4944 sin-

221 4981 486 5034 ceritatis
528 4980 763 5035 existens
787 4997 799 5010 '
831 4989 886 5034 et
912 4980 1308 5050 spiritalitatem
1336 4976 1449 5035 Deo
1463 4979 1679 5050 placita:
1705 4995 1836 5035 con-

211 5071 568 5128 versationis
594 5072 917 5140 assequitur.
948 5071 1039 5126 Sic
1079 5072 1222 5126 enim
1273 5071 1513 5127 scribens
1551 5071 1618 5127 ad
1645 5071 1838 5127 Corin-

217 5166 386 5220 thios
413 5162 704 5233 exprobrat
746 5164 822 5219 eis
859 5163 1096 5220 studium
1141 5164 1464 5238 voluptaria)-
1507 5165 1634 5219 vit:e
1671 5173 1835 5234 atque

211 5255 531 5326 "milia,
553 5254 775 5308 dicens:
808 5253 1000 5309 Nonne
1038 5256 1274 5310 carnales
1313 5258 1455 5321 estis,
1487 5266 1536 5310 et
1555 5256 1834 5311 secundum

211 5347 502 5402 sm
541 5346 839 5412 «mbulatis,
876 5346 928 5401 id
963 5356 1073 5414 est,
1119 5347 1529 5418 perfectioribus
1575 5350 1833 5404 doctrinis

213 5442 534 5506 ωριτες
568 5439 1039 5507 esseprobamiui.
1089 5439 1158 5494 Et
1203 5440 1328 5495 alibi
1369 5441 1830 5511 comparationem

205 5531 538 5602 quamdam.
559 5529 746 5586 "ludia|
781 5531 944 5601 hujus
963 5533 1035 5587 ad
1063 5534 1204 5588 ilium
1231 5535 1513 5590 eelsiorem
1543 5535 1832 5605 perfectio-

211 5635 470 5691 υνυς-ε
489 5622 714 5688 iaciens,
744 5623 879 5679 dicit
901 5641 916 5676 :
943 5625 1196 5679 Mintatia
1213 5637 1382 5684 autem
1409 5628 1561 5682 homo
1582 5641 1683 5680 non
1716 5643 1834 5696 per-

205 5715 450 5784 εὲμίηι
477 5729 596 5785 qua
621 5723 740 5770 sunt
772 5716 988 5784 spiritus
1029 5713 1143 5769 Dei.
1187 5717 1420 5778 Stultitia
1467 5719 1610 5774 enim
1639 5726 1721 5772 est
1757 5717 1832 5772 illi

209 5815 286 5866 α
317 5822 430 5863 non
463 5815 648 5878 potest
691 5807 1014 5876 ίικσηίὶἷεῐθν
1050 5808 1167 5877 (lilia
1214 5813 1530 5892 Spiritaliter
1557 5809 1834 5868 examina-

1933 4633 2060 4687 ergo
2089 4635 2284 4673 manus
2311 4634 2416 4673 non
2463 4617 2716 4673 adessent
2763 4605 3000 4688 corpori,
3036 4619 3306 4688 quomodo
3336 4621 3386 4676 ei
3418 4638 3524 4675 vox

1934 4709 2218 4764 articulata
2245 4707 2583 4778 figurarelur,
2635 4724 2757 4764 cum
2805 4709 2924 4762 talis
2971 4710 3081 4762 uris
3121 4709 3238 4777 ejus
3274 4711 3530 4767 formatio

1935 4800 2002 4856 ad
2025 4815 2180 4854 usum
2210 4801 2475 4856 sermonis
2503 4799 2721 4853 minime
2745 4799 3082 4868 conveniret,
3124 4801 3195 4854 ita
3220 4812 3278 4855 ut
3306 4819 3532 4859 necesse

1936 4899 2080 4947 esset
2103 4892 2376 4946 hominem
2407 4891 2492 4944 vel
2521 4889 2731 4944 balatus
2751 4890 3021 4950 emittere,
3048 4891 3131 4946 vel
3163 4891 3409 4960 latratus,
3433 4905 3530 4949 aut

1939 4992 1998 5038 ut
2021 4999 2192 5056 equus
2219 4983 2474 5044 hinniret,
2506 4989 2599 5034 aut
2627 4996 2814 5037 vocem
2863 4981 3018 5036 daret
3053 4983 3227 5038 bubus
3253 4985 3534 5055 asinisque

1935 5074 2291 5139 consimilem,
2324 5081 2418 5128 aut
2469 5073 2704 5142 aliquem
2753 5073 2985 5143 rugitum
3016 5086 3293 5144 promeret
3323 5076 3527 5132 bestia-

1934 5166 2060 5221 lem.
2088 5164 2240 5220 Nunc
2263 5173 2442 5219 autem
2466 5180 2656 5217 manus
2682 5166 3103 5220 acconnnodatzc
3133 5176 3258 5220 sunt
3288 5172 3528 5240 corpori,

1933 5265 1995 5313 ut
2022 5272 2084 5312 os
2110 5257 2174 5310 ad
2199 5258 2550 5311 ministerium
2576 5257 2720 5311 verbi
2748 5258 2969 5312 liberum
2994 5271 3368 5329 permaneret;
3397 5276 3529 5329 ergo

1934 5349 2211 5418 proprium
2243 5347 2494 5416 quiddam
2527 5357 2609 5402 est
2647 5357 2851 5402 naturae
2896 5349 3142 5403 rationali
3185 5351 3381 5405 habere
3413 5369 3526 5404 ina-

1935 5458 2035 5498 nus
2063 5442 2114 5495 in
2147 5456 2394 5510 corpore,
2427 5441 2499 5494 ita
2531 5450 2586 5494 ut
2618 5457 2712 5511 per
2739 5457 2832 5496 eas
2865 5443 3102 5496 omnium
3129 5441 3422 5499 Conditore
3445 5444 3524 5497 [ι-

1935 5533 2190 5587 cultalem
2224 5532 2556 5586 contcdcntc
2613 5534 2899 5588 sermonis.
2934 5534 3068 5587 Cum
3125 5549 3254 5601 ergo
3282 5535 3522 5596 divinum

1935 5624 2223 5695 quemdam
2267 5623 2452 5692 gratia:
2516 5623 2873 5694 principatum
2932 5624 3241 5689 imaginisve
3297 5631 3525 5683 contulit

1937 5715 2100 5784 Deus,
2131 5724 2185 5773 et
2207 5715 2467 5770 bonorum
2496 5731 2714 5769 suorum
2741 5730 2959 5768 munera
2990 5715 3234 5770 rationali
3269 5717 3526 5787 figmento

1939 5805 2254 5876 contribuit,
2275 5815 2567 5878 propterea
2599 5803 2798 5874 reliqua
2840 5806 3052 5874 quidem
3108 5807 3244 5862 bona
3277 5810 3524 5868 Ιιωιιειειεε
