4000 6344
503 365 611 437 ξω

1782 346 2145 419 montanus
2183 344 2501 417 sxxcubs.

3668 349 3765 404 300

508 506 715 551 natura:
742 493 827 565 pia
870 482 1190 548 liberalitate
1224 463 1455 556 largitus
1475 468 1587 547 est,
1607 479 1846 537 mentem
1875 485 2091 534 vero'et
2120 480 2164 537 Α
2191 475 2445 532 Salomon
2492 473 2724 544 quodam
2765 473 2882 528 loco
2924 478 3149 526 testatus
3170 476 3252 525 est
3290 466 3435 538 quod
3454 466 3621 521 etiam
3642 465 3766 519 milii

513 587 936 656 intelligentiam,
964 599 1073 639 non
1094 592 1177 636 est
1199 579 1415 651 proprie
1442 578 1620 633 dicere
1648 575 1774 644 quia
1794 572 1963 638 dedit,
1995 566 2091 625 sed

512 682 639 751 quia
682 678 907 734 contulit
934 674 1206 746 proprium
1259 666 1463 726 natura:
1507 666 1615 724 sua:
1659 664 1843 749 decus,
1873 661 2093 751 imagini

512 744 778 826 dethrens.
812 744 952 835 Ergo
974 765 1100 834 quia
1123 770 1274 817 mens
1296 758 1642 828 intelligibilis
1669 746 1912 825 qumdam
1935 744 1989 807 et
2008 751 2092 806 in—

507 872 777 927 corporea
804 871 892 911 res
940 862 1041 920 est,
1096 844 1655 909 incommtmicahilem
1699 841 2095 915 quodammodo

512 950 816 1022 possideret
844 948 1090 1017 gratiam,
1107 945 1209 999 nisi
1230 952 1406 997 motus
1423 937 1751 1011 operationis
1777 950 1885 993 sua:
1905 933 2096 1003 aliqui—

511 1018 617 1098 ims
656 1038 1139 1108 excogitationibus
1166 1035 1455 1089 intimaret.
1482 1021 1649 1098 Hujus
1676 1028 1756 1082 rei
1782 1025 1951 1096 gratia
1990 1018 2096 1077 hac

518 1134 744 1201 indignit
786 1130 1193 1188 constructione
1238 1126 1606 1181 membrorum
1654 1126 1715 1175 ut
1767 1119 1823 1173 in
1878 1111 2131 1171 modum

515 1225 709 1296 plectri
735 1222 996 1278 vocabilia
1021 1221 1374 1274 instrumenta
1400 1214 1735 1281 contingens,
1761 1207 2098 1285 per-qualita-

523 1327 631 1371 tem
678 1316 949 1371 sonituum
986 1320 1192 1375 motum
1232 1311 1675 1378 interpretaretur
1715 1305 2004 1366 internum.
2031 1298 2100 1354 Et

522 1405 971 1475 quemadmodum
1027 1404 1072 1458 si
1119 1403 1238 1473 quis
1282 1402 1483 1455 musica
1522 1399 1756 1453 imbutus
1802 1386 1937 1459 arte,
1964 1394 2099 1463 pro-

531 1497 700 1565 priam
724 1510 912 1550 vocem
943 1493 1120 1562 aliqua
1151 1491 1401 1561 passione
1427 1506 1535 1544 non
1565 1488 1778 1551 habeat,
1804 1485 2100 1551 volensque

516 1602 674 1642 suam
699 1586 1032 1642 manifestam
1064 1584 1243 1641 facere
1265 1583 1624 1653 disciplinam,
1664 1581 1854 1635 alienis
1882 1578 2101 1633 vocibus

516 1680 822 1741 'mmuletur,
846 1678 1121 1747 publicans
1150 1685 1319 1731 artem
1337 1674 1560 1745 lyravel
1591 1672 1717 1726 tibia
1738 1670 1846 1724 :sic
1870 1670 2101 1723 humana

528 1785 679 1824 mens
724 1784 845 1823 cum
884 1767 1312 1823 omnimodorum
1344 1752 1707 1819 intellectuum
1745 1761 2003 1831 probetur
2029 1757 2102 1811 in-

2191 568 2402 622 videtur
2442 574 2567 622 esse
2595 565 2679 619 vel
2722 564 2954 618 maxime
2995 577 3106 633 prae
3132 558 3486 629 omnibusque
3514 559 3569 613 in
3615 558 3768 612 nobis

2192 657 2650 713 subadmiratione
2698 655 3096 727 dignissimum,
3137 667 3257 722 qua:
3293 651 3363 707 sit
3408 649 3635 704 latitudo
3680 648 3767 703 illa

2193 749 2504 819 capacitatis
2554 748 2900 809 intrinsecus,
2945 745 2998 799 in
3030 759 3190 814 quam
3244 749 3436 798 cuncta
3496 739 3772 794 conﬂuunt

2194 854 2312 911 qum
2338 839 2630 894 funduntur
2662 837 2875 900 auditu,
2905 835 2996 906 qui
3025 841 3152 890 sunt
3186 833 3263 888 illi
3290 830 3633 887 niemoriales
3677 829 3771 897 qui

2188 926 2581 986 introeuntium
2649 938 2902 984 sensuum
2973 932 3321 979 monumenta
3394 920 3773 985 conscribunt,

2188 1020 2355 1094 quam
2381 1022 2555 1092 ampla
2602 1019 2939 1090 susceptoria
2981 1016 3485 1085 intelligentiarum,
3522 1028 3641 1083 qua:
3676 1027 3774 1082 per

2196 1130 2356 1169 aures
2375 1122 2709 1185 reponuntur
2728 1112 2973 1176 interius,
3007 1117 3063 1164 et
3098 1107 3370 1179 quomodo
3399 1118 3519 1161 cum
3550 1114 3607 1158 et
3634 1104 3774 1158 mul-

2188 1200 2399 1276 tiplicia
2437 1205 2544 1259 sint
2590 1217 2708 1273 qua:
2736 1209 3109 1272 supponantur
3142 1198 3479 1264 alterutrum,
3530 1191 3776 1249 confusio

2198 1302 2377 1349 tamen
2404 1302 2621 1348 et'error
2637 1291 2789 1362 juxta
2813 1289 3081 1361 propriam
3099 1288 3419 1358 positionem
3440 1300 3633 1341 eorum
3659 1298 3779 1352 qua:

2198 1384 2501 1439 inferuntur
2543 1382 2765 1438 omnino
2796 1396 2901 1435 non
2943 1380 3197 1448 gignitur.
3229 1376 3489 1432 Similiter
3508 1375 3671 1429 etiam
3701 1372 3781 1429 ef-

2200 1476 2443 1532 ﬁcaciam
2467 1470 2609 1529 visus
2628 1474 2753 1543 quis
2777 1472 2975 1542 poterit
2993 1470 3262 1524 mstimare
3277 1470 3302 1522 ?
3327 1466 3500 1535 Eque
3520 1466 3662 1519 enim
3685 1479 3783 1533 per

2202 1566 2387 1621 Oculos
2416 1573 2567 1619 mens
2596 1579 2659 1617 ea
2689 1578 2811 1633 quae
2837 1572 2989 1616 extra
3031 1574 3228 1630 corpus
3254 1567 3380 1613 sunt
3407 1555 3781 1627 apprehendit,

2202 1663 2259 1709 et
2283 1655 2333 1708 in
2363 1668 2421 1707 se
2450 1651 2826 1707 similitudines
2869 1649 3243 1720 apparentium
3273 1646 3556 1716 pertrahit,
3584 1642 3785 1714 ﬁguras

2202 1743 2454 1799 similium
2480 1741 2582 1797 sibi
2611 1741 2725 1810 ipsa
2773 1738 3106 1794 describens.
3134 1735 3203 1790 Et
3246 1734 3700 1805 quemadmodum
3740 1733 3786 1787 si

528 1859 759 1921 ventrix,
792 1873 892 1912 nec
933 1857 1103 1927 possit
1139 1857 1279 1911 nuda
1309 1856 1485 1909 anima
1527 1854 1612 1907 his
1640 1868 1760 1922 quae
1789 1867 1884 1921 per
1911 1864 2099 1905 sensus

2223 1849 2303 1904 [ua
2331 1834 2520 1888 civitas
2545 1830 2900 1887 Multitudinis
2939 1843 3109 1899 capax
3150 1842 3270 1897 quae
3291 1826 3516 1881 diversis
3545 1825 3781 1878 aditibus

529 1948 769 2016 corporis
791 1947 1030 2011 audiant,
1046 1946 1275 2015 impetus
1298 1960 1409 2000 sua:
1424 1943 1785 2012 intelligentiae
1810 1940 2104 2004 declarare,

524 2038 680 2106 ’quasi
710 2052 805 2106 per
853 2036 1271 2090 modulationem
1301 2033 1584 2104 quamdam
1612 2033 1724 2086 hzee
1768 2026 2107 2084 artificiosius

530 2129 765 2181 animata
796 2127 1150 2180 instrumenta
1179 2125 1516 2191 contingens,
1563 2135 1750 2175 eorum
1780 2120 1928 2174 sonis
1952 2117 2110 2171 intel-

532 2218 763 2285 ligentia:
782 2232 890 2271 suae
909 2217 1122 2275 occulta
1147 2213 1469 2270 manifestat.
1499 2214 1713 2268 Mixtam
1732 2226 1860 2266 vero
1882 2209 2112 2263 variam-

531 2323 636 2377 que
667 2308 806 2363 hane
855 2307 1114 2361 musicam
1144 2304 1513 2361 instrumentis
1540 2304 1891 2357 humanorum
1922 2314 2112 2368 possu-

531 2413 653 2451 mus
678 2396 1019 2452 considerare
1041 2396 1403 2450 membrorum
1430 2412 1443 2448 :
1466 2409 1586 2465 quae
1606 2392 1753 2447 velut
1774 2391 1889 2462 lyra
1906 2398 1958 2444 et
1983 2387 2111 2443 tibia

528 2494 802 2543 concentu
816 2487 1048 2555 qundam
1069 2486 1297 2556 idipsum
1318 2486 1418 2540 s'bi
1434 2482 1669 2538 invicem
1686 2489 1960 2536 resonant.
1980 2478 2112 2532 Nam

532 2590 629 2632 vas
653 2577 782 2631 illud
828 2576 971 2644 quod
1014 2576 1218 2646 recepit
1262 2575 1528 2644 spiritum,
1560 2573 1605 2626 si
1632 2571 1847 2640 quando
1876 2568 2116 2637 pulsatur

530 2667 803 2737 loquentis
827 2667 1049 2737 impetu,
1068 2674 1123 2721 et
1142 2668 1197 2720 in
1217 2680 1408 2731 ,vocem
1435 2663 1743 2718 formaverit
1766 2675 1884 2715 eam
1909 2666 2117 2728 partem

537 2764 657 2825 qua;
700 2756 1061 2827 repercutitur
1110 2755 1336 2811 internis
1379 2753 1728 2815 accessibus,
1757 2749 2118 2805 rotunditates

541 2848 646 2902 illa:
673 2861 793 2916 quae
833 2847 903 2902 ad
950 2847 1118 2901 instar
1158 2846 1406 2900 tibiarum
1457 2843 1606 2898 facta:
1652 2849 1807 2906 sunt,
1848 2840 2121 2895 imitantur

542 2938 783 3007 profecto
812 2938 956 2992 illam
984 2952 1195 3000 vocem,
1241 2950 1360 3005 qua:
1386 2933 1655 3005 profertur
1698 2948 1766 2988 ex
1796 2932 1956 2997 tibiis,
1987 2945 2121 2999 quas

537 3025 601 3079 in
630 3024 858 3080 circuitu
879 3025 1257 3081 membranulis
1301 3023 1667 3094 prominentes
1695 3023 1984 3089 exagitant.
2016 3020 2120 3075 Su-

542 3115 732 3183 perius
759 3129 890 3169 vero
939 3113 1194 3184 paulatim
1234 3127 1529 3169 concavum
1558 3110 1626 3167 de
1661 3110 2003 3166 inferioribus
2028 3124 2122 3166 so—

2208 1923 2275 1976 ad
2302 1937 2361 1977 se
2380 1922 2571 1991 recipit
2597 1920 2951 1982 conﬂuentes.
2980 1934 3087 1973 non
3118 1926 3297 1972 tamen
3325 1917 3383 1971 in
3404 1930 3572 1970 unum
3598 1914 3791 1969 civita-

2208 2014 2279 2068 tis
2306 2013 2481 2068 locum
2512 2012 2745 2067 universi
2775 2012 3098 2066 conveniunt
3128 2027 3142 2063 :
3188 2008 3285 2064 sed
3327 2008 3423 2062 alii
3451 2008 3673 2077 (μήδεαι
3722 2005 3790 2059 ad

2208 2104 2405 2167 forum,
2444 2102 2536 2157 alii
2578 2101 2649 2156 ad
2695 2102 3003 2156 habitacula
3040 2115 3156 2163 sua,
3208 2099 3300 2153 alii
3344 2098 3413 2152 ad
3446 2096 3712 2151 ecclesias
3735 2102 3793 2149 et

2208 2196 2436 2266 plateas,
2463 2194 2616 2264 juxta
2641 2209 2795 2249 suam
2841 2193 3066 2261 quisque
3114 2188 3430 2245 sententiam
3460 2194 3789 2258 properant:

2212 2287 2375 2340 talem
2419 2282 2813 2353 quodammodo
2839 2283 3001 2337 etiam
3031 2280 3226 2335 mentis
3255 2286 3456 2333 nostra:
3498 2276 3793 2331 considere

2213 2377 2489 2431 civitatem
2534 2374 2762 2427 interius
2805 2372 3153 2427 constitutam
3173 2412 3188 2437 ,
3218 2383 3380 2440 quam
3426 2366 3551 2422 licet
3602 2378 3798 2423 sensus

2216 2466 2387 2520 nostri
2410 2464 2634 2519 diversis
2679 2463 2913 2518 aditibus
2941 2461 3216 2531 impleant,
3269 2467 3448 2514 tamen
3475 2457 3681 2527 singula
3713 2457 3798 2509 in-

2214 2555 2545 2611 troeuntium
2571 2567 2767 2622 genera
2786 2567 2937 2607 mens
2960 2551 3150 2607 eadem
3176 2534 3474 2619 dijudicans
3500 2546 3803 2615 atque‘dis-

2208 2662 2473 2711 cernens,
2499 2646 2628 2701 locis
2677 2644 3041 2715 intelligentiae
3067 2641 3317 2710 congruis
3340 2640 3592 2695 universa
3619 2637 3805 2706 dispo-

2218 2740 2320 2794 nit.
2344 2737 2413 2791 Et
2430 2738 2571 2793 sicut
2596 2737 2831 2792 civitatis
2858 2735 3186 2805 exemplum,
3209 2732 3451 2788 videmus
3478 2730 3635 2784 unius
3661 2732 3805 2796 gen-’-

2221 2830 2290 2885 tis
2308 2836 2471 2898 atque
2498 2826 2834 2898 cognationis
2853 2826 3100 2881 homines
3121 2839 3225 2880 non
3251 2837 3350 2894 per
3364 2818 3584 2879 easdem
3610 2820 3809 2890 portas

2225 2920 2454 2989 ingredi,
2474 2918 2569 2974 sed
2599 2918 2733 2972 alios
2752 2931 2852 2987 per
2878 2917 3040 2971 alium
3069 2915 3291 2976 aditum.
3322 2921 3383 2968 ut
3402 2927 3519 2968 sors
3546 2926 3607 2966 se
3632 2910 3810 2987 obtu-

2224 2998 2366 3076 lerit,
2398 3012 2618 3067 introire
2632 3024 2655 3076 κς
2669 3008 3022 3064 nihilominus
3049 3017 3227 3062 tamen
3268 3006 3410 3060 intra
3433 3017 3616 3058 muros
3636 2997 3817 3056 allec.

2227 3111 2314 3160 tos
2339 3097 2535 3157 iterum
2569 3100 2728 3156 simul
2773 3115 2913 3165 esse,
2956 3098 3047 3167 qui
3075 3095 3441 3152 familiaritate
3468 3100 3651 3147 mutua
3676 3089 3819 3161 jam

544 3181 678 3258 imm
722 3181 1010 3274 recipiens,
1038 3212 1095 3260 et
1137 3204 1367 3270 geminis
1423 3202 1610 3258 ﬁstulis
1655 3201 1722 3256 ad
1770 3216 1929 3256 nares
1955 3214 2126 3270 usque
2147 3200 2200 3264 ε
2228 3194 2532 3263 gebantur:
2563 3200 2629 3247 ut
2651 3192 2957 3246 econtrario
2978 3187 3093 3244 ﬁeri
3114 3200 3281 3257 posse
3296 3183 3589 3249 concedas,
3620 3191 3681 3249 et
3713 3181 3817 3250 qui

547 3294 882 3364 pertingens,
907 3299 1099 3349 'vocem
1122 3299 1254 3363 erga
1276 3293 1519 3349 colatorii
1542 3293 1660 3347 loca
1689 3292 1990 3361 disrumpit,
2013 3304 2128 3345 ma-

544 3385 801 3455 ioresque
828 3386 1037 3441 sonitus
1078 3385 1269 3453 ellicit;
1301 3386 1638 3447 maxillarum
1685 3398 1904 3454 quoque
1943 3391 2001 3439 et
2028 3383 2130 3439 liu-

550 3488 669 3546 gua!
709 3476 1056 3547 fauciumque
1085 3480 1220 3534 mira
1260 3476 1529 3543 formatio,
1554 3476 1707 3546 juxta
1734 3490 1856 3545 quae
1890 3482 2131 3529 mentum

546 3568 658 3624 leni
679 3567 823 3624 ﬂuxu
846 3565 1141 3625 deductum
1163 3584 1259 3639 per
1282 3568 1519 3638 speciem
1541 3564 1881 3621 rotunditatis
1901 3564 2128 3619 acuitur.

552 3658 682 3714 ιιωε
703 3669 882 3714 autem
904 3659 1082 3715 omnia
1105 3668 1306 3714 motum
1317 3656 1807 3713 videntursimilare
1821 3668 2129 3720 nervorum,

548 3766 676 3819 qua:
704 3767 856 3807 mens
876 3752 964 3819 (ut
989 3766 1131 3821 sepe
1151 3751 1353 3805 dictum
1376 3759 1457 3805 est
1484 3751 1504 3820 )
1542 3748 1729 3819 plectri
1770 3747 1890 3803 vice
1917 3745 2132 3801 contiu-

551 3854 712 3907 gens,
741 3842 889 3895 varie
917 3852 1079 3911 atque
1100 3839 1466 3909 multipliciter
1494 3840 1547 3893 in
1574 3854 1673 3894 suo
1704 3847 1948 3906 tempore
1974 3844 2137 3906 prout

552 3945 693 4000 Opus
737 3931 1012 3998 exegerit,
1044 3928 1233 3984 modos
1276 3928 1440 3982 nimia
1480 3927 1768 3982 velocitate
1807 3924 2132 3994 componit:

556 4019 819 4073 labiorum
848 4032 978 4075 vero
1002 4015 1278 4083 adapertio
1317 4023 1477 4083 atque
1504 4011 1780 4068 conclusio
1800 4012 2028 4081 idipsum
2058 4010 2137 4066 fa-

557 4109 652 4170 cit,
677 4107 820 4175 quod
845 4106 994 4174 digiti
1022 4106 1112 4173 qui
1137 4105 1380 4175 spiritum
1402 4103 1543 4159 tibiae
1558 4103 1711 4172 juxta
1733 4103 2136 4157 consonantiam

560 4193 943 4249 modulationis
972 4192 1215 4257 assumit,
1244 4193 1485 4262 scitaque
1511 4206 1664 4245 mens
1685 4205 1782 4261 per
1801 4191 1916 4245 haec
1944 4190 2143 4246 instru-

560 4290 742 4347 menta
797 4283 1157 4338 membrorum
1206 4283 1470 4337 rationem
1522 4280 1828 4335 modulatur
1854 4280 1909 4335 in
1960 4280 2135 4344 nobis,

563 4386 661 4442 per
685 4385 844 4439 quam
873 4370 1035 4424 etiam
1064 4369 1357 4425 rationales
1386 4369 1676 4438 probamur
1702 4367 1910 4431 ell’ecti,
1938 4382 2142 4435 nequa-

556 4476 746 4531 quam,
779 4468 837 4515 ut
886 4460 1141 4528 arbitror,
1188 4460 1450 4515 habentes
1475 4459 1707 4514 rationis
1734 4459 1982 4527 gratiam.
2013 4457 2141 4512 Sine

2230 3285 2332 3341 sibi
2354 3290 2477 3339 sunt
2504 3283 2747 3341 extranei
2782 3282 2872 3337 vel
2887 3280 3180 3349 incogniti,
3203 3293 3312 3333 uno
3349 3276 3543 3347 saepius
3568 3273 3820 3331 civitatis

2233 3374 2382 3452 aditu
2408 3381 2645 3438 utantur,
2676 3373 2773 3427 sed
2792 3387 2903 3427 non
2946 3370 3267 3440 copulentur
3295 3368 3529 3423 invicem
3562 3376 3820 3420 commu-

2234 3466 2411 3522 nionis
2434 3464 2686 3530 introitu;
2720 3470 2946 3532 possunt
2969 3461 3115 3516 enim
3162 3459 3483 3527 intrinsecus
3524 3455 3821 3510 constituti

2234 3554 2552 3611 habitaculis
2578 3552 2773 3608 dirimi.
2805 3551 2937 3607 Tale
2956 3550 3084 3620 quid
3110 3557 3166 3605 et
3194 3550 3249 3605 in
3280 3548 3476 3603 mentis
3503 3558 3709 3602 ηοω-ε
3732 3544 3823 3599 1a“-

2236 3647 2464 3702 titudine
2507 3643 2621 3701 fieri
2662 3659 2823 3714 posse
2848 3643 3143 3713 conspicio.
3180 3641 3513 3710 Frequenter
3548 3638 3702 3693 enim
3749 3652 3822 3691 ex

2236 3737 2464 3793 diversis
2488 3735 2740 3791 sensibus
2761 3734 2988 3790 scientia
3032 3747 3139 3787 una
3167 3732 3325 3787 nobis
3371 3729 3668 3797 colligitur,
3695 3738 3826 3797 qua:

2234 3828 2481 3887 eamdem
2508 3841 2624 3883 rem
2653 3825 2933 3897 multiplici
2958 3839 3213 3881 sensuum
3235 3822 3499 3877 varietate
3518 3820 3821 3875 distribuit.

2236 3921 2478 3993 Itemque
2504 3920 2633 3976 huic
2682 3918 3014 3975 contrarium
3056 3926 3142 3973 est
3164 3916 3369 3979 videre,
3398 3928 3469 3970 ex
3494 3928 3603 3968 uno
3629 3913 3831 3981 aliquo

2238 4027 2420 4079 semu,
2447 4013 2613 4068 multa
2636 4013 2902 4080 variaque
2928 4010 3063 4065 nihil
3090 4009 3193 4064 sibi
3222 4008 3450 4063 invicem
3478 4005 3633 4075 juxta
3661 4013 3836 4058 natu-

2234 4120 2356 4160 ram
2375 4102 2756 4159 concordantia
2777 4101 3235 4170 consonantiaque
3250 4096 3579 4168 perdiscere,
3602 4104 3667 4149 at
3694 4103 3841 4164 pote

2234 4203 2571 4268 proponatur
2590 4194 2806 4267 (melius
2829 4200 2912 4247 est
2938 4192 3083 4246 enim
3111 4189 3369 4258 exemplis
3389 4186 3682 4242 enucleare
3709 4200 3846 4239 sen—

2238 4284 2497 4353 tentiam)
2549 4282 2749 4351 aliquid
2800 4282 2868 4337 de
2912 4295 3125 4336 morum
3165 4278 3493 4348 proprietate
3546 4275 3843 4344 perquiri.

2240 4374 2369 4445 quid
2394 4388 2561 4428 suave
2608 4372 2678 4427 sit
2722 4372 3002 4433 sensibus,
3033 4368 3229 4437 quidve
3272 4366 3610 4434 gustantibus
3638 4365 3718 4419 sit
3746 4366 3847 4417 vi-

2244 4465 2484 4521 tandum.
2535 4463 2876 4534 Experientia
2902 4461 3101 4531 quippe
3140 4459 3253 4528 ipsa
3280 4458 3484 4527 reperit
3502 4456 3856 4510 amaritudi-

558 4551 667 4606 hoc
715 4566 841 4606 casu
875 4565 1037 4620 grave
1082 4550 1519 4620 laboriosumque
1572 4550 1848 4605 servitium
1899 4549 2143 4619 carperis
2172 4572 2369 4641 Daem
2400 4556 2556 4619 fellis,
2604 4553 2887 4622 mellisque
2914 4550 3275 4620 gratissimam
3316 4547 3657 4617 qualitatem.
3689 4545 3855 4599 Cum

557 4643 747 4698 usibus
785 4643 1153 4698 tantummodo
1196 4643 1457 4697 labiorum
1497 4642 1776 4711 acquirere
1803 4644 2137 4710 cogeremur.

558 4731 717 4787 Nunc
743 4742 921 4788 autem
953 4750 1141 4789 manus
1172 4733 1223 4787 in
1253 4748 1312 4787 se
1341 4733 1445 4787 hoc
1490 4730 1726 4787 officium
1758 4729 2145 4785 transferentes

563 4837 628 4877 os
658 4823 882 4878 liberum
911 4824 976 4877 ad
1008 4825 1273 4879 sermonis
1301 4824 1654 4878 ministerium
1682 4823 2034 4893 reliquerunt.

1195 4951 1423 5007 CAPUT
1460 4952 1527 5006 Χ.

888 5059 1042 5128 Quod
1062 5082 1151 5133 per
1178 5082 1357 5120 sensus
1385 5083 1526 5121 meus
1568 5075 1820 5138 operetur.

639 5176 842 5247 Duplex
872 5186 1051 5231 autem
1103 5177 1258 5246 hujus
1308 5180 1645 5233 instrumenti
1675 5179 2043 5234 consideretur
2070 5181 2150 5233 ef-

568 5270 759 5327 lectus.
793 5271 947 5324 Aliud
1001 5272 1143 5325 enim
1184 5272 1299 5341 ejus
1350 5281 1605 5341 operatur
1649 5272 1957 5341 eloquium,
2002 5269 2148 5325 aliud

575 5379 703 5419 vero
728 5352 884 5417 vacat
915 5362 978 5416 ad
1009 5361 1373 5432 suscipiendas
1400 5362 1778 5432 intelligentias
1804 5376 1923 5431 qua:
1945 5360 2148 5415 extrin-

568 5472 728 5513 secus
756 5457 994 5521 veniunt,
1041 5472 1142 5512 nec
1167 5456 1391 5511 alterum
1419 5457 1677 5512 miscetur
1725 5455 1899 5521 alteri,
1924 5456 2015 5511 sed
2048 5456 2150 5509 im-

569 5548 681 5617 plet
707 5547 1080 5618 operationem
1111 5562 1271 5616 quam
1301 5555 1489 5600 natura
1522 5544 1819 5610 constituit,
1846 5545 2044 5601 nullam
2072 5544 2154 5599 af-

572 5634 749 5690 ferens
786 5636 962 5690 vicino
993 5636 1312 5690 molestiam.
1354 5634 1485 5688 Nam
1524 5650 1625 5690 nec
1654 5635 1865 5690 auditus
1897 5636 2151 5704 loquitur,

573 5741 674 5781 nec
702 5742 807 5781 vox
832 5727 997 5782 audit.
1025 5726 1149 5783 Haec
1169 5728 1310 5781 enim
1339 5742 1554 5798 semper
1580 5726 1781 5797 aliquid
1812 5731 2030 5798 promit.
2062 5744 2158 5783 au-

575 5814 716 5871 ditus
743 5826 920 5872 autem
946 5817 1243 5891 suscipiens
1263 5816 1462 5888 jugitcr
1501 5833 1607 5874 non
1639 5818 1978 5890 adimpletur.
2003 5818 2156 5875 Sicut

2249 4648 2361 4701 haec
2389 4660 2518 4713 ergo
2538 4651 2688 4699 certa
2712 4643 2837 4707 sint,
2863 4656 3023 4695 unam
3052 4638 3263 4695 confert
3279 4638 3588 4704 scientiam,
3617 4652 3713 4690 res
3738 4650 3859 4689 ea-

2248 4738 2371 4791 dem
2418 4735 2782 4802 intelligentim
2829 4741 3026 4787 nostra:
3078 4728 3366 4784 multifario
3412 4727 3751 4795 conquisita,
3782 4726 3865 4780 id

2248 4835 2352 4892 est,
2395 4842 2495 4897 per
2516 4833 2749 4894 gustum,
2780 4823 2971 4887 visum,
3017 4822 3275 4886 auditum,
3325 4821 3612 4874 odoratum
3670 4820 3864 4873 etiam

2250 4915 2560 4984 frequenter
2601 4921 2657 4968 et
2681 4922 2904 4968 tactum.
2936 4912 3067 4966 Nam
3099 4912 3205 4965 mel
3241 4910 3506 4979 quispiam
3536 4908 3761 4974 videns,
3796 4918 3871 4963 et

2250 5019 2452 5059 nomen
2480 5001 2596 5072 ejus
2643 5000 2888 5069 audiens,
2917 5009 2974 5055 et
2998 5009 3215 5068 gustum
3252 4998 3577 5068 percipiens,
3608 5004 3671 5051 et
3698 4996 3871 5051 odo-

2251 5109 2367 5148 rem
2412 5093 2670 5159 sentiens,
2700 5100 2759 5148 et
2788 5100 2937 5146 tactu
2984 5090 3361 5160 comprobans,
3388 5104 3549 5143 unam
3589 5104 3715 5144 rem
3742 5104 3880 5159 per

2254 5201 2442 5241 omnes
2467 5200 2658 5240 sensus
2683 5184 2947 5251 agnoscit.
2979 5183 3110 5238 Item
3134 5184 3284 5237 varia
3313 5196 3534 5252 quoque
3567 5190 3626 5235 et
3656 5183 3781 5235 misi
3794 5186 3879 5235 ti-

2252 5276 2446 5332 formia
2482 5291 2583 5347 per
2611 5291 2772 5329 unum
2801 5276 3113 5344 quempiam
3153 5288 3222 5329 ex
3249 5272 3497 5327 sensibus
3524 5272 3892 5341 complecti~

2255 5381 2376 5421 mur
2403 5375 2461 5421 et
2485 5376 2762 5431 tenemus;
2787 5381 2910 5420 nam
2939 5374 2995 5420 et
3030 5364 3245 5420 auditus
3269 5363 3617 5420 multinodas
3637 5364 3892 5434 excipit

2256 5474 2445 5523 voces,
2478 5467 2535 5513 et
2559 5454 2840 5513 oculorum
2861 5458 3007 5513 visus
3027 5457 3371 5513 indiscretam
3386 5465 3552 5524 atque
3576 5454 3900 5525 ωιιιιὶριί-

2257 5566 2379 5606 cem
2407 5550 2575 5604 habet
2598 5547 2896 5604 efﬁcaciam
2922 5548 2992 5603 ad
3018 5547 3382 5605 contuendum
3402 5560 3468 5601 ea
3495 5559 3621 5614 qua:
3641 5558 3907 5614 genere

2257 5648 2383 5696 sunt
2404 5639 2631 5694 diversa.
2684 5636 2945 5694 Similiter
2971 5639 3115 5694 enim
3141 5639 3321 5695 album
3357 5638 3789 5709 contemplatur
3830 5652 3913 5699 et

2257 5731 2467 5798 nigrum
2496 5738 2552 5784 et
2579 5730 2759 5785 omnia
2786 5745 2905 5800 qua:
2924 5729 3025 5785 sibi
3046 5738 3173 5785 sunt
3192 5730 3434 5787 colorum
3455 5730 3921 5791 contrarietate

2257 5820 2535 5889 distantia,
2558 5820 2697 5877 sicut
2717 5820 2993 5887 odoratus,
3037 5820 3178 5875 sicut
3205 5828 3410 5892 gustus,
3440 5828 3497 5873 et
3525 5827 3712 5877 tactus
3748 5836 3921 5881 om.
