4000 6344
242 370 340 425 561

1057 368 1229 424 LIBRI
1274 368 1360 423 DE
1397 367 1782 425 CREATIO'NE
1825 369 2098 427 IIOMINIS
2136 366 2696 425 INTEltl‘RETA'I'lO.

3392 373 3496 423 δοε

241 483 579 539 uitandarum
635 483 910 540 scientiam
960 500 1133 540 rerum
1182 486 1288 540 suis
1320 500 1512 553 capere
1560 483 1817 553 probatur
1849 482 1890 539 Α
1922 481 2077 548 hens,
2107 482 2159 536 in
2190 496 2326 552 quos
2379 482 2610 535 voluerit
2655 480 2877 538 effectus
2924 489 3183 554 erumpat.
3233 484 3311 538 Ad
3359 485 3500 540 hanc

237 572 540 629 effectibus.

847 685 1074 741 CAPUT
1123 686 1209 740 XI.

668 870 673 874 ,
734 808 812 863 De
851 808 1071 863 essentia
1110 807 1322 863 animm.

300 958 443 1024 Quid
495 958 656 1025 igitur
699 964 783 1013 est
824 973 975 1013 ntens
1024 958 1174 1027 juxta
1227 964 1473 1011 naturam
1526 956 1819 1026 propriam,

234 1064 352 1118 qua:
382 1048 725 1103 sen~ualibus
762 1049 1017 1117 potentiis
1046 1063 1165 1102 sese
1193 1048 1483 1114 distribuit,
1517 1055 1571 1101 et
1594 1062 1689 1117 per
1715 1046 1825 1100 sin-

233 1140 385 1207 gulas
432 1146 809 1207 competenter
858 1154 1045 1192 eorum
1081 1153 1202 1207 qua;
1249 1147 1375 1192 sunt
1422 1138 1700 1191 scientiam
1735 1153 1823 1191 su-

236 1232 367 1283 mit?
397 1228 553 1295 Quod
598 1228 740 1283 ettim
780 1228 922 1282 aliud
961 1228 1211 1296 quiddam
1252 1228 1321 1281 sit
1356 1236 1548 1297 pneter
1585 1242 1819 1292 sensum,

233 1318 539 1387 quemlibet
553 1300 892 1387 prudentium
921 1317 1167 1373 dubitare
1196 1334 1303 1373 non
1335 1319 1584 1373 arbitror.
1617 1317 1750 1373 Nam
1776 1319 1820 1372 si

234 1410 470 1477 idipsum
518 1424 671 1463 mens
715 1408 858 1478 quod
904 1425 1093 1464 sensus
1144 1418 1317 1475 esset,
1365 1410 1522 1464 unius
1576 1406 1822 1479 profecto

235 1501 382 1567 juxta
406 1515 598 1553 sensus
619 1499 910 1554 efﬁcaciam
931 1500 1273 1570 proprietatis
1289 1501 1565 1567 existeret,
1578 1506 1824 1569 propter-

234 1605 299 1643 ea
334 1590 481 1657 quod
531 1590 759 1659 simplex
797 1590 1012 1658 quidem
1043 1591 1157 1659 ipsa
1185 1591 1255 1646 sit
1284 1599 1339 1645 et
1366 1590 1497 1644 nihil
1527 1589 1579 1643 in
1608 1604 1669 1643 re
1695 1588 1823 1641 sim-

234 1681 363 1749 plici
391 1680 596 1733 varium
646 1680 881 1750 conspici
929 1689 1093 1749 queat
1130 1698 1143 1733 :
1181 1696 1323 1735 nunc
1368 1688 1546 1734 autem
1577 1678 1823 1757 omnibus

232 1768 718 1833 consentientibus,
751 1769 892 1822 aliud
924 1778 1005 1822 est
1037 1777 1210 1823 tactus
1230 1811 1246 1835 ,
1279 1768 1423 1821 aliud
1451 1767 1736 1830 odoratus,
1768 1773 1823 1818 ct

1925 582 2101 626 autem
2133 574 2394 627 rationem
2424 573 2586 627 veluti
2619 582 2783 628 testes
2807 574 3057 631 videntur
3085 575 3277 631 afferre
3300 576 3497 630 tristiﬁ-

1925 676 2016 714 cas
2039 671 2198 732 atque
2223 663 2758 718 irascibileshominis
2781 665 3276 737 aﬁectiones:quod
3298 668 3501 723 scilicet

1926 750 2228 819 hujusmodi
2270 754 2545 821 passiones
2576 754 2715 808 hanc
2736 763 2939 823 partem
2980 755 3044 809 ad
3075 757 3501 825 compassionem

1924 856 2263 896 commovere
2288 842 2587 897 videantur.
2620 844 2718 909 Qui
2746 859 2875 898 vero
2897 846 3175 899 cerebrum
3203 847 3503 914 intelligen-

1929 930 2012 983 tia:
2054 930 2381 985 domicilium
2411 934 2655 995 credunt,
2687 934 2837 1001 quasi
2867 934 3151 1002 quamdam
3182 951 3358 991 arcem
3389 938 3503 990 uni-

1926 1022 2063 1077 versi
2094 1026 2333 1093 corporis
2365 1035 2524 1096 caput
2550 1024 2799 1082 asserunt
2823 1045 2850 1082 a
2882 1037 3075 1084 natura
3113 1039 3500 1090 constructum,

1927 1115 1977 1167 in
2010 1131 2117 1183 quo
2147 1125 2382 1171 mentem
2414 1119 2565 1186 quasi
2594 1120 2833 1188 reginam
2874 1121 3161 1190 quamdam
3204 1122 3504 1176 inhabitare

1926 1208 2294 1273 pronuntiant,
2326 1224 2444 1277 quae
2472 1210 2634 1264 veluti
2677 1211 2994 1278 quibusdam
3024 1213 3227 1266 nuntiis
3256 1229 3351 1268 seu
3380 1228 3507 1283 pro-

1930 1298 2222 1351 tectoribus
2249 1299 2320 1352 ita
2351 1301 2594 1355 sensibus
2623 1302 3039 1371 circumquaque
3070 1305 3312 1359 valletur.
3343 1305 3504 1374 Signa

1926 1404 2055 1443 vero
2080 1398 2136 1443 et
2164 1391 2249 1444 isti
2296 1391 2662 1459 hujuscemodi
2688 1394 3009 1463 suspicionis
3040 1395 3329 1459 insinuant,
3360 1396 3504 1464 quod

1926 1494 2079 1536 mens
2108 1489 2233 1545 tunc
2262 1497 2292 1535 a
2322 1490 2472 1537 recto
2518 1483 2743 1537 consilio
2791 1492 2845 1537 et
2892 1484 2959 1538 ab
3008 1499 3073 1539 eo
3120 1484 3265 1553 quod
3314 1485 3508 1540 deceat

1927 1568 2240 1635 abducatur,
2274 1571 2487 1642 quando
2538 1573 2745 1626 cerebri
2792 1574 3101 1627 membrana
3154 1582 3399 1638 vexatur,
3446 1583 3507 1629 et

1926 1659 2068 1727 quod
2100 1661 2153 1714 in
2177 1662 2475 1728 ignorantia
2506 1663 2804 1717 honestatis
2833 1663 3048 1731 degant,
3100 1680 3237 1733 quos
3273 1664 3506 1719 ebrietas

1927 1760 2134 1820 gravat.
2160 1751 2241 1805 Ad
2285 1752 2397 1806 haec
2447 1761 2624 1806 autem
2675 1761 2729 1807 et
2775 1753 2980 1822 aliquas
3009 1770 3197 1808 causas
3232 1754 3505 1809 naturales

232 1862 372 1914 alios
401 1862 617 1928 quidem
648 1862 1114 1915 incommutabilcs
1144 1868 1198 1914 et
1240 1860 1611 1929 impermixtos
1637 1858 1823 1912 simili-

1931 1842 2219 1910 adjiciunt,
2261 1842 2453 1911 quibus
2491 1843 2772 1911 opiniones
2808 1858 2932 1897 suas
2982 1843 3203 1910 singulis
3256 1858 3390 1914 quas
3439 1842 3506 1897 de

234 1960 319 2003 ter
358 1967 480 2003 esse
516 1966 705 2004 sensus
742 1950 807 2003 ad
846 1952 1105 2014 invicem,
1144 1958 1201 2004 et
1240 1951 1365 2019 quia
1412 1965 1564 2004 mens
1600 1949 1820 2017 singulis

230 2042 516 2109 aequaliter
543 2042 714 2104 adest,
746 2043 888 2095 aliud
911 2042 1036 2109 quid
1064 2051 1277 2110 oportet
1306 2057 1423 2096 eam
1454 2048 1674 2111 propter
1693 2055 1816 2093 sen-

231 2134 444 2185 sualetn
475 2131 707 2185 diﬂinire
734 2131 1110 2194 substantiam,
1147 2147 1212 2185 ne
1241 2131 1365 2201 quid
1396 2132 1474 2185 rei
1504 2129 1818 2197 intelligihili

233 2225 409 2293 po»it
445 2224 718 2277 varietatis
754 2224 969 2278 ascribi.
1010 2222 1136 2285 Quis
1184 2223 1415 2293 cognovit
1460 2238 1665 2275 sensum
1706 2219 1818 2274 Da-

234 2318 403 2369 mini?
428 2316 714 2385 Apostolus
743 2316 849 2375 ait;
874 2330 975 2383 ego
1006 2324 1182 2369 autem
1212 2315 1331 2369 dico
1356 2331 1368 2366 :
1402 2314 1531 2378 Quis
1550 2312 1817 2381 propriazn

234 2414 476 2459 tuentem
504 2406 847 2458 considerare
874 2405 1187 2474 pnevaluit?
1208 2404 1395 2459 Dicant
1424 2405 1513 2473 qui
1538 2404 1629 2458 Dei
1660 2413 1818 2457 natu—

234 2514 353 2550 ram
383 2513 444 2551 se
474 2504 662 2565 putant
687 2513 849 2565 pusse
889 2497 1377 2566 comprehendere,
1410 2496 1455 2550 si
1486 2511 1544 2551 se
1574 2494 1821 2549 conside-

233 2599 385 2654 rant,
432 2590 475 2642 si
526 2590 719 2642 mentis
763 2604 872 2642 sure
908 2590 1257 2643 substantiam
1295 2598 1523 2653 norunt;
1555 2588 1598 2641 si
1642 2587 1823 2641 multi-

233 2678 397 2731 moda
423 2677 665 2747 quaedam
688 2687 792 2742 est,
815 2678 1079 2748 varizeque
1102 2680 1527 2748 compositionis.
1554 2678 1822 2747 quomodo

233 2769 291 2820 in
327 2768 650 2836 multiplices
679 2783 867 2821 sensus
903 2768 1170 2834 inseritur,
1205 2768 1471 2837 quomodo
1502 2769 1554 2822 in
1584 2767 1820 2835 singula-

232 2861 401 2913 ritate
435 2858 574 2925 Quod
605 2858 832 2923 varium,
859 2860 1132 2927 quomodo
1164 2860 1213 2913 in
1247 2860 1504 2926 varietate
1544 2862 1685 2927 quod
1715 2860 1823 2913 sin-

234 2949 429 3016 gulare
462 2958 539 3002 est
570 2949 872 3003 invenitur?
902 2949 1007 3003 Sed
1038 2948 1228 3018 agnovi
1259 2950 1579 3004 solutionem
1610 2948 1820 3003 difﬁcil-

234 3042 381 3095 hunc
428 3041 767 3108 qumstionis,
815 3042 880 3095 ad
924 3043 1092 3111 ipsam
1133 3058 1321 3097 vocem
1369 3043 1601 3096 divinam
1641 3057 1825 3096 recur-

234 3146 369 3184 rens
400 3148 413 3181 :
441 3129 742 3198 Faciamus,
774 3132 965 3201 inquit,
999 3133 1254 3186 hominem
1283 3134 1353 3185 ad
1379 3134 1653 3202 imaginem
1684 3142 1734 3186 et
1760 3134 1828 3186 si-

1925 1935 2205 2004 principali
2226 1934 2458 1989 hominis
2481 1943 2635 2003 parte
2654 1935 2920 1999 deferunt,
2944 1936 3263 1990 conﬁrmare
3286 1936 3505 1990 vidcan-

1924 2034 2029 2079 tur.
2056 2025 2121 2079 Et
2149 2026 2235 2080 hic
2264 2024 2477 2094 quidem
2510 2024 2576 2079 ad
2606 2025 2815 2094 igneam
2846 2034 3091 2080 naturam
3113 2026 3288 2080 cordis
3309 2040 3505 2092 cogna-

1924 2118 2123 2171 tionem
2158 2123 2399 2170 motuum
2442 2116 2638 2171 mentis
2676 2115 2930 2183 afﬁrmat,
2964 2124 3250 2187 propterea
3280 2114 3420 2184 quod
3450 2123 3505 2169 et

1923 2206 2119 2261 mentis
2146 2213 2202 2259 et
2233 2206 2368 2273 ignis
2398 2204 2812 2260 indormitabilis
2837 2207 3093 2276 probetur
3116 2220 3235 2261 esse
3256 2205 3503 2260 substan-

1924 2296 2014 2358 tia,
2048 2304 2103 2348 et
2130 2295 2251 2362 quia
2285 2294 2336 2347 in
2368 2294 2548 2348 cordis
2586 2303 2738 2363 parte
2770 2304 3005 2349 mentem
3034 2294 3228 2349 fatetur
3256 2291 3499 2356 influere,

1924 2386 2125 2440 idcirco
2151 2385 2447 2439 mobilitate
2476 2384 2701 2439 fervoris
2732 2394 2933 2439 motum
2977 2386 3266 2454 temperari
3309 2386 3503 2439 mentis

1924 2474 2140 2537 astruit,
2172 2475 2570 2544 receptaculum
2602 2482 2805 2529 natura:
2849 2476 3198 2542 intelligibilis
3222 2492 3337 2532 cor
3384 2493 3502 2531 esse

1923 2566 2297 2637 pronuntians,
2323 2566 2374 2620 in
2404 2581 2511 2635 quo
2535 2567 2682 2621 calor
2702 2567 2957 2621 exundat.
2991 2568 3141 2622 Alter
3162 2579 3341 2623 autem
3372 2584 3502 2623 cun-

1926 2667 2133 2712 ctorum
2180 2673 2433 2713 sensuum
2484 2658 2647 2713 veluti
2690 2659 3012 2728 principium
3060 2670 3222 2729 atque
3271 2661 3503 2715 radicem

1926 2748 2131 2802 cerebri
2182 2748 2547 2802 membranam
2594 2763 2714 2803 esse
2762 2756 3010 2811 testatur,
3061 2766 3320 2819 suamque
3347 2750 3505 2804 ratio-

1928 2844 2049 2889 ntn
2079 2837 2179 2891 hac
2212 2835 2311 2891 ﬁde
2342 2836 2643 2902 conﬁrmat,
2676 2838 2818 2907 quod
2860 2855 2966 2893 non
3008 2840 3134 2893 alibi
3175 2840 3242 2893 sit
3284 2839 3505 2895 effectus

1929 2925 2289 2993 intelligentiae
2314 2927 2626 2991 collocatus,
2660 2928 2760 2982 nisi
2792 2928 2842 2981 in
2873 2944 2934 2982 ea
2967 2936 3119 2997 parte
3148 2929 3234 2983 ubi
3265 2937 3321 2982 et
3349 2945 3506 2983 aures

1929 3025 2123 3087 aptatae
2164 3019 2431 3073 irruentes
2470 3034 2631 3075 voces
2676 3020 2967 3089 accipiunt,
3000 3029 3054 3075 et
3095 3022 3316 3075 intuitus
3352 3022 3505 3091 juxta

1929 3110 2041 3178 ipsa
2070 3110 2344 3165 oculorum
2385 3110 2647 3180 profunda
2694 3122 2981 3168 concretus
3028 3123 3372 3169 occurrentes
3410 3131 3506 3185 pu-

232 3221 586 3274 mmmdinem
611 3233 857 3276 "omam.
883 3223 1062 3292 Imago
1084 3239 1314 3293 namque
1335 3201 1568 3293 quandi“
1596 3225 1649 3279 in
1679 3224 1827 3279 nullo
1855 3220 1900 3282 ρ
1932 3201 2072 3271 piliis
2098 3202 2386 3270 imaginum
2413 3202 2612 3257 formas
2641 3206 2956 3260 transmittit
2984 3206 3226 3272 interius,
3254 3216 3309 3261 et
3335 3208 3505 3275 quali-

236 3317 457 3386 protieit
488 3317 554 3369 ab
584 3317 666 3371 his
692 3332 811 3385 qua:
842 3318 893 3370 in
925 3320 1175 3387 pritnteva
1205 3318 1375 3373 forma
1404 3320 1668 3387 substant,
1698 3335 1824 3389 pro-

233 3411 364 3481 prie
393 3411 567 3477 imago
598 3412 967 3478 cognoscitur;
1000 3412 1043 3465 si
1073 3428 1201 3466 vero
1223 3429 1251 3465 a
1274 3412 1623 3467 similitudine
1643 3412 1824 3467 forma:

234 3503 552 3563 recesserit,
580 3501 732 3569 juxta
763 3518 882 3555 eam
922 3512 1130 3572 partem
1172 3504 1347 3571 imago
1378 3519 1488 3557 non
1526 3504 1647 3558 erit.
1681 3502 1827 3569 Quo-

235 3592 412 3647 modo
456 3594 616 3660 igitur
653 3603 709 3647 et
753 3595 857 3649 hoc
892 3612 1052 3648 unum
1095 3611 1162 3649 ex
1193 3596 1275 3648 his
1300 3604 1382 3649 est
1418 3610 1536 3664 qua:
1566 3596 1619 3649 in
1645 3596 1823 3649 divina

238 3693 438 3737 natum
464 3684 896 3749 considerantur,
916 3686 1056 3753 quod
1086 3686 1636 3754 incomprehensibilis
1662 3688 1825 3742 habe-

239 3787 337 3832 tur
365 3779 629 3842 essentire,
660 3794 877 3834 necesse
901 3788 983 3833 est
1010 3789 1063 3832 et
1101 3782 1382 3848 imaginem
1424 3781 1689 3851 primaeva:
1719 3782 1825 3836 for-

239 3884 348 3921 naaz
378 3869 575 3921 imitari
619 3871 991 3923 substantiam.
1044 3870 1197 3937 Quod
1238 3873 1283 3925 si
1332 3873 1589 3941 imagines
1636 3881 1825 3927 natura

236 3959 709 4028 Comprehendere
761 3970 966 4032 potest,
1008 3979 1128 4017 cum
1172 3965 1419 4034 primtcva
1445 3964 1613 4019 forma
1647 3965 1699 4019 in
1729 3982 1825 4020 sua

238 4051 835 4118 comprehensibilitate
878 4064 1209 4121 permaneat,
1238 4070 1303 4109 ex
1335 4055 1437 4109 hac
1468 4055 1581 4129 ipsa
1612 4065 1828 4111 contra-

234 4142 443 4194 rietate
482 4157 587 4209 qua
634 4145 1109 4212 comprehenditur
1136 4162 1255 4202 esse
1284 4148 1554 4202 dissimilis
1578 4165 1828 4220 compro-

235 4231 419 4285 batur.
446 4230 617 4285 Porro
646 4248 767 4286 cum
813 4231 979 4301 fugiat
1008 4236 1292 4289 humanam
1320 4238 1599 4293 scientiam
1632 4240 1827 4293 mentis

237 4334 447 4379 nostra:
489 4333 698 4387 natura,
729 4342 847 4394 quae
878 4335 961 4380 est
988 4326 1175 4382 elfecta
1213 4329 1279 4382 ad
1310 4330 1626 4398 imaginem,
1660 4332 1827 4385 refert

238 4414 885 4481 iucomprehensibilitate
913 4418 993 4471 sui
1025 4420 1466 4488 omnipotentiam
1510 4430 1715 4477 natura:
1745 4424 1826 4478 in-

239 4505 750 4573 comprehensibilis
780 4508 1105 4576 exprimens.

846 4644 1073 4701 CAPUT
1111 4646 1217 4701 ΧΠ.

244 4731 529 4802 Inquisitio
565 4733 653 4786 ubi
689 4735 977 4805 principale
1008 4737 1229 4809 (laminis
1257 4754 1367 4792 esse
1396 4739 1656 4809 videatur,
1683 4753 1733 4798 et
1760 4744 1822 4798 de

810 4807 1051 4875 lucrymis
1075 4817 1123 4860 et
1144 4810 1269 4860 risu.

317 4912 487 4967 Sileat
513 4928 641 4982 ergo
680 4917 857 4970 omnis
893 4917 1271 4985 conjecturalis
1314 4929 1369 4974 et
1412 4938 1549 4976 vana
1598 4924 1799 4979 locutio

232 5023 364 5077 qua:
413 5009 560 5062 mille
605 5010 920 5079 quibusdam
969 5012 1129 5066 rebus
1164 5016 1440 5082 corporeis
1478 5016 1580 5069 vim
1612 5017 1823 5071 intelle-

234 5097 437 5150 Ctualis
476 5099 806 5164 operationis
855 5100 1077 5154 includit
1109 5118 1121 5153 :
1153 5116 1220 5155 ex
1265 5102 1456 5169 quibus
1504 5105 1719 5173 quidam
1766 5106 1819 5161 id

231 5186 389 5255 quod
439 5188 671 5243 hominis
716 5191 1009 5261 principale
1037 5202 1137 5256 est,
1168 5194 1222 5246 in
1254 5193 1419 5248 corde
1445 5197 1775 5251 constituunt
1804 5215 1814 5249 :

228 5280 461 5348 quidam
486 5295 615 5334 vero
642 5280 694 5334 in
726 5281 951 5336 cerebro
981 5283 1270 5338 subsistere
1298 5288 1654 5355 suspicantur,
1683 5304 1817 5357 qua-

232 5374 361 5419 da...
388 5369 670 5438 ~uperlicie
701 5373 1107 5440 persnasionum
1138 5377 1443 5443 opinionem
1474 5378 1632 5447 hujus
1659 5381 1821 5436 robo-

228 5467 445 5513 rantes.
477 5457 526 5511 Is
552 5460 694 5513 enim
722 5462 812 5529 qui
841 5463 894 5516 in
923 5464 1088 5518 corde
1127 5466 1416 5537 principale
1444 5469 1675 5524 hominis
1703 5486 1820 5526 esse

227 5546 448 5606 deﬁnit,
480 5564 547 5601 ex
580 5550 679 5603 loci
716 5553 822 5606 situ
860 5566 1172 5620 argumenta
1218 5560 1404 5614 nititur
1450 5576 1560 5615 sua:
1598 5563 1821 5618 rationis

224 5653 538 5708 apponere,
582 5655 868 5712 propterea
916 5647 1060 5715 quod
1107 5653 1336 5709 medium
1382 5653 1559 5708 locum
1608 5655 1822 5710 videtur

225 5742 335 5783 tor
376 5731 550 5783 totius
600 5735 841 5801 corporis
884 5737 1175 5809 continere,
1220 5755 1487 5819 quatenus
1515 5760 1574 5798 se
1602 5757 1812 5814 sponta-

222 5832 370 5873 neos
398 5829 581 5875 motus
610 5836 640 5875 e
670 5826 844 5878 medio
873 5826 940 5879 ad
970 5844 1122 5887 omne
1169 5856 1367 5917 corpus
1420 5837 1627 5891 facilius
1667 5840 1819 5896 exhi-

530 5916 797 5974 l‘n'noz-.
851 5920 1088 5981 l.f\'\'ll.

1932 3304 2068 3350 tates
2090 3296 2312 3350 odorum
2336 3298 2605 3352 variorum
2626 3297 3000 3352 discernuntur
3025 3306 3282 3353 attracnn.
3310 3296 3506 3353 Sensus

1926 3388 2088 3443 etiam
2118 3388 2209 3458 qui
2234 3398 2390 3457 gustu
2418 3390 2710 3459 perﬁcitur,
2738 3390 2934 3446 indicio
2955 3391 3336 3446 membranula:
3357 3407 3498 3446 cere-

1926 3477 2006 3532 bri
2052 3479 2212 3547 (sicut
2261 3496 2421 3548 supra
2468 3480 2669 3535 dictum
2710 3482 2812 3551 est)
2864 3483 3223 3551 approbatur,
3275 3497 3394 3550 qua:
3442 3481 3505 3535 de

1926 3570 2174 3640 proximo
2203 3570 2463 3639 quosdam
2492 3558 2780 3626 nervorum
2806 3572 3139 3626 ramusculos
3180 3587 3245 3625 ex
3286 3587 3343 3625 re
3390 3573 3505 3644 ipsa

1926 3661 2208 3715 sensibiles
2238 3677 2334 3730 per
2360 3662 2530 3715 nodos
2558 3663 2683 3717 colli
2711 3678 2877 3731 usque
2906 3664 2973 3717 ad
3003 3678 3066 3718 ea
3095 3664 3215 3719 loca
3259 3679 3378 3733 qua:
3416 3680 3498 3719 co-

1928 3751 2103 3806 latorii
2153 3752 2321 3805 instar
2362 3753 2617 3818 existunt,
2651 3763 2705 3808 et
2734 3754 3007 3809 musculos
3061 3756 3505 3825 circumjacentcs

1927 3843 2215 3897 interserit.
2247 3843 2355 3912 Ego
2384 3854 2583 3910 autem,
2624 3846 2749 3915 quia
2778 3862 2808 3900 a
2841 3846 3105 3916 passionis
3134 3862 3354 3902 accessu
3393 3849 3505 3901 ani-

1928 3953 2025 3992 mae
2052 3938 2406 4006 intelligentia
2447 3954 2591 4008 saepe
2635 3939 2899 4004 turbatur,
2928 3947 2982 3993 et
3010 3939 3132 4008 quia
3156 3939 3309 4008 juxta
3353 3949 3500 3996 natu-

1926 4029 2094 4084 ralem
2122 4031 2361 4097 vigorem
2404 4029 2745 4097 cogitationis
2767 4029 2989 4086 eﬁ‘ectus
3009 4030 3340 4095 obtunditnr,
3369 4047 3503 4099 qua-

1926 4119 2049 4174 dam
2098 4122 2203 4177 hoc
2250 4121 2392 4177 idem
2449 4124 2692 4191 corporis
2744 4126 3104 4190 aegrotatione
3155 4124 3503 4193 contingere,

1930 4226 2112 4266 verum
2138 4227 2256 4267 esse
2285 4214 2598 4282 pronuntio,
2630 4222 2685 4269 et
2712 4214 2915 4270 fontem
2945 4216 3233 4285 quemdam
3256 4233 3504 4287 corpora-

1927 4300 1992 4353 lis
2031 4300 2229 4355 caloris
2273 4316 2367 4356 cor
2413 4317 2531 4357 esse
2561 4318 2667 4356 non
2700 4317 2860 4371 nego,
2905 4304 3046 4373 quod
3089 4304 3159 4359 ad
3213 4307 3505 4362 irascibiles

1926 4389 2157 4459 impetus
2184 4390 2340 4445 facile
2369 4401 2757 4447 commovetur.
2804 4394 2978 4462 Super
3023 4394 3125 4449 hoc
3163 4396 3505 4452 nihilominus

1928 4496 2155 4548 prmesse
2192 4481 2532 4536 sensibilibus
2579 4483 2739 4537 rebus
2784 4468 3208 4537 membranulam
3259 4486 3503 4554 cerebri,

1851 4580 1898 4638 ι)
1920 4570 2073 4638 juxta
2122 4571 2383 4625 rationem
2414 4586 2599 4625 eorum
2629 4573 2719 4641 qui
2752 4573 2865 4627 haec
2891 4572 3122 4626 naturali
3145 4573 3504 4643 disputatione

1926 4672 2279 4730 pertractant,
2329 4650 2695 4734 complectens
2744 4665 2844 4717 sub
2890 4678 2949 4739 se
2996 4664 3304 4729 cerebrum,
3352 4666 3503 4734 cujus

1925 4755 2088 4807 etiam
2138 4752 2307 4808 foveri
2358 4755 2711 4823 vaporatione
2762 4752 3097 4823 pinguedinis
3144 4754 3386 4822 audiens,
3436 4760 3503 4813 ab

1924 4845 2008 4900 his
2053 4846 2144 4914 qui
2187 4861 2247 4901 se
2297 4846 2617 4901 anatomicis
2665 4845 3088 4915 inspectionibus
3140 4859 3503 4919 occuparunt,

1925 4935 2131 4990 irritum
2159 4936 2304 5005 quod
2328 4935 2520 4991 dicitur
2548 4938 2768 4992 omnino
2806 4953 2912 4991 non
2959 4942 3122 5007 facio;
3153 4944 3246 4998 sed
3289 4959 3395 4997 non
3437 4959 3500 4997 ex

1928 5028 2009 5082 his
2055 5030 2284 5097 probare
2331 5029 2651 5083 contendam
2691 5031 2834 5099 quod
2880 5033 3142 5090 localibus
3187 5038 3503 5105 quibusdam

1927 5118 2507 5187 circumscriptionibus
2536 5119 2852 5191 incorporea
2881 5125 3178 5180 substantia
3220 5128 3505 5183 concluda-

1926 5216 2033 5262 tur.
2064 5207 2196 5261 Nam
2238 5224 2337 5263 nos
2385 5224 2639 5266 excessus
2685 5211 3081 5271 irrationabiles
3124 5218 3237 5272 fieri
3287 5235 3392 5274 non
3437 5236 3503 5274 ex

1924 5298 2116 5367 capitis
2144 5301 2521 5367 aggravatione
2547 5302 2855 5359 didicimus.
2888 5304 3218 5363 Medicorum
3248 5326 3375 5365 vero
3416 5327 3503 5379 pe-

1926 5388 2186 5452 ritissimi,
2217 5391 2454 5460 utrisque
2482 5393 2759 5461 lateribus,
2788 5397 2983 5466 quibus
3011 5399 3250 5467 ejusdem
3291 5401 3501 5455 cerebri

1924 5481 2305 5535 membranula:
2349 5484 2715 5553 continentur,
2758 5487 2933 5556 aliqua
2973 5490 3221 5557 passione
3247 5488 3497 5556 turbatis,

1924 5570 2186 5625 rationale
2231 5580 2472 5628 nostrum
2521 5586 2789 5644 aegrotans
2835 5578 3115 5643 deﬁniunt,
3167 5578 3499 5647 appellantes

1925 5656 2233 5713 freneticam
2293 5662 2626 5728 passionem,
2684 5665 2809 5734 quia
2870 5665 3058 5719 iisdem
3112 5665 3496 5724 membranulis

1924 5749 2101 5806 frenes
2130 5768 2327 5807 nomen
2373 5756 2574 5810 existit.
2626 5754 2884 5811 Similiter
2926 5756 3085 5810 etiam
3136 5756 3352 5813 tristitia
3400 5776 3496 5816 cor

1924 5839 2064 5897 allici
2096 5841 2426 5910 suspicantes
2455 5846 2696 5913 profecto
2726 5843 2998 5901 falluntur.
3030 5844 3166 5902 Cum
3207 5849 3348 5904 enim
3388 5868 3495 5907 non

2994 5940 3065 6001 l2
