  <div class='ocr_page' id='page_1' title='image "/cluster/home/n/w/nwhite01/storage/ocr_20150623/67/hvd.32044073505141/189.png"; bbox 0 0 4000 6344; ppageno 0'>
   <div class='ocr_carea' id='block_1_1' title="bbox 507 390 604 443">
    <p class='ocr_par' dir='ltr' id='par_1_1' title="bbox 507 390 604 443">
     <span class='ocr_line' id='line_1_1' title="bbox 507 390 604 443; baseline 0.072 -10"><span class='ocrx_word' id='word_1_1' title='bbox 507 390 604 443; x_wconf 48' lang='lat' dir='ltr'><strong>Elim</strong></span> 
     </span>
    </p>
   </div>
   <div class='ocr_carea' id='block_1_2' title="bbox 1759 391 2458 457">
    <p class='ocr_par' dir='ltr' id='par_1_2' title="bbox 1759 391 2458 457">
     <span class='ocr_line' id='line_1_2' title="bbox 1759 391 2458 457; baseline 0.017 -12"><span class='ocrx_word' id='word_1_2' title='bbox 1759 391 2110 451; x_wconf 69' lang='grc' dir='ltr'><strong>ΜΟΝΥὲιίἰὸ</strong></span> <span class='ocrx_word' id='word_1_3' title='bbox 2147 396 2458 457; x_wconf 76' lang='lat' dir='ltr'><strong>EXIGUUS.</strong></span> 
     </span>
    </p>
   </div>
   <div class='ocr_carea' id='block_1_3' title="bbox 3646 402 3738 455">
    <p class='ocr_par' dir='ltr' id='par_1_3' title="bbox 3646 402 3738 455">
     <span class='ocr_line' id='line_1_3' title="bbox 3646 402 3738 455; baseline -0.011 0"><span class='ocrx_word' id='word_1_4' title='bbox 3646 402 3738 455; x_wconf 63' lang='grc' dir='ltr'>δη</span> 
     </span>
    </p>
   </div>
   <div class='ocr_carea' id='block_1_4' title="bbox 503 501 3744 580">
    <p class='ocr_par' dir='ltr' id='par_1_4' title="bbox 503 501 3744 580">
     <span class='ocr_line' id='line_1_4' title="bbox 503 501 3744 580; baseline 0.003 -24"><span class='ocrx_word' id='word_1_5' title='bbox 503 519 618 568; x_wconf 89' lang='lat' dir='ltr'><strong>cor,</strong></span> <span class='ocrx_word' id='word_1_6' title='bbox 649 501 741 557; x_wconf 87' lang='lat' dir='ltr'><strong>sed</strong></span> <span class='ocrx_word' id='word_1_7' title='bbox 774 518 834 558; x_wconf 94' lang='lat' dir='ltr'><strong>os</strong></span> <span class='ocrx_word' id='word_1_8' title='bbox 863 502 1064 557; x_wconf 75' lang='lat' dir='ltr'><strong>ventris</strong></span> <span class='ocrx_word' id='word_1_9' title='bbox 1095 515 1322 557; x_wconf 74' lang='lat' dir='ltr'><strong>maerore</strong></span> <span class='ocrx_word' id='word_1_10' title='bbox 1354 503 1615 570; x_wconf 92' lang='lat' dir='ltr'><strong>turbetur,</strong></span> <span class='ocrx_word' id='word_1_11' title='bbox 1650 504 1717 558; x_wconf 90' lang='lat' dir='ltr'><strong>ad</strong></span> <span class='ocrx_word' id='word_1_12' title='bbox 1763 521 1856 560; x_wconf 84' lang='lat' dir='ltr'><strong>cor</strong></span> <span class='ocrx_word' id='word_1_13' title='bbox 1907 508 2075 563; x_wconf 83' lang='lat' dir='ltr'><strong>morbi</strong></span> <span class='ocrx_word' id='word_1_14' title='bbox 2111 517 2148 572; x_wconf 79' lang='grc' dir='ltr'>Α</span> <span class='ocrx_word' id='word_1_15' title='bbox 2183 513 2422 580; x_wconf 89' lang='lat' dir='ltr'><strong>edoctus,</strong></span> <span class='ocrx_word' id='word_1_16' title='bbox 2455 530 2559 568; x_wconf 91' lang='lat' dir='ltr'><strong>non</strong></span> <span class='ocrx_word' id='word_1_17' title='bbox 2585 514 2712 570; x_wconf 86' lang='lat' dir='ltr'><strong>satis</strong></span> <span class='ocrx_word' id='word_1_18' title='bbox 2737 513 2984 570; x_wconf 84' lang='lat' dir='ltr'><strong>idoneum</strong></span> <span class='ocrx_word' id='word_1_19' title='bbox 3014 512 3245 568; x_wconf 77' lang='lat' dir='ltr'><strong>arbitror</strong></span> <span class='ocrx_word' id='word_1_20' title='bbox 3270 519 3663 580; x_wconf 79' lang='lat' dir='ltr'><strong>argumentum,</strong></span> <span class='ocrx_word' id='word_1_21' title='bbox 3689 525 3744 568; x_wconf 88' lang='lat' dir='ltr'><strong>ut</strong></span> 
     </span>
    </p>
   </div>
   <div class='ocr_carea' id='block_1_5' title="bbox 506 597 2075 667">
    <p class='ocr_par' dir='ltr' id='par_1_5' title="bbox 506 597 2075 667">
     <span class='ocr_line' id='line_1_5' title="bbox 506 597 2075 667; baseline 0.001 -14"><span class='ocrx_word' id='word_1_22' title='bbox 506 599 661 666; x_wconf 89' lang='lat' dir='ltr'><strong>hujus</strong></span> <span class='ocrx_word' id='word_1_23' title='bbox 689 597 1081 653; x_wconf 90' lang='lat' dir='ltr'><strong>incommodum</strong></span> <span class='ocrx_word' id='word_1_24' title='bbox 1114 597 1357 667; x_wconf 84' lang='lat' dir='ltr'><strong>imperite</strong></span> <span class='ocrx_word' id='word_1_25' title='bbox 1389 599 1771 653; x_wconf 92' lang='lat' dir='ltr'><strong>transmittunt.</strong></span> <span class='ocrx_word' id='word_1_26' title='bbox 1817 598 1932 655; x_wconf 82' lang='lat' dir='ltr'><strong>Hoc</strong></span> <span class='ocrx_word' id='word_1_27' title='bbox 1979 616 2075 655; x_wconf 92' lang='lat' dir='ltr'><strong>au-</strong></span> 
     </span>
    </p>
   </div>
   <div class='ocr_carea' id='block_1_6' title="bbox 502 688 2076 757">
    <p class='ocr_par' dir='ltr' id='par_1_6' title="bbox 502 688 2076 757">
     <span class='ocr_line' id='line_1_6' title="bbox 502 688 2076 757; baseline -0.001 -13"><span class='ocrx_word' id='word_1_28' title='bbox 502 702 612 744; x_wconf 79' lang='lat' dir='ltr'><strong>tem</strong></span> <span class='ocrx_word' id='word_1_29' title='bbox 641 689 926 752; x_wconf 79' lang='lat' dir='ltr'><strong>disserunt,</strong></span> <span class='ocrx_word' id='word_1_30' title='bbox 957 688 1049 755; x_wconf 86' lang='lat' dir='ltr'><strong>qui</strong></span> <span class='ocrx_word' id='word_1_31' title='bbox 1089 688 1396 756; x_wconf 82' lang='lat' dir='ltr'><strong>passionum</strong></span> <span class='ocrx_word' id='word_1_32' title='bbox 1438 702 1627 743; x_wconf 86' lang='lat' dir='ltr'><strong>causas</strong></span> <span class='ocrx_word' id='word_1_33' title='bbox 1670 688 1952 757; x_wconf 81' lang='lat' dir='ltr'><strong>diligenter</strong></span> <span class='ocrx_word' id='word_1_34' title='bbox 1997 690 2076 742; x_wconf 85' lang='lat' dir='ltr'><strong>in-</strong></span> 
     </span>
    </p>
   </div>
   <div class='ocr_carea' id='block_1_7' title="bbox 491 777 2074 848">
    <p class='ocr_par' dir='ltr' id='par_1_7' title="bbox 491 777 2074 848">
     <span class='ocr_line' id='line_1_7' title="bbox 491 777 2074 848; baseline -0.001 -15"><span class='ocrx_word' id='word_1_35' title='bbox 491 781 764 847; x_wconf 67' lang='lat' dir='ltr'><strong>vestigare</strong></span> <span class='ocrx_word' id='word_1_36' title='bbox 793 786 1068 844; x_wconf 89' lang='lat' dir='ltr'><strong>curarunt,</strong></span> <span class='ocrx_word' id='word_1_37' title='bbox 1099 778 1242 846; x_wconf 88' lang='lat' dir='ltr'><strong>quod</strong></span> <span class='ocrx_word' id='word_1_38' title='bbox 1275 777 1324 830; x_wconf 91' lang='lat' dir='ltr'><strong>in</strong></span> <span class='ocrx_word' id='word_1_39' title='bbox 1355 792 1586 832; x_wconf 72' lang='lat' dir='ltr'><strong>mmrore</strong></span> <span class='ocrx_word' id='word_1_40' title='bbox 1625 779 1944 848; x_wconf 81' lang='lat' dir='ltr'><strong>compressis</strong></span> <span class='ocrx_word' id='word_1_41' title='bbox 1979 794 2074 832; x_wconf 83' lang='lat' dir='ltr'><strong>na-</strong></span> 
     </span>
    </p>
   </div>
   <div class='ocr_carea' id='block_1_8' title="bbox 505 866 2077 935">
    <p class='ocr_par' dir='ltr' id='par_1_8' title="bbox 505 866 2077 935">
     <span class='ocr_line' id='line_1_8' title="bbox 505 866 2077 935; baseline -0.002 -12"><span class='ocrx_word' id='word_1_42' title='bbox 505 869 748 924; x_wconf 81' lang='lat' dir='ltr'><strong>turaliter</strong></span> <span class='ocrx_word' id='word_1_43' title='bbox 790 867 953 920; x_wconf 87' lang='lat' dir='ltr'><strong>totius</strong></span> <span class='ocrx_word' id='word_1_44' title='bbox 993 866 1236 935; x_wconf 87' lang='lat' dir='ltr'><strong>corporis</strong></span> <span class='ocrx_word' id='word_1_45' title='bbox 1287 866 1727 935; x_wconf 89' lang='lat' dir='ltr'><strong>evaporationum</strong></span> <span class='ocrx_word' id='word_1_46' title='bbox 1781 867 2077 920; x_wconf 83' lang='lat' dir='ltr'><strong>tramitibus</strong></span> 
     </span>
    </p>
   </div>
   <div class='ocr_carea' id='block_1_9' title="bbox 503 956 2078 1028">
    <p class='ocr_par' dir='ltr' id='par_1_9' title="bbox 503 956 2078 1028">
     <span class='ocr_line' id='line_1_9' title="bbox 503 956 2078 1028; baseline -0.001 -14"><span class='ocrx_word' id='word_1_47' title='bbox 503 973 664 1028; x_wconf 84' lang='lat' dir='ltr'><strong>atque</strong></span> <span class='ocrx_word' id='word_1_48' title='bbox 693 959 960 1016; x_wconf 81' lang='lat' dir='ltr'><strong>conclusis</strong></span> <span class='ocrx_word' id='word_1_49' title='bbox 999 960 1051 1012; x_wconf 91' lang='lat' dir='ltr'><strong>in</strong></span> <span class='ocrx_word' id='word_1_50' title='bbox 1092 956 1530 1026; x_wconf 87' lang='lat' dir='ltr'><strong>profundissimas</strong></span> <span class='ocrx_word' id='word_1_51' title='bbox 1566 958 1893 1012; x_wconf 90' lang='lat' dir='ltr'><strong>internorum</strong></span> <span class='ocrx_word' id='word_1_52' title='bbox 1923 960 2078 1012; x_wconf 88' lang='lat' dir='ltr'><strong>sedes</strong></span> 
     </span>
    </p>
   </div>
   <div class='ocr_carea' id='block_1_10' title="bbox 503 1045 2077 1120">
    <p class='ocr_par' dir='ltr' id='par_1_10' title="bbox 503 1045 2077 1120">
     <span class='ocr_line' id='line_1_10' title="bbox 503 1045 2077 1120; baseline -0.002 -18"><span class='ocrx_word' id='word_1_53' title='bbox 503 1053 744 1117; x_wconf 72' lang='lat' dir='ltr'><strong>cogitur,</strong></span> <span class='ocrx_word' id='word_1_54' title='bbox 785 1049 1041 1120; x_wconf 86' lang='lat' dir='ltr'><strong>quidquid</strong></span> <span class='ocrx_word' id='word_1_55' title='bbox 1072 1063 1166 1117; x_wconf 90' lang='lat' dir='ltr'><strong>per</strong></span> <span class='ocrx_word' id='word_1_56' title='bbox 1193 1048 1292 1103; x_wconf 92' lang='lat' dir='ltr'><strong>hos</strong></span> <span class='ocrx_word' id='word_1_57' title='bbox 1327 1046 1696 1117; x_wconf 90' lang='lat' dir='ltr'><strong>respirationis</strong></span> <span class='ocrx_word' id='word_1_58' title='bbox 1726 1045 1901 1103; x_wconf 82' lang='lat' dir='ltr'><strong>aditus</strong></span> <span class='ocrx_word' id='word_1_59' title='bbox 1931 1049 2077 1101; x_wconf 86' lang='lat' dir='ltr'><strong>exire</strong></span> 
     </span>
    </p>
   </div>
   <div class='ocr_carea' id='block_1_11' title="bbox 504 1131 2078 1212">
    <p class='ocr_par' dir='ltr' id='par_1_11' title="bbox 504 1131 2078 1212">
     <span class='ocr_line' id='line_1_11' title="bbox 504 1131 2078 1212; baseline -0.003 -17"><span class='ocrx_word' id='word_1_60' title='bbox 504 1143 836 1212; x_wconf 77' lang='lat' dir='ltr'><strong>prohibetur.</strong></span> <span class='ocrx_word' id='word_1_61' title='bbox 870 1139 1021 1193; x_wconf 89' lang='lat' dir='ltr'><strong>Unde</strong></span> <span class='ocrx_word' id='word_1_62' title='bbox 1057 1139 1422 1207; x_wconf 86' lang='lat' dir='ltr'><strong>coaugustatis</strong></span> <span class='ocrx_word' id='word_1_63' title='bbox 1448 1131 1743 1192; x_wconf 61' lang='lat' dir='ltr'><strong>viséeribus</strong></span> <span class='ocrx_word' id='word_1_64' title='bbox 1772 1138 2078 1193; x_wconf 87' lang='lat' dir='ltr'><strong>accenditur</strong></span> 
     </span>
    </p>
   </div>
   <div class='ocr_carea' id='block_1_12' title="bbox 506 1227 2078 1298">
    <p class='ocr_par' dir='ltr' id='par_1_12' title="bbox 506 1227 2078 1298">
     <span class='ocr_line' id='line_1_12' title="bbox 506 1227 2078 1298; baseline -0.002 -14"><span class='ocrx_word' id='word_1_65' title='bbox 506 1232 750 1295; x_wconf 84' lang='lat' dir='ltr'><strong>tristitia,</strong></span> <span class='ocrx_word' id='word_1_66' title='bbox 783 1244 924 1298; x_wconf 74' lang='lat' dir='ltr'><strong>smpe</strong></span> <span class='ocrx_word' id='word_1_67' title='bbox 952 1227 1242 1281; x_wconf 77' lang='lat' dir='ltr'><strong>violentior</strong></span> <span class='ocrx_word' id='word_1_68' title='bbox 1264 1227 1481 1296; x_wconf 90' lang='lat' dir='ltr'><strong>spiritus</strong></span> <span class='ocrx_word' id='word_1_69' title='bbox 1517 1242 1584 1281; x_wconf 85' lang='lat' dir='ltr'><strong>ex</strong></span> <span class='ocrx_word' id='word_1_70' title='bbox 1612 1227 1718 1280; x_wconf 91' lang='lat' dir='ltr'><strong>imo</strong></span> <span class='ocrx_word' id='word_1_71' title='bbox 1743 1227 1990 1290; x_wconf 83' lang='lat' dir='ltr'><strong>trahitur,</strong></span> <span class='ocrx_word' id='word_1_72' title='bbox 2023 1237 2078 1281; x_wconf 84' lang='lat' dir='ltr'><strong>ut</strong></span> 
     </span>
    </p>
   </div>
   <div class='ocr_carea' id='block_1_13' title="bbox 503 1315 2074 1389">
    <p class='ocr_par' dir='ltr' id='par_1_13' title="bbox 503 1315 2074 1389">
     <span class='ocr_line' id='line_1_13' title="bbox 503 1315 2074 1389; baseline -0.003 -15"><span class='ocrx_word' id='word_1_73' title='bbox 503 1322 756 1375; x_wconf 76' lang='lat' dir='ltr'><strong>dilatetur</strong></span> <span class='ocrx_word' id='word_1_74' title='bbox 783 1320 834 1374; x_wconf 89' lang='lat' dir='ltr'><strong>id</strong></span> <span class='ocrx_word' id='word_1_75' title='bbox 860 1317 1004 1389; x_wconf 88' lang='lat' dir='ltr'><strong>quod</strong></span> <span class='ocrx_word' id='word_1_76' title='bbox 1033 1326 1366 1372; x_wconf 89' lang='lat' dir='ltr'><strong>contractum</strong></span> <span class='ocrx_word' id='word_1_77' title='bbox 1397 1325 1496 1371; x_wconf 88' lang='lat' dir='ltr'><strong>est.</strong></span> <span class='ocrx_word' id='word_1_78' title='bbox 1550 1315 1616 1370; x_wconf 82' lang='lat' dir='ltr'><strong>Et</strong></span> <span class='ocrx_word' id='word_1_79' title='bbox 1665 1317 1806 1372; x_wconf 90' lang='lat' dir='ltr'><strong>hunc</strong></span> <span class='ocrx_word' id='word_1_80' title='bbox 1854 1317 2074 1370; x_wconf 88' lang='lat' dir='ltr'><strong>halitum</strong></span> 
     </span>
    </p>
   </div>
   <div class='ocr_carea' id='block_1_14' title="bbox 503 1409 2076 1480">
    <p class='ocr_par' dir='ltr' id='par_1_14' title="bbox 503 1409 2076 1480">
     <span class='ocr_line' id='line_1_14' title="bbox 503 1409 2076 1480; baseline -0.002 -15"><span class='ocrx_word' id='word_1_81' title='bbox 503 1428 661 1480; x_wconf 87' lang='lat' dir='ltr'><strong>quem</strong></span> <span class='ocrx_word' id='word_1_82' title='bbox 691 1426 890 1466; x_wconf 67' lang='lat' dir='ltr'><strong>maeror</strong></span> <span class='ocrx_word' id='word_1_83' title='bbox 925 1409 1180 1473; x_wconf 82' lang='lat' dir='ltr'><strong>extrudit,</strong></span> <span class='ocrx_word' id='word_1_84' title='bbox 1213 1409 1374 1462; x_wconf 86' lang='lat' dir='ltr'><strong>etiam</strong></span> <span class='ocrx_word' id='word_1_85' title='bbox 1409 1409 1662 1477; x_wconf 77' lang='lat' dir='ltr'><strong>gemitum</strong></span> <span class='ocrx_word' id='word_1_86' title='bbox 1701 1425 1974 1473; x_wconf 83' lang='lat' dir='ltr'><strong>vocamus,</strong></span> <span class='ocrx_word' id='word_1_87' title='bbox 2025 1409 2076 1462; x_wconf 87' lang='lat' dir='ltr'><strong>id</strong></span> 
     </span>
    </p>
   </div>
   <div class='ocr_carea' id='block_1_15' title="bbox 503 1496 2075 1567">
    <p class='ocr_par' dir='ltr' id='par_1_15' title="bbox 503 1496 2075 1567">
     <span class='ocr_line' id='line_1_15' title="bbox 503 1496 2075 1567; baseline -0.004 -11"><span class='ocrx_word' id='word_1_88' title='bbox 503 1512 586 1556; x_wconf 91' lang='lat' dir='ltr'><strong>est</strong></span> <span class='ocrx_word' id='word_1_89' title='bbox 616 1501 763 1555; x_wconf 90' lang='lat' dir='ltr'><strong>nimii</strong></span> <span class='ocrx_word' id='word_1_90' title='bbox 790 1499 994 1554; x_wconf 89' lang='lat' dir='ltr'><strong>doloris</strong></span> <span class='ocrx_word' id='word_1_91' title='bbox 1046 1499 1315 1552; x_wconf 87' lang='lat' dir='ltr'><strong>indicium.</strong></span> <span class='ocrx_word' id='word_1_92' title='bbox 1355 1496 1460 1552; x_wconf 89' lang='lat' dir='ltr'><strong>Sed</strong></span> <span class='ocrx_word' id='word_1_93' title='bbox 1489 1499 1578 1566; x_wconf 88' lang='lat' dir='ltr'><strong>qui</strong></span> <span class='ocrx_word' id='word_1_94' title='bbox 1610 1506 1793 1567; x_wconf 92' lang='lat' dir='ltr'><strong>putant</strong></span> <span class='ocrx_word' id='word_1_95' title='bbox 1841 1498 1941 1552; x_wconf 92' lang='lat' dir='ltr'><strong>hac</strong></span> <span class='ocrx_word' id='word_1_96' title='bbox 1981 1517 2075 1551; x_wconf 71' lang='grc' dir='ltr'><strong>ρει-</strong></span> 
     </span>
    </p>
   </div>
   <div class='ocr_carea' id='block_1_16' title="bbox 504 1587 2077 1661">
    <p class='ocr_par' dir='ltr' id='par_1_16' title="bbox 504 1587 2077 1661">
     <span class='ocr_line' id='line_1_16' title="bbox 504 1587 2077 1661; baseline -0.003 -14"><span class='ocrx_word' id='word_1_97' title='bbox 504 1595 623 1648; x_wconf 86' lang='lat' dir='ltr'><strong>dem</strong></span> <span class='ocrx_word' id='word_1_98' title='bbox 647 1590 895 1661; x_wconf 85' lang='lat' dir='ltr'><strong>passione</strong></span> <span class='ocrx_word' id='word_1_99' title='bbox 924 1588 1060 1643; x_wconf 79' lang='lat' dir='ltr'><strong>allici</strong></span> <span class='ocrx_word' id='word_1_100' title='bbox 1091 1589 1404 1658; x_wconf 83' lang='lat' dir='ltr'><strong>particulam</strong></span> <span class='ocrx_word' id='word_1_101' title='bbox 1429 1588 1605 1642; x_wconf 88' lang='lat' dir='ltr'><strong>cordis</strong></span> <span class='ocrx_word' id='word_1_102' title='bbox 1630 1589 1709 1656; x_wconf 90' lang='lat' dir='ltr'><strong>(ut</strong></span> <span class='ocrx_word' id='word_1_103' title='bbox 1732 1587 1861 1656; x_wconf 84' lang='lat' dir='ltr'><strong>dixi)</strong></span> <span class='ocrx_word' id='word_1_104' title='bbox 1887 1589 2077 1642; x_wconf 89' lang='lat' dir='ltr'><strong>fallun-</strong></span> 
     </span>
    </p>
   </div>
   <div class='ocr_carea' id='block_1_17' title="bbox 505 1679 2075 1751">
    <p class='ocr_par' dir='ltr' id='par_1_17' title="bbox 505 1679 2075 1751">
     <span class='ocr_line' id='line_1_17' title="bbox 505 1679 2075 1751; baseline -0.004 -12"><span class='ocrx_word' id='word_1_105' title='bbox 505 1694 611 1751; x_wconf 89' lang='lat' dir='ltr'><strong>tur,</strong></span> <span class='ocrx_word' id='word_1_106' title='bbox 639 1700 757 1739; x_wconf 87' lang='lat' dir='ltr'><strong>cum</strong></span> <span class='ocrx_word' id='word_1_107' title='bbox 781 1697 886 1736; x_wconf 90' lang='lat' dir='ltr'><strong>non</strong></span> <span class='ocrx_word' id='word_1_108' title='bbox 913 1681 1108 1748; x_wconf 87' lang='lat' dir='ltr'><strong>cordis,</strong></span> <span class='ocrx_word' id='word_1_109' title='bbox 1125 1682 1217 1734; x_wconf 88' lang='lat' dir='ltr'><strong>sed</strong></span> <span class='ocrx_word' id='word_1_110' title='bbox 1248 1680 1354 1734; x_wconf 90' lang='lat' dir='ltr'><strong>oris</strong></span> <span class='ocrx_word' id='word_1_111' title='bbox 1375 1680 1576 1734; x_wconf 88' lang='lat' dir='ltr'><strong>ventris</strong></span> <span class='ocrx_word' id='word_1_112' title='bbox 1597 1679 1665 1732; x_wconf 84' lang='lat' dir='ltr'><strong>sit</strong></span> <span class='ocrx_word' id='word_1_113' title='bbox 1688 1681 1787 1733; x_wconf 91' lang='lat' dir='ltr'><strong>ista</strong></span> <span class='ocrx_word' id='word_1_114' title='bbox 1810 1680 2075 1748; x_wconf 82' lang='lat' dir='ltr'><strong>molestia,</strong></span> 
     </span>
    </p>
   </div>
   <div class='ocr_carea' id='block_1_18' title="bbox 505 1769 2076 1840">
    <p class='ocr_par' dir='ltr' id='par_1_18' title="bbox 505 1769 2076 1840">
     <span class='ocr_line' id='line_1_18' title="bbox 505 1769 2076 1840; baseline -0.003 -13"><span class='ocrx_word' id='word_1_115' title='bbox 505 1791 570 1828; x_wconf 78' lang='lat' dir='ltr'><strong>ex</strong></span> <span class='ocrx_word' id='word_1_116' title='bbox 601 1789 663 1827; x_wconf 90' lang='lat' dir='ltr'><strong>ca</strong></span> <span class='ocrx_word' id='word_1_117' title='bbox 694 1771 972 1827; x_wconf 88' lang='lat' dir='ltr'><strong>occasione</strong></span> <span class='ocrx_word' id='word_1_118' title='bbox 999 1785 1158 1839; x_wconf 85' lang='lat' dir='ltr'><strong>quam</strong></span> <span class='ocrx_word' id='word_1_119' title='bbox 1190 1769 1436 1832; x_wconf 80' lang='lat' dir='ltr'><strong>diximus,</strong></span> <span class='ocrx_word' id='word_1_120' title='bbox 1467 1769 1609 1837; x_wconf 92' lang='lat' dir='ltr'><strong>quod</strong></span> <span class='ocrx_word' id='word_1_121' title='bbox 1640 1769 1846 1822; x_wconf 86' lang='lat' dir='ltr'><strong>scilicet</strong></span> <span class='ocrx_word' id='word_1_122' title='bbox 1874 1785 2076 1840; x_wconf 84' lang='lat' dir='ltr'><strong>evapo-</strong></span> 
     </span>
    </p>
   </div>
   <div class='ocr_carea' id='block_1_19' title="bbox 505 1859 2074 1932">
    <p class='ocr_par' dir='ltr' id='par_1_19' title="bbox 505 1859 2074 1932">
     <span class='ocr_line' id='line_1_19' title="bbox 505 1859 2074 1932; baseline -0.001 -15"><span class='ocrx_word' id='word_1_123' title='bbox 505 1868 771 1918; x_wconf 89' lang='lat' dir='ltr'><strong>rationum</strong></span> <span class='ocrx_word' id='word_1_124' title='bbox 801 1862 1121 1932; x_wconf 87' lang='lat' dir='ltr'><strong>compressis</strong></span> <span class='ocrx_word' id='word_1_125' title='bbox 1165 1861 1416 1927; x_wconf 86' lang='lat' dir='ltr'><strong>aditibus,</strong></span> <span class='ocrx_word' id='word_1_126' title='bbox 1445 1859 1578 1914; x_wconf 89' lang='lat' dir='ltr'><strong>fellis</strong></span> <span class='ocrx_word' id='word_1_127' title='bbox 1607 1869 1951 1928; x_wconf 77' lang='lat' dir='ltr'><strong>coangustata</strong></span> <span class='ocrx_word' id='word_1_128' title='bbox 1980 1877 2074 1917; x_wconf 88' lang='lat' dir='ltr'><strong>ve-</strong></span> 
     </span>
    </p>
   </div>
   <div class='ocr_carea' id='block_1_20' title="bbox 504 1951 2072 2020">
    <p class='ocr_par' dir='ltr' id='par_1_20' title="bbox 504 1951 2072 2020">
     <span class='ocr_line' id='line_1_20' title="bbox 504 1951 2072 2020; baseline 0.001 -14"><span class='ocrx_word' id='word_1_129' title='bbox 504 1955 670 2010; x_wconf 87' lang='lat' dir='ltr'><strong>sicula</strong></span> <span class='ocrx_word' id='word_1_130' title='bbox 699 1955 977 2007; x_wconf 90' lang='lat' dir='ltr'><strong>humorem</strong></span> <span class='ocrx_word' id='word_1_131' title='bbox 1007 1952 1152 2005; x_wconf 90' lang='lat' dir='ltr'><strong>illum</strong></span> <span class='ocrx_word' id='word_1_132' title='bbox 1184 1965 1429 2019; x_wconf 89' lang='lat' dir='ltr'><strong>asperum</strong></span> <span class='ocrx_word' id='word_1_133' title='bbox 1465 1958 1624 2020; x_wconf 88' lang='lat' dir='ltr'><strong>atque</strong></span> <span class='ocrx_word' id='word_1_134' title='bbox 1673 1951 1979 2007; x_wconf 86' lang='lat' dir='ltr'><strong>mordacem</strong></span> <span class='ocrx_word' id='word_1_135' title='bbox 2023 1954 2072 2008; x_wconf 91' lang='lat' dir='ltr'><strong>iu</strong></span> 
     </span>
    </p>
   </div>
   <div class='ocr_carea' id='block_1_21' title="bbox 505 2040 2075 2110">
    <p class='ocr_par' dir='ltr' id='par_1_21' title="bbox 505 2040 2075 2110">
     <span class='ocr_line' id='line_1_21' title="bbox 505 2040 2075 2110; baseline -0.003 -12"><span class='ocrx_word' id='word_1_136' title='bbox 505 2061 566 2099; x_wconf 87' lang='lat' dir='ltr'><strong>os</strong></span> <span class='ocrx_word' id='word_1_137' title='bbox 614 2045 815 2098; x_wconf 81' lang='lat' dir='ltr'><strong>ventris</strong></span> <span class='ocrx_word' id='word_1_138' title='bbox 861 2041 1102 2098; x_wconf 81' lang='lat' dir='ltr'><strong>effundit.</strong></span> <span class='ocrx_word' id='word_1_139' title='bbox 1145 2040 1208 2094; x_wconf 85' lang='lat' dir='ltr'><strong>Et</strong></span> <span class='ocrx_word' id='word_1_140' title='bbox 1237 2041 1350 2094; x_wconf 64' lang='lat' dir='ltr'><strong>haec</strong></span> <span class='ocrx_word' id='word_1_141' title='bbox 1379 2049 1460 2095; x_wconf 91' lang='lat' dir='ltr'><strong>est</strong></span> <span class='ocrx_word' id='word_1_142' title='bbox 1488 2040 1643 2108; x_wconf 85' lang='lat' dir='ltr'><strong>hujus</strong></span> <span class='ocrx_word' id='word_1_143' title='bbox 1688 2041 1765 2094; x_wconf 92' lang='lat' dir='ltr'><strong>rei</strong></span> <span class='ocrx_word' id='word_1_144' title='bbox 1807 2041 2075 2110; x_wconf 90' lang='lat' dir='ltr'><strong>probatio,</strong></span> 
     </span>
    </p>
   </div>
   <div class='ocr_carea' id='block_1_22' title="bbox 504 2127 2076 2203">
    <p class='ocr_par' dir='ltr' id='par_1_22' title="bbox 504 2127 2076 2203">
     <span class='ocr_line' id='line_1_22' title="bbox 504 2127 2076 2203; baseline 0.001 -20"><span class='ocrx_word' id='word_1_145' title='bbox 504 2133 644 2203; x_wconf 88' lang='lat' dir='ltr'><strong>quod</strong></span> <span class='ocrx_word' id='word_1_146' title='bbox 671 2132 936 2202; x_wconf 71' lang='lat' dir='ltr'><strong>depressis</strong></span> <span class='ocrx_word' id='word_1_147' title='bbox 966 2131 1076 2200; x_wconf 86' lang='lat' dir='ltr'><strong>ipsa</strong></span> <span class='ocrx_word' id='word_1_148' title='bbox 1119 2129 1318 2184; x_wconf 90' lang='lat' dir='ltr'><strong>coloris</strong></span> <span class='ocrx_word' id='word_1_149' title='bbox 1345 2127 1654 2197; x_wconf 84' lang='lat' dir='ltr'><strong>superficies</strong></span> <span class='ocrx_word' id='word_1_150' title='bbox 1683 2129 1829 2182; x_wconf 85' lang='lat' dir='ltr'><strong>velut</strong></span> <span class='ocrx_word' id='word_1_151' title='bbox 1871 2131 2076 2196; x_wconf 82' lang='lat' dir='ltr'><strong>origine</strong></span> 
     </span>
    </p>
   </div>
   <div class='ocr_carea' id='block_1_23' title="bbox 504 2217 2076 2297">
    <p class='ocr_par' dir='ltr' id='par_1_23' title="bbox 504 2217 2076 2297">
     <span class='ocr_line' id='line_1_23' title="bbox 504 2217 2076 2297; baseline -0.001 -21"><span class='ocrx_word' id='word_1_152' title='bbox 504 2221 788 2297; x_wconf 81' lang='lat' dir='ltr'><strong>(aurigine)</strong></span> <span class='ocrx_word' id='word_1_153' title='bbox 819 2221 1029 2274; x_wconf 88' lang='lat' dir='ltr'><strong>videtur</strong></span> <span class='ocrx_word' id='word_1_154' title='bbox 1055 2217 1269 2283; x_wconf 89' lang='lat' dir='ltr'><strong>infecta,</strong></span> <span class='ocrx_word' id='word_1_155' title='bbox 1301 2219 1427 2273; x_wconf 87' lang='lat' dir='ltr'><strong>dttm</strong></span> <span class='ocrx_word' id='word_1_156' title='bbox 1459 2219 1595 2274; x_wconf 88' lang='lat' dir='ltr'><strong>fellis</strong></span> <span class='ocrx_word' id='word_1_157' title='bbox 1622 2219 1814 2274; x_wconf 92' lang='lat' dir='ltr'><strong>humor</strong></span> <span class='ocrx_word' id='word_1_158' title='bbox 1835 2220 1888 2274; x_wconf 93' lang='lat' dir='ltr'><strong>in</strong></span> <span class='ocrx_word' id='word_1_159' title='bbox 1926 2222 2076 2276; x_wconf 85' lang='lat' dir='ltr'><strong>venis</strong></span> 
     </span>
    </p>
   </div>
   <div class='ocr_carea' id='block_1_24' title="bbox 503 2309 2075 2369">
    <p class='ocr_par' dir='ltr' id='par_1_24' title="bbox 503 2309 2075 2369">
     <span class='ocr_line' id='line_1_24' title="bbox 503 2309 2075 2369; baseline 0.002 -3"><span class='ocrx_word' id='word_1_160' title='bbox 503 2313 662 2366; x_wconf 89' lang='lat' dir='ltr'><strong>nimia</strong></span> <span class='ocrx_word' id='word_1_161' title='bbox 689 2311 1070 2368; x_wconf 89' lang='lat' dir='ltr'><strong>constrictione</strong></span> <span class='ocrx_word' id='word_1_162' title='bbox 1097 2310 1423 2366; x_wconf 79' lang='lat' dir='ltr'><strong>diffunditur.</strong></span> <span class='ocrx_word' id='word_1_163' title='bbox 1457 2309 1563 2366; x_wconf 89' lang='lat' dir='ltr'><strong>Sed</strong></span> <span class='ocrx_word' id='word_1_164' title='bbox 1591 2311 1703 2366; x_wconf 74' lang='lat' dir='ltr'><strong>hmc</strong></span> <span class='ocrx_word' id='word_1_165' title='bbox 1731 2313 1868 2367; x_wconf 89' lang='lat' dir='ltr'><strong>ratio</strong></span> <span class='ocrx_word' id='word_1_166' title='bbox 1893 2328 1958 2369; x_wconf 86' lang='lat' dir='ltr'><strong>ex</strong></span> <span class='ocrx_word' id='word_1_167' title='bbox 1986 2315 2075 2369; x_wconf 90' lang='lat' dir='ltr'><strong>illo</strong></span> 
     </span>
    </p>
   </div>
   <div class='ocr_carea' id='block_1_25' title="bbox 501 2401 2073 2472">
    <p class='ocr_par' dir='ltr' id='par_1_25' title="bbox 501 2401 2073 2472">
     <span class='ocr_line' id='line_1_25' title="bbox 501 2401 2073 2472; baseline 0.003 -18"><span class='ocrx_word' id='word_1_168' title='bbox 501 2418 718 2472; x_wconf 90' lang='lat' dir='ltr'><strong>quoque</strong></span> <span class='ocrx_word' id='word_1_169' title='bbox 758 2402 944 2457; x_wconf 93' lang='lat' dir='ltr'><strong>morbo</strong></span> <span class='ocrx_word' id='word_1_170' title='bbox 991 2402 1081 2470; x_wconf 92' lang='lat' dir='ltr'><strong>qui</strong></span> <span class='ocrx_word' id='word_1_171' title='bbox 1122 2401 1244 2456; x_wconf 90' lang='lat' dir='ltr'><strong>huic</strong></span> <span class='ocrx_word' id='word_1_172' title='bbox 1279 2401 1491 2456; x_wconf 85' lang='lat' dir='ltr'><strong>videtur</strong></span> <span class='ocrx_word' id='word_1_173' title='bbox 1517 2418 1635 2457; x_wconf 89' lang='lat' dir='ltr'><strong>esse</strong></span> <span class='ocrx_word' id='word_1_174' title='bbox 1663 2405 1989 2469; x_wconf 89' lang='lat' dir='ltr'><strong>contrarius,</strong></span> <span class='ocrx_word' id='word_1_175' title='bbox 2021 2405 2073 2458; x_wconf 92' lang='lat' dir='ltr'><strong>id</strong></span> 
     </span>
    </p>
   </div>
   <div class='ocr_carea' id='block_1_26' title="bbox 504 2491 2076 2562">
    <p class='ocr_par' dir='ltr' id='par_1_26' title="bbox 504 2491 2076 2562">
     <span class='ocr_line' id='line_1_26' title="bbox 504 2491 2076 2562; baseline 0.004 -18"><span class='ocrx_word' id='word_1_176' title='bbox 504 2500 586 2545; x_wconf 80' lang='lat' dir='ltr'><strong>est</strong></span> <span class='ocrx_word' id='word_1_177' title='bbox 640 2491 730 2560; x_wconf 92' lang='lat' dir='ltr'><strong>qui</strong></span> <span class='ocrx_word' id='word_1_178' title='bbox 769 2507 834 2546; x_wconf 81' lang='lat' dir='ltr'><strong>cx</strong></span> <span class='ocrx_word' id='word_1_179' title='bbox 884 2491 1064 2546; x_wconf 74' lang='lat' dir='ltr'><strong>lzetitia</strong></span> <span class='ocrx_word' id='word_1_180' title='bbox 1113 2493 1330 2560; x_wconf 88' lang='lat' dir='ltr'><strong>risuque</strong></span> <span class='ocrx_word' id='word_1_181' title='bbox 1375 2493 1657 2562; x_wconf 86' lang='lat' dir='ltr'><strong>contingit,</strong></span> <span class='ocrx_word' id='word_1_182' title='bbox 1716 2494 1796 2549; x_wconf 91' lang='lat' dir='ltr'><strong>vel</strong></span> <span class='ocrx_word' id='word_1_183' title='bbox 1845 2496 2076 2556; x_wconf 78' lang='lat' dir='ltr'><strong>maxime</strong></span> 
     </span>
    </p>
   </div>
   <div class='ocr_carea' id='block_1_27' title="bbox 504 2580 2076 2658">
    <p class='ocr_par' dir='ltr' id='par_1_27' title="bbox 504 2580 2076 2658">
     <span class='ocr_line' id='line_1_27' title="bbox 504 2580 2076 2658; baseline -0.002 -22"><span class='ocrx_word' id='word_1_184' title='bbox 504 2580 926 2642; x_wconf 82' lang='lat' dir='ltr'><strong>commendatur.</strong></span> <span class='ocrx_word' id='word_1_185' title='bbox 955 2581 1258 2634; x_wconf 84' lang='lat' dir='ltr'><strong>Dilatantur</strong></span> <span class='ocrx_word' id='word_1_186' title='bbox 1282 2583 1421 2636; x_wconf 84' lang='lat' dir='ltr'><strong>enim</strong></span> <span class='ocrx_word' id='word_1_187' title='bbox 1451 2584 1680 2658; x_wconf 87' lang='lat' dir='ltr'><strong>quodam</strong></span> <span class='ocrx_word' id='word_1_188' title='bbox 1708 2585 1868 2645; x_wconf 83' lang='lat' dir='ltr'><strong>modo</strong></span> <span class='ocrx_word' id='word_1_189' title='bbox 1897 2600 1950 2646; x_wconf 91' lang='lat' dir='ltr'><strong>et</strong></span> <span class='ocrx_word' id='word_1_190' title='bbox 1970 2593 2076 2648; x_wconf 88' lang='lat' dir='ltr'><strong>dis-</strong></span> 
     </span>
    </p>
   </div>
   <div class='ocr_carea' id='block_1_28' title="bbox 498 2676 2075 2752">
    <p class='ocr_par' dir='ltr' id='par_1_28' title="bbox 498 2676 2075 2752">
     <span class='ocr_line' id='line_1_28' title="bbox 498 2676 2075 2752; baseline 0.006 -23"><span class='ocrx_word' id='word_1_191' title='bbox 498 2677 782 2730; x_wconf 82' lang='lat' dir='ltr'><strong>snivuntur</strong></span> <span class='ocrx_word' id='word_1_192' title='bbox 807 2691 904 2746; x_wconf 87' lang='lat' dir='ltr'><strong>per</strong></span> <span class='ocrx_word' id='word_1_193' title='bbox 923 2676 1153 2746; x_wconf 91' lang='lat' dir='ltr'><strong>aliquam</strong></span> <span class='ocrx_word' id='word_1_194' title='bbox 1184 2679 1511 2747; x_wconf 89' lang='lat' dir='ltr'><strong>voluptatem</strong></span> <span class='ocrx_word' id='word_1_195' title='bbox 1542 2680 1704 2734; x_wconf 89' lang='lat' dir='ltr'><strong>totius</strong></span> <span class='ocrx_word' id='word_1_196' title='bbox 1732 2685 2075 2752; x_wconf 87' lang='lat' dir='ltr'><strong>evaporatio-</strong></span> 
     </span>
    </p>
   </div>
   <div class='ocr_carea' id='block_1_29' title="bbox 508 2767 2076 2841">
    <p class='ocr_par' dir='ltr' id='par_1_29' title="bbox 508 2767 2076 2841">
     <span class='ocr_line' id='line_1_29' title="bbox 508 2767 2076 2841; baseline 0.006 -21"><span class='ocrx_word' id='word_1_197' title='bbox 508 2783 602 2821; x_wconf 88' lang='lat' dir='ltr'><strong>nes</strong></span> <span class='ocrx_word' id='word_1_198' title='bbox 631 2768 873 2837; x_wconf 88' lang='lat' dir='ltr'><strong>corporis</strong></span> <span class='ocrx_word' id='word_1_199' title='bbox 911 2767 1224 2824; x_wconf 84' lang='lat' dir='ltr'><strong>suavissima</strong></span> <span class='ocrx_word' id='word_1_200' title='bbox 1265 2769 1571 2838; x_wconf 83' lang='lat' dir='ltr'><strong>cognitione</strong></span> <span class='ocrx_word' id='word_1_201' title='bbox 1609 2782 1880 2841; x_wconf 89' lang='lat' dir='ltr'><strong>percepta.</strong></span> <span class='ocrx_word' id='word_1_202' title='bbox 1927 2773 2076 2830; x_wconf 90' lang='lat' dir='ltr'><strong>Sicut</strong></span> 
     </span>
    </p>
   </div>
   <div class='ocr_carea' id='block_1_30' title="bbox 501 2847 2074 2935">
    <p class='ocr_par' dir='ltr' id='par_1_30' title="bbox 501 2847 2074 2935">
     <span class='ocr_line' id='line_1_30' title="bbox 501 2847 2074 2935; baseline 0.006 -24"><span class='ocrx_word' id='word_1_203' title='bbox 501 2859 642 2912; x_wconf 77' lang='lat' dir='ltr'><strong>cnim</strong></span> <span class='ocrx_word' id='word_1_204' title='bbox 671 2859 863 2914; x_wconf 89' lang='lat' dir='ltr'><strong>ibidem</strong></span> <span class='ocrx_word' id='word_1_205' title='bbox 887 2873 985 2930; x_wconf 90' lang='lat' dir='ltr'><strong>per</strong></span> <span class='ocrx_word' id='word_1_206' title='bbox 1007 2875 1292 2916; x_wconf 66' lang='lat' dir='ltr'><strong>maerorem</strong></span> <span class='ocrx_word' id='word_1_207' title='bbox 1315 2869 1500 2916; x_wconf 87' lang='lat' dir='ltr'><strong>tenues</strong></span> <span class='ocrx_word' id='word_1_208' title='bbox 1529 2870 1582 2917; x_wconf 88' lang='lat' dir='ltr'><strong>et</strong></span> <span class='ocrx_word' id='word_1_209' title='bbox 1603 2864 1818 2918; x_wconf 77' lang='lat' dir='ltr'><strong>incerta:</strong></span> <span class='ocrx_word' id='word_1_210' title='bbox 1841 2847 2074 2935; x_wconf 69' lang='lat' dir='ltr'><strong>respira-</strong></span> 
     </span>
    </p>
   </div>
   <div class='ocr_carea' id='block_1_31' title="bbox 503 2949 2072 3020">
    <p class='ocr_par' dir='ltr' id='par_1_31' title="bbox 503 2949 2072 3020">
     <span class='ocr_line' id='line_1_31' title="bbox 503 2949 2072 3020; baseline 0.006 -18"><span class='ocrx_word' id='word_1_211' title='bbox 503 2950 674 3002; x_wconf 87' lang='lat' dir='ltr'><strong>tiones</strong></span> <span class='ocrx_word' id='word_1_212' title='bbox 725 2949 917 3004; x_wconf 88' lang='lat' dir='ltr'><strong>iterum</strong></span> <span class='ocrx_word' id='word_1_213' title='bbox 970 2951 1398 3020; x_wconf 91' lang='lat' dir='ltr'><strong>comprimuntur</strong></span> <span class='ocrx_word' id='word_1_214' title='bbox 1442 2959 1498 3007; x_wconf 90' lang='lat' dir='ltr'><strong>et</strong></span> <span class='ocrx_word' id='word_1_215' title='bbox 1543 2953 1765 3009; x_wconf 88' lang='lat' dir='ltr'><strong>interius</strong></span> <span class='ocrx_word' id='word_1_216' title='bbox 1810 2956 2072 3011; x_wconf 82' lang='lat' dir='ltr'><strong>viseerum</strong></span> 
     </span>
    </p>
   </div>
   <div class='ocr_carea' id='block_1_32' title="bbox 495 3039 2072 3111">
    <p class='ocr_par' dir='ltr' id='par_1_32' title="bbox 495 3039 2072 3111">
     <span class='ocr_line' id='line_1_32' title="bbox 495 3039 2072 3111; baseline 0.004 -17"><span class='ocrx_word' id='word_1_217' title='bbox 495 3041 925 3108; x_wconf 79' lang='lat' dir='ltr'><strong>constringentes</strong></span> <span class='ocrx_word' id='word_1_218' title='bbox 951 3039 1196 3096; x_wconf 73' lang='lat' dir='ltr'><strong>allectum</strong></span> <span class='ocrx_word' id='word_1_219' title='bbox 1227 3041 1292 3095; x_wconf 89' lang='lat' dir='ltr'><strong>ad</strong></span> <span class='ocrx_word' id='word_1_220' title='bbox 1322 3051 1484 3111; x_wconf 89' lang='lat' dir='ltr'><strong>caput</strong></span> <span class='ocrx_word' id='word_1_221' title='bbox 1510 3051 1565 3097; x_wconf 92' lang='lat' dir='ltr'><strong>et</strong></span> <span class='ocrx_word' id='word_1_222' title='bbox 1602 3044 1668 3098; x_wconf 91' lang='lat' dir='ltr'><strong>ad</strong></span> <span class='ocrx_word' id='word_1_223' title='bbox 1709 3045 2072 3100; x_wconf 87' lang='lat' dir='ltr'><strong>membranam</strong></span> 
     </span>
    </p>
   </div>
   <div class='ocr_carea' id='block_1_33' title="bbox 498 3131 2071 3206">
    <p class='ocr_par' dir='ltr' id='par_1_33' title="bbox 498 3131 2071 3206">
     <span class='ocr_line' id='line_1_33' title="bbox 498 3131 2071 3206; baseline 0.004 -22"><span class='ocrx_word' id='word_1_224' title='bbox 498 3131 705 3185; x_wconf 88' lang='lat' dir='ltr'><strong>cerebri</strong></span> <span class='ocrx_word' id='word_1_225' title='bbox 737 3145 988 3200; x_wconf 88' lang='lat' dir='ltr'><strong>vaporcm</strong></span> <span class='ocrx_word' id='word_1_226' title='bbox 1016 3133 1290 3186; x_wconf 89' lang='lat' dir='ltr'><strong>humidum</strong></span> <span class='ocrx_word' id='word_1_227' title='bbox 1320 3135 1678 3204; x_wconf 89' lang='lat' dir='ltr'><strong>supprimunt,</strong></span> <span class='ocrx_word' id='word_1_228' title='bbox 1717 3137 1806 3206; x_wconf 93' lang='lat' dir='ltr'><strong>qui</strong></span> <span class='ocrx_word' id='word_1_229' title='bbox 1845 3137 2071 3192; x_wconf 90' lang='lat' dir='ltr'><strong>multum</strong></span> 
     </span>
    </p>
   </div>
   <div class='ocr_carea' id='block_1_34' title="bbox 501 3224 2074 3296">
    <p class='ocr_par' dir='ltr' id='par_1_34' title="bbox 501 3224 2074 3296">
     <span class='ocr_line' id='line_1_34' title="bbox 501 3224 2074 3296; baseline 0.005 -20"><span class='ocrx_word' id='word_1_230' title='bbox 501 3225 550 3276; x_wconf 90' lang='lat' dir='ltr'><strong>in</strong></span> <span class='ocrx_word' id='word_1_231' title='bbox 580 3224 831 3279; x_wconf 87' lang='lat' dir='ltr'><strong>concavis</strong></span> <span class='ocrx_word' id='word_1_232' title='bbox 867 3224 966 3278; x_wconf 86' lang='lat' dir='ltr'><strong>sub</strong></span> <span class='ocrx_word' id='word_1_233' title='bbox 1009 3224 1209 3279; x_wconf 92' lang='lat' dir='ltr'><strong>relictis</strong></span> <span class='ocrx_word' id='word_1_234' title='bbox 1246 3240 1341 3294; x_wconf 90' lang='lat' dir='ltr'><strong>per</strong></span> <span class='ocrx_word' id='word_1_235' title='bbox 1387 3225 1565 3279; x_wconf 91' lang='lat' dir='ltr'><strong>aditus</strong></span> <span class='ocrx_word' id='word_1_236' title='bbox 1606 3227 2074 3296; x_wconf 86' lang='lat' dir='ltr'><strong>evaporationibus</strong></span> 
     </span>
    </p>
   </div>
   <div class='ocr_carea' id='block_1_35' title="bbox 500 3313 2071 3388">
    <p class='ocr_par' dir='ltr' id='par_1_35' title="bbox 500 3313 2071 3388">
     <span class='ocr_line' id='line_1_35' title="bbox 500 3313 2071 3388; baseline 0.003 -20"><span class='ocrx_word' id='word_1_237' title='bbox 500 3314 735 3368; x_wconf 74' lang='lat' dir='ltr'><strong>excurrit</strong></span> <span class='ocrx_word' id='word_1_238' title='bbox 777 3313 842 3368; x_wconf 91' lang='lat' dir='ltr'><strong>ad</strong></span> <span class='ocrx_word' id='word_1_239' title='bbox 890 3314 1102 3377; x_wconf 85' lang='lat' dir='ltr'><strong>oculos,</strong></span> <span class='ocrx_word' id='word_1_240' title='bbox 1149 3323 1204 3369; x_wconf 90' lang='lat' dir='ltr'><strong>et</strong></span> <span class='ocrx_word' id='word_1_241' title='bbox 1243 3317 1642 3385; x_wconf 89' lang='lat' dir='ltr'><strong>compressione</strong></span> <span class='ocrx_word' id='word_1_242' title='bbox 1688 3317 1933 3372; x_wconf 92' lang='lat' dir='ltr'><strong>ciliorum</strong></span> <span class='ocrx_word' id='word_1_243' title='bbox 1975 3333 2071 3388; x_wconf 90' lang='lat' dir='ltr'><strong>per</strong></span> 
     </span>
    </p>
   </div>
   <div class='ocr_carea' id='block_1_36' title="bbox 496 3403 2073 3478">
    <p class='ocr_par' dir='ltr' id='par_1_36' title="bbox 496 3403 2073 3478">
     <span class='ocr_line' id='line_1_36' title="bbox 496 3403 2073 3478; baseline 0.003 -20"><span class='ocrx_word' id='word_1_244' title='bbox 496 3413 673 3474; x_wconf 84' lang='lat' dir='ltr'><strong>guttas</strong></span> <span class='ocrx_word' id='word_1_245' title='bbox 702 3403 972 3475; x_wconf 72' lang='lat' dir='ltr'><strong>egeritur:</strong></span> <span class='ocrx_word' id='word_1_246' title='bbox 1003 3403 1117 3460; x_wconf 77' lang='lat' dir='ltr'><strong>lucc</strong></span> <span class='ocrx_word' id='word_1_247' title='bbox 1143 3413 1323 3460; x_wconf 81' lang='lat' dir='ltr'><strong>autem</strong></span> <span class='ocrx_word' id='word_1_248' title='bbox 1368 3413 1516 3474; x_wconf 91' lang='lat' dir='ltr'><strong>gutta</strong></span> <span class='ocrx_word' id='word_1_249' title='bbox 1559 3407 1790 3478; x_wconf 83' lang='lat' dir='ltr'><strong>lacryma</strong></span> <span class='ocrx_word' id='word_1_250' title='bbox 1831 3408 2073 3462; x_wconf 90' lang='lat' dir='ltr'><strong>nomina-</strong></span> 
     </span>
    </p>
   </div>
   <div class='ocr_carea' id='block_1_37' title="bbox 499 3495 2069 3565">
    <p class='ocr_par' dir='ltr' id='par_1_37' title="bbox 499 3495 2069 3565">
     <span class='ocr_line' id='line_1_37' title="bbox 499 3495 2069 3565; baseline 0.003 -15"><span class='ocrx_word' id='word_1_251' title='bbox 499 3505 602 3558; x_wconf 89' lang='lat' dir='ltr'><strong>tur,</strong></span> <span class='ocrx_word' id='word_1_252' title='bbox 654 3495 725 3550; x_wconf 84' lang='lat' dir='ltr'><strong>ita</strong></span> <span class='ocrx_word' id='word_1_253' title='bbox 773 3495 1173 3565; x_wconf 88' lang='lat' dir='ltr'><strong>intelligendum</strong></span> <span class='ocrx_word' id='word_1_254' title='bbox 1219 3503 1300 3552; x_wconf 90' lang='lat' dir='ltr'><strong>est</strong></span> <span class='ocrx_word' id='word_1_255' title='bbox 1339 3512 1405 3551; x_wconf 85' lang='lat' dir='ltr'><strong>ex</strong></span> <span class='ocrx_word' id='word_1_256' title='bbox 1450 3496 1739 3553; x_wconf 79' lang='lat' dir='ltr'><strong>afﬂictione</strong></span> <span class='ocrx_word' id='word_1_257' title='bbox 1760 3501 2069 3555; x_wconf 87' lang='lat' dir='ltr'><strong>contraria:</strong></span> 
     </span>
    </p>
   </div>
   <div class='ocr_carea' id='block_1_38' title="bbox 496 3589 2070 3660">
    <p class='ocr_par' dir='ltr' id='par_1_38' title="bbox 496 3589 2070 3660">
     <span class='ocr_line' id='line_1_38' title="bbox 496 3589 2070 3660; baseline 0.001 -16"><span class='ocrx_word' id='word_1_258' title='bbox 496 3606 617 3644; x_wconf 90' lang='lat' dir='ltr'><strong>cum</strong></span> <span class='ocrx_word' id='word_1_259' title='bbox 666 3591 786 3659; x_wconf 87' lang='lat' dir='ltr'><strong>plus</strong></span> <span class='ocrx_word' id='word_1_260' title='bbox 829 3589 991 3644; x_wconf 89' lang='lat' dir='ltr'><strong>solito</strong></span> <span class='ocrx_word' id='word_1_261' title='bbox 1037 3589 1411 3644; x_wconf 90' lang='lat' dir='ltr'><strong>distenduntur</strong></span> <span class='ocrx_word' id='word_1_262' title='bbox 1456 3590 1828 3660; x_wconf 90' lang='lat' dir='ltr'><strong>respirationis</strong></span> <span class='ocrx_word' id='word_1_263' title='bbox 1856 3591 2070 3658; x_wconf 85' lang='lat' dir='ltr'><strong>itinera,</strong></span> 
     </span>
    </p>
   </div>
   <div class='ocr_carea' id='block_1_39' title="bbox 495 3679 2074 3751">
    <p class='ocr_par' dir='ltr' id='par_1_39' title="bbox 495 3679 2074 3751">
     <span class='ocr_line' id='line_1_39' title="bbox 495 3679 2074 3751; baseline 0.001 -17"><span class='ocrx_word' id='word_1_264' title='bbox 495 3695 592 3750; x_wconf 90' lang='lat' dir='ltr'><strong>per</strong></span> <span class='ocrx_word' id='word_1_265' title='bbox 620 3695 681 3736; x_wconf 89' lang='lat' dir='ltr'><strong>ea</strong></span> <span class='ocrx_word' id='word_1_266' title='bbox 708 3680 927 3750; x_wconf 90' lang='lat' dir='ltr'><strong>spiritus</strong></span> <span class='ocrx_word' id='word_1_267' title='bbox 956 3679 1010 3734; x_wconf 91' lang='lat' dir='ltr'><strong>in</strong></span> <span class='ocrx_word' id='word_1_268' title='bbox 1040 3680 1162 3735; x_wconf 90' lang='lat' dir='ltr'><strong>altis</strong></span> <span class='ocrx_word' id='word_1_269' title='bbox 1189 3694 1248 3736; x_wconf 88' lang='lat' dir='ltr'><strong>se</strong></span> <span class='ocrx_word' id='word_1_270' title='bbox 1277 3680 1579 3735; x_wconf 88' lang='lat' dir='ltr'><strong>recessibus</strong></span> <span class='ocrx_word' id='word_1_271' title='bbox 1617 3681 1834 3748; x_wconf 90' lang='lat' dir='ltr'><strong>inserit,</strong></span> <span class='ocrx_word' id='word_1_272' title='bbox 1888 3689 1944 3736; x_wconf 93' lang='lat' dir='ltr'><strong>et</strong></span> <span class='ocrx_word' id='word_1_273' title='bbox 1977 3696 2074 3751; x_wconf 87' lang='lat' dir='ltr'><strong>per</strong></span> 
     </span>
    </p>
   </div>
   <div class='ocr_carea' id='block_1_40' title="bbox 495 3769 2072 3840">
    <p class='ocr_par' dir='ltr' id='par_1_40' title="bbox 495 3769 2072 3840">
     <span class='ocr_line' id='line_1_40' title="bbox 495 3769 2072 3840; baseline 0.001 -16"><span class='ocrx_word' id='word_1_274' title='bbox 495 3769 604 3824; x_wconf 89' lang='lat' dir='ltr'><strong>oris</strong></span> <span class='ocrx_word' id='word_1_275' title='bbox 632 3769 833 3823; x_wconf 87' lang='lat' dir='ltr'><strong>aditum</strong></span> <span class='ocrx_word' id='word_1_276' title='bbox 861 3769 1106 3839; x_wconf 89' lang='lat' dir='ltr'><strong>protinus</strong></span> <span class='ocrx_word' id='word_1_277' title='bbox 1137 3784 1167 3822; x_wconf 92' lang='lat' dir='ltr'><strong>a</strong></span> <span class='ocrx_word' id='word_1_278' title='bbox 1193 3776 1384 3824; x_wconf 89' lang='lat' dir='ltr'><strong>natura</strong></span> <span class='ocrx_word' id='word_1_279' title='bbox 1413 3769 1747 3840; x_wconf 86' lang='lat' dir='ltr'><strong>propellitur,</strong></span> <span class='ocrx_word' id='word_1_280' title='bbox 1779 3770 2072 3826; x_wconf 80' lang='lat' dir='ltr'><strong>visceribus</strong></span> 
     </span>
    </p>
   </div>
   <div class='ocr_carea' id='block_1_41' title="bbox 488 3859 2070 3931">
    <p class='ocr_par' dir='ltr' id='par_1_41' title="bbox 488 3859 2070 3931">
     <span class='ocr_line' id='line_1_41' title="bbox 488 3859 2070 3931; baseline -0.001 -16"><span class='ocrx_word' id='word_1_281' title='bbox 488 3861 703 3915; x_wconf 87' lang='lat' dir='ltr'><strong>cunctis</strong></span> <span class='ocrx_word' id='word_1_282' title='bbox 733 3867 789 3915; x_wconf 91' lang='lat' dir='ltr'><strong>et</strong></span> <span class='ocrx_word' id='word_1_283' title='bbox 832 3859 1066 3914; x_wconf 78' lang='lat' dir='ltr'><strong>maxime</strong></span> <span class='ocrx_word' id='word_1_284' title='bbox 1089 3859 1276 3930; x_wconf 89' lang='lat' dir='ltr'><strong>jecore</strong></span> <span class='ocrx_word' id='word_1_285' title='bbox 1307 3860 1777 3931; x_wconf 88' lang='lat' dir='ltr'><strong>(quemadmodum</strong></span> <span class='ocrx_word' id='word_1_286' title='bbox 1805 3862 1954 3915; x_wconf 89' lang='lat' dir='ltr'><strong>aiunt</strong></span> <span class='ocrx_word' id='word_1_287' title='bbox 1980 3861 2070 3929; x_wconf 88' lang='lat' dir='ltr'><strong>qui</strong></span> 
     </span>
    </p>
   </div>
   <div class='ocr_carea' id='block_1_42' title="bbox 493 3948 2071 4020">
    <p class='ocr_par' dir='ltr' id='par_1_42' title="bbox 493 3948 2071 4020">
     <span class='ocr_line' id='line_1_42' title="bbox 493 3948 2071 4020; baseline -0.001 -15"><span class='ocrx_word' id='word_1_288' title='bbox 493 3951 633 4005; x_wconf 91' lang='lat' dir='ltr'><strong>circa</strong></span> <span class='ocrx_word' id='word_1_289' title='bbox 663 3950 762 4004; x_wconf 88' lang='lat' dir='ltr'><strong>ista</strong></span> <span class='ocrx_word' id='word_1_290' title='bbox 789 3951 950 4020; x_wconf 91' lang='lat' dir='ltr'><strong>periti</strong></span> <span class='ocrx_word' id='word_1_291' title='bbox 977 3949 1124 4018; x_wconf 92' lang='lat' dir='ltr'><strong>sunt)</strong></span> <span class='ocrx_word' id='word_1_292' title='bbox 1153 3964 1249 4018; x_wconf 88' lang='lat' dir='ltr'><strong>per</strong></span> <span class='ocrx_word' id='word_1_293' title='bbox 1269 3948 1554 4016; x_wconf 88' lang='lat' dir='ltr'><strong>quamdam</strong></span> <span class='ocrx_word' id='word_1_294' title='bbox 1583 3950 1929 4017; x_wconf 76' lang='lat' dir='ltr'><strong>agitationem</strong></span> <span class='ocrx_word' id='word_1_295' title='bbox 1955 3965 2071 4004; x_wconf 87' lang='lat' dir='ltr'><strong>mo-</strong></span> 
     </span>
    </p>
   </div>
   <div class='ocr_carea' id='block_1_43' title="bbox 493 4039 2068 4110">
    <p class='ocr_par' dir='ltr' id='par_1_43' title="bbox 493 4039 2068 4110">
     <span class='ocr_line' id='line_1_43' title="bbox 493 4039 2068 4110; baseline -0.001 -16"><span class='ocrx_word' id='word_1_296' title='bbox 493 4049 712 4110; x_wconf 91' lang='lat' dir='ltr'><strong>tumque</strong></span> <span class='ocrx_word' id='word_1_297' title='bbox 768 4040 1257 4106; x_wconf 83' lang='lat' dir='ltr'><strong>ferventissimum,</strong></span> <span class='ocrx_word' id='word_1_298' title='bbox 1317 4039 1687 4108; x_wconf 85' lang='lat' dir='ltr'><strong>hujuscemodi</strong></span> <span class='ocrx_word' id='word_1_299' title='bbox 1751 4047 2068 4110; x_wconf 88' lang='lat' dir='ltr'><strong>conceptum</strong></span> 
     </span>
    </p>
   </div>
   <div class='ocr_carea' id='block_1_44' title="bbox 492 4126 2068 4199">
    <p class='ocr_par' dir='ltr' id='par_1_44' title="bbox 492 4126 2068 4199">
     <span class='ocr_line' id='line_1_44' title="bbox 492 4126 2068 4199; baseline 0.001 -17"><span class='ocrx_word' id='word_1_300' title='bbox 492 4131 736 4199; x_wconf 85' lang='lat' dir='ltr'><strong>spiritum</strong></span> <span class='ocrx_word' id='word_1_301' title='bbox 787 4129 840 4182; x_wconf 89' lang='lat' dir='ltr'><strong>in</strong></span> <span class='ocrx_word' id='word_1_302' title='bbox 880 4128 1159 4193; x_wconf 80' lang='lat' dir='ltr'><strong>exteriora</strong></span> <span class='ocrx_word' id='word_1_303' title='bbox 1190 4127 1527 4196; x_wconf 86' lang='lat' dir='ltr'><strong>pellentibus.</strong></span> <span class='ocrx_word' id='word_1_304' title='bbox 1562 4126 1714 4183; x_wconf 86' lang='lat' dir='ltr'><strong>Unde</strong></span> <span class='ocrx_word' id='word_1_305' title='bbox 1757 4127 2068 4184; x_wconf 79' lang='lat' dir='ltr'><strong>facilitatem</strong></span> 
     </span>
    </p>
   </div>
   <div class='ocr_carea' id='block_1_45' title="bbox 491 4217 2070 4288">
    <p class='ocr_par' dir='ltr' id='par_1_45' title="bbox 491 4217 2070 4288">
     <span class='ocr_line' id='line_1_45' title="bbox 491 4217 2070 4288; baseline 0.004 -20"><span class='ocrx_word' id='word_1_306' title='bbox 491 4218 779 4288; x_wconf 80' lang='lat' dir='ltr'><strong>quamdam</strong></span> <span class='ocrx_word' id='word_1_307' title='bbox 822 4217 1062 4271; x_wconf 87' lang='lat' dir='ltr'><strong>exituum</strong></span> <span class='ocrx_word' id='word_1_308' title='bbox 1103 4217 1342 4287; x_wconf 83' lang='lat' dir='ltr'><strong>ejusdem</strong></span> <span class='ocrx_word' id='word_1_309' title='bbox 1381 4218 1602 4288; x_wconf 87' lang='lat' dir='ltr'><strong>spiritus</strong></span> <span class='ocrx_word' id='word_1_310' title='bbox 1630 4228 1821 4274; x_wconf 89' lang='lat' dir='ltr'><strong>natura</strong></span> <span class='ocrx_word' id='word_1_311' title='bbox 1866 4222 2070 4274; x_wconf 89' lang='lat' dir='ltr'><strong>machi-</strong></span> 
     </span>
    </p>
   </div>
   <div class='ocr_carea' id='block_1_46' title="bbox 494 4307 2067 4379">
    <p class='ocr_par' dir='ltr' id='par_1_46' title="bbox 494 4307 2067 4379">
     <span class='ocr_line' id='line_1_46' title="bbox 494 4307 2067 4379; baseline 0.002 -18"><span class='ocrx_word' id='word_1_312' title='bbox 494 4315 648 4375; x_wconf 88' lang='lat' dir='ltr'><strong>nata,</strong></span> <span class='ocrx_word' id='word_1_313' title='bbox 696 4307 891 4363; x_wconf 83' lang='lat' dir='ltr'><strong>rictum</strong></span> <span class='ocrx_word' id='word_1_314' title='bbox 947 4309 1056 4363; x_wconf 84' lang='lat' dir='ltr'><strong>oris</strong></span> <span class='ocrx_word' id='word_1_315' title='bbox 1101 4323 1166 4363; x_wconf 84' lang='lat' dir='ltr'><strong>ex</strong></span> <span class='ocrx_word' id='word_1_316' title='bbox 1218 4318 1524 4364; x_wconf 88' lang='lat' dir='ltr'><strong>transverso</strong></span> <span class='ocrx_word' id='word_1_317' title='bbox 1574 4309 1829 4379; x_wconf 88' lang='lat' dir='ltr'><strong>patefacit</strong></span> <span class='ocrx_word' id='word_1_318' title='bbox 1878 4325 2067 4379; x_wconf 78' lang='lat' dir='ltr'><strong>genam</strong></span> 
     </span>
    </p>
   </div>
   <div class='ocr_carea' id='block_1_47' title="bbox 493 4397 2069 4467">
    <p class='ocr_par' dir='ltr' id='par_1_47' title="bbox 493 4397 2069 4467">
     <span class='ocr_line' id='line_1_47' title="bbox 493 4397 2069 4467; baseline 0.003 -15"><span class='ocrx_word' id='word_1_319' title='bbox 493 4406 774 4466; x_wconf 89' lang='lat' dir='ltr'><strong>utramque</strong></span> <span class='ocrx_word' id='word_1_320' title='bbox 814 4397 1154 4461; x_wconf 85' lang='lat' dir='ltr'><strong>distendens.</strong></span> <span class='ocrx_word' id='word_1_321' title='bbox 1196 4405 1251 4452; x_wconf 89' lang='lat' dir='ltr'><strong>et</strong></span> <span class='ocrx_word' id='word_1_322' title='bbox 1290 4399 1432 4467; x_wconf 90' lang='lat' dir='ltr'><strong>quod</strong></span> <span class='ocrx_word' id='word_1_323' title='bbox 1483 4399 1610 4455; x_wconf 89' lang='lat' dir='ltr'><strong>hinc</strong></span> <span class='ocrx_word' id='word_1_324' title='bbox 1656 4401 1885 4455; x_wconf 79' lang='lat' dir='ltr'><strong>eflicitur</strong></span> <span class='ocrx_word' id='word_1_325' title='bbox 1929 4401 2069 4456; x_wconf 87' lang='lat' dir='ltr'><strong>risus</strong></span> 
     </span>
    </p>
   </div>
   <div class='ocr_carea' id='block_1_48' title="bbox 492 4488 2068 4562">
    <p class='ocr_par' dir='ltr' id='par_1_48' title="bbox 492 4488 2068 4562">
     <span class='ocr_line' id='line_1_48' title="bbox 492 4488 2068 4562; baseline 0.002 -20"><span class='ocrx_word' id='word_1_326' title='bbox 492 4503 688 4543; x_wconf 90' lang='lat' dir='ltr'><strong>nomen</strong></span> <span class='ocrx_word' id='word_1_327' title='bbox 739 4488 966 4558; x_wconf 88' lang='lat' dir='ltr'><strong>accepit.</strong></span> <span class='ocrx_word' id='word_1_328' title='bbox 1018 4488 1126 4544; x_wconf 85' lang='lat' dir='ltr'><strong>Nec</strong></span> <span class='ocrx_word' id='word_1_329' title='bbox 1177 4497 1400 4559; x_wconf 89' lang='lat' dir='ltr'><strong>propter</strong></span> <span class='ocrx_word' id='word_1_330' title='bbox 1435 4490 1539 4546; x_wconf 87' lang='lat' dir='ltr'><strong>hoc</strong></span> <span class='ocrx_word' id='word_1_331' title='bbox 1574 4491 1737 4558; x_wconf 84' lang='lat' dir='ltr'><strong>igitur</strong></span> <span class='ocrx_word' id='word_1_332' title='bbox 1771 4491 2068 4562; x_wconf 85' lang='lat' dir='ltr'><strong>principale</strong></span> 
     </span>
    </p>
   </div>
   <div class='ocr_carea' id='block_1_49' title="bbox 492 4580 2069 4650">
    <p class='ocr_par' dir='ltr' id='par_1_49' title="bbox 492 4580 2069 4650">
     <span class='ocr_line' id='line_1_49' title="bbox 492 4580 2069 4650; baseline -0.001 -15"><span class='ocrx_word' id='word_1_333' title='bbox 492 4581 723 4637; x_wconf 90' lang='lat' dir='ltr'><strong>hominis</strong></span> <span class='ocrx_word' id='word_1_334' title='bbox 765 4595 884 4636; x_wconf 91' lang='lat' dir='ltr'><strong>esse</strong></span> <span class='ocrx_word' id='word_1_335' title='bbox 932 4581 984 4634; x_wconf 90' lang='lat' dir='ltr'><strong>in</strong></span> <span class='ocrx_word' id='word_1_336' title='bbox 1029 4580 1212 4648; x_wconf 90' lang='lat' dir='ltr'><strong>jecore</strong></span> <span class='ocrx_word' id='word_1_337' title='bbox 1257 4581 1549 4650; x_wconf 88' lang='lat' dir='ltr'><strong>putandum</strong></span> <span class='ocrx_word' id='word_1_338' title='bbox 1578 4590 1677 4646; x_wconf 88' lang='lat' dir='ltr'><strong>est,</strong></span> <span class='ocrx_word' id='word_1_339' title='bbox 1711 4596 1812 4636; x_wconf 92' lang='lat' dir='ltr'><strong>nec</strong></span> <span class='ocrx_word' id='word_1_340' title='bbox 1848 4590 2069 4650; x_wconf 88' lang='lat' dir='ltr'><strong>propter</strong></span> 
     </span>
    </p>
   </div>
   <div class='ocr_carea' id='block_1_50' title="bbox 490 4672 2064 4743">
    <p class='ocr_par' dir='ltr' id='par_1_50' title="bbox 490 4672 2064 4743">
     <span class='ocr_line' id='line_1_50' title="bbox 490 4672 2064 4743; baseline -0.001 -15"><span class='ocrx_word' id='word_1_341' title='bbox 490 4674 754 4729; x_wconf 82' lang='lat' dir='ltr'><strong>fervorem</strong></span> <span class='ocrx_word' id='word_1_342' title='bbox 798 4672 1090 4742; x_wconf 85' lang='lat' dir='ltr'><strong>sanguinis,</strong></span> <span class='ocrx_word' id='word_1_343' title='bbox 1139 4673 1230 4742; x_wconf 92' lang='lat' dir='ltr'><strong>qui</strong></span> <span class='ocrx_word' id='word_1_344' title='bbox 1271 4673 1524 4743; x_wconf 91' lang='lat' dir='ltr'><strong>copiosus</strong></span> <span class='ocrx_word' id='word_1_345' title='bbox 1561 4677 1685 4742; x_wconf 80' lang='lat' dir='ltr'><strong>erga</strong></span> <span class='ocrx_word' id='word_1_346' title='bbox 1723 4672 1902 4728; x_wconf 88' lang='lat' dir='ltr'><strong>cordis</strong></span> <span class='ocrx_word' id='word_1_347' title='bbox 1947 4673 2064 4727; x_wconf 92' lang='lat' dir='ltr'><strong>loca</strong></span> 
     </span>
    </p>
   </div>
   <div class='ocr_carea' id='block_1_51' title="bbox 493 4762 2062 4830">
    <p class='ocr_par' dir='ltr' id='par_1_51' title="bbox 493 4762 2062 4830">
     <span class='ocr_line' id='line_1_51' title="bbox 493 4762 2062 4830; baseline -0.001 -13"><span class='ocrx_word' id='word_1_348' title='bbox 493 4773 764 4830; x_wconf 81' lang='lat' dir='ltr'><strong>versatur,</strong></span> <span class='ocrx_word' id='word_1_349' title='bbox 796 4779 897 4818; x_wconf 88' lang='lat' dir='ltr'><strong>nec</strong></span> <span class='ocrx_word' id='word_1_350' title='bbox 922 4763 992 4817; x_wconf 90' lang='lat' dir='ltr'><strong>ob</strong></span> <span class='ocrx_word' id='word_1_351' title='bbox 1019 4762 1240 4818; x_wconf 75' lang='lat' dir='ltr'><strong>affectus</strong></span> <span class='ocrx_word' id='word_1_352' title='bbox 1270 4763 1566 4818; x_wconf 89' lang='lat' dir='ltr'><strong>irascibiles</strong></span> <span class='ocrx_word' id='word_1_353' title='bbox 1609 4762 1979 4816; x_wconf 70' lang='lat' dir='ltr'><strong>mstimandum</strong></span> <span class='ocrx_word' id='word_1_354' title='bbox 2013 4763 2062 4816; x_wconf 93' lang='lat' dir='ltr'><strong>in</strong></span> 
     </span>
    </p>
   </div>
   <div class='ocr_carea' id='block_1_52' title="bbox 488 4854 2066 4925">
    <p class='ocr_par' dir='ltr' id='par_1_52' title="bbox 488 4854 2066 4925">
     <span class='ocr_line' id='line_1_52' title="bbox 488 4854 2066 4925; baseline -0.003 -13"><span class='ocrx_word' id='word_1_355' title='bbox 488 4857 654 4913; x_wconf 88' lang='lat' dir='ltr'><strong>corde</strong></span> <span class='ocrx_word' id='word_1_356' title='bbox 682 4871 800 4911; x_wconf 88' lang='lat' dir='ltr'><strong>esse</strong></span> <span class='ocrx_word' id='word_1_357' title='bbox 828 4857 1021 4910; x_wconf 90' lang='lat' dir='ltr'><strong>mentis</strong></span> <span class='ocrx_word' id='word_1_358' title='bbox 1057 4854 1366 4925; x_wconf 90' lang='lat' dir='ltr'><strong>hospitium.</strong></span> <span class='ocrx_word' id='word_1_359' title='bbox 1399 4855 1502 4909; x_wconf 91' lang='lat' dir='ltr'><strong>Sed</strong></span> <span class='ocrx_word' id='word_1_360' title='bbox 1546 4855 1658 4909; x_wconf 66' lang='lat' dir='ltr'><strong>haec</strong></span> <span class='ocrx_word' id='word_1_361' title='bbox 1686 4855 1752 4908; x_wconf 91' lang='lat' dir='ltr'><strong>ad</strong></span> <span class='ocrx_word' id='word_1_362' title='bbox 1780 4855 2066 4924; x_wconf 87' lang='lat' dir='ltr'><strong>qualitates</strong></span> 
     </span>
    </p>
   </div>
   <div class='ocr_carea' id='block_1_53' title="bbox 487 4944 2061 5018">
    <p class='ocr_par' dir='ltr' id='par_1_53' title="bbox 487 4944 2061 5018">
     <span class='ocr_line' id='line_1_53' title="bbox 487 4944 2061 5018; baseline -0.004 -13"><span class='ocrx_word' id='word_1_363' title='bbox 487 4963 780 5018; x_wconf 89' lang='lat' dir='ltr'><strong>corporeas</strong></span> <span class='ocrx_word' id='word_1_364' title='bbox 827 4946 1104 5003; x_wconf 86' lang='lat' dir='ltr'><strong>referenda</strong></span> <span class='ocrx_word' id='word_1_365' title='bbox 1151 4954 1293 5000; x_wconf 90' lang='lat' dir='ltr'><strong>sunt.</strong></span> <span class='ocrx_word' id='word_1_366' title='bbox 1326 4944 1556 5000; x_wconf 78' lang='lat' dir='ltr'><strong>Mentem</strong></span> <span class='ocrx_word' id='word_1_367' title='bbox 1585 4960 1713 5000; x_wconf 87' lang='lat' dir='ltr'><strong>vero</strong></span> <span class='ocrx_word' id='word_1_368' title='bbox 1738 4945 2061 5000; x_wconf 89' lang='lat' dir='ltr'><strong>credendum</strong></span> 
     </span>
    </p>
   </div>
   <div class='ocr_carea' id='block_1_54' title="bbox 478 5034 2064 5106">
    <p class='ocr_par' dir='ltr' id='par_1_54' title="bbox 478 5034 2064 5106">
     <span class='ocr_line' id='line_1_54' title="bbox 478 5034 2064 5106; baseline -0.003 -13"><span class='ocrx_word' id='word_1_369' title='bbox 478 5048 572 5094; x_wconf 84' lang='lat' dir='ltr'><strong>est</strong></span> <span class='ocrx_word' id='word_1_370' title='bbox 597 5037 876 5106; x_wconf 66' lang='lat' dir='ltr'><strong>aequaliter</strong></span> <span class='ocrx_word' id='word_1_371' title='bbox 900 5036 1135 5090; x_wconf 89' lang='lat' dir='ltr'><strong>membra</strong></span> <span class='ocrx_word' id='word_1_372' title='bbox 1191 5036 1396 5104; x_wconf 88' lang='lat' dir='ltr'><strong>singula</strong></span> <span class='ocrx_word' id='word_1_373' title='bbox 1435 5035 1588 5104; x_wconf 86' lang='lat' dir='ltr'><strong>juxta</strong></span> <span class='ocrx_word' id='word_1_374' title='bbox 1637 5034 1901 5089; x_wconf 76' lang='lat' dir='ltr'><strong>ineffabile</strong></span> <span class='ocrx_word' id='word_1_375' title='bbox 1929 5043 2064 5089; x_wconf 85' lang='lat' dir='ltr'><strong>tem-</strong></span> 
     </span>
    </p>
   </div>
   <div class='ocr_carea' id='block_1_55' title="bbox 487 5123 2062 5200">
    <p class='ocr_par' dir='ltr' id='par_1_55' title="bbox 487 5123 2062 5200">
     <span class='ocr_line' id='line_1_55' title="bbox 487 5123 2062 5200; baseline -0.003 -18"><span class='ocrx_word' id='word_1_376' title='bbox 487 5137 856 5200; x_wconf 78' lang='lat' dir='ltr'><strong>peramentum</strong></span> <span class='ocrx_word' id='word_1_377' title='bbox 884 5127 1108 5181; x_wconf 88' lang='lat' dir='ltr'><strong>rationis</strong></span> <span class='ocrx_word' id='word_1_378' title='bbox 1127 5126 1408 5195; x_wconf 85' lang='lat' dir='ltr'><strong>attingere.</strong></span> <span class='ocrx_word' id='word_1_379' title='bbox 1440 5125 1508 5179; x_wconf 84' lang='lat' dir='ltr'><strong>Et</strong></span> <span class='ocrx_word' id='word_1_380' title='bbox 1531 5125 1577 5179; x_wconf 93' lang='lat' dir='ltr'><strong>si</strong></span> <span class='ocrx_word' id='word_1_381' title='bbox 1605 5123 1936 5195; x_wconf 89' lang='lat' dir='ltr'><strong>Scripturam</strong></span> <span class='ocrx_word' id='word_1_382' title='bbox 1966 5140 2062 5178; x_wconf 89' lang='lat' dir='ltr'><strong>no—</strong></span> 
     </span>
    </p>
   </div>
   <div class='ocr_carea' id='block_1_56' title="bbox 485 5215 2062 5286">
    <p class='ocr_par' dir='ltr' id='par_1_56' title="bbox 485 5215 2062 5286">
     <span class='ocr_line' id='line_1_56' title="bbox 485 5215 2062 5286; baseline -0.003 -13"><span class='ocrx_word' id='word_1_383' title='bbox 485 5221 568 5274; x_wconf 87' lang='lat' dir='ltr'><strong>bis</strong></span> <span class='ocrx_word' id='word_1_384' title='bbox 604 5217 670 5272; x_wconf 90' lang='lat' dir='ltr'><strong>ad</strong></span> <span class='ocrx_word' id='word_1_385' title='bbox 713 5217 818 5272; x_wconf 90' lang='lat' dir='ltr'><strong>hoc</strong></span> <span class='ocrx_word' id='word_1_386' title='bbox 859 5216 1099 5286; x_wconf 88' lang='lat' dir='ltr'><strong>nonnulli</strong></span> <span class='ocrx_word' id='word_1_387' title='bbox 1139 5215 1446 5285; x_wconf 86' lang='lat' dir='ltr'><strong>proferunt,</strong></span> <span class='ocrx_word' id='word_1_388' title='bbox 1477 5223 1742 5285; x_wconf 89' lang='lat' dir='ltr'><strong>quatenus</strong></span> <span class='ocrx_word' id='word_1_389' title='bbox 1769 5215 2062 5286; x_wconf 87' lang='lat' dir='ltr'><strong>principale</strong></span> 
     </span>
    </p>
   </div>
   <div class='ocr_carea' id='block_1_57' title="bbox 486 5285 2060 5374">
    <p class='ocr_par' dir='ltr' id='par_1_57' title="bbox 486 5285 2060 5374">
     <span class='ocr_line' id='line_1_57' title="bbox 486 5285 2060 5374; baseline -0.004 -8"><span class='ocrx_word' id='word_1_390' title='bbox 486 5315 538 5366; x_wconf 91' lang='lat' dir='ltr'><strong>in</strong></span> <span class='ocrx_word' id='word_1_391' title='bbox 577 5312 739 5369; x_wconf 88' lang='lat' dir='ltr'><strong>corde</strong></span> <span class='ocrx_word' id='word_1_392' title='bbox 788 5285 1018 5366; x_wconf 72' lang='lat' dir='ltr'><strong>hominis</strong></span> <span class='ocrx_word' id='word_1_393' title='bbox 1057 5325 1177 5365; x_wconf 85' lang='lat' dir='ltr'><strong>esse</strong></span> <span class='ocrx_word' id='word_1_394' title='bbox 1215 5317 1501 5374; x_wconf 89' lang='lat' dir='ltr'><strong>testentur,</strong></span> <span class='ocrx_word' id='word_1_395' title='bbox 1550 5323 1656 5363; x_wconf 93' lang='lat' dir='ltr'><strong>non</strong></span> <span class='ocrx_word' id='word_1_396' title='bbox 1706 5308 1759 5363; x_wconf 91' lang='lat' dir='ltr'><strong>id</strong></span> <span class='ocrx_word' id='word_1_397' title='bbox 1804 5308 2060 5362; x_wconf 89' lang='lat' dir='ltr'><strong>debemus</strong></span> 
     </span>
    </p>
   </div>
   <div class='ocr_carea' id='block_1_58' title="bbox 485 5399 2059 5476">
    <p class='ocr_par' dir='ltr' id='par_1_58' title="bbox 485 5399 2059 5476">
     <span class='ocr_line' id='line_1_58' title="bbox 485 5399 2059 5476; baseline -0.006 -14"><span class='ocrx_word' id='word_1_398' title='bbox 485 5406 820 5476; x_wconf 84' lang='lat' dir='ltr'><strong>inexplorata</strong></span> <span class='ocrx_word' id='word_1_399' title='bbox 849 5404 1058 5459; x_wconf 87' lang='lat' dir='ltr'><strong>ratione</strong></span> <span class='ocrx_word' id='word_1_400' title='bbox 1085 5403 1380 5473; x_wconf 89' lang='lat' dir='ltr'><strong>percipere.</strong></span> <span class='ocrx_word' id='word_1_401' title='bbox 1415 5401 1517 5468; x_wconf 88' lang='lat' dir='ltr'><strong>Qui</strong></span> <span class='ocrx_word' id='word_1_402' title='bbox 1556 5401 1697 5456; x_wconf 90' lang='lat' dir='ltr'><strong>enim</strong></span> <span class='ocrx_word' id='word_1_403' title='bbox 1738 5399 1914 5455; x_wconf 87' lang='lat' dir='ltr'><strong>cordis</strong></span> <span class='ocrx_word' id='word_1_404' title='bbox 1942 5414 2059 5454; x_wconf 89' lang='lat' dir='ltr'><strong>me-</strong></span> 
     </span>
    </p>
   </div>
   <div class='ocr_carea' id='block_1_59' title="bbox 481 5493 2058 5553">
    <p class='ocr_par' dir='ltr' id='par_1_59' title="bbox 481 5493 2058 5553">
     <span class='ocr_line' id='line_1_59' title="bbox 481 5493 2058 5553; baseline -0.006 0"><span class='ocrx_word' id='word_1_405' title='bbox 481 5499 635 5553; x_wconf 89' lang='lat' dir='ltr'><strong>minit</strong></span> <span class='ocrx_word' id='word_1_406' title='bbox 674 5505 728 5552; x_wconf 91' lang='lat' dir='ltr'><strong>et</strong></span> <span class='ocrx_word' id='word_1_407' title='bbox 767 5510 929 5552; x_wconf 89' lang='lat' dir='ltr'><strong>renes</strong></span> <span class='ocrx_word' id='word_1_408' title='bbox 971 5494 1198 5550; x_wconf 88' lang='lat' dir='ltr'><strong>asseruit</strong></span> <span class='ocrx_word' id='word_1_409' title='bbox 1245 5495 1430 5549; x_wconf 91' lang='lat' dir='ltr'><strong>dicens</strong></span> <span class='ocrx_word' id='word_1_410' title='bbox 1464 5511 1476 5547; x_wconf 92' lang='lat'><strong>:</strong></span> <span class='ocrx_word' id='word_1_411' title='bbox 1511 5493 1762 5548; x_wconf 68' lang='lat' dir='ltr'><strong>Sci-utam</strong></span> <span class='ocrx_word' id='word_1_412' title='bbox 1805 5493 1962 5546; x_wconf 87' lang='lat' dir='ltr'><strong>corda</strong></span> <span class='ocrx_word' id='word_1_413' title='bbox 2011 5501 2058 5545; x_wconf 82' lang='lat' dir='ltr'><strong>et</strong></span> 
     </span>
    </p>
   </div>
   <div class='ocr_carea' id='block_1_60' title="bbox 477 5583 2057 5654">
    <p class='ocr_par' dir='ltr' id='par_1_60' title="bbox 477 5583 2057 5654">
     <span class='ocr_line' id='line_1_60' title="bbox 477 5583 2057 5654; baseline -0.007 -8"><span class='ocrx_word' id='word_1_414' title='bbox 477 5608 626 5646; x_wconf 78' lang='lat' dir='ltr'><strong>renes</strong></span> <span class='ocrx_word' id='word_1_415' title='bbox 656 5589 817 5645; x_wconf 76' lang='lat' dir='ltr'><strong>Deus.</strong></span> <span class='ocrx_word' id='word_1_416' title='bbox 848 5587 926 5642; x_wconf 87' lang='lat' dir='ltr'><strong>lla</strong></span> <span class='ocrx_word' id='word_1_417' title='bbox 955 5594 1045 5640; x_wconf 92' lang='lat' dir='ltr'><strong>aut</strong></span> <span class='ocrx_word' id='word_1_418' title='bbox 1075 5594 1302 5654; x_wconf 89' lang='lat' dir='ltr'><strong>utroque</strong></span> <span class='ocrx_word' id='word_1_419' title='bbox 1330 5593 1421 5638; x_wconf 90' lang='lat' dir='ltr'><strong>aut</strong></span> <span class='ocrx_word' id='word_1_420' title='bbox 1449 5593 1660 5653; x_wconf 61' lang='lat' dir='ltr'><strong>,neutro</strong></span> <span class='ocrx_word' id='word_1_421' title='bbox 1701 5584 1803 5637; x_wconf 91' lang='lat' dir='ltr'><strong>hoc</strong></span> <span class='ocrx_word' id='word_1_422' title='bbox 1844 5583 2057 5638; x_wconf 88' lang='lat' dir='ltr'><strong>intelle-</strong></span> 
     </span>
    </p>
   </div>
   <div class='ocr_carea' id='block_1_61' title="bbox 472 5673 2055 5738">
    <p class='ocr_par' dir='ltr' id='par_1_61' title="bbox 472 5673 2055 5738">
     <span class='ocr_line' id='line_1_61' title="bbox 472 5673 2055 5738; baseline -0.009 1"><span class='ocrx_word' id='word_1_423' title='bbox 472 5685 653 5738; x_wconf 75' lang='lat' dir='ltr'><strong>ctuale</strong></span> <span class='ocrx_word' id='word_1_424' title='bbox 681 5681 913 5737; x_wconf 89' lang='lat' dir='ltr'><strong>hominis</strong></span> <span class='ocrx_word' id='word_1_425' title='bbox 939 5677 1120 5733; x_wconf 88' lang='lat' dir='ltr'><strong>licebit</strong></span> <span class='ocrx_word' id='word_1_426' title='bbox 1150 5675 1366 5730; x_wconf 87' lang='lat' dir='ltr'><strong>includi.</strong></span> <span class='ocrx_word' id='word_1_427' title='bbox 1399 5673 1631 5728; x_wconf 90' lang='lat' dir='ltr'><strong>Obtundi</strong></span> <span class='ocrx_word' id='word_1_428' title='bbox 1670 5688 1799 5726; x_wconf 81' lang='lat' dir='ltr'><strong>vero</strong></span> <span class='ocrx_word' id='word_1_429' title='bbox 1842 5673 2055 5726; x_wconf 91' lang='lat' dir='ltr'><strong>easdem</strong></span> 
     </span>
    </p>
   </div>
   <div class='ocr_carea' id='block_1_62' title="bbox 483 5764 2056 5834">
    <p class='ocr_par' dir='ltr' id='par_1_62' title="bbox 483 5764 2056 5834">
     <span class='ocr_line' id='line_1_62' title="bbox 483 5764 2056 5834; baseline -0.006 -7"><span class='ocrx_word' id='word_1_430' title='bbox 483 5773 867 5830; x_wconf 83' lang='lat' dir='ltr'><strong>intellectualcs</strong></span> <span class='ocrx_word' id='word_1_431' title='bbox 899 5768 1210 5830; x_wconf 86' lang='lat' dir='ltr'><strong>efficentias,</strong></span> <span class='ocrx_word' id='word_1_432' title='bbox 1242 5767 1326 5820; x_wconf 90' lang='lat' dir='ltr'><strong>vel</strong></span> <span class='ocrx_word' id='word_1_433' title='bbox 1356 5766 1516 5819; x_wconf 91' lang='lat' dir='ltr'><strong>ctiam</strong></span> <span class='ocrx_word' id='word_1_434' title='bbox 1545 5765 1662 5819; x_wconf 91' lang='lat' dir='ltr'><strong>sine</strong></span> <span class='ocrx_word' id='word_1_435' title='bbox 1690 5764 1880 5820; x_wconf 76' lang='lat' dir='ltr'><strong>effectu</strong></span> <span class='ocrx_word' id='word_1_436' title='bbox 1903 5779 2056 5834; x_wconf 90' lang='lat' dir='ltr'><strong>pror-</strong></span> 
     </span>
    </p>
   </div>
   <div class='ocr_carea' id='block_1_63' title="bbox 475 5855 2056 5935">
    <p class='ocr_par' dir='ltr' id='par_1_63' title="bbox 475 5855 2056 5935">
     <span class='ocr_line' id='line_1_63' title="bbox 475 5855 2056 5935; baseline -0.006 -15"><span class='ocrx_word' id='word_1_437' title='bbox 475 5881 569 5921; x_wconf 71' lang='lat' dir='ltr'><strong>sus</strong></span> <span class='ocrx_word' id='word_1_438' title='bbox 619 5865 877 5935; x_wconf 75' lang='lat' dir='ltr'><strong>cxistcre,</strong></span> <span class='ocrx_word' id='word_1_439' title='bbox 932 5877 1027 5931; x_wconf 89' lang='lat' dir='ltr'><strong>per</strong></span> <span class='ocrx_word' id='word_1_440' title='bbox 1075 5859 1385 5930; x_wconf 86' lang='lat' dir='ltr'><strong>qualitatem</strong></span> <span class='ocrx_word' id='word_1_441' title='bbox 1435 5873 1708 5926; x_wconf 74' lang='lat' dir='ltr'><strong>corporea:</strong></span> <span class='ocrx_word' id='word_1_442' title='bbox 1761 5855 2056 5911; x_wconf 76' lang='lat' dir='ltr'><strong>affectionis</strong></span> 
     </span>
    </p>
   </div>
   <div class='ocr_carea' id='block_1_64' title="bbox 2179 603 3742 673">
    <p class='ocr_par' dir='ltr' id='par_1_64' title="bbox 2179 603 3742 673">
     <span class='ocr_line' id='line_1_64' title="bbox 2179 603 3742 673; baseline -0.001 -16"><span class='ocrx_word' id='word_1_443' title='bbox 2179 603 2310 659; x_wconf 87' lang='lat' dir='ltr'><strong>locis</strong></span> <span class='ocrx_word' id='word_1_444' title='bbox 2339 603 2603 673; x_wconf 87' lang='lat' dir='ltr'><strong>aliquibus</strong></span> <span class='ocrx_word' id='word_1_445' title='bbox 2644 606 2893 658; x_wconf 87' lang='lat' dir='ltr'><strong>virtutem</strong></span> <span class='ocrx_word' id='word_1_446' title='bbox 2943 603 3137 658; x_wconf 91' lang='lat' dir='ltr'><strong>mentis</strong></span> <span class='ocrx_word' id='word_1_447' title='bbox 3189 616 3426 657; x_wconf 89' lang='lat' dir='ltr'><strong>asseram</strong></span> <span class='ocrx_word' id='word_1_448' title='bbox 3465 603 3742 664; x_wconf 87' lang='lat' dir='ltr'><strong>contineri,</strong></span> 
     </span>
    </p>
   </div>
   <div class='ocr_carea' id='block_1_65' title="bbox 2179 692 3745 764">
    <p class='ocr_par' dir='ltr' id='par_1_65' title="bbox 2179 692 3745 764">
     <span class='ocr_line' id='line_1_65' title="bbox 2179 692 3745 764; baseline -0.002 -17"><span class='ocrx_word' id='word_1_449' title='bbox 2179 703 2432 762; x_wconf 89' lang='lat' dir='ltr'><strong>tanquam</strong></span> <span class='ocrx_word' id='word_1_450' title='bbox 2478 709 2574 764; x_wconf 86' lang='lat' dir='ltr'><strong>per</strong></span> <span class='ocrx_word' id='word_1_451' title='bbox 2603 702 2841 749; x_wconf 87' lang='lat' dir='ltr'><strong>tumores</strong></span> <span class='ocrx_word' id='word_1_452' title='bbox 2882 693 3122 762; x_wconf 89' lang='lat' dir='ltr'><strong>partibus</strong></span> <span class='ocrx_word' id='word_1_453' title='bbox 3153 692 3432 761; x_wconf 91' lang='lat' dir='ltr'><strong>occupatis</strong></span> <span class='ocrx_word' id='word_1_454' title='bbox 3471 707 3500 745; x_wconf 90' lang='lat' dir='ltr'><strong>a</strong></span> <span class='ocrx_word' id='word_1_455' title='bbox 3539 693 3745 762; x_wconf 85' lang='lat' dir='ltr'><strong>propria</strong></span> 
     </span>
    </p>
   </div>
   <div class='ocr_carea' id='block_1_66' title="bbox 2179 781 3748 855">
    <p class='ocr_par' dir='ltr' id='par_1_66' title="bbox 2179 781 3748 855">
     <span class='ocr_line' id='line_1_66' title="bbox 2179 781 3748 855; baseline -0.001 -19"><span class='ocrx_word' id='word_1_456' title='bbox 2179 784 2456 838; x_wconf 82' lang='lat' dir='ltr'><strong>latitudine</strong></span> <span class='ocrx_word' id='word_1_457' title='bbox 2486 785 2656 853; x_wconf 87' lang='lat' dir='ltr'><strong>possit</strong></span> <span class='ocrx_word' id='word_1_458' title='bbox 2682 784 2895 855; x_wconf 79' lang='lat' dir='ltr'><strong>expelli.</strong></span> <span class='ocrx_word' id='word_1_459' title='bbox 2921 781 3231 852; x_wconf 83' lang='lat' dir='ltr'><strong>Corporalis</strong></span> <span class='ocrx_word' id='word_1_460' title='bbox 3259 781 3402 835; x_wconf 88' lang='lat' dir='ltr'><strong>enim</strong></span> <span class='ocrx_word' id='word_1_461' title='bbox 3433 782 3547 835; x_wconf 71' lang='lat' dir='ltr'><strong>hzec</strong></span> <span class='ocrx_word' id='word_1_462' title='bbox 3573 782 3748 850; x_wconf 86' lang='lat' dir='ltr'><strong>opinio</strong></span> 
     </span>
    </p>
   </div>
   <div class='ocr_carea' id='block_1_67' title="bbox 2177 873 3747 946">
    <p class='ocr_par' dir='ltr' id='par_1_67' title="bbox 2177 873 3747 946">
     <span class='ocr_line' id='line_1_67' title="bbox 2177 873 3747 946; baseline -0.001 -18"><span class='ocrx_word' id='word_1_463' title='bbox 2177 883 2279 937; x_wconf 89' lang='lat' dir='ltr'><strong>est,</strong></span> <span class='ocrx_word' id='word_1_464' title='bbox 2309 885 2367 929; x_wconf 94' lang='lat' dir='ltr'><strong>ut</strong></span> <span class='ocrx_word' id='word_1_465' title='bbox 2390 892 2484 930; x_wconf 87' lang='lat' dir='ltr'><strong>vas</strong></span> <span class='ocrx_word' id='word_1_466' title='bbox 2506 885 2831 946; x_wconf 69' lang='lat' dir='ltr'><strong>prmventum</strong></span> <span class='ocrx_word' id='word_1_467' title='bbox 2854 875 3104 930; x_wconf 89' lang='lat' dir='ltr'><strong>immissis</strong></span> <span class='ocrx_word' id='word_1_468' title='bbox 3127 873 3286 928; x_wconf 90' lang='lat' dir='ltr'><strong>rebus</strong></span> <span class='ocrx_word' id='word_1_469' title='bbox 3305 873 3447 926; x_wconf 88' lang='lat' dir='ltr'><strong>aliud</strong></span> <span class='ocrx_word' id='word_1_470' title='bbox 3467 873 3747 942; x_wconf 87' lang='lat' dir='ltr'><strong>quidquam</strong></span> 
     </span>
    </p>
   </div>
   <div class='ocr_carea' id='block_1_68' title="bbox 2179 967 3749 1037">
    <p class='ocr_par' dir='ltr' id='par_1_68' title="bbox 2179 967 3749 1037">
     <span class='ocr_line' id='line_1_68' title="bbox 2179 967 3749 1037; baseline 0.001 -19"><span class='ocrx_word' id='word_1_471' title='bbox 2179 968 2654 1034; x_wconf 78' lang='lat' dir='ltr'><strong>nequeat&#39;omnino</strong></span> <span class='ocrx_word' id='word_1_472' title='bbox 2681 967 2942 1037; x_wconf 88' lang='lat' dir='ltr'><strong>recipere.</strong></span> <span class='ocrx_word' id='word_1_473' title='bbox 2974 967 3354 1022; x_wconf 87' lang='lat' dir='ltr'><strong>Intellectualis</strong></span> <span class='ocrx_word' id='word_1_474' title='bbox 3383 982 3611 1035; x_wconf 86' lang='lat' dir='ltr'><strong>namque</strong></span> <span class='ocrx_word' id='word_1_475' title='bbox 3633 967 3749 1022; x_wconf 81' lang='lat' dir='ltr'><strong>sub-</strong></span> 
     </span>
    </p>
   </div>
   <div class='ocr_carea' id='block_1_69' title="bbox 2178 1057 3746 1129">
    <p class='ocr_par' dir='ltr' id='par_1_69' title="bbox 2178 1057 3746 1129">
     <span class='ocr_line' id='line_1_69' title="bbox 2178 1057 3746 1129; baseline 0.001 -20"><span class='ocrx_word' id='word_1_476' title='bbox 2178 1057 2370 1110; x_wconf 88' lang='lat' dir='ltr'><strong>stantia</strong></span> <span class='ocrx_word' id='word_1_477' title='bbox 2401 1072 2575 1126; x_wconf 88' lang='lat' dir='ltr'><strong>ncqne</strong></span> <span class='ocrx_word' id='word_1_478' title='bbox 2604 1059 2656 1112; x_wconf 89' lang='lat' dir='ltr'><strong>in</strong></span> <span class='ocrx_word' id='word_1_479' title='bbox 2685 1059 2868 1114; x_wconf 87' lang='lat' dir='ltr'><strong>vacuis</strong></span> <span class='ocrx_word' id='word_1_480' title='bbox 2889 1066 2943 1112; x_wconf 90' lang='lat' dir='ltr'><strong>et</strong></span> <span class='ocrx_word' id='word_1_481' title='bbox 2968 1059 3224 1114; x_wconf 88' lang='lat' dir='ltr'><strong>convexis</strong></span> <span class='ocrx_word' id='word_1_482' title='bbox 3247 1060 3486 1129; x_wconf 89' lang='lat' dir='ltr'><strong>partibus</strong></span> <span class='ocrx_word' id='word_1_483' title='bbox 3509 1060 3746 1128; x_wconf 85' lang='lat' dir='ltr'><strong>corporis</strong></span> 
     </span>
    </p>
   </div>
   <div class='ocr_carea' id='block_1_70' title="bbox 2178 1145 3744 1217">
    <p class='ocr_par' dir='ltr' id='par_1_70' title="bbox 2178 1145 3744 1217">
     <span class='ocr_line' id='line_1_70' title="bbox 2178 1145 3744 1217; baseline 0.003 -19"><span class='ocrx_word' id='word_1_484' title='bbox 2178 1145 2513 1214; x_wconf 89' lang='lat' dir='ltr'><strong>immoratur,</strong></span> <span class='ocrx_word' id='word_1_485' title='bbox 2544 1163 2643 1202; x_wconf 87' lang='lat' dir='ltr'><strong>nec</strong></span> <span class='ocrx_word' id='word_1_486' title='bbox 2671 1148 3037 1217; x_wconf 89' lang='lat' dir='ltr'><strong>magnitudine</strong></span> <span class='ocrx_word' id='word_1_487' title='bbox 3075 1147 3158 1202; x_wconf 88' lang='lat' dir='ltr'><strong>vel</strong></span> <span class='ocrx_word' id='word_1_488' title='bbox 3187 1149 3332 1202; x_wconf 90' lang='lat' dir='ltr'><strong>mole</strong></span> <span class='ocrx_word' id='word_1_489' title='bbox 3359 1149 3539 1203; x_wconf 87' lang='lat' dir='ltr'><strong>carnis</strong></span> <span class='ocrx_word' id='word_1_490' title='bbox 3564 1154 3744 1202; x_wconf 84' lang='lat' dir='ltr'><strong>extru-</strong></span> 
     </span>
    </p>
   </div>
   <div class='ocr_carea' id='block_1_71' title="bbox 2177 1237 3745 1307">
    <p class='ocr_par' dir='ltr' id='par_1_71' title="bbox 2177 1237 3745 1307">
     <span class='ocr_line' id='line_1_71' title="bbox 2177 1237 3745 1307; baseline 0.002 -19"><span class='ocrx_word' id='word_1_491' title='bbox 2177 1237 2340 1293; x_wconf 91' lang='lat' dir='ltr'><strong>ditur.</strong></span> <span class='ocrx_word' id='word_1_492' title='bbox 2389 1238 2493 1292; x_wconf 88' lang='lat' dir='ltr'><strong>Sed</strong></span> <span class='ocrx_word' id='word_1_493' title='bbox 2541 1239 2664 1307; x_wconf 91' lang='lat' dir='ltr'><strong>quia</strong></span> <span class='ocrx_word' id='word_1_494' title='bbox 2710 1247 2926 1294; x_wconf 87' lang='lat' dir='ltr'><strong>constat</strong></span> <span class='ocrx_word' id='word_1_495' title='bbox 2964 1239 3133 1293; x_wconf 89' lang='lat' dir='ltr'><strong>veluti</strong></span> <span class='ocrx_word' id='word_1_496' title='bbox 3174 1251 3439 1307; x_wconf 78' lang='lat' dir='ltr'><strong>organum</strong></span> <span class='ocrx_word' id='word_1_497' title='bbox 3485 1238 3745 1306; x_wconf 88' lang='lat' dir='ltr'><strong>quoddam</strong></span> 
     </span>
    </p>
   </div>
   <div class='ocr_carea' id='block_1_72' title="bbox 2179 1327 3750 1398">
    <p class='ocr_par' dir='ltr' id='par_1_72' title="bbox 2179 1327 3750 1398">
     <span class='ocr_line' id='line_1_72' title="bbox 2179 1327 3750 1398; baseline 0.003 -19"><span class='ocrx_word' id='word_1_498' title='bbox 2179 1327 2440 1381; x_wconf 88' lang='lat' dir='ltr'><strong>musicum</strong></span> <span class='ocrx_word' id='word_1_499' title='bbox 2471 1336 2642 1382; x_wconf 90' lang='lat' dir='ltr'><strong>totum</strong></span> <span class='ocrx_word' id='word_1_500' title='bbox 2672 1329 2906 1383; x_wconf 87' lang='lat' dir='ltr'><strong>hominis</strong></span> <span class='ocrx_word' id='word_1_501' title='bbox 2935 1343 3130 1398; x_wconf 89' lang='lat' dir='ltr'><strong>corpus</strong></span> <span class='ocrx_word' id='word_1_502' title='bbox 3163 1336 3524 1391; x_wconf 74' lang='lat' dir='ltr'><strong>exstructum,</strong></span> <span class='ocrx_word' id='word_1_503' title='bbox 3555 1336 3611 1383; x_wconf 88' lang='lat' dir='ltr'><strong>et</strong></span> <span class='ocrx_word' id='word_1_504' title='bbox 3638 1329 3750 1398; x_wconf 84' lang='lat' dir='ltr'><strong>ple-</strong></span> 
     </span>
    </p>
   </div>
   <div class='ocr_carea' id='block_1_73' title="bbox 2177 1417 3751 1487">
    <p class='ocr_par' dir='ltr' id='par_1_73' title="bbox 2177 1417 3751 1487">
     <span class='ocr_line' id='line_1_73' title="bbox 2177 1417 3751 1487; baseline 0 -19"><span class='ocrx_word' id='word_1_505' title='bbox 2177 1431 2403 1486; x_wconf 85' lang='lat' dir='ltr'><strong>rumque</strong></span> <span class='ocrx_word' id='word_1_506' title='bbox 2467 1419 2730 1486; x_wconf 90' lang='lat' dir='ltr'><strong>contingit</strong></span> <span class='ocrx_word' id='word_1_507' title='bbox 2793 1428 2851 1472; x_wconf 89' lang='lat' dir='ltr'><strong>ut</strong></span> <span class='ocrx_word' id='word_1_508' title='bbox 2906 1419 2958 1472; x_wconf 91' lang='lat' dir='ltr'><strong>hi</strong></span> <span class='ocrx_word' id='word_1_509' title='bbox 3007 1418 3098 1487; x_wconf 90' lang='lat' dir='ltr'><strong>qui</strong></span> <span class='ocrx_word' id='word_1_510' title='bbox 3159 1418 3379 1471; x_wconf 70' lang='lat' dir='ltr'><strong>musicae</strong></span> <span class='ocrx_word' id='word_1_511' title='bbox 3427 1417 3580 1487; x_wconf 87' lang='lat' dir='ltr'><strong>periti</strong></span> <span class='ocrx_word' id='word_1_512' title='bbox 3630 1426 3751 1470; x_wconf 88' lang='lat' dir='ltr'><strong>sunt</strong></span> 
     </span>
    </p>
   </div>
   <div class='ocr_carea' id='block_1_74' title="bbox 2177 1507 3749 1577">
    <p class='ocr_par' dir='ltr' id='par_1_74' title="bbox 2177 1507 3749 1577">
     <span class='ocr_line' id='line_1_74' title="bbox 2177 1507 3749 1577; baseline 0 -19"><span class='ocrx_word' id='word_1_513' title='bbox 2177 1520 2327 1559; x_wconf 90' lang='lat' dir='ltr'><strong>suam</strong></span> <span class='ocrx_word' id='word_1_514' title='bbox 2359 1516 2626 1576; x_wconf 86' lang='lat' dir='ltr'><strong>nequeant</strong></span> <span class='ocrx_word' id='word_1_515' title='bbox 2651 1509 2932 1563; x_wconf 89' lang='lat' dir='ltr'><strong>ostendere</strong></span> <span class='ocrx_word' id='word_1_516' title='bbox 2957 1507 3289 1577; x_wconf 86' lang='lat' dir='ltr'><strong>disciplinam</strong></span> <span class='ocrx_word' id='word_1_517' title='bbox 3311 1517 3530 1576; x_wconf 87' lang='lat' dir='ltr'><strong>propter</strong></span> <span class='ocrx_word' id='word_1_518' title='bbox 3550 1508 3749 1562; x_wconf 86' lang='lat' dir='ltr'><strong>instru-</strong></span> 
     </span>
    </p>
   </div>
   <div class='ocr_carea' id='block_1_75' title="bbox 2177 1596 3752 1664">
    <p class='ocr_par' dir='ltr' id='par_1_75' title="bbox 2177 1596 3752 1664">
     <span class='ocr_line' id='line_1_75' title="bbox 2177 1596 3752 1664; baseline -0.001 -14"><span class='ocrx_word' id='word_1_519' title='bbox 2177 1599 2342 1652; x_wconf 90' lang='lat' dir='ltr'><strong>menti</strong></span> <span class='ocrx_word' id='word_1_520' title='bbox 2371 1600 2711 1654; x_wconf 86' lang='lat' dir='ltr'><strong>mutilitatem</strong></span> <span class='ocrx_word' id='word_1_521' title='bbox 2745 1600 2876 1655; x_wconf 82' lang='lat' dir='ltr'><strong>artis</strong></span> <span class='ocrx_word' id='word_1_522' title='bbox 2908 1600 3223 1654; x_wconf 89' lang='lat' dir='ltr'><strong>industriam</strong></span> <span class='ocrx_word' id='word_1_523' title='bbox 3255 1598 3565 1662; x_wconf 88' lang='lat' dir='ltr'><strong>renuentis,</strong></span> <span class='ocrx_word' id='word_1_524' title='bbox 3609 1596 3752 1664; x_wconf 86' lang='lat' dir='ltr'><strong>quod</strong></span> 
     </span>
    </p>
   </div>
   <div class='ocr_carea' id='block_1_76' title="bbox 2178 1685 3748 1756">
    <p class='ocr_par' dir='ltr' id='par_1_76' title="bbox 2178 1685 3748 1756">
     <span class='ocr_line' id='line_1_76' title="bbox 2178 1685 3748 1756; baseline 0 -19"><span class='ocrx_word' id='word_1_525' title='bbox 2178 1693 2270 1738; x_wconf 88' lang='lat' dir='ltr'><strong>aut</strong></span> <span class='ocrx_word' id='word_1_526' title='bbox 2306 1694 2550 1756; x_wconf 88' lang='lat' dir='ltr'><strong>tempore</strong></span> <span class='ocrx_word' id='word_1_527' title='bbox 2592 1689 2835 1742; x_wconf 91' lang='lat' dir='ltr'><strong>vitiatum</strong></span> <span class='ocrx_word' id='word_1_528' title='bbox 2885 1696 2985 1753; x_wconf 89' lang='lat' dir='ltr'><strong>est,</strong></span> <span class='ocrx_word' id='word_1_529' title='bbox 3038 1697 3132 1742; x_wconf 90' lang='lat' dir='ltr'><strong>aut</strong></span> <span class='ocrx_word' id='word_1_530' title='bbox 3175 1689 3354 1756; x_wconf 86' lang='lat' dir='ltr'><strong>aliquo</strong></span> <span class='ocrx_word' id='word_1_531' title='bbox 3401 1700 3528 1740; x_wconf 87' lang='lat' dir='ltr'><strong>casu</strong></span> <span class='ocrx_word' id='word_1_532' title='bbox 3574 1685 3748 1738; x_wconf 86' lang='lat' dir='ltr'><strong>disru-</strong></span> 
     </span>
    </p>
   </div>
   <div class='ocr_carea' id='block_1_77' title="bbox 2176 1777 3754 1846">
    <p class='ocr_par' dir='ltr' id='par_1_77' title="bbox 2176 1777 3754 1846">
     <span class='ocr_line' id='line_1_77' title="bbox 2176 1777 3754 1846; baseline -0.001 -17"><span class='ocrx_word' id='word_1_533' title='bbox 2176 1784 2359 1846; x_wconf 91' lang='lat' dir='ltr'><strong>ptum,</strong></span> <span class='ocrx_word' id='word_1_534' title='bbox 2412 1786 2503 1832; x_wconf 91' lang='lat' dir='ltr'><strong>aut</strong></span> <span class='ocrx_word' id='word_1_535' title='bbox 2549 1778 2791 1846; x_wconf 86' lang='lat' dir='ltr'><strong>rubigine</strong></span> <span class='ocrx_word' id='word_1_536' title='bbox 2839 1779 2920 1832; x_wconf 86' lang='lat' dir='ltr'><strong>vel</strong></span> <span class='ocrx_word' id='word_1_537' title='bbox 2972 1779 3196 1832; x_wconf 90' lang='lat' dir='ltr'><strong>humore</strong></span> <span class='ocrx_word' id='word_1_538' title='bbox 3240 1777 3492 1832; x_wconf 84' lang='lat' dir='ltr'><strong>detritum</strong></span> <span class='ocrx_word' id='word_1_539' title='bbox 3539 1783 3650 1835; x_wconf 88' lang='lat' dir='ltr'><strong>est,</strong></span> <span class='ocrx_word' id='word_1_540' title='bbox 3699 1783 3754 1828; x_wconf 89' lang='lat' dir='ltr'><strong>et</strong></span> 
     </span>
    </p>
   </div>
   <div class='ocr_carea' id='block_1_78' title="bbox 2179 1870 3753 1938">
    <p class='ocr_par' dir='ltr' id='par_1_78' title="bbox 2179 1870 3753 1938">
     <span class='ocr_line' id='line_1_78' title="bbox 2179 1870 3753 1938; baseline 0 -16"><span class='ocrx_word' id='word_1_541' title='bbox 2179 1871 2379 1924; x_wconf 91' lang='lat' dir='ltr'><strong>idcirco</strong></span> <span class='ocrx_word' id='word_1_542' title='bbox 2418 1871 2534 1925; x_wconf 91' lang='lat' dir='ltr'><strong>sine</strong></span> <span class='ocrx_word' id='word_1_543' title='bbox 2579 1886 2833 1926; x_wconf 90' lang='lat' dir='ltr'><strong>sonorum</strong></span> <span class='ocrx_word' id='word_1_544' title='bbox 2879 1878 3061 1925; x_wconf 90' lang='lat' dir='ltr'><strong>manet</strong></span> <span class='ocrx_word' id='word_1_545' title='bbox 3101 1870 3398 1938; x_wconf 83' lang='lat' dir='ltr'><strong>effectibus,</strong></span> <span class='ocrx_word' id='word_1_546' title='bbox 3429 1871 3554 1924; x_wconf 88' lang='lat' dir='ltr'><strong>licet</strong></span> <span class='ocrx_word' id='word_1_547' title='bbox 3592 1871 3661 1922; x_wconf 89' lang='lat' dir='ltr'><strong>ab</strong></span> <span class='ocrx_word' id='word_1_548' title='bbox 3688 1885 3753 1923; x_wconf 88' lang='lat' dir='ltr'><strong>eo</strong></span> 
     </span>
    </p>
   </div>
   <div class='ocr_carea' id='block_1_79' title="bbox 2177 1963 3754 2034">
    <p class='ocr_par' dir='ltr' id='par_1_79' title="bbox 2177 1963 3754 2034">
     <span class='ocr_line' id='line_1_79' title="bbox 2177 1963 3754 2034; baseline 0.003 -20"><span class='ocrx_word' id='word_1_549' title='bbox 2177 1964 2266 2033; x_wconf 90' lang='lat' dir='ltr'><strong>qui</strong></span> <span class='ocrx_word' id='word_1_550' title='bbox 2294 1963 2519 2018; x_wconf 73' lang='lat' dir='ltr'><strong>tibicina:</strong></span> <span class='ocrx_word' id='word_1_551' title='bbox 2547 1965 2678 2018; x_wconf 88' lang='lat' dir='ltr'><strong>artis</strong></span> <span class='ocrx_word' id='word_1_552' title='bbox 2706 1973 2788 2018; x_wconf 86' lang='lat' dir='ltr'><strong>est</strong></span> <span class='ocrx_word' id='word_1_553' title='bbox 2826 1967 3030 2034; x_wconf 89' lang='lat' dir='ltr'><strong>peritus</strong></span> <span class='ocrx_word' id='word_1_554' title='bbox 3059 1965 3380 2034; x_wconf 88' lang='lat' dir='ltr'><strong>inspiretur;</strong></span> <span class='ocrx_word' id='word_1_555' title='bbox 3416 1965 3493 2018; x_wconf 89' lang='lat' dir='ltr'><strong>sic</strong></span> <span class='ocrx_word' id='word_1_556' title='bbox 3519 1971 3577 2018; x_wconf 89' lang='lat' dir='ltr'><strong>et</strong></span> <span class='ocrx_word' id='word_1_557' title='bbox 3604 1979 3754 2018; x_wconf 90' lang='lat' dir='ltr'><strong>mens</strong></span> 
     </span>
    </p>
   </div>
   <div class='ocr_carea' id='block_1_80' title="bbox 2177 2054 3752 2123">
    <p class='ocr_par' dir='ltr' id='par_1_80' title="bbox 2177 2054 3752 2123">
     <span class='ocr_line' id='line_1_80' title="bbox 2177 2054 3752 2123; baseline 0.002 -18"><span class='ocrx_word' id='word_1_558' title='bbox 2177 2066 2274 2120; x_wconf 89' lang='lat' dir='ltr'><strong>per</strong></span> <span class='ocrx_word' id='word_1_559' title='bbox 2321 2067 2482 2107; x_wconf 89' lang='lat' dir='ltr'><strong>omne</strong></span> <span class='ocrx_word' id='word_1_560' title='bbox 2530 2054 2772 2123; x_wconf 89' lang='lat' dir='ltr'><strong>corporis</strong></span> <span class='ocrx_word' id='word_1_561' title='bbox 2801 2056 3066 2109; x_wconf 78' lang='lat' dir='ltr'><strong>transiens</strong></span> <span class='ocrx_word' id='word_1_562' title='bbox 3093 2055 3499 2108; x_wconf 85' lang='lat' dir='ltr'><strong>instrumentum</strong></span> <span class='ocrx_word' id='word_1_563' title='bbox 3539 2055 3752 2108; x_wconf 86' lang='lat' dir='ltr'><strong>intelle-</strong></span> 
     </span>
    </p>
   </div>
   <div class='ocr_carea' id='block_1_81' title="bbox 2177 2142 3756 2215">
    <p class='ocr_par' dir='ltr' id='par_1_81' title="bbox 2177 2142 3756 2215">
     <span class='ocr_line' id='line_1_81' title="bbox 2177 2142 3756 2215; baseline 0.003 -19"><span class='ocrx_word' id='word_1_564' title='bbox 2177 2142 2439 2198; x_wconf 89' lang='lat' dir='ltr'><strong>ctualibus</strong></span> <span class='ocrx_word' id='word_1_565' title='bbox 2467 2143 2833 2198; x_wconf 74' lang='lat' dir='ltr'><strong>eil‘ectualihus</strong></span> <span class='ocrx_word' id='word_1_566' title='bbox 2865 2147 2884 2166; x_wconf 83' lang='lat'>&#39;</span> <span class='ocrx_word' id='word_1_567' title='bbox 2910 2155 3118 2215; x_wconf 89' lang='lat' dir='ltr'><strong>partes,</strong></span> <span class='ocrx_word' id='word_1_568' title='bbox 3148 2145 3286 2200; x_wconf 91' lang='lat' dir='ltr'><strong>sicut</strong></span> <span class='ocrx_word' id='word_1_569' title='bbox 3331 2151 3519 2197; x_wconf 83' lang='lat' dir='ltr'><strong>natura</strong></span> <span class='ocrx_word' id='word_1_570' title='bbox 3569 2153 3756 2211; x_wconf 87' lang='lat' dir='ltr'><strong>aptum</strong></span> 
     </span>
    </p>
   </div>
   <div class='ocr_carea' id='block_1_82' title="bbox 2176 2235 3753 2305">
    <p class='ocr_par' dir='ltr' id='par_1_82' title="bbox 2176 2235 3753 2305">
     <span class='ocr_line' id='line_1_82' title="bbox 2176 2235 3753 2305; baseline 0 -19"><span class='ocrx_word' id='word_1_571' title='bbox 2176 2239 2280 2297; x_wconf 90' lang='lat' dir='ltr'><strong>est,</strong></span> <span class='ocrx_word' id='word_1_572' title='bbox 2310 2243 2678 2305; x_wconf 87' lang='lat' dir='ltr'><strong>competenter</strong></span> <span class='ocrx_word' id='word_1_573' title='bbox 2704 2235 2949 2303; x_wconf 89' lang='lat' dir='ltr'><strong>attingit:</strong></span> <span class='ocrx_word' id='word_1_574' title='bbox 2983 2243 3038 2290; x_wconf 88' lang='lat' dir='ltr'><strong>et</strong></span> <span class='ocrx_word' id='word_1_575' title='bbox 3061 2237 3112 2289; x_wconf 90' lang='lat' dir='ltr'><strong>in</strong></span> <span class='ocrx_word' id='word_1_576' title='bbox 3139 2236 3219 2290; x_wconf 89' lang='lat' dir='ltr'><strong>bis</strong></span> <span class='ocrx_word' id='word_1_577' title='bbox 3245 2235 3455 2304; x_wconf 83' lang='lat' dir='ltr'><strong>quidem</strong></span> <span class='ocrx_word' id='word_1_578' title='bbox 3485 2236 3578 2304; x_wconf 91' lang='lat' dir='ltr'><strong>qui</strong></span> <span class='ocrx_word' id='word_1_579' title='bbox 3600 2235 3753 2301; x_wconf 81' lang='lat' dir='ltr'><strong>juxta</strong></span> 
     </span>
    </p>
   </div>
   <div class='ocr_carea' id='block_1_83' title="bbox 2175 2327 3752 2396">
    <p class='ocr_par' dir='ltr' id='par_1_83' title="bbox 2175 2327 3752 2396">
     <span class='ocr_line' id='line_1_83' title="bbox 2175 2327 3752 2396; baseline 0 -18"><span class='ocrx_word' id='word_1_580' title='bbox 2175 2327 2525 2380; x_wconf 89' lang='lat' dir='ltr'><strong>substantiam</strong></span> <span class='ocrx_word' id='word_1_581' title='bbox 2554 2335 2873 2396; x_wconf 87' lang='lat' dir='ltr'><strong>permanent</strong></span> <span class='ocrx_word' id='word_1_582' title='bbox 2897 2327 3006 2382; x_wconf 89' lang='lat' dir='ltr'><strong>vim</strong></span> <span class='ocrx_word' id='word_1_583' title='bbox 3042 2343 3148 2382; x_wconf 66' lang='lat' dir='ltr'><strong>sure</strong></span> <span class='ocrx_word' id='word_1_584' title='bbox 3174 2327 3501 2396; x_wconf 86' lang='lat' dir='ltr'><strong>operationis</strong></span> <span class='ocrx_word' id='word_1_585' title='bbox 3529 2328 3706 2381; x_wconf 87' lang='lat' dir='ltr'><strong>exerit</strong></span> <span class='ocrx_word' id='word_1_586' title='bbox 3741 2346 3752 2378; x_wconf 92' lang='lat'>:</span> 
     </span>
    </p>
   </div>
   <div class='ocr_carea' id='block_1_84' title="bbox 2178 2415 3758 2491">
    <p class='ocr_par' dir='ltr' id='par_1_84' title="bbox 2178 2415 3758 2491">
     <span class='ocr_line' id='line_1_84' title="bbox 2178 2415 3758 2491; baseline 0 -23"><span class='ocrx_word' id='word_1_587' title='bbox 2178 2416 2231 2469; x_wconf 92' lang='lat' dir='ltr'><strong>in</strong></span> <span class='ocrx_word' id='word_1_588' title='bbox 2263 2417 2345 2471; x_wconf 90' lang='lat' dir='ltr'><strong>his</strong></span> <span class='ocrx_word' id='word_1_589' title='bbox 2379 2426 2558 2472; x_wconf 87' lang='lat' dir='ltr'><strong>autem</strong></span> <span class='ocrx_word' id='word_1_590' title='bbox 2588 2432 2706 2486; x_wconf 84' lang='lat' dir='ltr'><strong>quae</strong></span> <span class='ocrx_word' id='word_1_591' title='bbox 2735 2433 2831 2487; x_wconf 90' lang='lat' dir='ltr'><strong>per</strong></span> <span class='ocrx_word' id='word_1_592' title='bbox 2861 2419 3047 2472; x_wconf 87' lang='lat' dir='ltr'><strong>vitium</strong></span> <span class='ocrx_word' id='word_1_593' title='bbox 3093 2416 3359 2491; x_wconf 78' lang='lat' dir='ltr'><strong>quoddam</strong></span> <span class='ocrx_word' id='word_1_594' title='bbox 3407 2415 3758 2476; x_wconf 78' lang='lat' dir='ltr'><strong>artificiosmn</strong></span> 
     </span>
    </p>
   </div>
   <div class='ocr_carea' id='block_1_85' title="bbox 2177 2509 3757 2585">
    <p class='ocr_par' dir='ltr' id='par_1_85' title="bbox 2177 2509 3757 2585">
     <span class='ocr_line' id='line_1_85' title="bbox 2177 2509 3757 2585; baseline -0.006 -17"><span class='ocrx_word' id='word_1_595' title='bbox 2177 2517 2380 2568; x_wconf 87' lang='lat' dir='ltr'><strong>motum</strong></span> <span class='ocrx_word' id='word_1_596' title='bbox 2427 2509 2543 2583; x_wconf 84' lang='lat' dir='ltr'><strong>ejus</strong></span> <span class='ocrx_word' id='word_1_597' title='bbox 2589 2509 2874 2570; x_wconf 85' lang='lat' dir='ltr'><strong>admittere</strong></span> <span class='ocrx_word' id='word_1_598' title='bbox 2920 2523 3210 2585; x_wconf 87' lang='lat' dir='ltr'><strong>nequeunt,</strong></span> <span class='ocrx_word' id='word_1_599' title='bbox 3259 2523 3456 2583; x_wconf 72' lang='lat' dir='ltr'><strong>pneter</strong></span> <span class='ocrx_word' id='word_1_600' title='bbox 3501 2513 3757 2568; x_wconf 81' lang='lat' dir='ltr'><strong>elfectum</strong></span> 
     </span>
    </p>
   </div>
   <div class='ocr_carea' id='block_1_86' title="bbox 2177 2605 3761 2674">
    <p class='ocr_par' dir='ltr' id='par_1_86' title="bbox 2177 2605 3761 2674">
     <span class='ocr_line' id='line_1_86' title="bbox 2177 2605 3761 2674; baseline -0.001 -14"><span class='ocrx_word' id='word_1_601' title='bbox 2177 2607 2508 2674; x_wconf 88' lang='lat' dir='ltr'><strong>operationis</strong></span> <span class='ocrx_word' id='word_1_602' title='bbox 2537 2606 3095 2662; x_wconf 82' lang='lat' dir='ltr'><strong>existit..Naturaliter</strong></span> <span class='ocrx_word' id='word_1_603' title='bbox 3137 2605 3280 2659; x_wconf 91' lang='lat' dir='ltr'><strong>enim</strong></span> <span class='ocrx_word' id='word_1_604' title='bbox 3319 2605 3551 2672; x_wconf 87' lang='lat' dir='ltr'><strong>quodam</strong></span> <span class='ocrx_word' id='word_1_605' title='bbox 3592 2605 3761 2658; x_wconf 87' lang='lat' dir='ltr'><strong>modo</strong></span> 
     </span>
    </p>
   </div>
   <div class='ocr_carea' id='block_1_87' title="bbox 2177 2695 3763 2766">
    <p class='ocr_par' dir='ltr' id='par_1_87' title="bbox 2177 2695 3763 2766">
     <span class='ocr_line' id='line_1_87' title="bbox 2177 2695 3763 2766; baseline -0.003 -15"><span class='ocrx_word' id='word_1_606' title='bbox 2177 2712 2330 2751; x_wconf 89' lang='lat' dir='ltr'><strong>mens</strong></span> <span class='ocrx_word' id='word_1_607' title='bbox 2359 2705 2483 2766; x_wconf 89' lang='lat' dir='ltr'><strong>apta</strong></span> <span class='ocrx_word' id='word_1_608' title='bbox 2511 2704 2594 2751; x_wconf 89' lang='lat' dir='ltr'><strong>est</strong></span> <span class='ocrx_word' id='word_1_609' title='bbox 2621 2697 2674 2750; x_wconf 91' lang='lat' dir='ltr'><strong>in</strong></span> <span class='ocrx_word' id='word_1_610' title='bbox 2706 2697 2788 2751; x_wconf 90' lang='lat' dir='ltr'><strong>his</strong></span> <span class='ocrx_word' id='word_1_611' title='bbox 2824 2696 3076 2750; x_wconf 89' lang='lat' dir='ltr'><strong>membris</strong></span> <span class='ocrx_word' id='word_1_612' title='bbox 3116 2695 3334 2764; x_wconf 89' lang='lat' dir='ltr'><strong>proprie</strong></span> <span class='ocrx_word' id='word_1_613' title='bbox 3366 2702 3763 2763; x_wconf 85' lang='lat' dir='ltr'><strong>congruenter-</strong></span> 
     </span>
    </p>
   </div>
   <div class='ocr_carea' id='block_1_88' title="bbox 2175 2783 3764 2857">
    <p class='ocr_par' dir='ltr' id='par_1_88' title="bbox 2175 2783 3764 2857">
     <span class='ocr_line' id='line_1_88' title="bbox 2175 2783 3764 2857; baseline -0.004 -14"><span class='ocrx_word' id='word_1_614' title='bbox 2175 2803 2280 2856; x_wconf 91' lang='lat' dir='ltr'><strong>que</strong></span> <span class='ocrx_word' id='word_1_615' title='bbox 2323 2788 2544 2853; x_wconf 83' lang='lat' dir='ltr'><strong>versari,</strong></span> <span class='ocrx_word' id='word_1_616' title='bbox 2587 2803 2705 2857; x_wconf 72' lang='lat' dir='ltr'><strong>qum</strong></span> <span class='ocrx_word' id='word_1_617' title='bbox 2741 2803 2836 2841; x_wconf 80' lang='lat' dir='ltr'><strong>sua</strong></span> <span class='ocrx_word' id='word_1_618' title='bbox 2873 2787 3132 2856; x_wconf 85' lang='lat' dir='ltr'><strong>sospitate</strong></span> <span class='ocrx_word' id='word_1_619' title='bbox 3171 2791 3482 2854; x_wconf 89' lang='lat' dir='ltr'><strong>vegetantur</strong></span> <span class='ocrx_word' id='word_1_620' title='bbox 3513 2801 3526 2836; x_wconf 91' lang='lat'>:</span> <span class='ocrx_word' id='word_1_621' title='bbox 3557 2783 3623 2836; x_wconf 88' lang='lat' dir='ltr'><strong>ab</strong></span> <span class='ocrx_word' id='word_1_622' title='bbox 3674 2783 3764 2837; x_wconf 86' lang='lat' dir='ltr'><strong>his</strong></span> 
     </span>
    </p>
   </div>
   <div class='ocr_carea' id='block_1_89' title="bbox 2177 2875 3765 2951">
    <p class='ocr_par' dir='ltr' id='par_1_89' title="bbox 2177 2875 3765 2951">
     <span class='ocr_line' id='line_1_89' title="bbox 2177 2875 3765 2951; baseline -0.003 -17"><span class='ocrx_word' id='word_1_623' title='bbox 2177 2889 2354 2935; x_wconf 89' lang='lat' dir='ltr'><strong>autem</strong></span> <span class='ocrx_word' id='word_1_624' title='bbox 2409 2895 2628 2951; x_wconf 89' lang='lat' dir='ltr'><strong>prorsus</strong></span> <span class='ocrx_word' id='word_1_625' title='bbox 2681 2880 2943 2948; x_wconf 89' lang='lat' dir='ltr'><strong>alienari,</strong></span> <span class='ocrx_word' id='word_1_626' title='bbox 2991 2893 3110 2948; x_wconf 73' lang='lat' dir='ltr'><strong>quae</strong></span> <span class='ocrx_word' id='word_1_627' title='bbox 3155 2877 3384 2947; x_wconf 88' lang='lat' dir='ltr'><strong>quadam</strong></span> <span class='ocrx_word' id='word_1_628' title='bbox 3439 2875 3765 2930; x_wconf 83' lang='lat' dir='ltr'><strong>inﬁrmitate</strong></span> 
     </span>
    </p>
   </div>
   <div class='ocr_carea' id='block_1_90' title="bbox 2176 2980 2536 3027">
    <p class='ocr_par' dir='ltr' id='par_1_90' title="bbox 2176 2980 2536 3027">
     <span class='ocr_line' id='line_1_90' title="bbox 2176 2980 2536 3027; baseline 0.003 -1"><span class='ocrx_word' id='word_1_629' title='bbox 2176 2982 2366 3026; x_wconf 87' lang='lat' dir='ltr'><strong>vexata</strong></span> <span class='ocrx_word' id='word_1_630' title='bbox 2393 2980 2536 3027; x_wconf 91' lang='lat' dir='ltr'><strong>sunt.</strong></span> 
     </span>
    </p>
   </div>
   <div class='ocr_carea' id='block_1_91' title="bbox 2760 3109 3161 3168">
    <p class='ocr_par' dir='ltr' id='par_1_91' title="bbox 2760 3109 3161 3168">
     <span class='ocr_line' id='line_1_91' title="bbox 2760 3109 3161 3168; baseline -0.01 0"><span class='ocrx_word' id='word_1_631' title='bbox 2760 3110 2986 3168; x_wconf 80' lang='lat' dir='ltr'><strong>CAPUT</strong></span> <span class='ocrx_word' id='word_1_632' title='bbox 3026 3109 3161 3165; x_wconf 79' lang='lat' dir='ltr'><strong>Xlll.</strong></span> 
     </span>
    </p>
   </div>
   <div class='ocr_carea' id='block_1_92' title="bbox 2176 3219 3767 3292">
    <p class='ocr_par' dir='ltr' id='par_1_92' title="bbox 2176 3219 3767 3292">
     <span class='ocr_line' id='line_1_92' title="bbox 2176 3219 3767 3292; baseline -0.003 -16"><span class='ocrx_word' id='word_1_633' title='bbox 2176 3219 2548 3292; x_wconf 77' lang='lat' dir='ltr'><strong>Contemplatio</strong></span> <span class='ocrx_word' id='word_1_634' title='bbox 2576 3221 2811 3290; x_wconf 69' lang='lat' dir='ltr'><strong>quaedam</strong></span> <span class='ocrx_word' id='word_1_635' title='bbox 2839 3220 3092 3274; x_wconf 72' lang='lat' dir='ltr'><strong>naturalis</strong></span> <span class='ocrx_word' id='word_1_636' title='bbox 3119 3221 3184 3292; x_wconf 79' lang='lat' dir='ltr'><strong>de</strong></span> <span class='ocrx_word' id='word_1_637' title='bbox 3223 3220 3438 3272; x_wconf 77' lang='lat' dir='ltr'><strong>materia</strong></span> <span class='ocrx_word' id='word_1_638' title='bbox 3474 3225 3524 3271; x_wconf 82' lang='lat' dir='ltr'><strong>et</strong></span> <span class='ocrx_word' id='word_1_639' title='bbox 3561 3227 3767 3272; x_wconf 74' lang='lat' dir='ltr'><strong>natura</strong></span> 
     </span>
    </p>
   </div>
   <div class='ocr_carea' id='block_1_93' title="bbox 2649 3291 3268 3360">
    <p class='ocr_par' dir='ltr' id='par_1_93' title="bbox 2649 3291 3268 3360">
     <span class='ocr_line' id='line_1_93' title="bbox 2649 3291 3268 3360; baseline -0.005 -15"><span class='ocrx_word' id='word_1_640' title='bbox 2649 3300 2697 3346; x_wconf 84' lang='lat' dir='ltr'><strong>et</strong></span> <span class='ocrx_word' id='word_1_641' title='bbox 2725 3292 2908 3345; x_wconf 74' lang='lat' dir='ltr'><strong>mentis</strong></span> <span class='ocrx_word' id='word_1_642' title='bbox 2935 3291 3268 3360; x_wconf 75' lang='lat' dir='ltr'><strong>inspectione.</strong></span> 
     </span>
    </p>
   </div>
   <div class='ocr_carea' id='block_1_94' title="bbox 2245 3397 3766 3472">
    <p class='ocr_par' dir='ltr' id='par_1_94' title="bbox 2245 3397 3766 3472">
     <span class='ocr_line' id='line_1_94' title="bbox 2245 3397 3766 3472; baseline -0.003 -14"><span class='ocrx_word' id='word_1_643' title='bbox 2245 3403 2372 3459; x_wconf 80' lang='lat' dir='ltr'><strong>Mihi</strong></span> <span class='ocrx_word' id='word_1_644' title='bbox 2412 3419 2542 3459; x_wconf 88' lang='lat' dir='ltr'><strong>vero</strong></span> <span class='ocrx_word' id='word_1_645' title='bbox 2570 3403 2781 3458; x_wconf 90' lang='lat' dir='ltr'><strong>videtur</strong></span> <span class='ocrx_word' id='word_1_646' title='bbox 2807 3409 2864 3458; x_wconf 89' lang='lat' dir='ltr'><strong>et</strong></span> <span class='ocrx_word' id='word_1_647' title='bbox 2889 3403 3010 3472; x_wconf 90' lang='lat' dir='ltr'><strong>plus</strong></span> <span class='ocrx_word' id='word_1_648' title='bbox 3047 3415 3166 3457; x_wconf 87' lang='lat' dir='ltr'><strong>esse</strong></span> <span class='ocrx_word' id='word_1_649' title='bbox 3202 3414 3364 3470; x_wconf 89' lang='lat' dir='ltr'><strong>quam</strong></span> <span class='ocrx_word' id='word_1_650' title='bbox 3405 3397 3674 3454; x_wconf 80' lang='lat' dir='ltr'><strong>naturalis</strong></span> <span class='ocrx_word' id='word_1_651' title='bbox 3705 3399 3766 3454; x_wconf 85' lang='lat' dir='ltr'><strong>in</strong></span> 
     </span>
    </p>
   </div>
   <div class='ocr_carea' id='block_1_95' title="bbox 2173 3489 3765 3566">
    <p class='ocr_par' dir='ltr' id='par_1_95' title="bbox 2173 3489 3765 3566">
     <span class='ocr_line' id='line_1_95' title="bbox 2173 3489 3765 3566; baseline -0.005 -16"><span class='ocrx_word' id='word_1_652' title='bbox 2173 3496 2274 3550; x_wconf 87' lang='lat' dir='ltr'><strong>hac</strong></span> <span class='ocrx_word' id='word_1_653' title='bbox 2300 3504 2451 3566; x_wconf 88' lang='lat' dir='ltr'><strong>parte</strong></span> <span class='ocrx_word' id='word_1_654' title='bbox 2479 3493 2880 3563; x_wconf 85' lang='lat' dir='ltr'><strong>contemplatio,</strong></span> <span class='ocrx_word' id='word_1_655' title='bbox 2913 3507 3012 3562; x_wconf 87' lang='lat' dir='ltr'><strong>per</strong></span> <span class='ocrx_word' id='word_1_656' title='bbox 3038 3505 3200 3560; x_wconf 87' lang='lat' dir='ltr'><strong>quam</strong></span> <span class='ocrx_word' id='word_1_657' title='bbox 3229 3504 3513 3559; x_wconf 88' lang='lat' dir='ltr'><strong>possumus</strong></span> <span class='ocrx_word' id='word_1_658' title='bbox 3549 3489 3765 3558; x_wconf 85' lang='lat' dir='ltr'><strong>aliquid</strong></span> 
     </span>
    </p>
   </div>
   <div class='ocr_carea' id='block_1_96' title="bbox 2172 3579 3770 3652">
    <p class='ocr_par' dir='ltr' id='par_1_96' title="bbox 2172 3579 3770 3652">
     <span class='ocr_line' id='line_1_96' title="bbox 2172 3579 3770 3652; baseline -0.008 -8"><span class='ocrx_word' id='word_1_659' title='bbox 2172 3589 2240 3644; x_wconf 89' lang='lat' dir='ltr'><strong>de</strong></span> <span class='ocrx_word' id='word_1_660' title='bbox 2300 3586 2604 3642; x_wconf 88' lang='lat' dir='ltr'><strong>utilioribus</strong></span> <span class='ocrx_word' id='word_1_661' title='bbox 2658 3584 2934 3639; x_wconf 90' lang='lat' dir='ltr'><strong>informari</strong></span> <span class='ocrx_word' id='word_1_662' title='bbox 2987 3579 3344 3652; x_wconf 84' lang='lat' dir='ltr'><strong>dogmatibus.</strong></span> <span class='ocrx_word' id='word_1_663' title='bbox 3398 3579 3532 3645; x_wconf 83' lang='lat' dir='ltr'><strong>Quia</strong></span> <span class='ocrx_word' id='word_1_664' title='bbox 3587 3579 3770 3646; x_wconf 84' lang='lat' dir='ltr'><strong>igitur</strong></span> 
     </span>
    </p>
   </div>
   <div class='ocr_carea' id='block_1_97' title="bbox 2171 3671 3770 3748">
    <p class='ocr_par' dir='ltr' id='par_1_97' title="bbox 2171 3671 3770 3748">
     <span class='ocr_line' id='line_1_97' title="bbox 2171 3671 3770 3748; baseline -0.006 -16"><span class='ocrx_word' id='word_1_665' title='bbox 2171 3678 2430 3748; x_wconf 90' lang='lat' dir='ltr'><strong>optimum</strong></span> <span class='ocrx_word' id='word_1_666' title='bbox 2453 3686 2510 3732; x_wconf 89' lang='lat' dir='ltr'><strong>et</strong></span> <span class='ocrx_word' id='word_1_667' title='bbox 2530 3691 2794 3731; x_wconf 90' lang='lat' dir='ltr'><strong>summum</strong></span> <span class='ocrx_word' id='word_1_668' title='bbox 2819 3689 2927 3744; x_wconf 74' lang='lat' dir='ltr'><strong>pra:</strong></span> <span class='ocrx_word' id='word_1_669' title='bbox 2951 3673 3198 3728; x_wconf 90' lang='lat' dir='ltr'><strong>omnibus</strong></span> <span class='ocrx_word' id='word_1_670' title='bbox 3227 3687 3288 3727; x_wconf 90' lang='lat' dir='ltr'><strong>ac</strong></span> <span class='ocrx_word' id='word_1_671' title='bbox 3308 3671 3633 3740; x_wconf 76' lang='lat' dir='ltr'><strong>prteminens</strong></span> <span class='ocrx_word' id='word_1_672' title='bbox 3660 3671 3770 3724; x_wconf 87' lang='lat' dir='ltr'><strong>bo-</strong></span> 
     </span>
    </p>
   </div>
   <div class='ocr_carea' id='block_1_98' title="bbox 2172 3763 3767 3838">
    <p class='ocr_par' dir='ltr' id='par_1_98' title="bbox 2172 3763 3767 3838">
     <span class='ocr_line' id='line_1_98' title="bbox 2172 3763 3767 3838; baseline -0.006 -14"><span class='ocrx_word' id='word_1_673' title='bbox 2172 3785 2297 3824; x_wconf 91' lang='lat' dir='ltr'><strong>num</strong></span> <span class='ocrx_word' id='word_1_674' title='bbox 2319 3778 2402 3824; x_wconf 90' lang='lat' dir='ltr'><strong>est</strong></span> <span class='ocrx_word' id='word_1_675' title='bbox 2431 3769 2544 3838; x_wconf 90' lang='lat' dir='ltr'><strong>ipsa</strong></span> <span class='ocrx_word' id='word_1_676' title='bbox 2573 3766 2850 3832; x_wconf 88' lang='lat' dir='ltr'><strong>Diviuitas,</strong></span> <span class='ocrx_word' id='word_1_677' title='bbox 2883 3765 2948 3820; x_wconf 90' lang='lat' dir='ltr'><strong>ad</strong></span> <span class='ocrx_word' id='word_1_678' title='bbox 2975 3779 3134 3835; x_wconf 86' lang='lat' dir='ltr'><strong>quam</strong></span> <span class='ocrx_word' id='word_1_679' title='bbox 3164 3763 3411 3817; x_wconf 89' lang='lat' dir='ltr'><strong>universa</strong></span> <span class='ocrx_word' id='word_1_680' title='bbox 3441 3770 3767 3825; x_wconf 82' lang='lat' dir='ltr'><strong>recurrunt,</strong></span> 
     </span>
    </p>
   </div>
   <div class='ocr_carea' id='block_1_99' title="bbox 2171 3851 3774 3933">
    <p class='ocr_par' dir='ltr' id='par_1_99' title="bbox 2171 3851 3774 3933">
     <span class='ocr_line' id='line_1_99' title="bbox 2171 3851 3774 3933; baseline -0.007 -18"><span class='ocrx_word' id='word_1_681' title='bbox 2171 3875 2501 3933; x_wconf 69' lang='lat' dir='ltr'><strong>quamcunque</strong></span> <span class='ocrx_word' id='word_1_682' title='bbox 2542 3859 2667 3914; x_wconf 91' lang='lat' dir='ltr'><strong>boni</strong></span> <span class='ocrx_word' id='word_1_683' title='bbox 2713 3856 2981 3911; x_wconf 89' lang='lat' dir='ltr'><strong>desiderio</strong></span> <span class='ocrx_word' id='word_1_684' title='bbox 3027 3855 3390 3918; x_wconf 87' lang='lat' dir='ltr'><strong>continentur,</strong></span> <span class='ocrx_word' id='word_1_685' title='bbox 3446 3851 3654 3906; x_wconf 89' lang='lat' dir='ltr'><strong>idcirco</strong></span> <span class='ocrx_word' id='word_1_686' title='bbox 3704 3861 3774 3905; x_wconf 89' lang='lat' dir='ltr'><strong>et</strong></span> 
     </span>
    </p>
   </div>
   <div class='ocr_carea' id='block_1_100' title="bbox 2172 3943 3774 4016">
    <p class='ocr_par' dir='ltr' id='par_1_100' title="bbox 2172 3943 3774 4016">
     <span class='ocr_line' id='line_1_100' title="bbox 2172 3943 3774 4016; baseline -0.007 -10"><span class='ocrx_word' id='word_1_687' title='bbox 2172 3960 2406 4006; x_wconf 91' lang='lat' dir='ltr'><strong>mentem</strong></span> <span class='ocrx_word' id='word_1_688' title='bbox 2450 3949 2706 4013; x_wconf 82' lang='lat' dir='ltr'><strong>fatemur,</strong></span> <span class='ocrx_word' id='word_1_689' title='bbox 2740 3955 2799 4002; x_wconf 87' lang='lat' dir='ltr'><strong>ut</strong></span> <span class='ocrx_word' id='word_1_690' title='bbox 2829 3954 2954 4016; x_wconf 91' lang='lat' dir='ltr'><strong>pote</strong></span> <span class='ocrx_word' id='word_1_691' title='bbox 2977 3945 3045 4000; x_wconf 91' lang='lat' dir='ltr'><strong>ad</strong></span> <span class='ocrx_word' id='word_1_692' title='bbox 3074 3944 3359 4010; x_wconf 82' lang='lat' dir='ltr'><strong>imaginem</strong></span> <span class='ocrx_word' id='word_1_693' title='bbox 3391 3943 3587 3996; x_wconf 84' lang='lat' dir='ltr'><strong>factam</strong></span> <span class='ocrx_word' id='word_1_694' title='bbox 3632 3943 3774 4012; x_wconf 89' lang='lat' dir='ltr'><strong>pul-</strong></span> 
     </span>
    </p>
   </div>
   <div class='ocr_carea' id='block_1_101' title="bbox 2169 4033 3775 4108">
    <p class='ocr_par' dir='ltr' id='par_1_101' title="bbox 2169 4033 3775 4108">
     <span class='ocr_line' id='line_1_101' title="bbox 2169 4033 3775 4108; baseline -0.007 -10"><span class='ocrx_word' id='word_1_695' title='bbox 2169 4041 2423 4098; x_wconf 85' lang='lat' dir='ltr'><strong>cherrimi</strong></span> <span class='ocrx_word' id='word_1_696' title='bbox 2471 4038 2798 4102; x_wconf 87' lang='lat' dir='ltr'><strong>Conditoris,</strong></span> <span class='ocrx_word' id='word_1_697' title='bbox 2855 4037 3143 4108; x_wconf 90' lang='lat' dir='ltr'><strong>quamdam</strong></span> <span class='ocrx_word' id='word_1_698' title='bbox 3188 4033 3591 4090; x_wconf 85' lang='lat' dir='ltr'><strong>similitudinem</strong></span> <span class='ocrx_word' id='word_1_699' title='bbox 3639 4034 3775 4102; x_wconf 86' lang='lat' dir='ltr'><strong>pri-</strong></span> 
     </span>
    </p>
   </div>
   <div class='ocr_carea' id='block_1_102' title="bbox 2169 4124 3781 4196">
    <p class='ocr_par' dir='ltr' id='par_1_102' title="bbox 2169 4124 3781 4196">
     <span class='ocr_line' id='line_1_102' title="bbox 2169 4124 3781 4196; baseline -0.006 -8"><span class='ocrx_word' id='word_1_700' title='bbox 2169 4147 2351 4188; x_wconf 65' lang='lat' dir='ltr'><strong>mutva:</strong></span> <span class='ocrx_word' id='word_1_701' title='bbox 2378 4131 2562 4186; x_wconf 68' lang='lat' dir='ltr'><strong>forma:</strong></span> <span class='ocrx_word' id='word_1_702' title='bbox 2587 4129 2875 4193; x_wconf 86' lang='lat' dir='ltr'><strong>custodire,</strong></span> <span class='ocrx_word' id='word_1_703' title='bbox 2901 4136 2955 4184; x_wconf 80' lang='lat' dir='ltr'><strong>et</strong></span> <span class='ocrx_word' id='word_1_704' title='bbox 2984 4127 3155 4196; x_wconf 89' lang='lat' dir='ltr'><strong>ipsam</strong></span> <span class='ocrx_word' id='word_1_705' title='bbox 3189 4126 3242 4180; x_wconf 93' lang='lat' dir='ltr'><strong>in</strong></span> <span class='ocrx_word' id='word_1_706' title='bbox 3281 4124 3500 4195; x_wconf 90' lang='lat' dir='ltr'><strong>optimis</strong></span> <span class='ocrx_word' id='word_1_707' title='bbox 3529 4139 3781 4192; x_wconf 83' lang='lat' dir='ltr'><strong>prorsus</strong></span> 
     </span>
    </p>
   </div>
   <div class='ocr_carea' id='block_1_103' title="bbox 2170 4215 3783 4288">
    <p class='ocr_par' dir='ltr' id='par_1_103' title="bbox 2170 4215 3783 4288">
     <span class='ocr_line' id='line_1_103' title="bbox 2170 4215 3783 4288; baseline -0.005 -10"><span class='ocrx_word' id='word_1_708' title='bbox 2170 4223 2436 4288; x_wconf 84' lang='lat' dir='ltr'><strong>existere;</strong></span> <span class='ocrx_word' id='word_1_709' title='bbox 2490 4221 2535 4277; x_wconf 88' lang='lat' dir='ltr'><strong>si</strong></span> <span class='ocrx_word' id='word_1_710' title='bbox 2575 4236 2704 4276; x_wconf 88' lang='lat' dir='ltr'><strong>vero</strong></span> <span class='ocrx_word' id='word_1_711' title='bbox 2742 4227 2896 4274; x_wconf 88' lang='lat' dir='ltr'><strong>extra</strong></span> <span class='ocrx_word' id='word_1_712' title='bbox 2942 4233 3062 4273; x_wconf 91' lang='lat' dir='ltr'><strong>eam</strong></span> <span class='ocrx_word' id='word_1_713' title='bbox 3109 4216 3289 4282; x_wconf 87' lang='lat' dir='ltr'><strong>fuerit,</strong></span> <span class='ocrx_word' id='word_1_714' title='bbox 3331 4215 3489 4271; x_wconf 90' lang='lat' dir='ltr'><strong>simul</strong></span> <span class='ocrx_word' id='word_1_715' title='bbox 3515 4223 3569 4269; x_wconf 88' lang='lat' dir='ltr'><strong>et</strong></span> <span class='ocrx_word' id='word_1_716' title='bbox 3603 4231 3674 4270; x_wconf 85' lang='lat' dir='ltr'><strong>ea</strong></span> <span class='ocrx_word' id='word_1_717' title='bbox 3705 4217 3783 4270; x_wconf 83' lang='lat' dir='ltr'><strong>in</strong></span> 
     </span>
    </p>
   </div>
   <div class='ocr_carea' id='block_1_104' title="bbox 2168 4306 3784 4384">
    <p class='ocr_par' dir='ltr' id='par_1_104' title="bbox 2168 4306 3784 4384">
     <span class='ocr_line' id='line_1_104' title="bbox 2168 4306 3784 4384; baseline -0.006 -15"><span class='ocrx_word' id='word_1_718' title='bbox 2168 4329 2272 4384; x_wconf 87' lang='lat' dir='ltr'><strong>qua</strong></span> <span class='ocrx_word' id='word_1_719' title='bbox 2320 4323 2438 4369; x_wconf 90' lang='lat' dir='ltr'><strong>erat</strong></span> <span class='ocrx_word' id='word_1_720' title='bbox 2481 4311 2877 4383; x_wconf 89' lang='lat' dir='ltr'><strong>pulchritudine</strong></span> <span class='ocrx_word' id='word_1_721' title='bbox 2904 4308 3182 4364; x_wconf 89' lang='lat' dir='ltr'><strong>denudari.</strong></span> <span class='ocrx_word' id='word_1_722' title='bbox 3219 4306 3371 4362; x_wconf 90' lang='lat' dir='ltr'><strong>Sicut</strong></span> <span class='ocrx_word' id='word_1_723' title='bbox 3398 4314 3584 4360; x_wconf 86' lang='lat' dir='ltr'><strong>autem</strong></span> <span class='ocrx_word' id='word_1_724' title='bbox 3612 4306 3784 4360; x_wconf 80' lang='lat' dir='ltr'><strong>dici-</strong></span> 
     </span>
    </p>
   </div>
   <div class='ocr_carea' id='block_1_105' title="bbox 2170 4396 3791 4468">
    <p class='ocr_par' dir='ltr' id='par_1_105' title="bbox 2170 4396 3791 4468">
     <span class='ocr_line' id='line_1_105' title="bbox 2170 4396 3791 4468; baseline -0.005 -10"><span class='ocrx_word' id='word_1_725' title='bbox 2170 4420 2288 4460; x_wconf 88' lang='lat' dir='ltr'><strong>mus</strong></span> <span class='ocrx_word' id='word_1_726' title='bbox 2316 4411 2550 4458; x_wconf 89' lang='lat' dir='ltr'><strong>mentem</strong></span> <span class='ocrx_word' id='word_1_727' title='bbox 2575 4399 2921 4458; x_wconf 86' lang='lat' dir='ltr'><strong>similitudine</strong></span> <span class='ocrx_word' id='word_1_728' title='bbox 2945 4397 3359 4468; x_wconf 90' lang='lat' dir='ltr'><strong>pulchritudinis</strong></span> <span class='ocrx_word' id='word_1_729' title='bbox 3387 4396 3574 4448; x_wconf 78' lang='lat' dir='ltr'><strong>l&#39;orma:</strong></span> <span class='ocrx_word' id='word_1_730' title='bbox 3605 4397 3791 4464; x_wconf 87' lang='lat' dir='ltr'><strong>prin-</strong></span> 
     </span>
    </p>
   </div>
   <div class='ocr_carea' id='block_1_106' title="bbox 2169 4486 3790 4568">
    <p class='ocr_par' dir='ltr' id='par_1_106' title="bbox 2169 4486 3790 4568">
     <span class='ocr_line' id='line_1_106' title="bbox 2169 4486 3790 4568; baseline -0.009 -15"><span class='ocrx_word' id='word_1_731' title='bbox 2169 4497 2356 4568; x_wconf 88' lang='lat' dir='ltr'><strong>cipalis</strong></span> <span class='ocrx_word' id='word_1_732' title='bbox 2395 4495 2598 4562; x_wconf 90' lang='lat' dir='ltr'><strong>ornari,</strong></span> <span class='ocrx_word' id='word_1_733' title='bbox 2628 4493 2791 4548; x_wconf 90' lang='lat' dir='ltr'><strong>veluti</strong></span> <span class='ocrx_word' id='word_1_734' title='bbox 2817 4490 3082 4560; x_wconf 87' lang='lat' dir='ltr'><strong>quoddam</strong></span> <span class='ocrx_word' id='word_1_735' title='bbox 3109 4488 3385 4559; x_wconf 88' lang='lat' dir='ltr'><strong>speculum</strong></span> <span class='ocrx_word' id='word_1_736' title='bbox 3420 4486 3790 4555; x_wconf 61' lang='lat' dir='ltr'><strong>praemineth</strong></span> 
     </span>
    </p>
   </div>
   <div class='ocr_carea' id='block_1_107' title="bbox 2171 4581 3788 4659">
    <p class='ocr_par' dir='ltr' id='par_1_107' title="bbox 2171 4581 3788 4659">
     <span class='ocr_line' id='line_1_107' title="bbox 2171 4581 3788 4659; baseline -0.007 -13"><span class='ocrx_word' id='word_1_737' title='bbox 2171 4592 2238 4646; x_wconf 91' lang='lat' dir='ltr'><strong>tis</strong></span> <span class='ocrx_word' id='word_1_738' title='bbox 2279 4590 2628 4659; x_wconf 89' lang='lat' dir='ltr'><strong>impressione</strong></span> <span class='ocrx_word' id='word_1_739' title='bbox 2666 4585 2954 4655; x_wconf 88' lang='lat' dir='ltr'><strong>refulgens,</strong></span> <span class='ocrx_word' id='word_1_740' title='bbox 3005 4585 3158 4654; x_wconf 88' lang='lat' dir='ltr'><strong>juxta</strong></span> <span class='ocrx_word' id='word_1_741' title='bbox 3198 4582 3441 4639; x_wconf 84' lang='lat' dir='ltr'><strong>eamdem</strong></span> <span class='ocrx_word' id='word_1_742' title='bbox 3479 4581 3788 4635; x_wconf 78' lang='lat' dir='ltr'><strong>rationem</strong></span> 
     </span>
    </p>
   </div>
   <div class='ocr_carea' id='block_1_108' title="bbox 2170 4672 3796 4751">
    <p class='ocr_par' dir='ltr' id='par_1_108' title="bbox 2170 4672 3796 4751">
     <span class='ocr_line' id='line_1_108' title="bbox 2170 4672 3796 4751; baseline -0.005 -16"><span class='ocrx_word' id='word_1_743' title='bbox 2170 4682 2338 4751; x_wconf 89' lang='lat' dir='ltr'><strong>ipsam</strong></span> <span class='ocrx_word' id='word_1_744' title='bbox 2365 4694 2579 4750; x_wconf 92' lang='lat' dir='ltr'><strong>quoque</strong></span> <span class='ocrx_word' id='word_1_745' title='bbox 2604 4688 2844 4732; x_wconf 89' lang='lat' dir='ltr'><strong>naturam</strong></span> <span class='ocrx_word' id='word_1_746' title='bbox 2885 4691 2914 4729; x_wconf 88' lang='lat' dir='ltr'><strong>a</strong></span> <span class='ocrx_word' id='word_1_747' title='bbox 2957 4685 3157 4742; x_wconf 89' lang='lat' dir='ltr'><strong>mente,</strong></span> <span class='ocrx_word' id='word_1_748' title='bbox 3187 4688 3290 4744; x_wconf 88' lang='lat' dir='ltr'><strong>qua</strong></span> <span class='ocrx_word' id='word_1_749' title='bbox 3325 4672 3675 4742; x_wconf 86' lang='lat' dir='ltr'><strong>dispensatur</strong></span> <span class='ocrx_word' id='word_1_750' title='bbox 3712 4684 3796 4727; x_wconf 76' lang='lat' dir='ltr'><strong>et.</strong></span> 
     </span>
    </p>
   </div>
   <div class='ocr_carea' id='block_1_109' title="bbox 2167 4761 3796 4840">
    <p class='ocr_par' dir='ltr' id='par_1_109' title="bbox 2167 4761 3796 4840">
     <span class='ocr_line' id='line_1_109' title="bbox 2167 4761 3796 4840; baseline -0.007 -14"><span class='ocrx_word' id='word_1_751' title='bbox 2167 4771 2389 4840; x_wconf 88' lang='lat' dir='ltr'><strong>regitur,</strong></span> <span class='ocrx_word' id='word_1_752' title='bbox 2423 4769 2692 4825; x_wconf 90' lang='lat' dir='ltr'><strong>credimus</strong></span> <span class='ocrx_word' id='word_1_753' title='bbox 2722 4767 2986 4821; x_wconf 86' lang='lat' dir='ltr'><strong>contineri</strong></span> <span class='ocrx_word' id='word_1_754' title='bbox 3019 4765 3241 4834; x_wconf 87' lang='lat' dir='ltr'><strong>ejusque</strong></span> <span class='ocrx_word' id='word_1_755' title='bbox 3269 4763 3449 4833; x_wconf 87' lang='lat' dir='ltr'><strong>specie</strong></span> <span class='ocrx_word' id='word_1_756' title='bbox 3474 4761 3796 4833; x_wconf 77' lang='lat' dir='ltr'><strong>decorari,</strong></span> 
     </span>
    </p>
   </div>
   <div class='ocr_carea' id='block_1_110' title="bbox 2167 4853 3798 4928">
    <p class='ocr_par' dir='ltr' id='par_1_110' title="bbox 2167 4853 3798 4928">
     <span class='ocr_line' id='line_1_110' title="bbox 2167 4853 3798 4928; baseline -0.005 -11"><span class='ocrx_word' id='word_1_757' title='bbox 2167 4864 2361 4918; x_wconf 83' lang='lat' dir='ltr'><strong>factam</strong></span> <span class='ocrx_word' id='word_1_758' title='bbox 2402 4861 2568 4916; x_wconf 90' lang='lat' dir='ltr'><strong>veluti</strong></span> <span class='ocrx_word' id='word_1_759' title='bbox 2613 4859 2881 4928; x_wconf 90' lang='lat' dir='ltr'><strong>quoddam</strong></span> <span class='ocrx_word' id='word_1_760' title='bbox 2927 4857 3200 4926; x_wconf 91' lang='lat' dir='ltr'><strong>speculum</strong></span> <span class='ocrx_word' id='word_1_761' title='bbox 3230 4854 3452 4926; x_wconf 91' lang='lat' dir='ltr'><strong>speculi.</strong></span> <span class='ocrx_word' id='word_1_762' title='bbox 3480 4853 3523 4906; x_wconf 86' lang='lat' dir='ltr'><strong>A</strong></span> <span class='ocrx_word' id='word_1_763' title='bbox 3555 4861 3798 4909; x_wconf 79' lang='lat' dir='ltr'><strong>natura</strong></span> 
     </span>
    </p>
   </div>
   <div class='ocr_carea' id='block_1_111' title="bbox 2166 4943 3806 5022">
    <p class='ocr_par' dir='ltr' id='par_1_111' title="bbox 2166 4943 3806 5022">
     <span class='ocr_line' id='line_1_111' title="bbox 2166 4943 3806 5022; baseline -0.004 -15"><span class='ocrx_word' id='word_1_764' title='bbox 2166 4967 2382 5022; x_wconf 85' lang='lat' dir='ltr'><strong>quoque</strong></span> <span class='ocrx_word' id='word_1_765' title='bbox 2429 4951 2678 5006; x_wconf 87' lang='lat' dir='ltr'><strong>sustineri</strong></span> <span class='ocrx_word' id='word_1_766' title='bbox 2723 4949 2826 5004; x_wconf 89' lang='lat' dir='ltr'><strong>hoc</strong></span> <span class='ocrx_word' id='word_1_767' title='bbox 2870 4947 3148 5001; x_wconf 89' lang='lat' dir='ltr'><strong>materiale</strong></span> <span class='ocrx_word' id='word_1_768' title='bbox 3195 4952 3390 4999; x_wconf 59' lang='lat' dir='ltr'><strong>nostra;</strong></span> <span class='ocrx_word' id='word_1_769' title='bbox 3432 4943 3806 5001; x_wconf 73' lang='lat' dir='ltr'><strong>substantiae</strong></span> 
     </span>
    </p>
   </div>
   <div class='ocr_carea' id='block_1_112' title="bbox 2167 5033 3803 5111">
    <p class='ocr_par' dir='ltr' id='par_1_112' title="bbox 2167 5033 3803 5111">
     <span class='ocr_line' id='line_1_112' title="bbox 2167 5033 3803 5111; baseline -0.002 -15"><span class='ocrx_word' id='word_1_770' title='bbox 2167 5041 2496 5111; x_wconf 88' lang='lat' dir='ltr'><strong>proﬁtemur,</strong></span> <span class='ocrx_word' id='word_1_771' title='bbox 2548 5039 2689 5094; x_wconf 89' lang='lat' dir='ltr'><strong>circa</strong></span> <span class='ocrx_word' id='word_1_772' title='bbox 2730 5053 2889 5107; x_wconf 90' lang='lat' dir='ltr'><strong>quam</strong></span> <span class='ocrx_word' id='word_1_773' title='bbox 2939 5035 3128 5090; x_wconf 84' lang='lat' dir='ltr'><strong>eadem</strong></span> <span class='ocrx_word' id='word_1_774' title='bbox 3168 5042 3355 5090; x_wconf 82' lang='lat' dir='ltr'><strong>natura</strong></span> <span class='ocrx_word' id='word_1_775' title='bbox 3393 5033 3803 5103; x_wconf 81' lang='lat' dir='ltr'><strong>conspicitur.</strong></span> 
     </span>
    </p>
   </div>
   <div class='ocr_carea' id='block_1_113' title="bbox 2163 5124 3812 5200">
    <p class='ocr_par' dir='ltr' id='par_1_113' title="bbox 2163 5124 3812 5200">
     <span class='ocr_line' id='line_1_113' title="bbox 2163 5124 3812 5200; baseline -0.003 -13"><span class='ocrx_word' id='word_1_776' title='bbox 2163 5133 2296 5188; x_wconf 88' lang='lat' dir='ltr'><strong>Cum</strong></span> <span class='ocrx_word' id='word_1_777' title='bbox 2328 5132 2490 5200; x_wconf 84' lang='lat' dir='ltr'><strong>igitur</strong></span> <span class='ocrx_word' id='word_1_778' title='bbox 2519 5130 2745 5184; x_wconf 90' lang='lat' dir='ltr'><strong>alterum</strong></span> <span class='ocrx_word' id='word_1_779' title='bbox 2777 5127 3117 5183; x_wconf 90' lang='lat' dir='ltr'><strong>contineatur</strong></span> <span class='ocrx_word' id='word_1_780' title='bbox 3162 5141 3227 5181; x_wconf 81' lang='lat' dir='ltr'><strong>ex</strong></span> <span class='ocrx_word' id='word_1_781' title='bbox 3277 5124 3469 5189; x_wconf 91' lang='lat' dir='ltr'><strong>altero,</strong></span> <span class='ocrx_word' id='word_1_782' title='bbox 3507 5139 3617 5194; x_wconf 85' lang='lat' dir='ltr'><strong>per</strong></span> <span class='ocrx_word' id='word_1_783' title='bbox 3653 5124 3812 5182; x_wconf 83' lang='lat' dir='ltr'><strong>hos</strong></span> 
     </span>
    </p>
   </div>
   <div class='ocr_carea' id='block_1_114' title="bbox 2165 5214 3816 5287">
    <p class='ocr_par' dir='ltr' id='par_1_114' title="bbox 2165 5214 3816 5287">
     <span class='ocr_line' id='line_1_114' title="bbox 2165 5214 3816 5287; baseline -0.008 -9"><span class='ocrx_word' id='word_1_784' title='bbox 2165 5223 2342 5278; x_wconf 90' lang='lat' dir='ltr'><strong>omnis</strong></span> <span class='ocrx_word' id='word_1_785' title='bbox 2367 5221 2508 5275; x_wconf 91' lang='lat' dir='ltr'><strong>illius</strong></span> <span class='ocrx_word' id='word_1_786' title='bbox 2534 5219 2726 5275; x_wconf 92' lang='lat' dir='ltr'><strong>summi</strong></span> <span class='ocrx_word' id='word_1_787' title='bbox 2756 5217 2811 5273; x_wconf 80' lang='lat' dir='ltr'><strong>et</strong></span> <span class='ocrx_word' id='word_1_788' title='bbox 2845 5217 2961 5272; x_wconf 90' lang='lat' dir='ltr'><strong>veri</strong></span> <span class='ocrx_word' id='word_1_789' title='bbox 3003 5214 3344 5287; x_wconf 85' lang='lat' dir='ltr'><strong>participatio</strong></span> <span class='ocrx_word' id='word_1_790' title='bbox 3383 5223 3816 5280; x_wconf 65' lang='lat' dir='ltr'><strong>congruenter</strong></span> 
     </span>
    </p>
   </div>
   <div class='ocr_carea' id='block_1_115' title="bbox 2164 5303 3820 5381">
    <p class='ocr_par' dir='ltr' id='par_1_115' title="bbox 2164 5303 3820 5381">
     <span class='ocr_line' id='line_1_115' title="bbox 2164 5303 3820 5381; baseline -0.003 -13"><span class='ocrx_word' id='word_1_791' title='bbox 2164 5312 2422 5379; x_wconf 85' lang='lat' dir='ltr'><strong>excurrit,</strong></span> <span class='ocrx_word' id='word_1_792' title='bbox 2468 5325 2567 5381; x_wconf 88' lang='lat' dir='ltr'><strong>per</strong></span> <span class='ocrx_word' id='word_1_793' title='bbox 2604 5307 2934 5379; x_wconf 90' lang='lat' dir='ltr'><strong>superiorem</strong></span> <span class='ocrx_word' id='word_1_794' title='bbox 2983 5305 3034 5360; x_wconf 90' lang='lat' dir='ltr'><strong>id</strong></span> <span class='ocrx_word' id='word_1_795' title='bbox 3078 5304 3223 5376; x_wconf 91' lang='lat' dir='ltr'><strong>quod</strong></span> <span class='ocrx_word' id='word_1_796' title='bbox 3267 5303 3487 5370; x_wconf 83' lang='lat' dir='ltr'><strong>inferius</strong></span> <span class='ocrx_word' id='word_1_797' title='bbox 3533 5303 3820 5363; x_wconf 78' lang='lat' dir='ltr'><strong>videtur</strong></span> 
     </span>
    </p>
   </div>
   <div class='ocr_carea' id='block_1_116' title="bbox 2163 5395 3826 5469">
    <p class='ocr_par' dir='ltr' id='par_1_116' title="bbox 2163 5395 3826 5469">
     <span class='ocr_line' id='line_1_116' title="bbox 2163 5395 3826 5469; baseline -0.004 -12"><span class='ocrx_word' id='word_1_798' title='bbox 2163 5410 2500 5458; x_wconf 85' lang='lat' dir='ltr'><strong>exornatum.</strong></span> <span class='ocrx_word' id='word_1_799' title='bbox 2537 5399 2593 5455; x_wconf 92' lang='lat' dir='ltr'><strong>Si</strong></span> <span class='ocrx_word' id='word_1_800' title='bbox 2623 5399 2839 5469; x_wconf 86' lang='lat' dir='ltr'><strong>quando</strong></span> <span class='ocrx_word' id='word_1_801' title='bbox 2865 5413 2994 5452; x_wconf 89' lang='lat' dir='ltr'><strong>vero</strong></span> <span class='ocrx_word' id='word_1_802' title='bbox 3022 5396 3181 5464; x_wconf 88' lang='lat' dir='ltr'><strong>hujus</strong></span> <span class='ocrx_word' id='word_1_803' title='bbox 3224 5395 3379 5450; x_wconf 74' lang='lat' dir='ltr'><strong>bona:</strong></span> <span class='ocrx_word' id='word_1_804' title='bbox 3406 5397 3826 5450; x_wconf 79' lang='lat' dir='ltr'><strong>communio-</strong></span> 
     </span>
    </p>
   </div>
   <div class='ocr_carea' id='block_1_117' title="bbox 2162 5482 3829 5554">
    <p class='ocr_par' dir='ltr' id='par_1_117' title="bbox 2162 5482 3829 5554">
     <span class='ocr_line' id='line_1_117' title="bbox 2162 5482 3829 5554; baseline -0.008 -6"><span class='ocrx_word' id='word_1_805' title='bbox 2162 5494 2245 5548; x_wconf 88' lang='lat' dir='ltr'><strong>nis</strong></span> <span class='ocrx_word' id='word_1_806' title='bbox 2273 5494 2431 5548; x_wconf 88' lang='lat' dir='ltr'><strong>fuerit</strong></span> <span class='ocrx_word' id='word_1_807' title='bbox 2457 5491 2597 5546; x_wconf 88' lang='lat' dir='ltr'><strong>facta</strong></span> <span class='ocrx_word' id='word_1_808' title='bbox 2629 5489 2878 5554; x_wconf 90' lang='lat' dir='ltr'><strong>divulsio,</strong></span> <span class='ocrx_word' id='word_1_809' title='bbox 2905 5497 2958 5543; x_wconf 91' lang='lat' dir='ltr'><strong>et</strong></span> <span class='ocrx_word' id='word_1_810' title='bbox 2983 5503 3014 5542; x_wconf 92' lang='lat' dir='ltr'><strong>e</strong></span> <span class='ocrx_word' id='word_1_811' title='bbox 3043 5484 3314 5541; x_wconf 88' lang='lat' dir='ltr'><strong>contrario</strong></span> <span class='ocrx_word' id='word_1_812' title='bbox 3335 5482 3589 5552; x_wconf 88' lang='lat' dir='ltr'><strong>superior</strong></span> <span class='ocrx_word' id='word_1_813' title='bbox 3611 5483 3829 5543; x_wconf 74' lang='lat' dir='ltr'><strong>infe-</strong></span> 
     </span>
    </p>
   </div>
   <div class='ocr_carea' id='block_1_118' title="bbox 2161 5572 3839 5645">
    <p class='ocr_par' dir='ltr' id='par_1_118' title="bbox 2161 5572 3839 5645">
     <span class='ocr_line' id='line_1_118' title="bbox 2161 5572 3839 5645; baseline -0.01 -6"><span class='ocrx_word' id='word_1_814' title='bbox 2161 5585 2301 5639; x_wconf 90' lang='lat' dir='ltr'><strong>riora</strong></span> <span class='ocrx_word' id='word_1_815' title='bbox 2329 5590 2567 5638; x_wconf 89' lang='lat' dir='ltr'><strong>sectatur</strong></span> <span class='ocrx_word' id='word_1_816' title='bbox 2599 5599 2611 5632; x_wconf 89' lang='lat'><strong>:</strong></span> <span class='ocrx_word' id='word_1_817' title='bbox 2638 5589 2763 5634; x_wconf 89' lang='lat' dir='ltr'><strong>tunc</strong></span> <span class='ocrx_word' id='word_1_818' title='bbox 2789 5577 3102 5633; x_wconf 87' lang='lat' dir='ltr'><strong>deformitas</strong></span> <span class='ocrx_word' id='word_1_819' title='bbox 3131 5574 3366 5630; x_wconf 82' lang='lat' dir='ltr'><strong>materiae</strong></span> <span class='ocrx_word' id='word_1_820' title='bbox 3386 5572 3557 5642; x_wconf 86' lang='lat' dir='ltr'><strong>ipsius</strong></span> <span class='ocrx_word' id='word_1_821' title='bbox 3585 5588 3839 5645; x_wconf 68' lang='lat' dir='ltr'><strong>appa-</strong></span> 
     </span>
    </p>
   </div>
   <div class='ocr_carea' id='block_1_119' title="bbox 2159 5665 3842 5735">
    <p class='ocr_par' dir='ltr' id='par_1_119' title="bbox 2159 5665 3842 5735">
     <span class='ocr_line' id='line_1_119' title="bbox 2159 5665 3842 5735; baseline -0.005 -5"><span class='ocrx_word' id='word_1_822' title='bbox 2159 5683 2277 5730; x_wconf 89' lang='lat' dir='ltr'><strong>reat</strong></span> <span class='ocrx_word' id='word_1_823' title='bbox 2301 5689 2421 5728; x_wconf 89' lang='lat' dir='ltr'><strong>cum</strong></span> <span class='ocrx_word' id='word_1_824' title='bbox 2450 5687 2480 5726; x_wconf 92' lang='lat' dir='ltr'><strong>a</strong></span> <span class='ocrx_word' id='word_1_825' title='bbox 2510 5679 2702 5726; x_wconf 89' lang='lat' dir='ltr'><strong>natura</strong></span> <span class='ocrx_word' id='word_1_826' title='bbox 2733 5669 3016 5725; x_wconf 88' lang='lat' dir='ltr'><strong>deseritur.</strong></span> <span class='ocrx_word' id='word_1_827' title='bbox 3048 5666 3294 5722; x_wconf 85' lang='lat' dir='ltr'><strong>Informis</strong></span> <span class='ocrx_word' id='word_1_828' title='bbox 3327 5665 3468 5719; x_wconf 84' lang='lat' dir='ltr'><strong>enim</strong></span> <span class='ocrx_word' id='word_1_829' title='bbox 3499 5667 3842 5735; x_wconf 70' lang='lat' dir='ltr'><strong>quaedam</strong></span> 
     </span>
    </p>
   </div>
   <div class='ocr_carea' id='block_1_120' title="bbox 2157 5756 3845 5830">
    <p class='ocr_par' dir='ltr' id='par_1_120' title="bbox 2157 5756 3845 5830">
     <span class='ocr_line' id='line_1_120' title="bbox 2157 5756 3845 5830; baseline -0.002 -12"><span class='ocrx_word' id='word_1_830' title='bbox 2157 5779 2246 5818; x_wconf 85' lang='lat' dir='ltr'><strong>res</strong></span> <span class='ocrx_word' id='word_1_831' title='bbox 2285 5769 2339 5817; x_wconf 87' lang='lat' dir='ltr'><strong>et</strong></span> <span class='ocrx_word' id='word_1_832' title='bbox 2383 5761 2740 5830; x_wconf 90' lang='lat' dir='ltr'><strong>incomposita</strong></span> <span class='ocrx_word' id='word_1_833' title='bbox 2765 5767 2847 5814; x_wconf 90' lang='lat' dir='ltr'><strong>est</strong></span> <span class='ocrx_word' id='word_1_834' title='bbox 2875 5759 2990 5828; x_wconf 90' lang='lat' dir='ltr'><strong>ipsa</strong></span> <span class='ocrx_word' id='word_1_835' title='bbox 3029 5756 3285 5812; x_wconf 86' lang='lat' dir='ltr'><strong>materies</strong></span> <span class='ocrx_word' id='word_1_836' title='bbox 3313 5769 3411 5825; x_wconf 88' lang='lat' dir='ltr'><strong>per</strong></span> <span class='ocrx_word' id='word_1_837' title='bbox 3436 5769 3520 5820; x_wconf 90' lang='lat' dir='ltr'><strong>se,</strong></span> <span class='ocrx_word' id='word_1_838' title='bbox 3550 5763 3608 5808; x_wconf 87' lang='lat' dir='ltr'><strong>et</strong></span> <span class='ocrx_word' id='word_1_839' title='bbox 3649 5756 3845 5820; x_wconf 55' lang='lat' dir='ltr'><strong>haec</strong></span> 
     </span>
    </p>
   </div>
   <div class='ocr_carea' id='block_1_121' title="bbox 2159 5847 3848 5920">
    <p class='ocr_par' dir='ltr' id='par_1_121' title="bbox 2159 5847 3848 5920">
     <span class='ocr_line' id='line_1_121' title="bbox 2159 5847 3848 5920; baseline -0.003 -13"><span class='ocrx_word' id='word_1_840' title='bbox 2159 5852 2482 5907; x_wconf 84' lang='lat' dir='ltr'><strong>informitate</strong></span> <span class='ocrx_word' id='word_1_841' title='bbox 2512 5851 2626 5920; x_wconf 90' lang='lat' dir='ltr'><strong>ejus</strong></span> <span class='ocrx_word' id='word_1_842' title='bbox 2654 5850 2831 5916; x_wconf 89' lang='lat' dir='ltr'><strong>simul,</strong></span> <span class='ocrx_word' id='word_1_843' title='bbox 2864 5857 2918 5905; x_wconf 91' lang='lat' dir='ltr'><strong>et</strong></span> <span class='ocrx_word' id='word_1_844' title='bbox 2945 5847 3286 5919; x_wconf 87' lang='lat' dir='ltr'><strong>pulchritudo</strong></span> <span class='ocrx_word' id='word_1_845' title='bbox 3328 5854 3539 5902; x_wconf 74' lang='lat' dir='ltr'><strong>natura:</strong></span> <span class='ocrx_word' id='word_1_846' title='bbox 3576 5855 3848 5909; x_wconf 70' lang='lat' dir='ltr'><strong>cor-ri-</strong></span> 
     </span>
    </p>
   </div>
  </div>
