4000 6344
200 335 304 390 565

1007 329 1185 384 LIBRI
1228 329 1312 384 DE
1352 330 1737 386 CREATlONE
1779 328 2056 385 ﬂOlilNlS
2094 326 2660 383 INTERPRETATIO.

3362 329 3463 381 585

200 450 374 517 pitur,
411 460 533 516 qua:
574 443 768 499 mentis
809 441 1092 498 vivacitate
1128 444 1459 497 decoratur:
1489 457 1554 499 ac
1596 444 1676 499 sic
1720 445 1785 498 ad
1818 452 1861 508 Α
1891 449 2039 496 motu
2084 439 2414 511 procedens,
2463 440 2515 493 in
2561 440 2662 494 hoc
2692 440 2849 493 habet
2882 440 3142 495 existendi
3172 441 3276 495 vim
3309 457 3467 511 atque

199 539 370 607 ipsam
397 550 614 605 quoque
652 542 891 588 mentem
920 548 1019 601 per
1048 541 1252 587 natura:
1278 533 1545 589 defectum
1568 534 1781 589 deriva-

201 636 288 682 tur
314 625 560 685 materiei
585 622 920 687 deformitas,
954 623 1027 676 ita
1068 631 1126 677 ut
1165 623 1342 691 imago
1380 623 1476 678 Dei
1506 624 1633 693 -jam
1677 640 1785 680 non

203 720 375 790 possit
404 718 594 787 inspici
648 717 702 771 in
747 716 849 770 hac
895 715 1249 784 impressione
1295 713 1573 783 figmenti;
1625 718 1784 771 veluti

202 810 477 880 quoddam
500 823 731 876 namque
758 806 1063 877 speculum,
1096 805 1149 860 id
1189 815 1299 869 est,
1333 808 1587 862 bonitatis
1616 808 1783 861 forma

200 910 369 972 atque
393 901 610 956 virtutis
637 907 760 968 post
787 900 1006 954 dorsum
1034 914 1093 953 se
1119 914 1327 968 ponens
1355 900 1536 969 abjieit
1571 902 1783 969 quidem

199 994 507 1064 splendoris
533 992 717 1047 eximii
747 990 1071 1045 claritatem.
1101 990 1488 1044 lnformitatem
1518 1007 1649 1046 vero
1675 1006 1787 1043 ma-

201 1087 354 1143 teria:
396 1086 449 1140 in
490 1099 550 1140 se
588 1097 811 1152 prorsus
855 1080 1078 1135 assumit
1110 1097 1123 1133 :
1155 1089 1210 1135 et
1238 1081 1343 1135 hoc
1376 1081 1535 1137 modo
1576 1081 1634 1135 fit
1662 1084 1785 1136 mali

182 1175 479 1241 nativitas,
529 1175 658 1229 boni
705 1173 1005 1244 privatione
1056 1172 1397 1243 subserpens.
1448 1160 1656 1228 Bonum
1705 1182 1789 1228 est

199 1272 407 1327 autem,
435 1264 695 1347 quidquid
738 1277 950 1317 summo
994 1262 1139 1317 bono
1175 1262 1545 1331 conjungitur;
1568 1262 1713 1331 quod
1742 1263 1785 1316 si

203 1364 361 1409 extra
412 1354 818 1409 similitudinem
870 1352 1028 1420 hujus
1082 1352 1381 1408 elfectionis
1433 1352 1622 1417 fuerit,
1673 1355 1787 1407 sine

200 1447 347 1502 bono
375 1447 566 1516 procul
590 1447 753 1501 dubio
776 1445 1129 1515 permanebit.
1158 1444 1291 1499 Cum
1313 1445 1473 1514 igitur
1491 1445 1785 1499 secundum

199 1537 500 1606 inspectam
551 1536 817 1590 rationem
865 1542 1080 1590 constat
1127 1550 1249 1590 esse
1283 1549 1549 1590 summum
1588 1536 1784 1591 bonum

200 1624 349 1693 quod
391 1639 517 1679 vere
555 1625 755 1678 bonum
800 1632 903 1689 est,
952 1639 1105 1677 mens
1152 1632 1329 1678 autem
1382 1625 1449 1679 ad
1504 1624 1786 1692 imaginem

199 1716 399 1770 summi
426 1715 555 1770 boni
581 1717 720 1769 facta
748 1723 852 1781 est,
879 1724 936 1770 et
964 1717 1076 1784 ipsa
1103 1717 1311 1785 accepit
1340 1724 1399 1769 ut
1424 1717 1476 1771 ei
1518 1718 1657 1771 bene
1683 1718 1783 1782 sit;

1889 524 2206 602 potentiam,
2241 539 2299 584 ut
2328 545 2599 599 nunquam
2630 546 2848 599 prorsus
2874 547 2904 585 a
2935 543 3081 586 metu
3108 533 3342 599 desinat,
3373 535 3465 588 sed

1891 623 2054 677 veluti
2103 621 2294 676 ﬂuvius
2339 622 2554 690 quidam
2600 621 2753 688 juxta
2784 638 2938 676 suum
2970 621 3264 677 decurrens
3292 625 3463 692 impe-

1891 724 2027 780 tum,
2056 712 2271 781 plenum
2297 712 2513 783 quidem
2544 710 2879 766 demonstret
2917 713 3126 767 alveum
3164 728 3261 783 per
3306 729 3462 782 quem

1887 804 2172 858 delabitur.
2226 802 2341 857 Non
2388 809 2566 855 tamen
2614 802 2801 855 eadem
2843 817 2981 870 aqua
3028 802 3171 856 circa
3221 803 3466 856 eumdem

1889 895 2063 948 locum
2094 910 2214 948 esse
2256 893 2515 956 videatur,
2567 892 2661 947 sed
2710 892 2853 947 aliud
2897 893 3111 963 quidem
3140 892 3255 960 ejus
3284 902 3459 947 trans-

1887 986 2074 1049 currit,
2116 985 2259 1039 aliud
2306 999 2433 1039 vero
2480 984 2791 1054 supervenit
2823 1002 2835 1035 :
2870 985 2943 1038 ita
2973 992 3025 1038 et
3054 985 3158 1039 hoc
3183 987 3461 1039 materiale

1892 1077 2010 1128 vita:
2038 1076 2331 1146 prtesentis,
2363 1092 2461 1146 per
2486 1076 2771 1145 quemdam
2820 1084 3023 1129 motum
3078 1077 3466 1131 contrariorum

1888 1163 2154 1234 frequenti
2196 1166 2296 1219 sibi
2344 1166 2685 1222 successione
2727 1167 2996 1232 decurrat,
3026 1174 3081 1220 et
3109 1181 3137 1219 a
3167 1181 3468 1222 commuta-

1890 1256 2035 1310 tione
2058 1272 2150 1310 sua
2182 1266 2325 1311 stare
2356 1258 2568 1326 penitus
2599 1273 2702 1311 non
2734 1265 2928 1327 potest,
2958 1258 3051 1311 sed
3075 1258 3273 1327 quietis
3300 1259 3470 1328 impa-

1890 1348 2027 1401 tiens
2065 1348 2248 1417 jugem
2290 1349 2699 1403 conversionem
2730 1364 2907 1403 rerum
2938 1348 3183 1402 similiter
3209 1348 3466 1418 possidet.

1888 1438 2041 1505 Quod
2083 1441 2127 1495 si
2176 1441 2465 1510 aliquando
2496 1457 2525 1494 a
2554 1450 2702 1497 motu
2728 1440 3015 1510 destiterit,
3047 1443 3248 1511 pariter
3272 1450 3328 1496 et
3354 1456 3472 1496 esse

1889 1530 2165 1585 cessabit:
2213 1539 2272 1586 ut
2328 1540 2457 1601 puta
2517 1533 2900 1602 plenitudinem
2952 1535 3159 1589 relaxat
3206 1535 3470 1599 inanitas,

1891 1624 2125 1693 itemque
2155 1625 2397 1677 inanitati
2430 1624 2704 1693 plenitudo
2728 1625 2987 1691 succedit,
3030 1639 3249 1679 somnus
3294 1628 3462 1679 conti-

1890 1727 2052 1765 nuum
2084 1713 2384 1781 vigiliarum
2416 1714 2653 1768 laborem
2680 1723 2964 1769 sustentat.
3000 1714 3239 1783 Itemque
3280 1716 3472 1784 vigilize

199 1816 410 1861 statura
458 1822 589 1861 vero
631 1821 796 1875 quam
842 1822 997 1862 mens
1038 1808 1299 1870 continet,
1346 1808 1499 1876 quasi
1543 1809 1784 1876 quaedam
1823 1814 1864 1870 Β
1892 1802 2034 1871 quod
2064 1804 2359 1858 resolutum
2382 1821 2503 1859 esse
2532 1807 2815 1861 videbatur
2854 1807 3223 1874 consolidant,
3249 1817 3303 1861 et
3340 1824 3468 1861 neu-

201 1899 386 1965 imago
424 1913 546 1953 esse
582 1897 841 1966 probatur
879 1898 1127 1967 imaginis
1163 1915 1175 1950 :
1207 1886 1636 1967 ostenditur'per
1661 1899 1782 1961 hoc,

189 1987 343 2056 quod
392 1988 673 2042 materiale
719 1996 962 2042 nostrum
992 1996 1121 2042 tunc
1146 1987 1295 2043 bene
1332 1988 1587 2043 subsistat
1626 1996 1787 2057 atque

194 2077 342 2131 bene
388 2076 751 2140 contineatur,
790 2076 1007 2145 quando
1047 2090 1077 2129 a
1120 2085 1308 2130 natura
1358 2076 1696 2146 dispensatur
1733 2087 1787 2131 et

196 2170 427 2239 regitur.
457 2168 657 2223 lterum
686 2184 817 2223 vero
846 2168 1071 2224 solvitur
1091 2176 1252 2237 atque
1274 2168 1543 2237 dejicitur,
1574 2170 1786 2238 quando

198 2260 323 2327 ejus
365 2259 674 2329 provisione
721 2260 979 2328 privatur,
1021 2258 1285 2328 simulque
1325 2274 1356 2312 a
1396 2259 1524 2313 honi
1567 2260 1785 2328 cepula-

204 2353 358 2405 tione
397 2350 725 2416 secluditur;
758 2351 863 2405 hoe
889 2360 1068 2405 autem
1100 2366 1204 2406 non
1247 2350 1303 2405 fit
1339 2352 1495 2406 aliter
1524 2353 1623 2405 nisi
1665 2367 1784 2407 cum

191 2442 267 2495 ad
286 2442 616 2496 contrariam
647 2450 853 2511 partem
878 2450 1084 2497 natura:
1113 2442 1275 2498 fuerit
1305 2443 1441 2499 facta
1470 2444 1784 2509 conversio,

191 2549 304 2589 nec
343 2532 409 2587 ad
452 2534 651 2587 bonum
692 2549 959 2588 summum
988 2533 1309 2589 desiderium
1338 2534 1454 2604 ejus
1482 2549 1781 2605 promovet,

190 2624 294 2679 sed
328 2622 455 2678 inde
479 2623 740 2689 declinat,
776 2624 919 2692 quod
948 2623 1346 2693 pulchritudine
1385 2640 1602 2695 semper
1627 2639 1787 2695 egere

191 2713 469 2767 videatur.
502 2712 734 2768 Necesse
760 2722 846 2769 est
888 2714 1030 2768 enim
1070 2714 1138 2768 ad
1179 2714 1575 2770 deformitatem
1617 2724 1786 2770 mate-

190 2803 297 2857 riei
328 2803 792 2872 despectissimam
835 2812 999 2873 atque
1040 2804 1786 2861 frndissimam-conformetur

188 2895 248 2949 id
292 2895 439 2963 quod
481 2895 884 2951 similitudinem
929 2896 1047 2965 ejus
1084 2898 1406 2966 assequitur.
1449 2897 1556 2953 Sed
1601 2898 1713 2953 haec
1753 2914 1783 2952 a

190 2985 360 3040 nobis
378 2986 611 3054 quadam
631 2989 1016 3056 consequentia
1039 2987 1182 3043 dicta
1208 2996 1350 3055 sunt,
1380 3004 1475 3057 per
1499 2990 1778 3059 inspectio-

187 3092 327 3132 nem
356 3078 687 3149 propositam
714 3079 1025 3147 subrogata.
1066 3077 1180 3134 Hoc
1221 3088 1397 3135 autem
1427 3080 1781 3151 qurerebatur,

1893 1902 2033 1945 trum
2068 1891 2260 1945 borum
2294 1892 2345 1946 in
2382 1893 2572 1948 eodem
2621 1902 2765 1947 statu
2806 1903 3108 1963 permanet,
3152 1897 3245 1951 sed
3294 1905 3473 1951 mutua

1898 1982 1999 2035 sibi
2051 1982 2336 2049 pranentia
2384 1991 2670 2052 utrumque
2714 1986 2972 2039 succedit.
3023 1985 3207 2055 itaque
3253 2001 3311 2041 se
3359 1988 3472 2056 ipsa

1890 2081 2078 2126 natura
2126 2076 2483 2129 mutationum
2535 2076 2737 2131 vicibus
2795 2077 3104 2145 innovante,
3155 2087 3213 2132 ut
3263 2089 3468 2148 partem

1892 2166 2139 2219 videlicet
2192 2168 2471 2235 utriusque
2521 2170 2788 2237 recipiens
2836 2170 2903 2223 ab
2953 2170 3120 2224 altera
3168 2172 3359 2239 migret
3408 2175 3473 2225 ad

1890 2257 2137 2311 alteram.
2172 2256 2305 2311 Nam
2336 2258 2380 2310 si
2410 2272 2623 2325 semper
2658 2260 2855 2311 animal
2898 2261 3147 2328 persistat
3193 2262 3244 2313 in
3288 2276 3471 2331 opere,

1888 2347 2117 2403 intentio
2159 2348 2545 2417 disruptionem
2582 2349 3043 2417 divulsionemque
3082 2352 3310 2419 partium
3354 2368 3473 2421 qua:

1889 2439 2199 2506 tenduntur,
2225 2440 2423 2496 eflleiet
2448 2458 2460 2493 :
2484 2442 2743 2497 continua
2769 2457 2983 2512 quoque
3004 2459 3291 2514 corporum
3321 2446 3474 2513 quies

1888 2529 2095 2583 ruinam
2134 2531 2423 2598 quamdam
2468 2533 2898 2600 solutionemque
2941 2541 3110 2587 status
3139 2536 3468 2603 operabitur.

1888 2620 1943 2673 lu
1979 2630 2222 2690 tempore
2250 2640 2379 2677 vero
2422 2623 2753 2677 moderatius
2802 2633 3087 2693 utrumque
3136 2633 3472 2694 perceptum.

1889 2711 2253 2765 fortitudinem
2284 2712 2350 2766 ad
2394 2713 2826 2781 permansionem
2874 2712 3187 2768 substantia:
3234 2730 3475 2769 commo-

1888 2799 2057 2865 dabit,
2106 2815 2225 2869 qua:
2264 2816 2359 2870 per
2399 2800 2711 2856 continuum
2751 2802 2818 2855 ad
2868 2802 3139 2857 contraria
3192 2803 3473 2857 transitum

1892 2892 2143 2962 utrinque
2173 2878 2475 2948 alternante
2521 2893 2621 2948 sibi
2664 2894 3001 2949 successione
3049 2904 3350 2965 reparatur.
3384 2894 3474 2949 Sic

1887 2998 2018 3051 ergo
2061 2985 2526 3053 opportunitatem
2576 2986 2772 3053 quietis
2802 2992 2957 3040 nacta
3005 2994 3213 3053 natura,
3256 2987 3472 3041 distenti

1890 3076 2083 3144 vigiliis
2112 3076 2356 3146 corporis
2404 3078 2677 3150 excogitat
2718 3078 2947 3151 qualiter
2985 3079 3165 3136 robori
3190 3079 3475 3136 subveniat

192 3180 385 3224 utrum
416 3170 469 3223 in
497 3169 675 3240 aliqua
698 3180 851 3242 parte
879 3172 1247 3247 membrorum
1272 3172 1647 3229 intellectualis
1678 3173 1789 3229 vir-
1816 3176 1860 3241 (ζ
1893 3183 1989 3242 per
2035 3185 2320 3243 soporem,
2368 3183 2421 3227 et
2468 3177 2710 3228 sensibus
2757 3177 2824 3229 ab
2873 3176 3185 3245 operatione
3231 3179 3469 3238 semotis.

190 3270 285 3315 tus
314 3260 494 3315 locata
520 3262 610 3327 sit,
641 3273 732 3316 aut
767 3278 864 3333 per
899 3279 1088 3319 omnes
1128 3276 1277 3321 artus
1306 3282 1456 3335 a-qua
1487 3266 1642 3322 lance
1679 3269 1787 3322 dis-

184 3360 403 3409 currat.
448 3351 541 3406 His
588 3354 731 3408 enim
760 3356 850 3425 qui
893 3363 1130 3410 mentem
1173 3358 1253 3428 (ut
1290 3358 1538 3427 superius
1586 3358 1787 3413 dictum

170 3444 305 3513 est)
353 3443 618 3500 localibus
658 3446 937 3501 includunt
964 3448 1227 3517 partibus,
1259 3457 1315 3503 et
1348 3449 1415 3503 ad
1455 3448 1787 3504 demonstra-

191 3534 407 3587 tionem
432 3534 706 3602 0pinionis
741 3550 850 3589 sua:
873 3535 1169 3606 proferunt,
1197 3539 1339 3607 quod
1369 3553 1476 3591 non
1504 3554 1790 3609 prospere-

189 3631 286 3676 tnr
314 3622 626 3678 intellectus
655 3640 844 3679 eorum
897 3627 1091 3695 quibus
1128 3637 1314 3681 contra
1355 3635 1599 3682 naturam
1640 3643 1790 3682 cere-

186 3712 279 3767 bri
334 3713 647 3768 membrana
698 3709 952 3779 vexatur,
1018 3717 1251 3771 ostendit
1296 3719 1436 3772 ratio
1496 3719 1639 3787 quod
1692 3736 1792 3789 per

183 3820 391 3859 omnes
437 3814 619 3875 partes
662 3806 911 3861 humana:
950 3806 1399 3875 confirmationis,
1439 3811 1578 3865 sicut
1604 3819 1786 3879 aptum

182 3906 281 3952 eet
314 3899 735 3967 unumquodque
780 3900 1113 3967 membrum,
1157 3903 1474 3957 naturaliter
1510 3912 1784 3972 operetur.

182 3987 461 4044 Similiter
483 4000 663 4043 autem
694 3992 773 4044 vis
799 3992 992 4045 anim
1016 4001 1212 4061 prtcter
1238 3994 1579 4048 eliicientiam
1609 3996 1785 4049 subsi-

178 4079 311 4139 ςιὶι,
346 4093 471 4133 cum
502 4080 679 4148 aliqua
708 4096 833 4150 pars
863 4082 1108 4150 corporis
1137 4083 1190 4136 in
1221 4093 1411 4139 natura
1443 4100 1548 4137 non
1579 4101 1789 4154 perma~

178 4177 310 4220 net.
346 4167 414 4220 Et
439 4177 663 4237 propter
688 4170 803 4225 haec
831 4171 1010 4225 oblata
1051 4182 1135 4227 est
1171 4174 1406 4228 sermoni
1451 4184 1634 4230 nostro
1663 4192 1789 4245 pro-

182 4258 377 4325 posita
401 4270 799 4328 consequenter
820 4262 1101 4332 inspectio,
1127 4279 1226 4333 per
1250 4279 1409 4334 quam
1436 4265 1705 4321 discamus
1735 4268 1785 4319 in

182 4348 443 4404 hominis
489 4355 925 4419 constructione,
983 4370 1015 4409 a
1067 4355 1178 4410 Deo
1233 4357 1448 4425 quidem
1503 4358 1787 4427 gubernari

178 4453 476 4505 mentem,
510 4459 540 4497 a
570 4454 749 4499 mente
793 4462 925 4499 vero
969 4448 1300 4502 materialem
1339 4448 1501 4502 vitam
1546 4459 1785 4504 nostram

1892 3263 2059 3317 otium
2093 3264 2159 3317 ad
2188 3273 2398 3335 tempus
2429 3266 2703 3335 impertit,
2736 3275 2790 3321 et
2814 3268 2975 3321 veluti
3006 3284 3173 3339 equos
3202 3276 3325 3338 post
3351 3284 3473 3323 cer-

1891 3355 2092 3409 tamina
2123 3357 2453 3426 sudoresque
2482 3374 2852 3429 compescens.
2885 3360 3197 3416 Necessaria
3226 3377 3353 3415 vero
3392 3372 3472 3415 est

1892 3446 2108 3515 corpori
2138 3449 2310 3516 quies,
2342 3456 2400 3501 ut
2428 3449 2544 3502 sine
2567 3450 2952 3518 impedimento
2981 3466 3195 3520 quoque
3225 3452 3374 3514 cibus
3420 3452 3470 3504 in

1891 3536 2070 3589 omnia
2092 3537 2330 3591 membra
2352 3554 2450 3606 per
2477 3539 2687 3594 occulta
2712 3539 2885 3593 eidem
2914 3540 3103 3594 itinera
3129 3539 3470 3605 dili‘undatur,

1890 3625 2035 3678 nulla
2061 3626 2376 3680 intentionis
2406 3627 2561 3681 obice
2585 3628 2864 3682 meabilem
2891 3629 3253 3698 praecludcnte
3296 3639 3441 3684 trans

1890 3731 2150 3782 gressum.
2184 3715 2317 3769 Nam
2347 3717 2486 3771 sicut
2515 3733 2579 3771 ex
2611 3717 2783 3772 infusa
2839 3720 3095 3774 imbribus
3145 3730 3307 3789 terra,
3347 3738 3468 3775 cum

1891 3805 2053 3860 radiis
2102 3806 2230 3860 solis
2262 3806 2370 3861 fota
2404 3805 2580 3874 fuerit,
2608 3823 2835 3877 vapores
2860 3810 3073 3879 quidam
3103 3810 3379 3877 caliginosi
3407 3812 3473 3865 de

1893 3896 2173 3965 profundis
2223 3897 2337 3966 ejus
2382 3898 2575 3953 finibus
2619 3900 2995 3969 extrahuntur,
3045 3902 3291 3956 similiter
3319 3911 3373 3956 et
3417 3904 3470 3957 in

1892 3999 2073 4043 nostra
2105 3988 2161 4042 ilt
2187 3998 2326 4045 terra
2355 4009 2367 4043 :
2396 4007 2516 4044 eum
2549 3992 2700 4046 cibus
2730 3992 3049 4048 intrinsecus
3079 3995 3475 4063 congenitoque

1890 4082 2072 4135 calore
2098 4080 2440 4149 decoquitur,
2474 4098 2643 4152 vapor
2668 4083 2882 4153 quidam
2908 4085 3245 4150 naturaliter,
3271 4093 3475 4155 utpote

1890 4187 2101 4237 aereus,
2133 4172 2201 4225 ad
2238 4188 2470 4242 superna
2512 4174 2809 4239 contendit,
2861 4182 2915 4229 et
2953 4176 3115 4230 veluti
3163 4174 3339 4229 fumus
3378 4191 3476 4245 per

1892 4267 2054 4320 rimas
2104 4266 2323 4334 parietis
2370 4275 2660 4336 penetrans
2706 4268 2772 4321 ad
2820 4268 3011 4337 capitis
3052 4268 3167 4322 loca
3206 4268 3473 4337 pervenit,

1891 4355 2016 4409 inde
2059 4370 2157 4424 per
2203 4356 2377 4410 dictos
2427 4354 2667 4411 adnexus
2697 4358 2943 4411 sensibus
2987 4357 3286 4413 cxhalatur.
3322 4355 3475 4411 Unde

1892 4461 2113 4501 necesse
2135 4454 2235 4512 est,
2260 4454 2388 4500 tunc
2409 4462 2597 4501 sensus
2616 4448 2783 4501 otium
2805 4462 2992 4516 gerere
3013 4463 3274 4518 vaporum
3300 4456 3473 4501 trans-

176 4534 501 4598 contineri,
531 4549 654 4589 cum
684 4535 738 4589 in
770 4546 959 4590 natura
985 4538 1223 4606 persistit
1260 4556 1272 4590 :
1302 4539 1348 4593 si
1379 4554 1507 4593 vero
1538 4555 1568 4593 a
1598 4548 1786 4595 natura
1821 4550 1863 4605 ο
1890 4538 2168 4605 gressione
2197 4538 2464 4593 detentos.
2500 4537 2654 4593 Oculi
2695 4540 2855 4608 s0piti
2896 4548 3043 4607 sunt,
3080 4548 3136 4593 et
3188 4539 3471 4609 palpebra-

170 4629 543 4693 discesserit,
573 4631 735 4683 etiam
765 4633 1155 4700 cooperatione
1190 4633 1386 4687 mentis
1429 4648 1547 4688 eam
1587 4634 1788 4704 privari
1894 4643 2009 4681 rum
2032 4626 2358 4682 obductione
2382 4628 2544 4681 veluti
2568 4627 2797 4697 quodam
2826 4628 3151 4683 mechanica:
3170 4629 3299 4684 artis
3318 4644 3473 4699 :cquo

172 4732 421 4771 necesse
450 4727 554 4773 est.
586 4718 689 4773 Sed
722 4729 1056 4776 revertamur
1081 4738 1267 4778 rursus
1295 4724 1434 4779 unde
1454 4724 1678 4794 digressi
1701 4743 1791 4781 su-
1894 4717 2132 4788 pondere
2174 4726 2533 4787 conteguntur
2585 4737 2598 4770 ε
2634 4718 2761 4789 ipsis
2817 4734 3034 4788 quoque
3085 4720 3373 4790 vaporibus
3421 4730 3472 4776 et

172 4822 350 4870 mus,
394 4809 546 4878 quod
590 4812 635 4865 si
687 4812 740 4865 in
783 4828 844 4866 ea
894 4828 1014 4881 qua:
1055 4829 1085 4868 a
1126 4816 1355 4870 naturali
1404 4820 1790 4875 constitutione
1897 4810 2110 4864 auditus
2139 4811 2454 4875 obstruitur,
2496 4819 2550 4865 et
2594 4811 2746 4879 quasi
2790 4812 3025 4881 quodam
3070 4814 3211 4869 ostio
3258 4813 3477 4869 auribus

167 4900 422 4953 ornnino
446 4902 753 4957 exorbitant
781 4919 877 4969 per
902 4904 1134 4973 aliquam
1168 4907 1489 4975 passionem,
1514 4912 1788 4979 proprium

1897 4899 2148 4969 imposito
2194 4914 2225 4953 a
2274 4915 2369 4953 sua
2421 4899 2648 4954 naturali
2697 4901 3011 4970 operatione
3056 4899 3296 4958 feriatur.
3353 4900 3477 4961 "ne

167 5004 358 5043 mens
390 5000 573 5044 servet
606 4990 890 5057 effectum,
923 4995 1059 5048 etin
1089 4994 1172 5049 his
1210 4995 1426 5065 quidem
1457 5012 1574 5066 qute
1610 4986 1791 5068 vigedt
1895 4998 2074 5045 autem
2124 4990 2245 5045 talis
2293 4992 2472 5061 passio
2522 5008 2746 5049 somnus
2798 4993 3015 5064 dicitur,
3063 4998 3378 5052 vacantibus
3425 4998 3475 5052 in

1893 5094 2123 5149 corpore
2162 5080 2426 5147 sensibus,
2477 5089 2531 5136 et
2569 5082 2723 5151 juxta
2775 5084 3073 5139 naturalem
3112 5094 3317 5141 motum
3346 5088 3478 5141 nihil

1894 5186 2114 5240 prorsus
2164 5173 2486 5240 agentibus,
2544 5181 2602 5227 ut
2654 5173 2981 5243 digestiones
3031 5192 3277 5232 escarum
3332 5179 3479 5232 exitu

1894 5260 2134 5317 faciliore
2159 5264 2494 5333 proveniant,
2519 5272 2575 5319 et
2600 5281 2725 5321 suos
2754 5276 2965 5322 meatus
2993 5267 3108 5337 ipsa
3130 5268 3477 5323 exhalatione

1894 5361 2285 5408 transcurrant.
2317 5352 2656 5426 Quapropter
2679 5357 2723 5412 si
2748 5366 3168 5427 coangustentur
3209 5357 3289 5412 his
3314 5358 3479 5410 exha-

1894 5442 2185 5498 lationibus
2227 5458 2289 5499 ea
2334 5445 2451 5500 loca
2474 5460 2593 5515 quae
2619 5448 2757 5503 circa
2788 5464 2975 5504 sensus
3001 5456 3144 5512 sunt,
3176 5456 3230 5500 et
3249 5446 3478 5514 quadam

1894 5550 2115 5590 somnus
2156 5539 2507 5606 occupatione
2559 5538 2816 5604 tardetur,
2846 5553 3043 5609 vapore
3089 5536 3475 5606 complentur:

1895 5638 1948 5682 et
1968 5630 2093 5698 quia
2121 5646 2187 5685 ex
2218 5632 2397 5688 nervis
2434 5643 2647 5689 constat
2674 5649 2793 5689 esse
2819 5633 3138 5703 composita,
3168 5642 3226 5687 ut
3251 5633 3376 5689 colli
3416 5651 3479 5690 ac

1895 5721 2124 5776 faucium
2172 5726 2490 5779 naturaliter
2535 5741 2602 5781 ex
2646 5741 2765 5781 sese
2810 5725 3123 5789 tenduntur,
3172 5726 3245 5780 ita
3286 5737 3343 5781 ut
3383 5745 3478 5798 per

1897 5811 2035 5866 hanc
2060 5812 2449 5881 extensionem,
2485 5816 2570 5871 illa
2593 5831 2709 5884 qua:
2741 5813 2949 5872 fuerant
2978 5830 3287 5886 compressa
3310 5834 3475 5890 vapoo

164 5076 491 5132 incolumis
541 5090 746 5144 manet,
794 5081 967 5150 impos
1009 5096 1140 5136 vero
1188 5080 1247 5134 fit
1296 5082 1349 5137 in
1398 5083 1481 5138 his
1523 5100 1641 5153 quae
1681 5102 1786 5141 non

161 5174 412 5238 queunt
442 5168 547 5221 vim
578 5168 695 5237 ejus
721 5172 1052 5239 operationis
1082 5171 1350 5241 excipere.
1376 5170 1477 5227 Fas
1504 5183 1587 5229 est
1608 5183 1787 5229 autem

158 5266 241 5313 ει
274 5272 355 5310 cx
382 5258 502 5313 aliis
532 5259 693 5313 rebus
732 5261 1100 5328 hujuscemodi
1131 5261 1394 5327 dogmatis
1422 5259 1635 5317 ﬁrmare
1661 5278 1789 5319 sen-

162 5349 429 5406 tentiam
465 5367 477 5401 :
509 5359 568 5404 et
596 5351 694 5405 nisi
724 5365 887 5419 grave
912 5367 979 5407 ac
1006 5351 1290 5405 molestum
1318 5361 1422 5419 est,
1451 5354 1788 5422 przesentiam

154 5442 473 5498 sermonis
510 5441 765 5512 fatigatus
800 5443 963 5499 etiam
1002 5444 1071 5499 de
1114 5443 1199 5499 his
1238 5445 1451 5514 paucis,
1480 5453 1536 5500 ut
1576 5454 1788 5516 potero,

155 5551 243 5590 ex
254 5534 508 5604 plicabo.

797 5625 1028 5681 CAPUT
1066 5625 1205 5684 XIV.

198 5718 314 5774 De
342 5732 522 5771 ωενιηο
552 5724 601 5769 et
630 5718 952 5782 oscitatione,
984 5726 1032 5771 et
1062 5718 1124 5771 de
1147 5720 1365 5776 somniis
1387 5720 1739 5773 ratiocinatio.

244 5809 573 5867 llaterialis
615 5808 728 5864 haec
772 5820 829 5865 et
877 5807 1017 5862 ﬂuxa
1069 5816 1307 5886 corporis
1354 5812 1461 5868 vita
1493 5825 1707 5881 semper
1736 5811 1787 5865 in
