4000 6344
484 409 595 460 ,367

1771 399 2121 456 ιιιΟΝγςιυδ
2159 398 2470 455 EXICUL'S.

3638 391 3741 448 368

492 531 1019 595 ribus,Aenuentur,
1075 530 1130 576 ut
1178 522 1290 576 fieri
1333 522 1474 577 solet
1519 522 1585 576 ab
1625 521 1708 576 his
1754 521 1846 589 qui
1892 528 2069 574 vestes
2098 519 2143 579 A
2173 516 2337 569 satrix
2383 514 2470 567 illa
2505 510 2743 582 potentia
2791 508 3033 579 corporis
3082 506 3438 577 approbatur,
3480 506 3741 576 siquidem

493 622 691 676 inl‘nsas
749 622 909 675 nimia
963 621 1365 690 compressione
1420 609 1733 689 torquentes
1786 620 2065 672 humorem

493 730 707 769 omnem
756 714 999 767 nituntur
1046 712 1380 781 exprimere;
1435 720 1491 767 et
1536 711 1661 780 quia
1715 717 1898 779 partes
1949 721 2067 777 qua:

495 792 630 861 circa
661 805 840 861 fauces
868 813 1011 869 sunt,
1038 804 1379 859 rotundiores
1401 803 1666 866 videntur,
1689 800 2068 867 abundantque

492 898 689 963 nervis,
722 905 781 952 ut
822 898 1021 952 dictum
1053 904 1162 960 est,
1195 899 1236 950 si
1268 897 1482 964 quando
1511 893 1737 949 discindi
1769 892 1836 945 ab
1863 891 1947 944 his
1974 904 2067 942 va-

489 1007 680 1060 porum
710 988 1115 1044 crassitudinem
1161 987 1432 1050 convenit,
1480 985 1603 1056 quia
1647 981 1974 1053 impossibile
2000 981 2070 1034 sit

489 1081 870 1135 rotunditatem
900 1086 1203 1147 porrectam
1226 1077 1453 1142 ostendi,
1474 1077 1575 1131 nisi
1604 1075 1655 1129 id
1675 1090 1773 1130 suo
1798 1074 2069 1129 schemate

490 1178 735 1240 peragat,
763 1169 960 1225 idcirco
983 1169 1205 1224 relictus
1236 1169 1288 1222 in
1319 1169 1637 1223 oscitatione
1665 1166 1885 1237 spiritus
1914 1178 2067 1218 men-

494 1273 603 1316 tum
634 1262 847 1331 quidem
878 1260 1130 1316 deorsum
1163 1261 1228 1313 ad
1251 1260 1413 1315 facies
1434 1260 1661 1331 quadam
1685 1257 2069 1314 concavatione

490 1352 774 1420 pertrahit,
804 1359 859 1406 et
886 1351 1094 1406 cunctis
1124 1351 1344 1405 interius
1373 1351 1427 1404 in
1468 1350 1599 1405 orbe
1637 1348 1940 1420 patefactis,
1970 1363 2070 1401 un-

490 1443 619 1497 dosa
652 1442 739 1496 illa
765 1440 1056 1511 spissitudo
1084 1456 1203 1510 qua:
1228 1442 1279 1495 in
1310 1442 1439 1511 ipsis
1467 1441 1603 1495 locis
1648 1439 1916 1495 insederat
1961 1439 2069 1508 spi-

495 1537 602 1590 ritu
670 1534 1009 1605 propellente
1072 1534 1339 1602 dirigitur.
1398 1533 1733 1602 Frequenter
1784 1541 1962 1585 autem
2015 1538 2070 1583 et

492 1635 615 1695 post
643 1641 888 1681 somnum
930 1624 1085 1679 nobis
1131 1624 1357 1694 idipsum
1398 1623 1536 1678 solet
1564 1621 1825 1686 accidere,
1853 1635 1974 1675 cum
2003 1634 2069 1673 ex

495 1718 601 1772 illis
626 1717 918 1786 vaporibus
959 1714 1276 1784 indigestum
1324 1714 1451 1785 quid
1492 1713 1654 1767 fuerit
1700 1711 2067 1767 subrelictum.

491 1806 567 1862 Ex
597 1808 679 1861 bis
710 1808 888 1875 itaque
916 1806 1093 1862 causis
1122 1822 1225 1859 una
1253 1820 1403 1859 mens
1426 1803 1705 1858 evidenter
1749 1800 2065 1865 ostenditur,

2172 621 2322 659 mens
2369 605 2550 658 usibus
2595 602 2770 656 cibum
2816 599 3080 669 providet,
3122 612 3313 653 sensus
3358 603 3535 650 autem
3584 597 3743 652 sumit

2170 698 2311 767 quod
2360 697 2631 766 provisum
2681 701 2782 758 est,
2828 707 2890 747 ea
2944 705 3076 746 vero
3127 690 3369 760 corporis
3411 690 3579 743 virtus
3627 703 3744 758 qum

2171 787 2509 841 nutrimentis
2540 784 2795 852 invigilat,
2830 783 3046 852 proprie
3074 781 3171 836 sibi
3202 781 3343 851 quod
3373 780 3532 835 datur
3559 780 3745 850 acqui-

2169 876 2271 939 rit;
2303 876 2375 928 ita
2413 890 2509 945 per
2548 888 2792 927 somnum
2823 872 3000 926 ablato
3030 873 3217 926 harum
3249 872 3606 941 potentiarum
3647 886 3745 926 usu

2170 964 2567 1033 quodammodo
2597 970 2997 1017 commutantur
3024 962 3076 1016 in
3124 961 3297 1025 nobis,
3340 968 3394 1015 et
3440 960 3648 1015 obtinet
3693 960 3748 1015 id

2169 1054 2312 1122 quod
2339 1054 2757 1109 irrationabilius
2777 1066 2899 1107 esse
2930 1052 3204 1121 probatur.
3250 1051 3488 1105 Aliorum
3528 1050 3744 1119 quidem

2169 1143 2455 1200 efficientia
2486 1143 2836 1213 conquiescit,
2866 1157 2971 1196 non
3001 1150 3181 1195 tamen
3211 1142 3430 1196 omnino
3469 1141 3746 1207 restringi-

2170 1241 2277 1288 tur.
2323 1233 2471 1288 Tunc
2509 1234 2650 1287 enim
2681 1232 2760 1287 vis
2804 1230 2969 1285 animi
3013 1232 3102 1301 qui
3147 1232 3486 1287 nutrimentis
3530 1231 3747 1294 insistit,

2169 1324 2410 1393 quamvis
2437 1338 2536 1393 per
2571 1337 2820 1393 soporem
2868 1322 2934 1377 ad
2974 1321 3287 1389 digestionis
3316 1321 3606 1395 contendat
3631 1320 3749 1375 offi-

2170 1416 2309 1469 cium
2339 1429 2662 1482 onmemque
2691 1422 2934 1469 naturam
2965 1413 3065 1468 sibi
3097 1427 3286 1468 vacare
3316 1414 3605 1481 permittat.
3632 1412 3750 1468 Non

2170 1506 2312 1561 enim
2344 1505 2411 1559 ab
2442 1504 2546 1559 hac
2575 1504 2690 1573 ejus
2727 1504 3043 1573 operatione
3068 1503 3309 1573 potentia
3354 1503 3441 1557 illa
3484 1503 3752 1558 sensualis

2170 1596 2518 1663 abstrahftur,
2551 1609 2651 1649 nec
2677 1594 2817 1649 enim
2849 1594 2927 1647 fas
2954 1602 3039 1649 est
3065 1593 3211 1661 quod
3238 1593 3403 1647 semel
3435 1593 3754 1647 naturaliter

2171 1688 2378 1741 unitum
2403 1700 2505 1751 est,
2537 1686 2707 1755 possit
2733 1685 2934 1751 divelli,
2964 1686 3058 1739 sed
3087 1685 3393 1740 elucescere
3423 1700 3527 1740 non
3570 1694 3754 1756 potest

2172 1778 2287 1846 ejus
2315 1776 2557 1843 effectus,
2586 1776 2759 1831 somni
2789 1776 2900 1831 otio
2943 1775 3247 1845 impeditus.
3289 1774 3399 1830 Hac
3440 1776 3625 1846 itaque
3665 1790 3754 1829 ra-

495 1898 639 1967 qnod
681 1906 884 1952 natura:
930 1912 1232 1966 congruens
1260 1904 1420 1966 atque
1449 1894 1792 1949 consentiens
1830 1908 1948 1949 esse
1990 1892 2069 1946 vi-
2104 1872 2146 1930 Β
2176 1869 2321 1967 tione
2348 1883 2469 1967 αξη)
2501 1882 2560 1923 δε
2589 1881 2741 1921 mens
2765 1864 2834 1919 ad
2863 1865 3129 1967 θθῆθξδίηε
3159 1866 3321 1919 animi
3351 1868 3584 1967 spefie'“
3607 1881 3751 1967 ζεῖ·

491 1989 683 2042 deatur
717 2006 728 2039 :
761 1987 888 2041 dum
928 1986 1185 2054 vigilante
1216 1985 1300 2038 illa
1333 1993 1387 2037 et
1412 1983 1526 2037 hmc
1554 1997 1681 2036 suos
1700 1979 1919 2035 effectus
1943 1994 2071 2033 exe-

493 2087 598 2143 rat,
639 2079 874 2133 resoluta
916 2091 1044 2131 vero
1088 2077 1139 2129 in
1169 2090 1417 2131 somnum
1448 2073 1608 2127 etiam
1637 2088 1791 2127 mens
1819 2070 2071 2141 persistat

496 2169 783 2223 immobilis
810 2186 821 2221 :
850 2168 948 2222 nisi
976 2167 1114 2221 forte
1139 2164 1547 2233 imaginationes
1568 2163 1898 2218 somniorum
1921 2175 2072 2214 men-

492 2262 562 2313 tis
591 2258 911 2327 agitationes
942 2271 1060 2311 esse
1089 2256 1206 2325 quis
1227 2255 1474 2315 aestimet,
1504 2267 1729 2320 eamque
1756 2258 2069 2321 operantem

491 2362 589 2417 per
612 2362 860 2417 soporem
890 2346 1001 2399 suis
1023 2344 1256 2398 motibus
1278 2343 1583 2396 arbitretur.
1609 2341 1715 2396 Nos
1739 2350 1917 2394 autem
1941 2355 2073 2394 con—

492 2444 697 2489 stanter
738 2435 1027 2489 asserimus
1068 2448 1188 2488 eam
1229 2431 1398 2486 solam
1430 2431 1697 2485 actionem
1739 2429 1804 2482 ad
1836 2436 2071 2482 mentem

491 2524 852 2588 referendam,
882 2538 1000 2591 qua:
1027 2521 1289 2591 sapientia
1318 2520 1651 2589 consilioque
1677 2518 1967 2588 perficitur.
1996 2516 2069 2571 Ea

493 2630 622 2668 vero
662 2628 781 2680 qua:
828 2627 923 2681 per
967 2626 1212 2664 somnum
1242 2610 1677 2678 phantasmatum
1721 2608 2071 2663 deliramenta

495 2704 837 2772 proveniunt,
870 2701 1278 2768 imaginationes
1307 2699 1566 2768 quasdam
1594 2698 1895 2753 efficientia:
1925 2713 2074 2751 men-

494 2795 564 2849 tis
609 2794 921 2862 opinamur,
969 2805 1101 2858 quas
1144 2789 1525 2843 irrationabilis
1568 2804 1693 2858 pars
1740 2788 1929 2841 animm
1978 2802 2075 2856 per

494 2884 792 2940 accidentia
822 2896 1046 2951 qumque
1076 2879 1355 2947 confingit.
1400 2878 1588 2932 Anima
1617 2878 1815 2947 quippe
1844 2894 1873 2931 a
1903 2879 2074 2932 sensi-

494 2977 595 3028 bus
641 2980 862 3027 avocata
912 2986 1010 3039 per
1055 2984 1325 3031 somnum,
1380 2982 1601 3023 necesse
1648 2976 1730 3021 est
1778 2975 1835 3020 ut
1881 2968 2074 3022 mentis

494 3078 711 3132 quoque
740 3060 978 3130 privetur
1000 3056 1212 3113 effectu.
1249 3056 1353 3112 Per
1381 3072 1571 3112 sensus
1611 3057 1753 3111 enim
1789 3056 1857 3111 ad
1900 3056 2076 3111 homi-

496 3169 617 3207 nem
660 3148 1057 3221 quodammodo
1101 3149 1340 3203 reversio
1386 3149 1582 3203 mentis
1606 3147 1853 3213 efficitur,
1884 3147 2076 3216 quibus

2179 1959 2260 2022 tit,
2293 1955 2629 2028 consequens
2668 1963 2750 2011 est
2794 1971 2913 2011 cum
2953 1956 3039 2010 hic
3084 1964 3350 2022 movetur,
3380 1956 3456 2010 uti
3506 1965 3563 2010 et
3606 1957 3753 2010 illam

2172 2049 2412 2104 dicamus
2441 2048 2643 2102 moveri
2672 2048 2890 2117 pariter,
2914 2057 3106 2101 etcum
3136 2047 3385 2115 quiescit,
3411 2047 3570 2101 simili
3593 2047 3755 2102 modo

2172 2139 2475 2207 quiescere.
2526 2136 2987 2203 Quemadmodum
3034 2149 3168 2189 vero
3216 2136 3358 2190 circa
3406 2136 3584 2204 ignem
3639 2137 3755 2190 haec

2174 2228 2290 2284 fieri
2340 2229 2582 2283 naturale
2627 2237 2729 2292 est,
2780 2236 2839 2281 ut
2884 2242 3005 2282 cum
3054 2227 3221 2296 paleis
3263 2226 3496 2295 undique
3536 2228 3751 2294 tegitur.

2174 2321 2431 2389 nulloque
2475 2319 2743 2389 spiraculo
2787 2317 3093 2381 suscitatur,
3125 2332 3225 2372 nec
3255 2317 3454 2371 circum
3494 2326 3639 2371 tecta
3670 2317 3757 2370 de-

2175 2415 2376 2476 paseat,
2432 2422 2530 2461 nec
2576 2406 2791 2476 penitus
2840 2404 3237 2471 exstinguatur,
3285 2404 3377 2458 sed
3409 2420 3507 2474 pro
3538 2404 3755 2459 ﬂamma

2173 2497 2388 2566 quidem
2420 2496 2594 2551 fumus
2615 2502 2887 2563 exsurgat,
2911 2494 3055 2562 quod
3085 2494 3128 2547 si
3155 2494 3424 2562 paululqu
3448 2503 3757 2549 commotus

2176 2588 2360 2651 fuerit,
2410 2586 2554 2640 illico
2584 2584 2759 2639 fumus
2785 2584 3053 2639 excitatur
3087 2584 3140 2637 in
3165 2581 3430 2637 ﬂammam
3463 2603 3476 2637 :
3508 2585 3760 2639 similiter

2174 2686 2229 2731 et
2256 2692 2407 2731 mens
2436 2676 2550 2730 otio
2581 2690 2837 2730 sensuum
2867 2674 3348 2742 tempore.soporis
3373 2674 3608 2735 obtecta,
3652 2688 3759 2727 nec

2175 2768 2389 2821 elucere
2418 2780 2514 2835 per
2569 2779 2664 2820 eos
2716 2772 2914 2833 potest,
2954 2777 3057 2818 nec
3100 2776 3323 2831 prorsus
3362 2762 3627 2832 intercipi,
3661 2762 3761 2818 sed

2175 2857 2341 2911 instar
2360 2854 2552 2911 summi
2574 2855 2783 2909 videtur
2805 2852 3039 2923 operari,
3056 2852 3107 2906 in
3132 2851 3311 2920 aliquo
3330 2851 3543 2920 quidem
3568 2865 3759 2921 egens,

2177 2950 2228 3002 in
2260 2949 2439 3017 aliquo
2471 2962 2597 3002 vero
2626 2946 2924 3016 praevalens
2957 2964 2970 2998 :
3002 2952 3056 2999 et
3083 2944 3223 2999 sicut
3275 2942 3540 3011 quispiam
3589 2944 3765 2998 musi-

2175 3056 2291 3105 cus,
2322 3038 2570 3093 resolutis
2600 3037 2727 3107 lyra:
2759 3036 3006 3101 nexibus,
3037 3034 3084 3090 si
3112 3033 3376 3103 plectrum
3389 3032 3610 3089 chordis
3632 3033 3763 3101 inji-

2176 3130 2303 3196 ciat,
2344 3144 2452 3183 non
2501 3128 2549 3182 ei
2598 3126 2893 3181 modulatio
2936 3132 3307 3195 competenter
3351 3124 3585 3179 occurrit
3635 3125 3767 3196 (nec

496 3242 807 3299 vacantibus
836 3248 891 3294 et
920 3239 1323 3307 intelligentiam
1363 3254 1581 3293 necesse
1601 3246 1682 3292 est
1704 3238 1861 3292 otiari
1887 3256 1899 3290 :
1927 3239 2077 3307 cujus

2183 3220 2327 3274 enim
2374 3226 2652 3273 extentum
2696 3216 2840 3287 quod
2890 3232 2997 3271 non
3025 3226 3109 3272 est
3152 3224 3275 3287 apte
3315 3216 3632 3286 resonabit),
3664 3217 3766 3271 sed

496 3333 571 3387 rei
604 3338 972 3401 argumentum
1023 3339 1128 3397 est,
1181 3330 1325 3399 quod
1375 3330 1682 3400 frequenter
1729 3329 2075 3399 ineptissimis

496 3434 658 3493 atque
684 3420 988 3475 vanissimis
1019 3420 1204 3474 formis
1231 3419 1559 3474 dormientes
1588 3418 1861 3473 illudimur
1887 3436 1898 3471 :
1931 3418 2076 3487 quod

499 3528 834 3583 nequaquam
867 3508 1038 3577 fieret,
1083 3511 1127 3564 si
1170 3510 1394 3565 consilio
1423 3518 1549 3564 tunc
1577 3510 1753 3563 anima
1784 3517 1837 3564 et
1867 3510 2078 3565 ratione

497 3613 791 3673 regeretur.
846 3600 952 3657 Sed
1004 3602 1133 3655 mihi
1180 3600 1411 3664 videtur,
1464 3616 1584 3655 cum
1634 3602 1948 3670 pnesentior
1995 3603 2077 3656 vis

496 3696 709 3758 animte,
734 3694 782 3747 id
812 3701 895 3747 est
923 3692 1207 3747 eﬂicientia
1240 3693 1435 3746 mentis
1456 3700 1509 3746 et
1536 3707 1789 3746 sensuum
1819 3692 2076 3761 conquie-

497 3787 615 3849 scit,
650 3784 794 3837 illam
827 3782 1195 3837 tantummodo
1224 3792 1430 3852 partem
1461 3782 1581 3851 ejus
1610 3783 1661 3836 in
1692 3782 1916 3838 somniis
1944 3798 2076 3853 ope-

499 3875 626 3937 rari,
670 3888 788 3943 qua:
840 3873 1163 3927 nutrimenta
1207 3876 1645 3940 incrementaque
1688 3873 1981 3941 dispensat.
2022 3872 2080 3927 Si

498 3974 677 4020 autem
705 3966 808 4020 hoc
840 3964 909 4018 ita
941 3973 1042 4024 est,
1075 3963 1284 4018 somnia
1311 3978 1430 4032 quae
1468 3963 1603 4017 fiunt
1639 3971 1695 4017 et
1739 3964 2081 4031 imaginatio~

499 4072 595 4111 nes
624 4056 868 4110 sensibus
893 4061 947 4107 ct
990 4054 1354 4120 intelligentia:
1389 4061 1748 4122 congruentes
1787 4053 1890 4107 hac
1919 4055 2081 4108 nimi-

500 4163 617 4200 rmn
650 4160 810 4199 causa
840 4144 1175 4210 contingunt.
1211 4142 1551 4213 Qumcunque
1578 4144 1733 4199 nobis
1763 4159 1861 4213 per
1889 4145 2081 4199 animae

501 4244 727 4302 partem,
762 4233 813 4285 in
839 4247 943 4299 qua
976 4233 1231 4285 memoria
1279 4234 1446 4301 viget,
1493 4233 1752 4303 impressa
1793 4241 1936 4297 sunt,
1970 4234 2084 4290 haec

500 4322 709 4384 eadem,
757 4331 812 4375 ut
857 4336 976 4375 sors
1027 4322 1285 4386 attulerit,
1332 4324 1497 4379 veluti
1539 4324 1712 4394 pietas
1762 4325 1873 4380 oris
1919 4341 2084 4395 opere

502 4412 821 4477 formantur,
854 4409 1171 4479 ﬁguratione
1201 4412 1431 4481 quadam
1467 4414 1667 4482 jugiter
1692 4415 2000 4470 adhaerente
2030 4415 2081 4470 in

508 4506 607 4557 hac
627 4503 807 4573 specie
833 4502 1023 4555 anima:
1051 4518 1155 4571 qua
1184 4504 1444 4580 memoria
1472 4505 1796 4561 continetur.
1844 4505 1938 4561 liis
1976 4508 2081 4561 ita-

2180 3311 2499 3380 plerumque
2542 3324 2732 3363 manus
2776 3308 3067 3363 artificiose
3112 3316 3376 3372 movetur,
3407 3307 3610 3362 ducens
3641 3308 3767 3378 ple-

2178 3409 2349 3456 ctrum
2379 3400 2445 3453 ad
2467 3399 2668 3454 locales
2695 3399 2991 3468 positiones
3017 3407 3366 3463 accentuum,
3395 3414 3559 3454 sonus
3579 3408 3769 3455 autem

2179 3513 2287 3552 non
2333 3494 2566 3551 efficitur
2614 3495 2717 3549 nisi
2766 3493 3102 3549 inordinatus
3141 3508 3209 3548 ex
3257 3502 3405 3547 motu
3436 3495 3769 3549 chordarum

2178 3602 2297 3656 quae
2327 3594 2518 3641 vocant
2543 3585 2714 3641 Graeci
2740 3586 2958 3657 βόμϐους
2990 3585 3060 3639 ita
3089 3599 3186 3654 per
3211 3599 3457 3639 somnum
3505 3586 3773 3641 naturali-

2179 3679 2279 3733 bus
2308 3694 2561 3733 sensuum
2592 3678 2847 3733 membris
2868 3678 3137 3743 resolutis,
3166 3686 3259 3731 aut
3284 3678 3504 3732 omnino
3533 3680 3773 3748 quiescit

2180 3769 2375 3825 artifex
2402 3770 2633 3837 animus,
2660 3771 2704 3824 si
2731 3784 2926 3838 corpus
2972 3769 3132 3823 nimia
3162 3770 3493 3838 plenitudine
3524 3784 3770 3839 purga-

2181 3870 2359 3925 vetur,
2390 3868 2484 3914 aut
2509 3868 2657 3915 certe
2689 3859 2989 3927 languidius
3026 3867 3081 3913 et
3125 3859 3405 3915 obscurius
3427 3862 3767 3929 operabitur,

2182 3969 2304 4009 cum
2334 3954 2439 4009 hoc
2467 3966 2727 4021 organum
2770 3951 3017 4006 sensuale
3045 3950 3352 4018 diligentius
3377 3959 3550 4005 artem
3579 3954 3772 4022 nequit

2182 4045 2451 4114 excipere.
2509 4042 2847 4112 Quapropter
2896 4040 2949 4094 in
2999 4041 3201 4096 somnis
3244 4041 3503 4095 memoria
3545 4042 3771 4110 quidem

2183 4133 2433 4197 confusa,
2481 4131 2816 4202 praescientia
2866 4144 2993 4184 vero
3037 4128 3354 4199 quibusdam
3409 4129 3775 4187 velaminibus

2184 4223 2394 4286 obruta,
2427 4228 2622 4290 praeter
2649 4228 2831 4274 votum
2862 4234 2928 4274 ac
2961 4218 3197 4273 studium
3225 4219 3483 4288 quasdam
3516 4223 3778 4289 specula-

2185 4323 2272 4369 tur
2319 4313 2596 4380 imagines,
2646 4320 2701 4367 et
2748 4310 2948 4382 aliquid
2992 4326 3177 4366 eorum
3215 4326 3602 4379 nonnunquam
3652 4329 3779 4382 qua:

2185 4414 2310 4489 sttnt
2334 4413 2560 4459 ventura
2588 4405 2927 4474 przenuntiat.
2959 4403 3089 4458 Nam
3139 4419 3235 4474 per
3277 4403 3634 4459 subtilitatem
3678 4422 3781 4459 na-

2188 4506 2321 4552 tura:
2350 4498 2469 4567 plus
2496 4496 2695 4566 aliquid
2724 4496 2887 4551 habet
2914 4511 3075 4565 quam
3105 4496 3347 4565 corporis
3376 4495 3684 4551 crassitudo
3706 4497 3782 4550 ad

505 4609 610 4662 que
639 4591 935 4663 phantasiis
961 4591 1123 4645 homo
1152 4592 1439 4659 deluditur,
1471 4610 1578 4649 non
1609 4595 1833 4664 alicujus
1882 4596 2086 4651 ordinis
2114 4597 2161 4654 D
2195 4588 2607 4658 conlemp'allda
2660 4602 2724 4641 ea
2776 4602 2894 4657 (illa?
2939 4587 3186 4641 νίάθηιῑπ
3224 4587 3503 4651 accedere.
3533 4587 3634 4642 εει]
3666 4604 3781 4642 ιιοίι

508 4682 724 4737 tramite
770 4683 835 4736 ad
877 4697 1063 4736 eorum
1105 4698 1224 4752 qum
1254 4694 1516 4754 apparent
1540 4686 1801 4741 visionem
1846 4686 2085 4742 collocu-

506 4774 815 4842 tionemque
852 4771 1161 4842 productus,
1195 4774 1289 4827 sed
1333 4776 1514 4829 mixtis
1539 4776 1855 4845 quibusdam
1897 4785 1953 4831 et
2000 4778 2084 4830 in-

518 4863 971 4932 consequentibus
1016 4864 1269 4918 seductus
1307 4867 1603 4921 erroribus.
1653 4865 1805 4921 Sicut
1847 4866 1991 4921 enim
2036 4868 2085 4919 in

512 4970 679 5024 opere
729 4955 1000 5024 corporali
1056 4955 1343 5024 unicuique
1397 4956 1641 5011 membro
1691 4958 1909 5029 praprie
1959 4959 2086 5027 quid

507 5046 655 5113 juxta
704 5045 810 5100 vim
856 5045 956 5099 sibi
1006 5045 1320 5100 naturaliter
1357 5048 1572 5101 insitam
1602 5048 1894 5117 perageuti,
1926 5049 2086 5103 etiam

510 5137 842 5207 quiescentis
869 5137 1090 5191 membri
1122 5137 1341 5205 quidam
1371 5153 1668 5193 consensus
1695 5140 2093 5208 cooperationis

511 5227 738 5295 accedit,
780 5226 969 5281 eadem
1002 5226 1227 5280 rationis
1252 5228 1633 5298 consequentia
1655 5228 1723 5282 de
1747 5228 1924 5281 anima
1952 5242 2091 5295 quo-

511 5334 616 5389 que
644 5318 980 5374 sentiendum
1002 5326 1102 5372 est.
1129 5317 1262 5371 Nam
1291 5334 1410 5373 cum
1437 5318 1687 5388 quiddam
1709 5318 1825 5387 ejus
1844 5318 2088 5387 quiescit,

512 5410 766 5480 quiddam
789 5426 917 5465 vero
951 5419 1224 5475 movetur,
1255 5418 1424 5464 totum
1455 5410 1593 5481 parti
1628 5410 1935 5465 necessario
1963 5424 2094 5464 con-

513 5505 700 5572 sentit,
744 5504 869 5572 quia
917 5518 1015 5557 nec
1059 5502 1313 5571 possibile
1359 5511 1441 5557 est
1489 5503 1751 5557 unitatem
1791 5502 2088 5557 naturalem

514 5604 641 5651 tunc
682 5608 840 5664 posse
887 5592 1069 5657 dividi,
1120 5594 1221 5646 etsi
1271 5609 1392 5661 pars
1439 5592 1683 5661 quantam
1732 5592 2091 5662 potentiarum

516 5689 633 5755 ejus
676 5686 731 5739 in
783 5684 1102 5754 operatione
1152 5683 1422 5752 persistat.
1482 5683 1587 5738 Sed
1640 5681 2091 5752 quemadmodum

518 5776 857 5849 vigilantibus
904 5784 958 5830 et
1001 5773 1369 5843 satagentibus
1413 5774 1619 5828 obtinet
1654 5772 1868 5842 quidem
1917 5787 2088 5835 mens,

513 5874 675 5942 eique
698 5883 887 5923 sensus
909 5867 1237 5937 obsequitur,
1268 5885 1365 5924 nec
1386 5867 1461 5925 cis
1487 5876 1662 5921 tamen
1687 5865 1871 5919 adesse
1891 5863 2099 5935 dispen-

2196 4689 2374 4751 potest
2403 4691 2553 4736 recto
2584 4680 2774 4735 ordine
2804 4678 2981 4734 futura
3008 4694 3275 4745 reserare,
3319 4680 3443 4747 quia
3490 4695 3592 4734 ncc
3644 4695 3779 4750 per-

2192 4776 2375 4842 spicua
2402 4782 2457 4828 et
2485 4772 2764 4828 manifesta
2794 4772 3038 4827 doctrina
3066 4773 3385 4841 proponitur
3421 4787 3612 4825 eormn
3657 4788 3788 4842 quae

2194 4863 2246 4917 in
2279 4863 2482 4917 somnis
2513 4863 2715 4930 digesta
2744 4869 3056 4916 cernuntur.
3084 4860 3190 4915 Sed
3219 4859 3475 4929 quidquid
3505 4860 3639 4914 illud
3668 4872 3784 4924 est,

2196 4954 2442 5021 ambigua
2474 4951 2634 5007 futttri
2667 4951 2724 5006 fit
2751 4953 3113 5017 denuntiatio,
3147 4952 3289 5021 quod
3314 4950 3538 5017 mnigma
3578 4963 3794 5006 vocant

2195 5046 2287 5113 qui
2310 5045 2557 5099 videntur
2585 5045 2681 5098 ista
2711 5044 3035 5107 discernere,
3067 5044 3231 5111 quod,
3275 5043 3320 5097 si
3361 5041 3505 5096 aliud
3534 5052 3799 5099 ostentet

2197 5136 2247 5188 in
2272 5135 2475 5199 verbis,
2507 5134 2646 5188 aliud
2678 5134 2729 5187 in
2771 5132 3129 5188 iutellectibus
3157 5131 3361 5187 afferat.
3393 5130 3486 5186 Sic
3516 5132 3797 5201 pineerna

2196 5225 2491 5280 Pharaonis
2534 5225 2748 5279 botrum
2798 5224 2994 5292 premit
3034 5223 3087 5277 in
3132 5232 3345 5293 patera,
3394 5223 3475 5277 sic
3514 5238 3690 5292 panes
3734 5226 3802 5279 in

2196 5321 2430 5374 canistro
2460 5317 2599 5373 ferre
2628 5318 2799 5387 pistor
2828 5316 3168 5383 imaginatur,
3202 5323 3427 5383 uterque
3454 5314 3604 5368 enim
3626 5315 3806 5383 juxta

2196 5409 2428 5465 studium
2456 5407 2598 5477 quod
2624 5405 2866 5461 exercuit
2893 5420 2952 5459 se
2992 5405 3044 5458 in
3084 5404 3289 5459 somnis
3338 5418 3460 5458 esse
3506 5404 3803 5473 pervidet.

2202 5500 2491 5554 Solitarum
2545 5512 2776 5567 namque
2824 5495 3020 5550 artium
3074 5494 3484 5549 simulacrorum
3532 5494 3589 5548 in
3648 5512 3816 5564 pra:-

2203 5590 2425 5645 scientia
2456 5588 2649 5643 mentis
2688 5588 2945 5655 impressa
2974 5600 3070 5655 per
3099 5599 3258 5639 omne
3289 5583 3608 5637 vaticinium
3653 5599 3819 5654 pm:-

2204 5681 2306 5733 dici
2346 5694 2465 5748 quae
2505 5686 2729 5731 ventura
2761 5674 2971 5731 fuerant
2999 5676 3379 5746 prafstiterunt.
3414 5673 3575 5740 Quod
3605 5686 3819 5733 autem

2207 5772 2390 5826 thuiel
2420 5780 2475 5825 et
2500 5769 2698 5839 Joseph
2725 5782 3021 5837 eorumque
3049 5767 3355 5822 consimiles
3382 5766 3562 5820 divina
3590 5768 3825 5825 virtute

2209 5861 2363 5917 nullis
2420 5859 2616 5914 turbati
2662 5857 3019 5935 sensibusgtd
3071 5856 3371 5913 futurorum
3423 5855 3828 5916 informantur
