4000 6344
216 293 321 351 5159

1016 289 1193 346 LIBRI
1234 290 1320 343 DE
1361 286 1752 345 CBEATIONE
1793 286 2071 345 HOMINIS
2107 288 2674 345 INTERPRETAHO.

3380 291 3483 345 5ἷο

217 405 516 471 scientiam,
547 405 679 460 nihil
706 406 811 461 hoe
837 407 903 460 ad
932 417 1251 476 praesentem
1292 414 1524 479 pertinet
1552 410 1803 474 quzestio-
1835 407 1873 460 Α
1907 411 2206 471 stomacho,
2232 418 2286 462 et
2315 409 2431 463 alim
2459 410 2665 464 cerebri
2695 410 2944 479 passione
2972 411 3194 474 vexatis,
3220 410 3303 466 his
3323 412 3484 464 etiam

216 517 360 566 nem,
409 499 535 570 quia
590 514 699 573 non
753 498 870 554 huic
918 500 1149 568 quisque
1203 499 1415 567 sapiens
1466 496 1797 552 somniorum

213 595 503 667 generibus
526 585 793 663 imputare
821 593 1012 657 debet,
1061 593 1298 669 alioquin
1343 601 1399 648 et
1426 592 1543 647 illas
1571 592 1805 647 visiones

214 702 336 758 quae
389 686 643 740 divinitus
696 684 1039 753 vigilantibus
1093 684 1374 751 accidunt,
1407 699 1514 738 non
1569 697 1802 751 superna

214 780 555 842 visitatione,
589 778 683 833 sed
713 788 922 832 natura:
965 778 1354 847 consequentia
1388 783 1584 847 sponte
1612 790 1709 831 sua
1751 773 1802 827 id

214 880 476 943 operante
500 871 707 940 putabit
733 884 891 939 posse
915 870 1246 936 contingere.
1274 869 1427 923 Sicut
1447 882 1574 937 ergo
1593 867 1802 922 cunctis

214 963 523 1018 hominibus
556 961 709 1031 juxta
751 976 907 1014 suum
946 975 1065 1015 sese
1106 959 1505 1014 moderantibus
1544 952 1798 1021 animum,

212 1050 436 1119 quidam
466 1062 591 1106 sunt
618 1051 709 1120 qui
737 1050 915 1104 divina
947 1050 1201 1104 illustrari
1231 1050 1668 1105 confabulatione
1697 1063 1806 1102 me-

213 1152 457 1204 reantur,
510 1142 584 1196 ita
631 1142 990 1196 communiter
1036 1140 1330 1196 secundum
1360 1149 1607 1194 naturam
1649 1138 1803 1193 nobis

212 1250 277 1289 ae
300 1234 552 1289 similiter
577 1233 909 1288 somniorum
932 1232 1228 1303 phantasiis
1244 1232 1628 1295 accidentibus,
1660 1247 1798 1285 non-

211 1325 345 1380 nulli
368 1342 469 1395 per
494 1313 745 1395 soporem
772 1323 966 1378 divina:
987 1323 1262 1391 cujusdam
1291 1322 1580 1392 participes
1604 1321 1806 1375 revela-

212 1419 379 1474 tionis
416 1420 685 1483 existunt,
725 1418 1044 1486 exterisque
1080 1418 1330 1472 omnibus
1369 1416 1496 1470 etsi
1526 1414 1703 1483 aliqua
1744 1427 1803 1467 re

207 1528 311 1582 per
337 1512 605 1567 somnium
633 1510 970 1580 praescientia
1012 1509 1267 1577 gignitur,
1307 1507 1456 1577 juxta
1489 1505 1801 1576 praedictum

210 1604 451 1673 gignitur
490 1604 727 1659 modum.
759 1603 815 1658 Si
844 1618 976 1658 vero
1008 1592 1294 1673 Egyptius
1324 1601 1411 1656 ille
1439 1601 1524 1656 vel
1554 1600 1803 1672 Assyrius

210 1703 477 1765 tyrannus
504 1694 572 1748 ad
601 1695 882 1750 scientiam
913 1693 1215 1748 futurorum
1244 1709 1342 1763 per
1370 1693 1579 1748 somnia
1605 1692 1802 1747 divini-

1902 496 1993 564 qui
2024 497 2170 553 febre
2199 499 2448 553 laborant
2479 500 2617 567 aliae,
2648 509 2701 554 et
2729 500 2845 555 alia:
2872 502 2963 572 qui
3005 516 3073 556 ex
3102 500 3321 557 cholera
3346 501 3488 571 peri-

1902 587 2159 642 clitantur
2205 597 2261 643 et
2312 589 2580 660 ﬂegmale.
2634 590 2874 660 [temque
2924 592 3210 647 dissimiles
3260 592 3343 648 his
3393 591 3487 660 qui

1903 679 2234 747 plenitudine
2263 689 2318 736 et
2344 681 2603 736 inanitate
2624 682 2967 737 decumbunt.
2996 683 3075 737 Ex
3098 684 3291 754 quibus
3311 684 3490 754 possi-

1904 769 2009 824 bile
2036 780 2119 825 est
2146 772 2575 827 animadvertere
2604 774 2750 843 quod
2776 774 2865 828 illa
2894 776 2975 829 vis
3000 776 3188 829 animm
3210 790 3305 845 per
3324 791 3485 844 quam

1904 863 2231 917 nutrimenta
2270 865 2425 919 nobis
2466 866 2902 936 incrementaque
2931 869 3267 936 contingunt,
3293 869 3492 923 habeat

1903 951 2136 1021 aliquam
2168 953 2546 1010 intellectualis
2574 957 2650 1011 rei
2683 958 3019 1026 particulam,
3052 973 3156 1028 qua
3191 960 3291 1015 sibi
3316 961 3491 1016 soeic-

1904 1052 2015 1098 tate
2043 1054 2381 1113 consertam,
2413 1048 2540 1102 dum
2586 1049 2817 1118 qualitas
2865 1049 3165 1106 affectionis
3217 1066 3491 1120 corporea:

1904 1134 2305 1189 similitudinem
2337 1137 2734 1205 quodammodo
2778 1139 3047 1209 prcherat,
3093 1140 3245 1210 juxta
3284 1141 3491 1212 passio-

1903 1240 2025 1277 nem
2048 1239 2168 1293 quac
2197 1227 2405 1282 obtinet
2434 1229 2871 1298 imaginationem
2896 1242 3303 1300 congruentem.
3328 1231 3490 1287 Item-

1905 1318 2017 1387 que
2064 1320 2248 1375 multis
2295 1321 2459 1376 etiam
2506 1324 2800 1378 secundum
2854 1342 3066 1380 morum
3123 1327 3491 1384 diversitatem

1904 1412 2237 1466 somniorum
2284 1429 2499 1485 quoque
2547 1418 2661 1473 visa
2714 1416 3030 1472 formantur.
3088 1418 3202 1473 Alia
3262 1436 3493 1489 namque

1905 1511 2026 1555 sunt
2058 1502 2157 1555 viri
2189 1502 2361 1567 fortis,
2396 1506 2498 1559 alia
2528 1507 2853 1571 meticulosi,
2884 1510 2988 1563 alia
3011 1510 3289 1575 luxuriosi,
3316 1520 3369 1565 et
3390 1512 3492 1565 alia

1905 1592 2255 1658 continentis;
2301 1594 2419 1650 aliis
2465 1595 2645 1665 largus
2686 1606 2741 1651 et
2780 1598 2898 1653 aliis
2940 1615 3136 1655 avarus
3176 1601 3497 1669 imaginibus

1908 1680 2147 1735 illuditur
2175 1700 2187 1735 :
2221 1699 2480 1753 nusquam
2511 1702 2640 1742 vero
2687 1688 2739 1741 in
2791 1689 2872 1747 bis
2902 1690 3251 1759 intelligentia
3302 1692 3496 1745 mentis

209 1793 303 1841 tus
342 1786 701 1849 instruuntur,
753 1785 899 1839 aliud
951 1784 1206 1853 quiddam
1254 1791 1338 1839 est
1381 1782 1526 1852 quod
1571 1797 1668 1852 per
1712 1796 1807 1837 eos
1840 1765 1886 1824 Β
1913 1781 2188 1841 operatur.
2236 1774 2330 1829 sed
2378 1777 2569 1831 animae
2613 1793 2739 1847 pars
2786 1780 3232 1844 irrationabilior,
3268 1790 3325 1836 ut
3352 1797 3498 1851 smpe

208 1874 461 1929 miranda
510 1874 910 1945 dispensatione
960 1873 1255 1942 peragitur.
1308 1868 1607 1941 Oportebat
1660 1869 1803 1923 enim

206 1974 525 2021 sanctorum
553 1965 870 2034 sapientiam
898 1964 1161 2019 declarari
1183 1978 1302 2031 quae
1323 1962 1602 2017 videbatur
1621 1961 1804 2016 occul-

207 2065 292 2121 ta,
323 2069 393 2107 ne
419 2067 762 2109 communem
787 2052 950 2107 vitam
981 2050 1099 2106 sine
1120 2050 1351 2105 utilitate
1391 2050 1478 2104 vel
1522 2048 1807 2105 commodo

207 2141 828 2215 prmterirctﬂuomodo
840 2156 1069 2210 namque
1082 2140 1268 2195 Daniel
1284 2140 1402 2195 talis
1418 2155 1536 2195 esse
1554 2154 1808 2195 noscere-

210 2244 322 2300 tur,
353 2236 455 2288 nisi
485 2235 880 2295 incantatorum
907 2241 1070 2303 atque
1095 2246 1373 2300 magorum
1396 2231 1805 2299 acquisitionem

207 2323 410 2378 somnii
428 2322 711 2377 defecisset
733 2323 960 2377 intentio
980 2324 1000 2377 ἲ
1017 2322 1301 2388 Quomodo
1324 2322 1486 2377 etiam
1506 2322 1807 2377 salvaretur

209 2413 484 2483 :Egyptus
527 2411 728 2483 Joseph
776 2415 830 2469 in
877 2414 1120 2469 custodia
1167 2414 1496 2480 constituto,
1538 2414 1640 2467 nisi
1682 2429 1805 2467 cum

207 2506 471 2561 discretio
495 2505 824 2561 somniorum
848 2505 1200 2575 pertraxisset
1228 2506 1280 2559 in
1303 2505 1573 2559 medium?
1596 2503 1663 2557 Et
1687 2503 1807 2558 ideo

206 2595 344 2665 quid
369 2595 513 2650 aliud
538 2596 643 2650 ista
675 2596 1033 2665 praetendunt,
1060 2610 1161 2650 nec
1179 2595 1472 2650 secundum
1496 2594 1807 2664 pbantasias

209 2698 535 2738 communes
564 2684 784 2739 omnino
817 2684 1086 2752 pensanda
1128 2691 1274 2752 sunt,
1315 2692 1572 2737 consueta
1611 2682 1809 2752 quippe

207 2776 552 2830 somniorum
584 2774 746 2832 facies
770 2775 959 2829 eadem
992 2775 1366 2829 universorum
1389 2781 1472 2836 est
1497 2788 1616 2842 qum
1639 2774 1809 2828 modis

208 2863 462 2934 plurimis
489 2864 673 2933 specie
701 2864 930 2933 quadam
962 2862 1362 2931 imaginationis
1402 2862 1654 2917 occurrit.
1706 2864 1811 2916 Aut

207 2955 361 3008 enim
391 2961 735 3021 permanent,
765 2962 823 3007 ut
860 2953 1062 3008 dictum
1101 2961 1203 3014 est,
1241 2953 1293 3006 in
1327 2967 1391 3007 ea
1431 2961 1583 3022 parte
1619 2952 1809 3007 animm

206 3050 326 3115 qd’a
382 3046 640 3101 memoria
695 3047 1024 3111 continetur,
1064 3044 1367 3099 studiorum
1432 3042 1810 3099 similitudines

1909 1861 2171 1931 diximus,
2200 1864 2296 1919 has
2323 1864 2635 1935 pbantasias
2665 1870 2821 1935 facit,
2874 1878 2929 1924 et
2979 1871 3384 1942 quibuscunque
3412 1874 3495 1927 vi-

1908 1952 2079 2022 gilans
2127 1955 2318 2011 studiis
2367 1959 2663 2026 assuescit,
2707 1961 2899 2017 horum
2946 1960 3049 2017 sibi
3095 1964 3495 2020 similitudinem

1908 2042 2221 2111 praeformat
2246 2045 2299 2099 in
2328 2048 2549 2102 somnis.

2504 2188 2734 2246 CAPUT
2775 2191 2887 2245 XV.

1912 2293 2063 2360 Quod
2088 2299 2240 2351 unica
2281 2301 2539 2377 duntaagat
2578 2305 2754 2357 anima
2795 2306 2863 2358 sit
2907 2306 3200 2377 incorpore
3249 2311 3495 2372 humano.

2340 2372 2529 2441 triplici
2556 2377 2784 2442 polentia
2811 2384 3073 2430 constans.

1980 2479 2085 2535 Sed
2131 2483 2357 2537 multum
2385 2499 2415 2538 a
2445 2488 2720 2555 proposito
2750 2503 2933 2543 sumus
2982 2490 3215 2544 abducti.
3261 2493 3491 2548 Demon-

1909 2580 2083 2628 strare
2114 2590 2343 2645 namque
2371 2592 2551 2633 sermo
2579 2580 2903 2649 promiserat
2948 2583 3092 2651 quod
3131 2598 3282 2638 mens
3311 2600 3413 2639 non
3444 2588 3493 2640 in

1910 2664 2085 2734 aliqua
2112 2674 2265 2735 parte
2287 2668 2530 2737 corporis
2560 2678 2702 2724 esset
2726 2669 2954 2735 inclusa,
2983 2673 3077 2728 sed
3106 2673 3386 2744 aequaliter
3406 2692 3500 2745 per

1910 2762 2083 2810 totum
2111 2772 2294 2826 sparsa
2323 2758 2610 2827 discurrat,
2648 2760 2802 2830 juxta
2852 2772 3053 2819 naturae
3102 2766 3501 2823 similitudinem

1913 2853 2119 2900 motum
2157 2848 2416 2916 subjectae
2445 2852 2613 2921 partis
2651 2851 2909 2909 efficiens.
2951 2853 3048 2910 Est
3086 2866 3265 2912 autem
3315 2860 3402 2913 ubi
3448 2871 3502 2914 ct

1913 2935 2029 3004 ipsa
2073 2951 2226 2992 mens
2272 2946 2478 2996 natura:
2520 2942 2853 3013 subsequens
2890 2946 3118 3016 impetus
3148 2950 3501 3005 ministerium

1911 3025 2311 3095 quodammodo
2349 3031 2624 3087 servitutis
2673 3033 2951 3104 impendit.
2988 3036 3319 3106 Frequenter
3360 3040 3504 3095 enim

210 3140 559 3203 diurnorum,
608 3146 703 3193 aut
747 3152 1118 3207 smpenumero
1169 3136 1519 3202 qualitatibus
1543 3152 1802 3204 corpora-

1914 3125 2101 3170 natura
2130 3118 2383 3186 praecedit
2412 3123 2686 3190 corporis,
2720 3132 2775 3177 et
2820 3134 2912 3179 aut
2950 3127 3262 3183 occasiones
3311 3130 3504 3186 laetitia:

208 3231 350 3283 lium
381 3226 724 3283 alfectionum
753 3229 1082 3283 somniorum
1115 3226 1487 3298 praefiguntur
1510 3227 1803 3297 expressio.

207 3321 311 3376 Sic
333 3321 536 3375 etenim
566 3321 658 3389 qui
700 3320 814 3375 sitit
861 3334 982 3375 esse
1028 3334 1088 3375 se
1136 3320 1361 3373 miratur
1388 3319 1439 3373 in
1464 3318 1721 3382 fontibus,
1755 3327 1810 3372 et

208 3413 429 3468 deliciis
457 3413 653 3481 gaudet
695 3413 787 3482 qui
834 3412 969 3467 cibis
1020 3411 1244 3480 indiget,
1292 3418 1347 3465 et
1390 3410 1603 3479 juvenis
1648 3417 1810 3464 aetate

211 3506 409 3572 vigens
438 3504 727 3571 imaginum
758 3502 1077 3579 ludificatur
1104 3501 1374 3557 illecebris
1416 3516 1516 3571 pro
1556 3500 1807 3557 similitu-

208 3594 346 3648 dine
373 3594 656 3663 passionis.
690 3594 821 3647 Novi
853 3609 983 3649 vero
1009 3607 1111 3661 ego
1142 3607 1239 3662 per
1265 3593 1536 3647 somnium
1565 3599 1619 3645 et
1649 3591 1810 3645 aliam

208 3684 565 3752 aenigmatum
617 3684 947 3739 medentium
1000 3698 1238 3738 causam.
1291 3681 1423 3736 Nam
1473 3681 1694 3750 quidam
1742 3679 1812 3734 de

211 3774 545 3828 necessariis
571 3774 708 3828 meis
728 3764 921 3843 captus
954 3771 1183 3835 frenesi,
1213 3786 1333 3826 cum
1367 3772 1592 3826 nimium
1621 3784 1812 3839 grava-

212 3872 391 3927 retur,
424 3863 569 3931 quod
600 3862 674 3917 illi
699 3864 852 3919 cibus
874 3863 995 3933 plus
1019 3877 1182 3931 quam
1213 3864 1385 3916 virtus
1414 3861 1531 3930 ejus
1558 3871 1816 3929 exegerat

212 3960 372 4009 esset
401 3952 636 4017 oblatus,
669 3954 964 4009 arbitratus
984 3962 1068 4008 est
1090 3954 1243 4023 plura
1274 3947 1529 4008 intestina
1571 3961 1816 4009 stercore

215 4044 387 4113 plena
434 4043 537 4098 sibi
585 4044 901 4113 superponi.
945 4043 1190 4113 Cumque
1229 4042 1339 4112 jam
1387 4058 1558 4113 prope
1586 4051 1729 4098 esset
1758 4051 1817 4097 ut

218 4132 510 4201 fatigatum
550 4148 747 4202 corpus
775 4135 894 4202 ejus
933 4133 1221 4189 sudoribus
1268 4134 1567 4200 laxaretur,
1619 4148 1814 4203 aquam

214 4226 322 4279 sibi
352 4224 569 4280 deferre
596 4238 701 4293 qua
727 4223 1138 4293 perfunderetur
1158 4224 1344 4293 jacens
1364 4239 1462 4280 eos
1480 4226 1572 4294 qui
1595 4224 1819 4280 aderant

215 4314 551 4387 precabatur
592 4314 811 4380 obnixe,
859 4329 960 4369 nec
1002 4314 1237 4381 destitit,
1280 4314 1384 4371 hoc
1416 4330 1540 4370 cum
1581 4317 1818 4371 clamore

215 4408 546 4476 deposcens,
577 4405 750 4461 donec
797 4406 972 4461 exitus
1017 4421 1196 4461 rerum
1247 4409 1587 4476 querelarum
1632 4408 1818 4463 talium

1913 3217 2007 3261 aut
2052 3224 2245 3265 causas
2290 3213 2540 3267 mteroris
2587 3214 2836 3279 insinuat,
2892 3216 2962 3271 ita
3012 3226 3069 3272 ut
3125 3218 3237 3289 ipsa
3287 3222 3505 3291 quidem

1913 3307 2149 3371 praestet.
2178 3301 2389 3355 initium
2430 3303 2514 3357 vel
2562 3304 2711 3359 cibos
2747 3315 3020 3376 appetere,
3081 3307 3163 3362 vel
3210 3310 3505 3378 quamlibet

1912 3390 2071 3447 aliam
2100 3407 2212 3446 rem
2243 3392 2539 3463 voluptatis
2566 3394 2809 3465 implere.
2838 3396 2985 3454 Mens
3011 3406 3189 3454 autem
3223 3401 3355 3455 tales
3389 3418 3505 3456 mo-

1915 3491 1996 3538 tus
2027 3485 2205 3538 carnis
2228 3485 2526 3554 excipiens,
2553 3488 2760 3541 consilii
2790 3490 2869 3543 sui
2910 3490 3113 3543 nisibus
3136 3490 3505 3547 considerata-

1915 3589 2031 3627 rum
2064 3590 2241 3628 rerum
2271 3584 2424 3645 parat
2450 3575 2696 3632 eﬂ'ectus.
2729 3576 2853 3633 Ηιρε
2895 3594 3024 3634 vero
3056 3596 3163 3635 non
3211 3582 3268 3636 lit
3298 3583 3350 3636 in
3388 3598 3504 3638 om-

1915 3668 2087 3733 nibus,
2116 3668 2208 3723 sed
2238 3669 2291 3722 in
2322 3669 2404 3723 his
2433 3677 2637 3723 tantum
2662 3670 2752 3739 qui
2783 3672 3011 3742 turpiter
3030 3674 3225 3739 allecti,
3257 3676 3505 3731 domina-

1918 3768 2028 3813 tum
2094 3758 2317 3813 rationis
2374 3767 2580 3813 natura:
2642 3761 2859 3817 nutibus
2922 3763 3238 3834 subjugant,
3306 3766 3506 3837 quique

1915 3847 2179 3916 suffragiis
2206 3849 2449 3918 ejusdem
2478 3852 2674 3906 mentis
2700 3852 3065 3923 voluptatibus
3100 3871 3354 3911 sensuum
3388 3874 3507 3913 ser—

1917 3940 2098 3994 vilLter
2124 3939 2514 4008 obsequuntur.
2546 3940 2588 3994 A
2622 3941 3037 4011 perfectioribus
3060 3956 3243 4001 autem
3280 3962 3387 4001 non
3433 3949 3506 4002 ita

1918 4028 2034 4084 fieri
2062 4037 2270 4085 certum
2298 4038 2399 4093 est,
2432 4034 2571 4102 apud
2600 4047 2737 4102 quos
2765 4049 2918 4090 mens
2956 4037 3212 4106 pnecedit
3239 4039 3292 4092 in
3334 4040 3509 4095 omni-

1918 4119 2039 4190 bus,
2063 4128 2118 4175 et
2144 4122 2355 4177 ratione
2378 4124 2556 4193 potius
2582 4140 2742 4194 quam
2768 4128 3017 4197 passione
3047 4129 3098 4183 id
3119 4131 3263 4201 quod
3292 4140 3511 4202 oportet

1920 4226 2321 4286 exsequuntur,
2366 4227 2666 4289 naturaque
2718 4223 2940 4291 vestigia
2992 4227 3264 4294 pereuntis
3305 4226 3507 4282 directa

1920 4316 2179 4363 sectatur.
2212 4309 2346 4377 Quia
2375 4327 2505 4367 vero
2530 4320 2640 4367 tres
2668 4312 2997 4370 differentias
3032 4318 3208 4371 vitalis
3256 4320 3509 4386 potentiae

1924 4399 2062 4454 ratio
2092 4398 2462 4470 deprehendit,
2497 4402 2550 4457 id
2571 4411 2649 4458 est
2681 4406 3130 4470 nutrimentalem,
3150 4423 3267 4477 quae
3291 4418 3510 4479 propter

216 4514 442 4553 causam
471 4495 797 4553 absolveret.
838 4497 973 4553 Nam
1000 4499 1159 4554 simul
1186 4508 1242 4553 et
1266 4499 1432 4554 sudor
1458 4500 1719 4569 plurimus
1744 4515 1810 4555 ex
1841 4497 1893 4556 D
1917 4504 2106 4545 sensus
2145 4492 2352 4561 aliquos
2382 4502 2664 4562 δυϐῐηθηῑο
2704 4496 2912 4565 feeit)“.
2945 4504 2999 4549 ει
3035 4499 3356 4562 sensualem.
3388 4515 3510 4570 qua:

218 4589 339 4659 ejus
358 4589 544 4658 eru‘pit
568 4604 828 4659 corpore,
859 4597 915 4643 et
941 4589 1150 4643 solutus
1168 4655 1177 4663 _
1195 4596 1389 4644 venter
1436 4590 1811 4645 intestinorum

219 4681 437 4752 pondus
468 4681 855 4750 interpretatus
881 4690 985 4736 est.
1016 4680 1171 4748 Quod
1200 4682 1361 4750 igitur
1388 4682 1579 4737 obtusa
1610 4684 1816 4738 valetu-

215 4776 563 4830 dinenatura
594 4780 721 4826 tunc
748 4772 987 4841 pertulit,
1020 4773 1264 4842 corporis
1294 4773 1639 4841 inmqualitati
1666 4789 1815 4829 com-

216 4870 519 4936 passa'est,
551 4871 611 4916 ut
657 4864 958 4918 molestiam
1000 4864 1217 4932 quidem
1247 4864 1500 4927 sentiret,
1544 4872 1599 4919 et
1637 4863 1817 4921 dicere

216 4955 443 5024 quidem
474 4962 695 5023 propter
722 4954 1091 5021 aegritudinem
1133 4953 1415 5009 manifeste
1457 4969 1566 5008 non
1609 4963 1812 5025 posset,

218 5046 413 5113 idque,
435 5045 576 5098 sicut
618 5044 776 5098 datur
823 5045 1069 5114 intelligi,
1120 5045 1221 5101 nisi
1268 5060 1336 5099 ex
1380 5046 1816 5102 incommoditate

215 5138 585 5204 Continget-et,
606 5135 700 5190 sed
728 5136 957 5191 naturali
984 5152 1180 5206 sopore
1202 5152 1354 5192 mens
1382 5139 1641 5208 sospitate
1666 5154 1817 5208 gerc-
1855 5150 1866 5161 '

214 5237 393 5293 retur,
446 5228 716 5281 somnium
762 5228 1008 5297 profecto
1053 5228 1104 5283 ei
1152 5229 1242 5298 qui
1292 5230 1370 5285 sic
1411 5237 1528 5284 erat
1573 5228 1815 5295 aﬂectus,

216 5322 509 5381 existeret,
541 5331 734 5384 aquam
768 5317 987 5385 quidem
1013 5316 1295 5380 sudorem,
1328 5316 1527 5373 ﬂuxum
1566 5335 1692 5374 vero
1735 5320 1818 5374 in-

220 5407 554 5461 testinorum
602 5404 977 5472 gravedinem,
1028 5422 1151 5461 esca
1200 5408 1343 5462 enim
1394 5409 1712 5476 gravitatem
1764 5418 1820 5463 et

214 5508 540 5569 pressuram
569 5495 833 5551 moventis
862 5496 1116 5550 insinuat.
1148 5494 1262 5552 Hoc
1292 5497 1428 5552 idem
1450 5512 1586 5555 vero
1606 5498 1819 5553 videtur

211 5597 281 5643 et
324 5584 574 5656 plurimis
616 5586 802 5654 peritis
849 5586 1149 5649 medicinae,
1199 5588 1341 5659 quod
1388 5589 1623 5653 scilicet,
1663 5590 1817 5658 juxta

216 5677 547 5749 passionum
600 5674 968 5741 differentias,
1017 5678 1346 5736 somniorum
1393 5694 1609 5750 quoque
1657 5679 1817 5735 varia:

214 5766 398 5827 facies
447 5767 832 5838 mgrotantibus
878 5766 1141 5840 accidanl,
1174 5772 1288 5833 alia:
1334 5769 1553 5845 quidem
1593 5768 1816 5827 defectis

1920 4579 1998 4633 sic
2027 4580 2261 4635 nutritur
2287 4588 2345 4635 ut
2374 4582 2659 4646 sentiathr,
2690 4591 2744 4637 et
2772 4583 3244 4655 rationalem,qu:e
3273 4587 3509 4656 perfecta

1919 4676 2083 4723 estet
2111 4684 2209 4739 per
2237 4670 2334 4725 has
2362 4686 2548 4726 omnes
2588 4671 2923 4737 extenditur,
2964 4672 3167 4730 idcirco
3212 4678 3507 4733 notandum

1920 4768 2003 4813 est
2052 4761 2198 4829 quod
2238 4778 2339 4816 una
2390 4763 2468 4818 vis
2512 4765 2885 4821 tantummodo
2926 4766 3134 4834 vitalis,
3165 4769 3333 4824 altera
3379 4786 3509 4825 vero

1920 4850 2207 4918 scnsualis,
2258 4852 2411 4906 tertia
2459 4867 2590 4909 vero
2640 4870 2747 4925 pra:
2782 4858 2990 4912 cmtcris
3027 4860 3187 4913 etiam
3233 4860 3511 4916 rationalis

1921 4942 2139 4997 existat.
2170 4942 2275 4999 Sed
2308 4960 2466 5001 nemo
2497 4962 2594 5017 per
2635 4949 2748 5005 haec
2794 4951 3023 5005 mstimet
3060 4962 3180 5011 tres
3210 4956 3417 5011 animas
3455 4956 3507 5010 in

1922 5032 2153 5089 hominis
2177 5033 2607 5093 conformatione
2638 5042 2868 5110 propriis
2908 5044 3343 5115 circmnscriptas
3391 5062 3511 5102 esse

1924 5123 2198 5188 limitibus,
2229 5135 2284 5181 et
2307 5127 2453 5183 velut
2478 5145 2543 5184 ex
2568 5132 2807 5200 pluribus
2846 5150 2964 5187 eam
3016 5136 3202 5193 credat
3230 5153 3350 5192 esse
3379 5154 3511 5192 con-

1923 5214 2125 5282 flatam,
2158 5234 2278 5273 cum
2308 5236 2434 5276 vera
2469 5230 2523 5276 et
2552 5222 2786 5292 perfecta
2820 5240 2922 5279 una
2947 5226 3017 5281 sit
3045 5228 3222 5283 anima
3252 5227 3508 5282 natm-alr

1926 5314 2006 5360 ter
2053 5308 2346 5377 spiritualis
2385 5319 2547 5383 atque
2591 5315 2954 5383 intelligibilis,
3010 5332 3131 5386 qua:
3180 5334 3275 5390 per
3323 5330 3504 5369 sensus

1926 5400 2178 5455 miscetur
2205 5404 2466 5458 materiali
2496 5406 2825 5461 substantim.
2858 5406 3029 5463 Omne
3069 5424 3195 5463 vero
3234 5402 3509 5461 niateriale

1923 5501 2080 5558 atque
2110 5509 2430 5564 corporeum
2455 5499 2599 5567 quod
2629 5500 2678 5553 in
2727 5501 3082 5555 conversione
3128 5507 3289 5567 atque
3329 5509 3503 5553 muta-

1923 5584 2068 5640 tione
2097 5595 2200 5650 est,
2229 5588 2489 5659 siquidem
2509 5590 2843 5658 participium
2868 5592 3009 5659 capit
3038 5590 3285 5643 animata:
3312 5599 3508 5659 poten-

1923 5678 2029 5739 tia',
2061 5686 2264 5732 motum
2294 5694 2391 5749 per
2418 5680 2745 5735 incrementa
2783 5679 3024 5733 sortitur.
3070 5677 3127 5733 Si
3158 5694 3286 5734 vero
3322 5681 3389 5735 ab
3431 5680 3509 5736 ef-

1924 5768 2068 5823 fectu
2124 5767 2271 5824 vitali
2324 5770 2637 5846 recesserit,
2690 5776 2897 5825 motum
2944 5784 3100 5828 suum
3161 5774 3507 5845 corruptione
