4000 6344
459 312 555 365 571

1718 305 2069 364 ΒΙϋΝΥΞΙυδ
2109 303 2420 359 EXIGUUS.

3605 300 3710 358 372

460 426 762 482 testabitur.
807 419 974 496 Igitur
1026 435 1126 478 nec
1184 433 1378 477 sensus
1435 427 1657 492 propter
1703 415 2032 472 materialem
2063 416 2108 474 Α
2138 413 2221 468 vel
2249 413 2512 482 ambiens,
2540 413 2635 468 sed
2663 413 2910 468 invisibili
2949 412 3342 481 quodammodo
3369 423 3425 472 et
3470 414 3711 484 inexplo.

459 515 808 571 substantiam
831 554 847 579 ,
912 528 1012 568 nec
1067 511 1444 567 intellectualis
1491 510 1542 563 in
1591 509 1748 564 nobis
1802 509 2036 579 potentia

463 612 685 675 propter
710 618 897 658 sensus
922 610 1194 671 operatur.

1049 713 1274 769 CAPUT
1311 711 1428 764 XVI

467 807 618 871 Quod
642 808 850 877 proprie
878 807 1099 861 hominis
1133 807 1311 858 anima
1354 802 1626 857 rationalis
1645 811 1702 877 et
1728 803 1795 855 sit
1821 811 1872 854 et
1897 803 2040 854 dica-

537 872 712 940 ταινία
738 872 882 945 ’ᾳαοίι
911 879 1084 929 anima
1107 892 1198 945 per
1218 883 1379 927 totum
1419 888 1602 942 rorpus
1629 872 1748 940 fusa
1791 887 2039 939 nusquam

535 955 727 998 certam
747 947 920 998 sedem
941 945 1142 998 habent.

538 1055 695 1122 Quod
721 1056 962 1125 quaedam
1008 1056 1074 1111 de
1124 1055 1384 1111 creaturis
1431 1056 1529 1110 hac
1576 1055 1626 1108 vi
1677 1052 2042 1107 tantummodo

472 1147 732 1211 nituntur,
765 1160 866 1214 qua
900 1145 1206 1202 nutriuntur
1234 1153 1288 1198 et
1313 1152 1582 1217 crescunt,
1615 1144 1731 1198 alia:
1765 1158 1896 1198 vero
1923 1157 2044 1198 seu-

469 1249 623 1287 suum
654 1235 890 1304 potentia
934 1233 1244 1302 praevalent,
1288 1241 1342 1286 et
1378 1247 1478 1287 nec
1517 1233 1604 1286 illa
1633 1233 1914 1296 sensibilis,
1947 1247 2045 1286 nec

471 1323 570 1377 ista
600 1322 876 1376 rationalis
905 1322 1274 1391 participantia
1323 1322 1617 1390 probantur
1643 1336 1762 1376 esse
1800 1321 2044 1374 substan-

471 1415 579 1474 tias.
602 1411 949 1480 idcircoquis
976 1412 1270 1466 animarum
1301 1427 1418 1470 esse
1457 1411 1846 1465 multitudinem
1875 1411 2045 1480 suspi-

472 1516 646 1572 cetur,
669 1521 790 1560 cum
822 1504 1174 1559 diil'erentiam
1213 1519 1394 1558 rarum
1435 1519 1540 1557 non
1587 1502 1912 1572 competenti
1961 1516 2046 1553 ra-

475 1597 620 1650 tione
661 1595 900 1660 detiniat,
948 1595 1074 1663 quia
1115 1609 1276 1649 omne
1326 1593 1581 1664 quidquid
1630 1594 1682 1647 in
1738 1595 1898 1648 rebus
1943 1602 2050 1656 est,

474 1685 736 1755 siquidem
763 1688 994 1754 perfecte
1018 1695 1073 1740 et
1098 1687 1302 1753 integre
1333 1693 1570 1749 vocatur,
1603 1684 1817 1759 proprie
1836 1691 2048 1738 constat

2137 511 2255 558 rata
2302 503 2510 558 ratione
2554 511 2758 558 natura:
2801 503 3088 572 conjuncta
3131 512 3295 572 atque
3345 519 3610 572 connexa,
3658 507 3712 561 in

2138 596 2273 664 ipsa,
2304 601 2358 650 et
2403 594 2545 650 circa
2571 594 2740 664 ipsam
2781 609 3001 663 prorsus
3034 594 3314 664 inspicitur
3353 611 3420 651 eo
3457 598 3539 661 (ut
3579 597 3713 667 dixi)

2143 686 2326 753 modo,
2359 701 2468 756 quo
2497 702 2600 741 nec
2628 674 2848 755 intelligi
2875 695 3053 756 potest
3079 687 3299 741 omnino
3325 702 3424 742 nec
3447 688 3570 754 dici,
3612 689 3717 746 nisi

2139 777 2283 844 quod
2306 776 2458 845 juxta
2485 777 2760 847 proprium
2785 776 3028 832 ordinem
3056 776 3248 831 eadem
3273 778 3486 834 valente
3519 788 3715 835 natura

2143 881 2294 921 mens
2321 881 2536 936 quoque
2574 882 2700 924 suos
2728 865 2948 922 eil'ectus
2991 876 3258 922 exerceat.
3300 868 3357 924 Si
3394 878 3574 925 autem
3618 871 3717 927 de.

2144 957 2268 1010 lieto
2296 957 2528 1025 quodam
2553 966 2743 1012 natura
2772 957 3060 1024 notaverit,
3099 957 3262 1012 etiam
3302 967 3480 1015 motus
3520 963 3720 1017 mentis

2144 1049 2376 1104 titubare
2407 1064 2627 1105 necesse
2651 1059 2752 1104 est.

2709 1137 2938 1192 CAPUT
2978 1137 3132 1194 XVII.

2145 1214 2427 1287 Eimrratio
2453 1218 2612 1271 divini
2632 1219 2879 1272 sermonis
2902 1234 2998 1287 quo
3015 1219 3220 1281 dicitur,
3245 1217 3522 1273 Faciamus
3541 1217 3720 1274 homi-

2217 1301 2338 1338 nem
2367 1286 2432 1338 ad
2464 1287 2747 1353 imaginem
2795 1295 2849 1339 et
2899 1286 3296 1339 similitudinem
3354 1297 3613 1351 nostram,
3665 1290 3720 1340 in

2285 1371 2315 1407 ο
2354 1356 2664 1424 perquiritur
2692 1371 2822 1425 qua.”
2848 1356 2916 1407 sit
2959 1357 3111 1420 ratio,
3137 1365 3186 1408 et
3225 1357 3278 1407 in
3307 1373 3414 1425 quo
3442 1357 3611 1409 simile
3652 1358 3721 1409 sit

2249 1433 2379 1476 eatte
2406 1433 2454 1476 et
2481 1424 2783 1493 impassibili
2806 1435 3005 1493 natura:
3026 1425 3122 1478 hoc
3153 1424 3396 1490 possibile
3419 1434 3653 1478 nostrum
3671 1435 3725 1478 et

2219 1493 2453 1564 mortale,
2474 1502 2522 1545 et
2549 1492 2972 1564 quemadmodum
2993 1494 3046 1545 in
3072 1495 3296 1564 imagine
3340 1495 3596 1548 masculus
3624 1511 3723 1564 ap-

2220 1561 2458 1629 probetur
2485 1569 2533 1633 et
2555 1561 2763 1630 femina,
2795 1577 2906 1628 cum
2939 1563 2990 1612 in
3020 1561 3262 1630 primaira
3301 1565 3468 1633 {arma
3516 1561 3728 1616 minime

2219 1639 2424 1683 exstare
2449 1630 2736 1683 videantur.

2220 1708 2328 1762 Sed
2365 1723 2692 1762 assumamus
2732 1709 2921 1762 iterum
2973 1707 3165 1763 divina:
3209 1709 3358 1765 vocis
3402 1711 3677 1766 oraculum
3708 1728 3724 1764 :

475 1775 762 1869 essequod
800 1774 1009 1869 dicitur.
1042 1776 1324 1869 Si-autcm
1373 1790 1484 1869 ηοιιᾼ
1521 1791 1617 1846 Per
1664 1776 1871 1869 οπηιίίιιΔ
1904 1776 2047 1844 θυοδ
2082 1779 2126 1838 Β
2155 1797 2433 1851 Faciamus
2489 1797 2743 1852 hominem
2817 1799 2886 1851 ad
2923 1800 3196 1869 imaginem
3242 1810 3290 1853 et
3341 1801 3729 1855 similitudinem

477 1865 777 1935 appellatur
796 1867 1007 1931 existat,
1038 1867 1196 1922 inane
1219 1882 1413 1921 nomen
1439 1867 1488 1920 ei
1511 1874 1726 1936 putatur
1741 1867 2050 1936 ascriptum,

481 1967 539 2010 ut
569 1967 693 2026 puta
719 1957 861 2025 quod
906 1972 1084 2012 rerum
1122 1958 1228 2011 vim
1269 1973 1376 2012 non
1429 1957 1778 2022 demonstret,
1829 1957 2055 2014 dicimus

480 2048 622 2100 enim
649 2047 864 2116 proprie
883 2045 1126 2115 subjecto
1154 2061 1349 2100 nomen
1376 2046 1669 2116 imponere.
1695 2045 1848 2116 Quod
1876 2044 2056 2114 siquis

479 2154 546 2191 ex
576 2136 752 2206 lapide
774 2134 1118 2190 fabrefactam
1141 2135 1538 2190 similitudinem
1559 2135 1672 2190 veri
1694 2135 1848 2204 panis
1869 2142 2054 2190 osten-

484 2237 577 2293 tet,
606 2229 693 2282 cui
721 2235 776 2281 et
797 2227 966 2281 forma
995 2225 1208 2295 quidem
1251 2227 1364 2296 ipsa
1391 2226 1480 2291 sit,
1529 2236 1584 2281 et
1605 2226 1914 2294 magnitudo
1942 2225 2058 2294 ejus

484 2319 724 2374 videatur
742 2318 980 2389 aequalis,
1011 2329 1112 2372 nec
1136 2332 1244 2372 non
1273 2326 1329 2372 et
1364 2317 1609 2372 eamdem
1637 2317 1834 2374 coloris
1869 2317 2055 2372 simili-

483 2408 722 2462 tudinem
747 2408 1009 2477 praeferat,
1043 2408 1113 2461 ita
1145 2417 1202 2461 ut
1240 2407 1424 2462 multis
1448 2407 1656 2462 indiciis
1704 2423 1862 2464 verus
1905 2417 2058 2477 pute-

485 2510 592 2566 tur,
622 2499 761 2553 desit
789 2508 966 2553 autem
1006 2499 1081 2554 illi
1113 2497 1257 2566 quod
1293 2497 1442 2552 cibus
1469 2498 1640 2567 possit
1677 2498 1929 2562 existere,
1981 2499 2057 2551 id-

485 2591 630 2644 eirco
646 2589 755 2656 jam
797 2587 1025 2656 lapidem
1053 2589 1268 2658 proprie
1297 2587 1384 2641 vel
1428 2588 1758 2652 naturaliter,
1805 2601 1917 2644 non
1962 2589 2058 2641 nisi

486 2681 704 2740 abusive
732 2690 882 2755 panis
911 2678 1323 2754 appellationem
1349 2676 1571 2736 dicimus
1597 2678 1886 2755 accepisse.
1929 2677 2058 2736 item

489 2785 678 2831 cattera
726 2776 878 2845 juxta
909 2776 1152 2830 eamdem
1196 2779 1458 2830 rationem
1487 2789 1606 2844 qua:
1651 2791 1758 2830 non
1804 2785 1927 2830 sunt
1965 2793 2061 2846 per

487 2867 666 2922 omnia
695 2865 839 2936 quod
867 2865 1137 2934 dicuntur,
1174 2864 1374 2921 habent
1415 2880 1482 2922 ex
1531 2865 1786 2920 abusione
1830 2865 2060 2921 vocabu-

490 2961 619 3012 lum.
649 2957 738 3013 Sic
765 2956 923 3024 igitur
951 2965 1006 3009 et
1025 2956 1200 3009 anima
1221 2971 1342 3010 cum
1365 2955 1750 3026 perfectionem
1779 2955 1834 3010 in
1854 2956 2061 3009 ratione

489 3058 544 3103 et
590 3032 861 3102 intellectu
911 3060 1128 3115 prorsus
1167 3045 1425 3110 obtineat,
1456 3060 1615 3100 omne
1648 3043 1906 3114 quidquid
1951 3044 2061 3098 luec

2153 1899 2401 1954 nostram,
2429 1903 2586 1957 quam
2609 1903 2772 1958 parva
2792 1899 2952 1958 atque
2977 1890 3190 1959 indigna
3207 1892 3450 1946 nonnulli
3470 1901 3731 1947 esterno-

2156 1993 2272 2032 rum
2312 1977 2380 2032 de
2426 1977 2820 2045 magniﬁcentia
2867 1980 3098 2035 hominis
3141 1983 3395 2050 suspicati
3449 1992 3593 2049 sunt,
3638 1984 3732 2052 qui

2155 2082 2277 2122 eum
2325 2067 2614 2122 collatione
2657 2068 2838 2122 mundi
2889 2069 3046 2138 hujus
3078 2070 3338 2124 extollere
3384 2078 3732 2140 putaverunt.

2157 2158 2415 2212 Dixerunt
2441 2157 2582 2212 enim
2613 2172 2834 2226 parvum
2879 2159 3134 2212 mundum
3162 2173 3280 2214 esse
3319 2160 3618 2226 hominem,
3663 2161 3735 2216 de

2159 2249 2286 2317 ipsis
2331 2255 2631 2302 exstantem
2671 2248 3058 2304 universalibus
3098 2249 3398 2304 elementis.
3443 2251 3548 2306 Sed
3588 2253 3736 2306 enim

2156 2339 2248 2407 qui
2333 2346 2478 2392 tanta
2502 2338 2761 2408 jactantia
2801 2340 3034 2394 nominis
3073 2339 3442 2408 hujuscemodi
3486 2342 3738 2396 humanm

2157 2427 2467 2481 substantize
2495 2426 2857 2488 contulerunt,
2882 2427 2962 2481 sui
2992 2442 3212 2496 prorsus
3240 2429 3392 2483 obliti
3419 2439 3564 2496 sunt,
3604 2430 3741 2485 dum

2159 2536 2225 2574 ex
2257 2519 2675 2590 pr0prietatibus
2701 2519 2866 2574 muris
2892 2529 2948 2575 et
2978 2521 3164 2575 culicis
3188 2521 3456 2591 praeconia
3501 2523 3740 2578 hominis

2161 2611 2336 2680 inepta
2364 2609 2650 2664 tinxean
2699 2609 2830 2663 Nam
2861 2618 2917 2664 et
2945 2611 3046 2666 illis
3086 2627 3153 2666 ex
3190 2620 3421 2681 quatuor
3457 2613 3743 2670 elementi

2163 2707 2349 2754 natura
2379 2705 2661 2766 compacta
2689 2705 2794 2768 est,
2827 2707 2881 2752 et
2908 2699 3050 2752 circa
3079 2714 3268 2754 omnes
3295 2701 3592 2756 animantes
3637 2702 3744 2756 bo-

2161 2811 2277 2848 rum
2307 2795 2699 2850 elementorum
2721 2787 2840 2864 plus
2867 2789 3108 2843 minusve
3135 2789 3375 2865 quaedam
3404 2791 3581 2867 portio
3615 2812 3742 2852 cer-

2163 2888 2325 2952 nitur,
2354 2888 2470 2942 sine
2496 2901 2600 2956 qua
2648 2886 2944 2942 subsistere
2993 2901 3054 2941 ea
3084 2900 3205 2956 qua:
3236 2895 3455 2941 utuntur
3493 2888 3741 2946 sensibus

2163 2978 2380 3032 omnino
2427 2993 2535 3032 non
2571 2985 2845 3047 poterunt.
2899 2977 3037 3044 Quid
3075 2979 3237 3046 igitur
3275 2979 3528 3048 amplum,
3578 2979 3622 3034 si
3671 2977 3742 3033 ad

2165 3065 2346 3120 rnundi
2375 3063 2599 3133 figuram
2626 3066 2712 3120 vel
2737 3065 3136 3120 similitudinem
3165 3074 3381 3136 putetur
3408 3066 3570 3121 homo
3600 3083 3744 3137 prte-

491 3152 596 3190 non
627 3145 726 3195 est.
759 3135 1031 3204 :equivoce
1077 3133 1289 3202 quidem
1329 3135 1504 3188 anima
1550 3143 1728 3203 potest
1771 3149 1908 3198 esse,
1957 3148 2063 3187 non

2172 3153 2314 3220 ferri,
2343 3153 2463 3208 εωιί
2499 3152 2643 3222 quod
2689 3154 2898 3217 transit,
2936 3163 3090 3207 terrae
3134 3133 3264 3208 vero
3314 3168 3433 3224 quae
3483 3133 3744 3220 mutatur,

492 3238 667 3280 tamen
700 3241 826 3280 vere
851 3226 1040 3281 dicitur
1061 3227 1256 3292 anima,
1285 3226 1377 3282 sed
1402 3237 1484 3282 est
1509 3226 1686 3282 vitalis
1719 3226 1960 3295 quaedam
1987 3225 2064 3280 et"-

493 3318 724 3373 iieientia
783 3331 900 3388 qua:
960 3331 1056 3386 per
1106 3317 1417 3373 abusionem
1469 3317 1645 3371 anima
1708 3323 2062 3385 nuncupatur.

496 3409 720 3480 Propter
741 3409 882 3477 quod
908 3417 964 3463 et
985 3408 1424 3462 irrationabilium
1451 3415 1670 3462 naturas
1691 3415 1939 3475 tanquam
1958 3421 2065 3460 non

496 3497 682 3566 procul
711 3495 1002 3552 existentes
1030 3510 1059 3548 a
1086 3495 1344 3550 surculari
1374 3493 1457 3548 vel
1493 3493 1734 3548 seminaii
1759 3495 1885 3557 vita,
1923 3492 2068 3548 dedit

497 3590 562 3642 ad
607 3605 732 3643 usus
771 3589 1047 3642 hominum
1098 3587 1240 3642 Deus
1267 3588 1354 3656 qui
1397 3586 1466 3641 de
1509 3585 1730 3654 singulis
1773 3586 2068 3654 quibusque

495 3677 751 3748 justitiam
783 3677 911 3745 legis
938 3692 1048 3731 sua:
1073 3675 1258 3742 allixit,
1283 3685 1341 3730 ut
1369 3676 1420 3730 hi
1449 3677 1540 3744 qui
1568 3691 1754 3731 eorum
1785 3667 2070 3730 vescuntur

498 3771 764 3835 carnibus,
797 3785 892 3839 pro
921 3769 1155 3823 oleribus
1181 3769 1431 3822 habeant.
1473 3765 1671 3822 Omnes
1695 3766 1836 3822 enim
1883 3780 2071 3820 carnes

503 3859 888 3914 manducabitis
914 3859 1052 3913 sicut
1089 3858 1237 3911 olera
1286 3856 1411 3911 feni.
1453 3855 1645 3910 Parum
1688 3870 1917 3924 namque
1955 3853 2071 3923 plus

504 3950 700 4004 habere
747 3948 994 4002 videntur
1043 3963 1136 4014 per
1179 3961 1428 3999 sensuum
1464 3946 1872 4013 vegetationcm,
1913 3960 2070 4014 quam

505 4040 589 4092 illa
616 4040 807 4107 quibus
842 4037 1072 4100 aluntur,
1116 4044 1170 4088 et
1196 4034 1387 4103 quibus
1435 4041 1705 4088 crementa
1756 4033 2074 4102 percipiunt,

504 4147 622 4200 qua:
649 4146 736 4183 res
766 4129 992 4180 instruat
1022 4135 1286 4179 amatores
1316 4125 1574 4190 carnium,
1609 4141 1714 4178 non
1745 4125 1924 4178 multis
1952 4139 2074 4180 sen-

506 4219 745 4272 sibilibus
775 4217 1005 4268 animum
1045 4230 1198 4268 suum
1228 4224 1463 4278 nectere,
1493 4213 1587 4268 sed
1632 4213 1800 4282 magis
1825 4212 2075 4282 spiritali-

509 4314 604 4363 bus
631 4308 918 4380 privilegiis
934 4307 1206 4376 (ireiipari,
1234 4307 1373 4374 quod
1399 4307 1450 4359 in
1482 4305 1564 4360 bis
1589 4321 1713 4360 vere
1734 4307 1923 4360 anima:
1943 4321 2073 4360 con-

508 4402 800 4471 spiciantur
828 4397 1066 4454 effectus.
1104 4396 1232 4450 Nam
1263 4397 1313 4450 in
1339 4397 1496 4450 rebus
1523 4395 1823 4450 carnalibus
1864 4395 2076 4450 irratio-

2165 3253 2220 3297 et
2243 3243 2477 3297 omnium
2500 3257 2619 3311 qua:
2638 3245 2691 3297 in
2719 3243 2801 3296 his
2820 3243 3159 3298 continentur
3179 3244 3563 3298 continentium
3594 3255 3746 3299 tran-

2165 3336 2291 3400 situ,
2324 3332 2438 3402 pari
2458 3330 2769 3404 conditione
2796 3331 3126 3385 labentium?
3151 3330 3258 3386 Sed
3280 3332 3332 3385 in
3360 3347 3468 3402 quo
3493 3333 3563 3386 sit
3584 3332 3745 3400 juxta

2167 3424 2586 3479 ecclesiasticam
2617 3423 2877 3478 rationem
2905 3423 3136 3477 hominis
3164 3424 3488 3492 agnitudo,
3538 3440 3647 3478 non
3690 3426 3746 3478 in

2169 3534 2234 3572 eo
2259 3515 2404 3585 quod
2432 3514 2499 3568 ad
2518 3513 2916 3591 similitudinem
2945 3515 3124 3568 mundi
3149 3523 3230 3568 est
3255 3513 3518 3577 conditus,
3548 3514 3646 3570 sed
3679 3517 3749 3570 ad

2171 3606 2456 3672 imaginem
2484 3603 2655 3658 factus
2691 3610 2778 3657 est
2803 3602 3094 3658 Creatoris.
3139 3601 3403 3658 Fortassis
3437 3603 3583 3658 enim
3621 3618 3754 3672 qua

2169 3696 2240 3749 sit
2269 3691 2510 3759 imaginis
2539 3691 2678 3746 ratio
2705 3705 2935 3758 quaeras,
2977 3691 3248 3759 quomodo
3285 3691 3608 3760 incorporeo
3626 3706 3753 3746 cor-

2172 3786 2356 3856 porale
2379 3785 2450 3838 sit
2485 3783 2677 3846 simile,
2720 3782 2862 3852 quod
2890 3770 3180 3851 temporale
3206 3790 3290 3836 est
3315 3782 3666 3850 sempiterno,
3698 3794 3757 3838 et

2120 3915 2122 3917 -
2175 3875 2594 3930 incommutabili
2625 3874 2676 3928 id
2701 3873 2844 3942 quod
2863 3875 3132 3930 continuis
3151 3873 3384 3928 motibus
3414 3874 3754 3937 immutatur,

2177 3965 2493 4036 impassibili
2527 3965 2689 4020 etiam
2732 3971 2790 4018 et
2827 3963 3216 4032 incorruptibili
3247 3963 3387 4031 quod
3419 3964 3663 4032 passioni
3699 3976 3759 4018 et

2175 4056 2504 4125 eorruptioni
2533 4056 2835 4124 subjectum
2860 4061 2962 4117 est,
3000 4062 3054 4108 et
3081 4056 3128 4108 ei
3157 4055 3249 4124 qui
3294 4055 3410 4109 sine
3438 4056 3644 4111 malitia
3672 4066 3759 4111 cst

2178 4147 2280 4201 ulla
2318 4147 2368 4200 id
2398 4146 2541 4216 quod
2565 4160 2777 4214 semper
2798 4145 2850 4198 in
2898 4146 3097 4200 malitia
3145 4154 3198 4201 et
3242 4145 3548 4201 defectione
3576 4163 3760 4202 versa-

2179 4244 2283 4288 tur.
2315 4233 2536 4288 Multum
2565 4248 2796 4301 namque
2823 4233 2983 4287 distat
3008 4234 3146 4287 inter
3165 4235 3470 4303 primatum
3499 4235 3758 4301 fortnam,

2178 4334 2233 4377 et
2258 4338 2376 4378 eam
2406 4338 2523 4392 qua:
2549 4323 2617 4378 ad
2650 4323 3046 4378 similitudinem
3094 4324 3209 4392 ejus
3251 4325 3390 4378 facta
3419 4333 3523 4379 est.
3572 4326 3764 4396 [mago

2179 4416 2394 4484 quippe,
2417 4415 2460 4470 si
2473 4415 2969 4484 servetprincipalis
2991 4415 3174 4469 forma:
3193 4417 3616 4482 similitudinem,
3631 4433 3764 4474 vere

509 4493 714 4548 nobiles
743 4491 896 4545 nobis
924 4498 1046 4544 sunt
1075 4503 1352 4558 compares
1372 4496 1425 4542 et
1451 4488 1699 4557 aequales.
1727 4487 1832 4542 Sed
1863 4488 1914 4541 in
1935 4486 2078 4540 aliud
2109 4494 2159 4552 D
2183 4507 2359 4573 imago
2381 4512 2436 4559 ει
2452 4507 2669 4574 ωορκ-ξε
2693 4506 2870 4573 imago
2885 4505 3096 4560 dicitur,
3117 4504 3175 4559 Si
3220 4521 3350 4560 γεω
3370 4506 3439 4559 ab
3453 4507 3572 4575 eius
3587 4509 3769 4562 imm-

510 4587 691 4642 nescio
717 4582 986 4654 quomodo
1014 4580 1399 4648 consequentia
1435 4579 1696 4633 sermonis
1725 4577 1917 4631 inﬂexa
1957 4587 2039 4630 est
2066 4594 2078 4628 :

515 4693 618 4732 non
649 4677 791 4730 enim
833 4674 936 4728 hoc
977 4679 1093 4726 erat
1132 4671 1184 4724 in
1227 4668 1678 4736 contemplatione
1728 4664 2078 4734 propositum,

516 4779 571 4824 ut
599 4769 726 4837 quid
772 4774 917 4821 esset
943 4763 1293 4820 excellentius
1323 4761 1374 4814 in
1407 4760 1641 4822 beluino,
1675 4766 1852 4811 utrum
1893 4755 2084 4809 mentis

516 4856 757 4927 operatio
796 4862 889 4908 aut
935 4848 1585 4912 substantia'materialis,
1628 4846 1940 4915 inquireret,
1988 4841 2083 4897 sed

517 4946 660 5018 quod
691 4947 742 4999 in
767 4945 948 5013 aliqua
969 4951 1122 5011 parte
1150 4955 1336 4995 eorum
1364 4955 1481 5008 qua:
1505 4939 1558 4992 in
1583 4937 1737 4992 nobis
1763 4943 1888 4990 sunt
1935 4949 2084 4988 meus

518 5046 661 5092 esset
689 5037 902 5094 innexa,
928 5031 1202 5102 :equaliter
1220 5040 1395 5083 autem
1427 5030 1477 5082 in
1504 5026 1748 5082 omnibus
1775 5034 1825 5080 et
1846 5040 1942 5095 per
1968 5039 2086 5078 om-

522 5131 607 5183 nia
636 5142 754 5182 sese
779 5123 1052 5190 diil'undat,
1083 5133 1137 5177 et
1171 5138 1271 5176 nec
1310 5121 1640 5176 extrinsecus
1665 5121 1959 5188 contineat,
1990 5135 2089 5174 nec

520 5221 859 5276 contineatur
883 5216 1216 5270 intrinsecus.
1249 5211 1372 5267 ilrec
1394 5213 1532 5266 enim
1557 5213 1723 5268 forma
1751 5213 1805 5268 in
1836 5211 1980 5266 cadis
1999 5220 2092 5266 aut

520 5311 578 5366 in
605 5309 779 5366 situlis
816 5307 1040 5376 aliisque
1083 5305 1341 5360 similibus
1370 5305 1510 5358 vasis
1552 5312 1714 5372 atque
1757 5303 2086 5371 corporibus,

521 5416 642 5472 quin
667 5415 726 5455 se
753 5413 849 5454 sua
877 5397 1175 5466 capacitate
1197 5394 1473 5449 continent
1500 5392 1714 5463 proprie
1748 5392 2086 5462 perridetur:

524 5491 834 5550 communio
856 5503 982 5544 vero
1011 5485 1202 5541 mentis
1231 5485 1298 5539 ad
1326 5499 1521 5554 corpus
1549 5483 1864 5538 ineffabilem
1901 5497 2090 5552 quam-

449 5587 458 5591 "
526 5584 648 5636 dam
677 5589 731 5636 et
759 5575 1352 5650 incomprehensibilem
1377 5573 1622 5644 copulam
1652 5574 1848 5628 habere
1895 5585 2092 5640 cogno-

530 5673 714 5737 scitur,
754 5687 856 5727 nec
900 5671 1122 5726 interius
1168 5668 1432 5735 existens,
1477 5666 1601 5742 quia
1646 5681 1731 5720 res
1778 5662 2091 5734 incorporea

533 5763 714 5833 nequit
751 5777 976 5832 corpore
1027 5757 1314 5828 contineri,
1357 5772 1456 5814 nec
1500 5757 1732 5815 exterius
1777 5753 2090 5813 circumfusa

2188 4596 2331 4649 tione
2351 4593 2612 4662 discedat,
2639 4593 2780 4648 aliud
2800 4594 3049 4672 quiddam
3077 4610 3198 4650 esse
3227 4603 3574 4650 monstratur.
3610 4595 3769 4663 Quo-

2187 4683 2348 4738 modo
2367 4697 2496 4752 ergo
2511 4685 2753 4738 mortalis
2775 4685 2935 4738 homo
2955 4685 3252 4752 purissima:
3266 4684 3405 4739 illius
3415 4693 3470 4738 et
3485 4685 3772 4740 immrta-

2185 4774 2248 4828 lis
2271 4781 2472 4827 nanum
2484 4787 2799 4842 semperque
2811 4773 3146 4830 subsistentis
3170 4773 3346 4840 imago
3364 4787 3485 4828 esse
3505 4774 3772 4843 probabi-

2187 4861 2304 4914 tur‘t
2331 4859 2403 4914 De
2424 4861 2505 4914 his
2533 4861 2712 4928 itaque
2732 4861 2901 4914 solam
2922 4874 3107 4914 veram
3137 4860 3398 4914 rationem
3423 4862 3536 4929 ipsa
3559 4864 3776 4918 veritas

2191 4953 2464 5008 evidenter
2483 4953 2741 5021 agnoscit.
2759 4953 2866 5007 Nos
2878 4961 3054 5006 autem
3065 4993 3080 5018 ,
3095 4959 3348 5020 quantum
3365 4967 3561 5020 capere
3579 4969 3778 5022 passu-

2191 5058 2328 5109 mus,
2367 5043 2678 5112 quibusdam
2708 5043 3029 5110 conjecturis
3078 5051 3239 5111 atque
3277 5042 3779 5109 conjectationibus

2191 5130 2467 5183 veritatem
2484 5130 2652 5198 ipsam
2675 5129 2861 5184 scdulo
2883 5129 3279 5197 investigantes,
3307 5130 3408 5184 hoc
3435 5131 3780 5188 arbitramur

2191 5231 2310 5271 esse
2329 5217 2471 5286 quod
2491 5219 2764 5286 quzeritur,
2779 5219 2843 5272 de
2857 5231 3084 5288 quo‘nos
3104 5219 3387 5276 necdiviua
3405 5218 3541 5274 fallit
3560 5223 3780 5288 oratio,

2191 5320 2310 5376 quae
2322 5307 2388 5360 ad
2405 5308 2684 5376 imaginem
2707 5307 2801 5362 Dei
2822 5308 3020 5362 factum
3031 5310 3297 5364 hominem
3321 5311 3521 5376 retulit,
3543 5325 3650 5364 nec
3665 5311 3785 5365 lm-

2194 5411 2363 5451 manzze
2382 5405 2582 5452 natura:
2602 5397 2843 5453 deﬂenda
2865 5399 3076 5452 miseria
3097 5407 3200 5462 est,
3217 5400 3340 5466 quia
3357 5399 3528 5454 beatae
3545 5400 3695 5456 illius
3713 5411 3786 5457 et

2195 5486 2532 5555 impassibilis
2559 5489 2676 5541 vitae
2697 5488 3097 5542 similitudinem
3119 5490 3273 5556 gerit.
3299 5488 3525 5544 Necesse
3551 5502 3646 5545 est
3673 5508 3790 5547 au-

2198 5585 2303 5628 tem
2336 5591 2366 5628 e
2405 5576 2612 5631 duobus
2657 5577 2881 5631 altermn
2911 5575 3172 5640 conﬁteri,
3205 5585 3263 5630 ut
3282 5577 3457 5645 siquis
3485 5593 3792 5649 cotnpam-t

2195 5663 2302 5717 Deo
2316 5665 2453 5731 quod
2482 5675 2718 5721 nostrum
2741 5677 2841 5728 est,
2874 5677 2966 5721 aut
2985 5665 3286 5736 passibilent
3306 5666 3650 5726 divinamaut
3674 5673 3798 5725 im-

2193 5753 2496 5825 possibilent
2530 5755 2812 5814 humanam
2851 5765 3008 5828 putet.
3039 5771 3155 5813 esse
3194 5754 3572 5824 substantiam,
3624 5763 3804 5818 velut
