4000 6344
213 278 318 332 575

1007 285 1182 340 LIBRI
1223 284 1310 338 DE
1349 279 1734 339 CREATIO'NE
1771 277 2048 334 ﬂOMlNIS
2085 277 2646 332 INTERPRETATtO.

3373 283 3478 338 ’ὅτι

215 397 560 464 πψιὶωιίιθυε
606 400 720 453 istis
769 399 1077 454 substantia:
1131 397 1424 452 similitudo
1472 394 1699 450 rationis
1753 393 1806 446 in
1835 397 1882 454 Α
1911 391 2015 446 hoc
2036 391 2085 445 id
2111 389 2254 459 quod
2277 405 2435 461 supra
2463 390 2694 444 diximus
2725 391 3037 459 Apostolum
3060 391 3330 457 definisse,
3358 396 3480 470 quia

218 490 464 570 utrisque
493 499 764 545 cernatur.
794 488 850 544 Si
880 504 1010 543 vero
1055 503 1228 556 neque
1275 486 1534 540 Divinitas
1581 486 1635 538 in
1681 498 1805 554 pas-

217 580 374 635 sione
401 589 505 645 est,
536 596 711 650 neque
738 587 916 635 nostra
948 579 1282 648 passionibus
1321 577 1635 647 probantur-
1655 588 1807 630 exce-

223 679 338 739 pta,
383 679 540 740 putas
582 661 702 738 quae
742 671 910 725 altera
959 668 1280 738 relinquitur
1325 666 1464 721 ratio
1512 664 1805 720 secundum

225 771 386 826 quam
433 758 666 812 divinam
709 775 897 813 vocem
937 773 1181 812 veracein
1225 771 1348 812 esse
1383 755 1640 818 dicamus,
1687 767 1806 822 quae

225 849 514 918 imaginem
545 849 638 905 Dei
669 850 938 905 hominem
967 864 1085 904 esse
1117 855 1305 902 testata
1332 848 1446 902 est?
1472 844 1636 914 Igitur
1660 861 1806 899 eam-

225 939 352 994 dem
393 941 712 1011 scripturam
757 955 1029 995 sumamus
1072 939 1393 1002 universam,
1444 937 1488 990 si
1534 934 1806 1005 quomodo

226 1045 326 1097 per
350 1045 468 1084 eam
501 1031 656 1086 nobis
683 1031 857 1099 aliqua
883 1029 1175 1085 deelaratio
1198 1027 1262 1082 ad
1293 1027 1347 1083 id
1382 1027 1523 1096 quod
1551 1025 1806 1097 quaeritur

226 1119 517 1175 eluce‘scat.
555 1120 902 1190 Posteaquam
925 1120 1058 1173 dixit
1095 1136 1107 1172 :
1142 1117 1420 1172 Faciamus
1451 1118 1725 1184 hominem,
1753 1124 1808 1170 et

226 1211 296 1263 ad
325 1226 486 1281 quam
513 1227 627 1266 rem
657 1209 826 1266 factus
849 1221 932 1265 est
954 1209 1222 1272 indicavit,
1248 1209 1484 1263 inferens
1511 1208 1655 1277 quod
1687 1210 1808 1279 fecit

232 1299 374 1354 Deus
419 1303 489 1354 ad
543 1303 850 1373 imaginem,
901 1300 972 1353 ad
1019 1301 1294 1370 imaginem
1347 1298 1444 1352 Dei
1493 1299 1616 1369 fecit
1661 1314 1837 1371 euut,

226 1393 514 1444 masculum
560 1401 610 1444 et
653 1392 900 1461 feminam
945 1390 1069 1459 fecit
1104 1405 1210 1442 eos.
1240 1387 1356 1442 Jam
1393 1404 1521 1442 vero
1553 1390 1605 1466 in
1647 1402 1805 1456 supe-

224 1479 460 1533 rioribus
486 1479 686 1534 dictum
717 1487 800 1534 est
824 1482 966 1548 quod
990 1478 1056 1534 ad
1080 1477 1498 1532 destructionem
1521 1477 1807 1547 impietatis

224 1570 495 1624 haeretica:
515 1569 778 1625 sententia
809 1567 906 1623 ista
929 1568 1284 1640 processerit,
1313 1583 1420 1637 qua
1441 1575 1806 1638 competenter

225 1661 559 1723 iustruimur,
607 1660 750 1730 quod
793 1659 979 1715 fecerit
1025 1660 1298 1714 hominem
1327 1659 1629 1728 unigenitus
1665 1659 1812 1712 Deus

1906 481 1962 534 in
1983 479 2187 534 Christo
2213 478 2336 534 Jesu
2365 497 2524 551 neque
2553 480 2807 535 ntasculus
2836 498 2995 550 neque
3039 484 3254 551 femina.
3287 483 3487 538 Deinde

1910 574 2088 628 intulit
2115 573 2259 642 quod
2285 574 2531 627 humanm
2572 581 2776 626 naturae
2815 575 3176 642 proprietates
3220 577 3489 644 exprime.

1909 674 2011 733 ret,
2029 665 2311 719 masculum
2335 673 2384 717 et
2411 664 2658 735 ferninam
2689 665 2809 732 fecit
2837 680 2943 717 eos.
2981 665 3087 719 Nec
3116 680 3201 718 me
3222 665 3486 733 quispiam

1910 757 2090 826 culpet
2121 756 2262 824 quod
2293 755 2582 823 pnoposita:
2611 752 2836 808 rationis
2871 754 3280 823 intelligentiam
3305 756 3489 810 videar

1909 861 1976 900 ex
2027 847 2136 900 alto
2169 845 2463 909 deducere;
2515 844 2654 898 Deus
2708 842 2851 898 enim
2897 844 3212 898 naturaliter
3251 845 3489 899 existens

1909 936 2166 1006 quidquid
2201 937 2328 991 boni
2351 935 2675 1002 cogitatione
2702 933 3133 1002 complectimur,
3177 933 3285 988 imo
3311 935 3488 1003 potius

1910 1027 2058 1082 omni
2087 1028 2228 1082 bono
2258 1025 2403 1095 quod
2431 1033 2524 1079 aut
2554 1025 2777 1092 intelligi
2809 1032 2986 1093 potest
3013 1032 3104 1078 aut
3131 1026 3488 1094 comprehen-

1910 1117 1962 1170 di
2007 1119 2375 1186 prmstantior,
2409 1132 2514 1171 non
2536 1116 2606 1169 ob
2643 1115 2802 1168 aliam
2829 1131 3046 1169 causam
3076 1115 3285 1169 ereavit
3320 1117 3492 1182 homi-

1911 1223 2036 1262 nem
2063 1207 2165 1262 nisi
2191 1209 2312 1275 quia
2337 1207 2510 1261 bonus
2536 1216 2638 1260 est.
2671 1205 2814 1260 Talis
2842 1218 2973 1272 ergo
2995 1221 3116 1259 cum
3145 1205 3237 1272 sit,
3260 1214 3318 1259 et
3359 1223 3487 1276 pro-

1912 1307 2096 1368 pterea
2125 1307 2329 1352 natura:
2359 1297 2688 1352 formatioris
2715 1296 2982 1351 exstiterit
3009 1303 3242 1362 creator,
3287 1311 3488 1365 nequa-

1911 1402 2072 1455 quam
2102 1385 2469 1454 imperfectam
2494 1385 2745 1438 virtutem
2791 1399 2900 1438 sua:
2945 1385 3198 1438 bonitatis
3232 1386 3485 1447 ostendit,

1915 1487 1972 1532 ut
1998 1477 2195 1546 aliquid
2215 1493 2282 1531 ex
2303 1477 2385 1530 his
2407 1491 2524 1544 qua:
2558 1476 2608 1529 ei
2636 1483 2924 1544 suppetunt
2947 1476 3118 1539 daret,
3141 1475 3339 1542 aliquid
3362 1492 3490 1529 vero

1911 1569 2107 1623 invidia
2138 1576 2364 1636 cogente
2408 1565 2768 1630 subtraheret,
2804 1566 2898 1620 sed
2940 1565 3190 1633 perfecta:
3237 1565 3491 1619 bonitatis

1911 1660 2116 1730 species
2139 1659 2191 1713 in
2221 1674 2286 1714 eo
2315 1667 2415 1720 est,
2447 1666 2504 1711 ut
2529 1657 2800 1712 hominem
2827 1657 2918 1726 qui
2948 1673 3055 1712 non
3089 1665 3206 1710 erat
3248 1657 3300 1710 in
3327 1672 3490 1725 gene—

223 1750 294 1802 ad
319 1751 605 1818 imaginem
636 1750 750 1812 Dei,
778 1758 835 1804 ut
865 1750 1006 1803 nulla
1037 1751 1243 1803 ratione
1270 1748 1603 1804 divinitatem
1632 1747 1805 1803 Patris
1841 1760 1884 1817 Β
1911 1748 2173 1803 rationem
2203 1747 2543 1817 produceret,
2574 1747 2946 1814 bonorumque
2987 1745 3299 1815 participem
3349 1745 3490 1800 face-

220 1850 279 1894 et
307 1840 427 1894 Filii
466 1840 772 1895 discernere
821 1840 1125 1907 moliamur,
1162 1855 1284 1894 cum
1327 1839 1605 1908 aequaliter
1630 1837 1805 1892 divina

221 1931 506 2000 Scriptura
534 1929 702 1985 Deum
729 1939 1010 2000 utrumque
1040 1932 1284 1996 fateatur,
1316 1939 1370 1987 et
1401 1946 1523 1985 eum
1549 1932 1638 2000 qui
1684 1929 1812 1984 fecit

220 2027 524 2095 hominem,
547 2035 603 2080 et
628 2043 752 2082 eum
782 2027 849 2080 ad
873 2027 1025 2095 cujus
1048 2028 1336 2098 imaginem
1362 2025 1533 2080 factus
1561 2033 1661 2081 est.
1703 2023 1809 2080 Sed

221 2117 294 2172 de
321 2119 406 2172 his
434 2135 574 2174 nunc
598 2119 873 2174 omittatur
901 2121 1144 2174 assertio.
1197 2119 1482 2174 Vertamur
1517 2126 1695 2173 autem
1744 2117 1811 2172 ad

223 2209 559 2276 propositam
587 2210 956 2277 quaistionem,
985 2209 1256 2277 quomodo
1275 2209 1452 2263 divina
1479 2208 1694 2276 quidem
1717 2221 1813 2261 na-

225 2307 347 2351 tura
395 2297 551 2351 beata
578 2297 668 2361 sit,
707 2305 762 2351 et
795 2313 915 2352 eam
951 2312 1072 2365 qua:
1113 2297 1301 2352 similis
1343 2297 1395 2351 ei
1435 2306 1518 2350 est
1561 2296 1809 2349 miseram

224 2385 504 2454 Scriptura
533 2395 939 2440 commemoret.
975 2386 1137 2456 Igitur
1168 2386 1327 2441 verba
1367 2386 1482 2457 ipsa
1507 2385 1812 2453 diligentius

223 2476 594 2545 exploremus,
616 2484 673 2530 et
700 2477 1030 2531 inveniemus
1057 2476 1198 2530 aliud
1232 2477 1482 2545 quiddam
1525 2490 1643 2530 esse
1669 2474 1812 2546 quod

224 2565 302 2619 ad
331 2566 616 2634 imaginem
644 2566 740 2620 Dei
788 2565 986 2620 factum
1014 2574 1115 2630 est,
1148 2565 1292 2620 aliud
1324 2580 1450 2619 vero
1477 2565 1622 2633 quod
1672 2579 1814 2618 nunc

225 2657 284 2709 in
317 2655 528 2709 miseria
549 2653 878 2726 pcrvidetur.
913 2655 1082 2720 Fecit,
1123 2655 1312 2724 inquit,
1347 2655 1484 2709 Deus
1528 2656 1812 2718 hominem;

225 2745 305 2798 ad
326 2746 605 2816 imaginem
627 2743 722 2798 Dei
735 2746 856 2816 fecit
876 2744 1042 2808 illum;
1058 2742 1205 2798 ﬁnita
1225 2755 1310 2800 est
1327 2745 1442 2814 ejus
1453 2744 1722 2815 quifactus
1733 2752 1816 2798 est

225 2835 302 2890 ad
337 2836 624 2903 imaginem
659 2835 750 2889 Dei
782 2835 1042 2890 conditio.
1093 2833 1294 2890 Deinde
1322 2831 1628 2904 adjungilur
1671 2835 1814 2888 velut

226 2927 305 2981 de
333 2927 522 2981 eadem
551 2925 859 2996 conditione
883 2941 1083 2994 sermo,
1111 2942 1234 2981 eum
1262 2927 1454 2981 dicitur
1481 2945 1493 2979 :
1529 2926 1814 2981 Musonium

222 3027 280 3070 et
306 3018 553 3087 feminam
583 3018 702 3087 fecit
741 3033 847 3072 eos.
881 3016 1102 3072 Cunctis
1129 3025 1310 3072 autem
1338 3035 1463 3073 reor
1490 3034 1609 3074 esse
1649 3020 1816 3074 notis-

1906 1848 2010 1894 ret.
2033 1838 2168 1905 Quia
2190 1853 2316 1892 vero
2343 1838 2607 1892 bonorum
2638 1837 2875 1906 ipsorum
2898 1836 3065 1889 multa
3092 1839 3351 1905 probatur
3371 1853 3490 1891 esse

1907 1931 2208 1999 congestio,
2255 1944 2374 1998 quae
2418 1943 2524 1983 non
2563 1928 2732 1996 possit
2775 1942 3001 1982 numero
3049 1926 3202 1981 facile
3239 1943 3488 1997 compre-

1909 2020 2090 2084 hendi,
2124 2019 2321 2074 ideirco
2343 2017 2582 2088 generali
2608 2016 2837 2085 quadam
2873 2030 3004 2070 voce
3039 2015 3286 2070 universa
3331 2016 3491 2070 simul

1908 2108 2183 2179 Scriptura
2225 2108 2590 2177 complectens
2635 2106 2942 2174 signiﬁcare
2982 2106 3214 2175 curavit,
3260 2121 3380 2160 cum
3421 2108 3488 2159 ad

1910 2201 2197 2270 imaginem
2218 2199 2314 2253 Dei
2344 2196 2542 2254 factum
2570 2198 2837 2253 hominem
2853 2198 3054 2252 retulit.
3087 2195 3316 2267 Equale
3343 2199 3487 2252 enim

1910 2300 1996 2348 est
2021 2291 2150 2360 hoc,
2173 2305 2238 2346 ac
2257 2291 2302 2347 si
2324 2289 2553 2357 diceret,
2586 2289 2875 2344 humanam
2896 2296 3146 2344 naturam
3164 2289 3342 2343 onmis
3361 2289 3488 2343 boni

1911 2381 2108 2436 factam
2137 2397 2256 2436 esse
2283 2379 2632 2450 participem:
2660 2380 2704 2433 si
2733 2380 2878 2434 enim
2907 2379 3162 2434 bonitatis
3208 2389 3290 2435 est
3328 2380 3491 2449 pleni-

1913 2474 2041 2528 tudo
2069 2473 2339 2536 divinitas,
2368 2480 2425 2526 et
2453 2471 2612 2540 hujus
2637 2471 2800 2526 homo
2832 2472 3008 2539 imago
3041 2479 3142 2536 est,
3167 2471 3410 2540 profecto
3437 2481 3493 2526 et

1912 2563 1967 2618 in
1998 2563 2324 2632 plenitudine
2353 2563 2422 2616 sit
2445 2562 2617 2616 omnis
2646 2562 2772 2616 boni
2820 2562 2934 2616 [nec
2963 2562 3171 2631 imago,
3199 2562 3351 2631 juxta
3384 2565 3492 2632 pri-

1915 2668 2140 2708 mmvam
2165 2652 2391 2706 formam
2415 2651 2815 2706 similitudinem
2845 2652 3100 2722 possidet.
3134 2651 3226 2710 Est
3262 2654 3422 2721 igitur
3442 2655 3493 2708 in

1917 2753 2072 2808 nobis
2100 2753 2264 2808 totius
2283 2751 2408 2806 boni
2437 2750 2697 2816 conditio,
2745 2752 3015 2819 totiusque
3051 2751 3262 2806 virtutis
3304 2760 3361 2806 et
3407 2768 3494 2806 sa-

1917 2842 2152 2912 pientiae,
2178 2849 2232 2895 et
2259 2838 2520 2910 quidquid
2543 2840 2674 2894 illud
2700 2849 2785 2895 est
2838 2840 2983 2908 quod
3022 2841 3284 2910 optimum
3331 2842 3498 2912 possit

1919 2933 2163 2999 intelligi,
2197 2947 2306 3000 pra:
2335 2931 2586 2986 omnibus
2613 2946 2745 2985 vero
2774 2931 2918 2999 quod
2956 2932 3025 2985 ab
3072 2933 3218 2986 onmi
3263 2935 3497 2988 necessi-

1919 3032 2030 3078 tate
2060 3021 2212 3076 liberi
2240 3036 2445 3083 sunms,
2479 3035 2578 3074 nec
2597 3020 2866 3090 subjugati
2887 3021 3119 3088 quadam
3151 3023 3380 3076 naturali
3411 3039 3507 3092 po.

227 3109 450 3170 simum,
483 3107 625 3175 quod
653 3107 880 3177 idipsmn
907 3107 974 3161 ab
1001 3107 1088 3160 illa
1119 3108 1368 3177 primaeva
1415 3107 1584 3162 forma
1626 3108 1808 3162 intelli-
1846 3113 1893 3176 ο
1925 3113 2113 3179 tentia,
2141 3110 2234 3166 sed
2266 3110 2487 3165 arbitrio
2526 3110 2747 3179 proprio
2773 3109 2839 3163 ad
2869 3110 3150 3166 consilium
3197 3111 3340 3180 quod
3385 3113 3496 3181 pla.

226 3196 381 3264 gitur
409 3195 660 3249 alienum.
713 3193 779 3248 In
827 3195 1030 3250 Christo
1073 3212 1300 3267 namque
1326 3195 1470 3261 Iesu,
1516 3198 1652 3252 sicut
1691 3197 1819 3252 dicit

228 3285 546 3354 Apostolus,
596 3303 756 3357 neque
803 3289 1080 3354 masculus,
1117 3305 1277 3360 neque
1324 3291 1536 3360 femina,
1567 3290 1658 3343 sed
1695 3290 1818 3358 quia

228 3391 336 3446 per
363 3376 478 3429 tunc
501 3377 679 3431 divisit
703 3376 973 3432 hominem
1004 3394 1184 3435 sermo
1205 3380 1433 3446 divinus,
1465 3382 1661 3452 duplex
1683 3398 1820 3451 qua:-

229 3467 359 3521 dam
391 3467 646 3538 probatur
673 3477 879 3524 natura:
927 3481 1125 3526 nostra:
1170 3458 1439 3535 formatio,
1495 3483 1550 3527 et
1595 3489 1656 3526 ea
1703 3489 1820 3543 quae

231 3558 476 3612 divinam
506 3557 670 3614 refert
688 3561 1114 3624 similitudinem,
1147 3573 1202 3618 et
1241 3580 1303 3618 ea
1335 3580 1452 3632 quae
1480 3565 1548 3616 ab
1595 3566 1692 3620 ista
1722 3565 1823 3618 dif-

232 3650 382 3704 ferre
413 3658 758 3707 monstratur.
791 3651 1004 3720 Aliquid
1033 3655 1174 3708 enim
1205 3655 1308 3710 tale
1335 3657 1656 3710 contestatio
1686 3657 1824 3710 rela-

231 3742 406 3794 tionis
449 3741 700 3809 insinuat,
750 3742 978 3812 primum
1016 3745 1230 3812 quidem
1285 3745 1494 3809 dicens,
1529 3746 1652 3813 quia
1706 3748 1824 3816 fecit

234 3828 383 3885 Deus
413 3830 701 3898 hominem;
726 3835 796 3887 ad
831 3837 1108 3906 imaginem
1141 3837 1238 3891 Dei
1266 3836 1386 3907 fecit
1422 3853 1555 3890 eum.
1585 3837 1825 3908 itemque

229 3920 548 3987 subjicicns,
571 3925 694 3992 quia
723 3927 1008 3980 masculum
1036 3937 1085 3980 et
1126 3930 1370 3998 feminam
1409 3929 1533 3997 fecit
1571 3946 1678 3984 eos.
1713 3929 1826 3984 Hoc

231 4025 424 4072 autem
453 4018 506 4072 in
536 4017 618 4070 his
643 4033 763 4086 qua:
790 4019 857 4073 de
879 4019 990 4074 Deo
1025 4021 1330 4076 sentiuntur
1354 4023 1612 4090 probatur
1640 4031 1823 4077 extra-

231 4123 426 4175 neum,
457 4111 552 4162 sed
600 4109 831 4163 arbitror
878 4125 978 4179 ego
1026 4128 1122 4180 per
1166 4113 1277 4169 hinc
1323 4129 1443 4183 qum
1477 4131 1509 4168 a
1554 4115 1827 4184 Scriptura

229 4207 425 4253 sancta
470 4197 716 4254 dicuntur
754 4216 1007 4270 magnum
1045 4211 1206 4272 atque
1244 4205 1472 4261 sublime
1511 4207 1702 4276 dogma
1731 4208 1826 4262 de-

229 4294 465 4354 clarare,
481 4292 624 4361 quod
649 4293 754 4348 tale
776 4308 895 4358 esse
918 4296 1174 4364 pervideo
1189 4314 1202 4349 :
1217 4297 1423 4353 duabus
1450 4298 1608 4354 rebus
1635 4315 1827 4355 secun—

229 4381 364 4436 dum
390 4381 728 4438 summitates
756 4382 824 4436 ab
855 4383 1083 4439 invicem
1110 4387 1370 4452 separatis
1393 4387 1621 4442 mediam
1642 4389 1829 4443 humao

1919 3203 2091 3258 cuerit
2138 3200 2492 3266 inclinamus;
2535 3200 2701 3255 virtus
2721 3200 2865 3255 enim
2913 3211 3211 3270 spontanea
3257 3202 3501 3271 quaadant

1921 3307 2009 3346 res
2049 3300 2151 3355 est,
2193 3299 2250 3346 et
2284 3290 2483 3345 nullius
2523 3290 2764 3359 subjecta
2812 3291 3070 3346 dominio.
3122 3291 3276 3358 Quod
3324 3303 3500 3347 autem

1921 3381 2151 3450 quadam
2180 3381 2504 3435 necessitate
2531 3387 2778 3436 coactum
2801 3388 2904 3443 est,
2936 3381 3104 3435 virtus
3126 3396 3245 3435 esse
3262 3381 3374 3450 jam
3398 3398 3503 3436 llOll

1923 3477 2119 3537 potest.
2149 3466 2284 3522 Cum
2309 3483 2438 3537 ergo
2465 3484 2606 3539 pene
2635 3471 2688 3522 in
2728 3470 2979 3524 omnibus
3016 3470 3281 3538 primitivis
3321 3469 3504 3525 forma:

1923 3558 2374 3628 pulchritudinem
2410 3559 2746 3628 formamque
2797 3560 2974 3626 imago
3003 3561 3361 3625 demonstret,
3407 3564 3504 3616 nisi

1924 3659 1977 3710 in
2023 3657 2203 3726 aliquo
2258 3655 2489 3721 differat,
2537 3656 2649 3723 jam
2707 3672 2816 3711 non
2868 3657 2972 3711 erit
3021 3658 3343 3723 similitudo,
3410 3664 3504 3715 sed

1923 3748 2096 3816 ipsum
2148 3753 2311 3814 atque
2338 3746 2547 3814 aequale
2571 3745 2648 3799 illi
2675 3760 2771 3815 per
2798 3747 2978 3801 omnia
3025 3747 3503 3813 demonstrabitm',

1924 3837 2068 3908 quod
2099 3837 2150 3891 in
2174 3837 2426 3891 omnibus
2473 3836 2807 3891 immutabile
2851 3839 3254 3907 comprobatur.
3302 3838 3358 3891 In
3399 3855 3507 3908 quo

1925 3941 2056 3993 ergo
2081 3925 2386 3978 Divinitatis
2413 3933 2469 3978 et
2495 3925 2856 3981 similitudinis
2881 3927 2998 3995 ejus
3031 3928 3336 3982 distantiam
3384 3945 3506 3998 per-
3543 3993 3550 4004 κ

1929 4017 2203 4071 videmus?
2239 4015 2296 4070 ln
2327 4017 2430 4072 hoc
2473 4017 2658 4086 procul
2699 4017 2882 4082 dubio,
2925 4021 3067 4088 quod
3121 4019 3379 4077 Divinitas
3424 4025 3506 4077 in-

1927 4117 2110 4164 creata
2137 4120 2238 4176 est,
2270 4110 2386 4165 haec
2413 4119 2594 4165 autem
2637 4113 2898 4168 creationi
2934 4115 3196 4184 subsistit,
3225 4131 3346 4184 qua!
3385 4132 3508 4187 pro-

1928 4198 2170 4269 prietatis
2221 4199 2521 4256 differentia
2585 4218 2768 4256 rursus
2833 4203 3056 4259 aliarum
3116 4208 3505 4275 proprietatum

1928 4291 2368 4359 consequentiam
2393 4291 2635 4359 protulit.
2667 4290 2910 4368 Occurrit
2947 4295 3089 4348 enim
3119 4298 3325 4350 cunctis
3356 4298 3508 4351 indu-

1931 4380 2098 4434 bitata
2119 4380 2400 4450 professio.
2430 4384 2576 4450 quod
2603 4383 2840 4437 increata
2868 4391 3058 4466 natpra
3091 4387 3504 4440 incommutabi-

232 4488 362 4526 nam
384 4486 506 4528 esse
522 4473 896 4541 substantiam,
918 4474 1060 4529 inter
1078 4475 1310 4531 divinam
1332 4479 1536 4533 scilicet
1563 4480 1814 4549 ineorpo-
1847 4469 1896 4527 Ῑ)
1921 4471 1984 4524 lis
2011 4471 2082 4526 sit
2105 4477 2161 4525 ει
2207 4484 2421 4540 semper
2448 4471 2638 4525 eOde
2681 4473 2840 4527 modo
2888 4482 3216 4541 permaneat.
3260 4484 3507 4530 creatura

231 4578 493 4633 reamque
514 4572 570 4619 et
597 4565 1018 4621 irrationabilem
1051 4567 1370 4638 brutamque
1397 4578 1660 4624 naturam.
1687 4571 1817 4625 Nam

234 4654 520 4722 utriusque
546 4653 624 4706 rei
665 4655 804 4708 ratio
843 4654 896 4709 in
939 4654 1172 4711 hominis
1221 4655 1645 4714 conformatione
1691 4675 1820 4714 con-

233 4744 464 4812 spicitur
493 4759 506 4794 :
534 4741 714 4798 divina
737 4743 972 4812 quidem,
1003 4744 1107 4800 hoc
1128 4746 1269 4813 quod
1296 4748 1571 4803 rationalis
1589 4755 1644 4802 et
1665 4749 1822 4804 intel-

231 4834 479 4888 lectnalis
504 4841 607 4899 est,
637 4833 781 4903 quod
808 4835 968 4889 etiam
992 4836 1215 4890 masculi
1242 4851 1306 4892 ac
1329 4839 1538 4892 feminae
1565 4837 1818 4894 diﬁ‘erea-

230 4929 362 4980 tiam
389 4923 615 4993 refugit;
647 4925 988 4990 irrationalis,
1017 4928 1120 4982 hoc
1157 4927 1303 4996 quod
1339 4944 1654 4998 corpoream
1685 4946 1819 4986 con-

205 5015 578 5069 -stitntionem
609 5015 662 5068 in
688 5016 985 5072 masculum
1014 5016 1238 5072 divisam
1265 5026 1441 5087 gestat
1489 5027 1543 5072 et
1567 5019 1820 5075 feminam

227 5107 312 5176 (in
361 5105 447 5158 his
493 5105 637 5160 enim
689 5106 930 5174 utrisque
986 5115 1271 5162 versantur
1323 5108 1570 5164 universa
1627 5111 1820 5180 quibus

223 5196 541 5249 cmitinetur
586 5194 819 5250 humana
868 5195 1227 5266 substantia);
1255 5196 1351 5252 sed
1381 5198 1656 5267 praelatum
1701 5216 1820 5256 esse

219 5286 278 5341 ιι
303 5287 450 5353 quod
482 5286 534 5339 in
559 5287 714 5342 nobis
743 5287 1107 5344 intellectuale
1131 5296 1216 5344 est
1243 5288 1294 5342 ei
1323 5291 1398 5344 rei
1421 5306 1541 5358 qua:
1575 5292 1820 5346 humana:

217 5375 608 5445 propagationi
635 5377 838 5432 servire
863 5376 1130 5445 videmus,
1160 5376 1347 5434 ordine
1390 5380 1504 5450 ipso
1551 5381 1820 5436 conditio-

217 5466 312 5520 nis
343 5475 678 5533 exsequente
709 5465 1014 5524 didicimus.
1047 5468 1127 5522 Ad
1156 5467 1404 5528 enectum
1427 5472 1626 5541 quippe
1653 5485 1819 5539 gene-

217 5554 460 5608 rationis
507 5555 750 5622 qumdam
797 5565 881 5611 est
925 5557 1158 5614 hominis
1203 5576 1324 5616 cum
1367 5561 1819 5617 irrationabilibus

219 5642 416 5697 inuata
445 5641 776 5710 conjunctio.
809 5643 1048 5700 Primum
1080 5647 1242 5715 igitur
1278 5652 1353 5707 ait
1377 5650 1502 5721 quia
1533 5652 1652 5718 fecit
1683 5648 1820 5704 Deus

214 5732 518 5803 hominem,
544 5733 613 5786 ad
659 5734 935 5804 imaginem
981 5733 1070 5790 Dei
1099 5739 1220 5808 fecit
1255 5759 1413 5802 eum:
1460 5739 1696 5802 ostendit
1727 5757 1822 5813 per

1927 4579 2058 4616 vero
2088 4577 2195 4617 non
2225 4563 2396 4630 possit
2421 4563 2537 4617 sine
2563 4563 2860 4617 mulatione
2901 4564 3208 4632 persistere.
3253 4565 3369 4634 Ipse
3415 4569 3508 4621 de-

1925 4655 2086 4723 nique
2106 4670 2176 4709 ex
2205 4654 2372 4708 nihilo
2402 4654 2469 4708 ad
2495 4656 2836 4710 existentiam
2868 4658 3145 4724 transitus,
3185 4669 3363 4714 motus
3389 4663 3510 4730 qui-

1923 4744 2046 4798 dam
2103 4753 2222 4798 erat
2272 4753 2434 4814 atque
2479 4747 2784 4805 conversio.
2836 4763 2956 4800 cum
3005 4764 3112 4802 non
3160 4749 3397 4805 existens
3443 4753 3508 4806 ad

1923 4837 2211 4892 essentiam
2239 4837 2422 4892 divino
2443 4838 2671 4892 consilio
2696 4846 3104 4895 transmutatur.
3136 4840 3203 4895 Et
3245 4843 3383 4897 sicut
3412 4844 3508 4896 im-

1921 4944 2157 4999 pressam
2188 4930 2239 4983 in
2261 4944 2369 4984 mre
2393 4930 2613 4998 figuram
2642 4941 2886 4986 sanctum
2911 4932 3256 5001 Evangelium
3282 4935 3516 4991 Ciesaris

1923 5019 2158 5087 appellat
2183 5019 2488 5086 imaginem,
2524 5036 2620 5089 per
2647 5022 2790 5092 quod
2819 5023 3142 5078 addiscimus
3182 5028 3325 5097 quod
3351 5028 3507 5096 juxta

1925 5111 2147 5179 figuram
2177 5111 2392 5179 quidem
2418 5113 2712 5170 similitudo
2744 5114 2990 5182 Cmsaris,
3025 5117 3076 5171 in
3122 5120 3366 5188 subjecto
3409 5139 3507 5174 ειυς

1924 5210 2028 5256 tem
2058 5201 2360 5257 differentia
2391 5203 2508 5272 ejus
2535 5216 2810 5274 appareat,
2839 5207 2910 5260 ita
2941 5216 2998 5262 et
3033 5209 3084 5262 in
3109 5211 3378 5278 praedictis
3424 5229 3508 5262 ιη-

1925 5291 2073 5346 tione
2116 5307 2218 5360 pro
2262 5291 2442 5361 figuris
2487 5303 2614 5348 sunt
2665 5311 2729 5350 ea
2780 5313 2900 5364 qum
2955 5299 3008 5351 in
3055 5301 3507 5368 contemplatione

1925 5381 2117 5436 divinae
2145 5392 2352 5438 naturae
2372 5385 2722 5457 humanaeque
2743 5377 3071 5453 cernuntur;
3097 5405 3284 5445 eorum
3311 5389 3506 5456 quibus

1927 5472 2116 5526 eadem
2146 5473 2438 5528 similitudo
2476 5484 2578 5540 est,
2627 5477 2680 5531 in
2721 5477 2965 5546 subjecto
3003 5493 3222 5548 prorsus
3255 5478 3506 5532 differen—

1927 5561 2054 5613 tiam
2084 5561 2400 5630 reperimus,
2423 5578 2584 5632 quam
2608 5566 2802 5620 intuitu
2827 5568 3020 5630 tuentis
3047 5568 3284 5620 increata
3316 5575 3505 5621 natura

1923 5661 2213 5721 creataque
2261 5654 2640 5722 conspicimus.
2700 5655 2964 5719 Quoniam
3024 5656 3185 5722 igitur
3246 5655 3505 5712 Divinitas

1928 5745 2041 5812 ipsa
2081 5759 2292 5812 semper
2339 5754 2440 5811 est,
2474 5746 2636 5802 hoino
2679 5759 2807 5799 vero
2837 5761 2932 5815 per
2961 5749 3286 5805 creationem
3337 5751 3507 5805 lactus
