4000 6344
504 357 604 409 375

1784 370 2136 428 DIONYSIL‘S
2177 375 2331 431 lich
2344 378 2493 436 UUS.

3652 394 3752 449 576

501 475 1343 545 οικιιιιιιςιιὶυιιίειοαψίιθχίδιίτρ,
1378 484 2072 557 cognationemquequam-
2105 490 2150 547 Α
2178 491 2370 560 opinor
2426 496 2816 553 absolutionem
2871 503 3181 570 qurestionis
3242 520 3360 575 qua:
3423 506 3490 559 ab
3550 512 3754 568 aemulis

499 562 619 613 dum
674 564 879 618 videtur
922 567 1117 623 habere
1158 587 1278 625 cum
1328 582 1514 626 natura
1564 577 1833 630 vcrtibili:
1874 577 2072 632 ideirco

499 649 587 714 qui
618 653 762 705 novit
798 657 974 709 omnia
1002 666 1287 727 antequam
1318 661 1463 727 fiant,
1497 665 1633 718 sicut
1662 667 1919 734 pmpheta
1944 684 2071 737 pru-

500 743 733 805 miserat,
779 747 1063 813 providens
1107 760 1268 819 atque
1310 755 1641 823 prospiciens
1691 758 1883 812 virtute
1931 775 2069 829 prae--

497 831 728 886 scienth
774 851 883 889 sum
931 839 982 892 in
1027 856 1145 909 quae
1200 842 1493 899 declinaret
1525 846 1678 915 juxta
1725 859 2069 917 spontaneam

498 921 824 979 voluntatem
847 928 1063 985 humani
1095 944 1270 988 motus
1299 937 1525 1005 arbitrii,
1574 939 1627 993 id
1654 941 1796 1007 quod
1837 941 2068 996 futurum

494 1020 612 1063 erat
645 1013 894 1082 inspexit,
926 1020 1165 1077 tribuens
1194 1025 1407 1093 imagini
1436 1026 1788 1083 diﬁ‘erentiam
1824 1033 1986 1085 maris
2018 1041 2072 1085 et

496 1096 721 1166 t'eniimn,
755 1120 871 1173 qua:
894 1107 1002 1174 jam
1026 1127 1130 1165 non
1162 1114 1226 1166 ad
1248 1115 1481 1171 divinam
1528 1118 1752 1173 formam
1801 1122 2061 1189 principa-

495 1188 707 1257 lemque
738 1198 1049 1265 respiceret,
1089 1202 1205 1266 sed,
1238 1206 1311 1257 uti
1342 1206 1540 1261 dictum
1580 1218 1681 1270 est,
1720 1211 2068 1265 irrationabili

496 1286 697 1333 naturae
746 1288 1105 1356 propinquare
1151 1292 1437 1348 videretur.
1489 1295 1719 1351 Causam
1766 1314 1894 1352 vero
1934 1301 2069 1352 tanti

494 1365 650 1434 hujus
678 1372 895 1428 artificis
925 1377 1022 1430 soli
1053 1380 1266 1447 quidem
1300 1382 1372 1436 illi
1406 1385 1725 1452 intelligunt,
1754 1387 1845 1455 qui
1871 1389 2068 1442 verita-

493 1462 601 1509 tem
623 1462 853 1529 propriis
880 1466 1049 1520 oculis
1070 1468 1362 1538 intuentur,
1396 1482 1450 1527 ct
1480 1476 1627 1529 verbi
1653 1477 1877 1530 ministri
1901 1487 2024 1532 sunt
2050 1498 2064 1545 ;

492 1561 591 1603 nos
620 1560 818 1617 autem,
841 1555 979 1608 sicut
1004 1565 1087 1613 est
1107 1561 1379 1627 possibile,
1404 1565 1726 1633 conjecturis
1750 1565 2065 1636 quibusdam

491 1646 653 1708 atque
683 1642 890 1701 indiciis
931 1650 1171 1707 veritatis
1210 1656 1427 1723 vestigia
1474 1670 1880 1728 prosequentes,
1919 1662 2063 1729 quod

490 1728 672 1784 incidit
701 1735 900 1801 animo,
928 1755 1034 1793 non
1062 1744 1391 1800 enuntiativo
1420 1749 1577 1803 modo
1607 1748 1941 1817 proferimus,
1971 1753 2063 1807 sed

2176 585 2372 639 nostris
2403 587 2668 655 profertur
2698 589 2985 661 inquirere.
3020 594 3210 649 Dicunt
3238 598 3378 650 enim
3409 608 3535 653 ante
3562 614 3753 669 pecca-

2176 682 2285 727 tum
2309 677 2407 731 nec
2434 686 2642 745 partum
2674 678 2856 747 fuisse,
2897 698 2997 736 nec
3019 684 3295 751 gemitum,
3330 702 3429 742 nec
3458 692 3751 758 appetitum

2174 765 2263 831 qui
2291 768 2661 834 propagationi
2705 771 2871 838 prolis
2901 772 3212 841 obsequitur
3247 796 3260 826 :
3287 777 3453 845 pulsis
3481 788 3657 834 autem
3687 782 3753 837 de

2173 857 2421 924 paradiso
2472 868 2592 928 post
2655 859 2934 927 delictum,
2992 873 3046 917 et
3101 867 3323 921 muliere
3386 874 3753 938 parturitionis

2172 944 2422 1001 damnata
2468 950 2749 1018 supplicio,
2778 960 2903 1006 tunc
2930 951 3097 1006 Adam
3144 959 3458 1012 convenisse
3503 971 3561 1015 ut
3599 977 3750 1017 suam

2173 1036 2452 1104 conjugem
2477 1037 2598 1106 jure
2622 1038 2990 1108 cognosceret,
3021 1051 3075 1097 et
3102 1046 3177 1099 sic
3206 1044 3450 1102 effectum
3482 1065 3597 1105 esse
3626 1068 3752 1121 pro-

2172 1128 2457 1182 creationis
2486 1130 2790 1187 exordium.
2821 1131 2875 1185 Si
2899 1148 3027 1200 ergo
3051 1138 3246 1204 nuptirc
3274 1138 3324 1190 in
3355 1140 3601 1207 paradiso
3642 1158 3749 1198 non

2171 1223 2345 1281 erant,
2376 1231 2550 1284 neque
2579 1219 2807 1285 gemitus
2834 1220 3047 1284 ibidem,
3082 1238 3256 1291 neque
3287 1234 3489 1295 partus,
3528 1245 3750 1286 necesse

2170 1318 2289 1358 esse
2331 1305 2479 1359 aiunt
2518 1320 2585 1361 ex
2627 1311 3075 1376 consequentibus
3118 1313 3415 1380 mstimare,
3466 1318 3607 1386 quod
3655 1335 3751 1374 ne-

2168 1410 2434 1466 quaquam
2457 1398 2932 1468 multiplicarentur
2954 1401 3214 1469 homines,
3237 1405 3334 1459 nisi
3360 1406 3424 1459 ad
3448 1408 3749 1463 mortalita-

2170 1494 2277 1538 tem
2301 1486 2437 1541 hanc
2466 1487 2841 1542 immortalitas
2870 1490 3165 1556 recidisset,
3191 1501 3245 1547 et
3274 1502 3516 1549 naturam
3549 1499 3752 1568 nuptiis

2168 1589 2262 1627 sua
2305 1577 2662 1630 conventione
2709 1588 3005 1643 servarent,
3056 1596 3153 1650 pro
3200 1582 3464 1639 defunctis
3508 1601 3603 1641 eos
3656 1590 3749 1658 qui

2167 1674 2462 1719 nascuntur
2488 1680 2555 1720 ex
2585 1668 2664 1721 eis
2691 1669 2941 1723 continua
2970 1673 3309 1728 successione
3337 1677 3644 1741 restituens,
3672 1679 3748 1734 ita

2167 1762 2223 1807 ut
2254 1754 2495 1810 videatur
2520 1764 2794 1823 peccatum
2834 1757 2993 1813 modo
3021 1760 3249 1827 quodam
3284 1762 3556 1818 hominum
3595 1767 3747 1821 utili-

490 1821 733 1875 exercitii
763 1823 882 1880 loco
928 1828 1136 1887 devotis
1182 1834 1510 1893 auditoribus
1550 1839 1875 1895 intimamus.
1925 1842 2061 1909 Quid
2099 1846 2139 1903 Β
2168 1849 2249 1896 ter
2289 1821 2668 1898 introductum.
2720 1844 3000 1901 Mansisset
3047 1857 3226 1904 autem
3276 1851 3329 1905 in
3387 1852 3489 1908 illis
3535 1855 3747 1911 duobus

491 1916 576 1963 est
603 1925 729 1979 ergo
759 1916 900 1981 quod
938 1918 1005 1973 de
1054 1922 1136 1975 his
1177 1925 1485 1993 excogitare
1528 1929 1831 1996 potuimus?
1876 1930 2067 1987 Dicens

489 1995 761 2068 Scriptura
788 2003 986 2074 divina,
1012 2011 1134 2078 quia
1166 2010 1291 2067 fecit
1314 2014 1455 2069 Deus
1477 2016 1767 2083 hominem,
1794 2018 2064 2075 indeiinita

488 2089 840 2156 signiﬁcantia
897 2112 1056 2153 omne
1103 2101 1377 2158 hominum
1420 2119 1589 2173 genus
1644 2108 1897 2163 ostendit.
1947 2109 2064 2164 Non

489 2180 631 2233 enim
663 2198 801 2239 nunc
828 2185 997 2241 Adam
1028 2190 1080 2243 in
1108 2192 1416 2248 conditione
1451 2196 1756 2251 nominatus
1778 2207 1877 2261 est,
1928 2200 2066 2254 sicut

487 2281 544 2324 et
574 2272 625 2325 in
657 2281 1108 2345 consequentibus
1137 2282 1374 2338 declarat
1424 2286 1643 2341 historia
1672 2306 1682 2340 :
1735 2289 1829 2343 sed
1868 2304 2062 2345 nomen

488 2360 694 2418 homini
742 2377 946 2434 creato,
998 2387 1106 2426 non
1151 2374 1373 2430 cuilibet
1417 2376 1622 2432 homini
1669 2382 1919 2448 generale
1957 2390 2057 2437 est.

490 2452 628 2511 llinc
649 2473 777 2527 ergo
808 2476 875 2515 ex
904 2462 1005 2519 hac
1033 2467 1271 2533 generali
1298 2477 1502 2524 natura:
1531 2472 1910 2541 appellatione,
1957 2475 2062 2529 tale

488 2546 618 2612 quid
668 2554 979 2621 excogitare
1024 2559 1421 2627 compellimur,
1464 2564 1607 2631 quod
1654 2562 1833 2617 divina
1894 2566 2062 2621 virtus

486 2643 650 2706 atque
702 2644 1033 2709 prmscientia
1099 2663 1311 2703 omnem
1377 2651 1663 2706 humanam
1710 2663 1954 2709 naturam
2008 2658 2059 2711 in

486 2727 658 2798 prima
707 2734 1012 2791 conditione
1039 2739 1318 2809 complexa
1367 2756 1484 2797 esse
1530 2743 1790 2799 videatur.
1840 2745 2063 2816 Oportet

485 2817 628 2871 enim
664 2819 770 2876 Deo
802 2824 931 2880 nihil
962 2803 1290 2885 indefinitum
1325 2831 1375 2885 in
1404 2832 1486 2888 his
1522 2848 1639 2904 qua:
1672 2837 1738 2891 ab
1764 2854 1830 2893 eo
1879 2803 2131 2894 creatae;

484 2915 609 2962 sunt
642 2914 927 2981 aestimare,
961 2918 1055 2974 sed
1106 2920 1331 2989 singulis
1374 2938 1560 2979 eorum
1607 2940 1726 2994 qua:
1769 2936 1896 2982 sunt
1941 2944 2059 2984 esse

484 2998 697 3054 modum
728 3005 1080 3063 certissimum
1111 3009 1384 3068 Creatoris
1410 3015 1671 3084 sapientia
1691 3018 2053 3074 terminatum.

484 3092 790 3151 Sicutenim
816 3101 1043 3167 quilibet
1068 3105 1154 3159 hic
1181 3106 1342 3161 homo
1356 3111 1654 3177 quantitate
1676 3112 1918 3182 corporis
1949 3122 2057 3168 ter-

2167 1928 2334 2002 genus
2360 1935 2647 1989 humanum
2677 1936 2922 2005 primitus
2948 1936 3208 2005 formatis,
3234 1956 3353 1996 cum
3366 1942 3430 1995 ad
3453 1947 3747 1999 successio-

2168 2038 2289 2077 nem
2306 2024 2452 2077 nullo
2469 2025 2655 2079 mortis
2668 2034 2812 2080 metu
2829 2034 3016 2081 natura
3031 2040 3353 2085 moveretur.
3368 2030 3471 2086 Sed
3484 2033 3536 2086 in
3556 2032 3643 2089 his
3655 2036 3745 2090 ite-

2167 2129 2282 2167 rum
2294 2128 2417 2169 vera
2430 2114 2642 2183 quidem
2655 2116 2810 2181 ratio,
2823 2132 3151 2188 quaecunque
3164 2119 3250 2173 illa
3264 2129 3364 2184 est,
3379 2122 3507 2176 solis
3519 2130 3745 2180 estnota

2164 2204 2421 2273 quijuxta
2450 2202 2672 2258 Paulum
2701 2202 2872 2261 felicis
2905 2206 3139 2276 paradisi
3173 2210 3351 2265 verbis
3389 2210 3745 2270 ineii'ahilibus

2164 2296 2713 2365 prohanturinstructi
2731 2314 2745 2363 ;
2762 2306 2945 2352 nostra
2974 2314 3102 2353 vero
3120 2300 3240 2355 talis
3263 2316 3383 2356 esse
3412 2313 3743 2360 monstratur

2163 2388 2409 2441 assertio.
2427 2385 3093 2455 Resistentibusquondam
3107 2389 3413 2446 Sadducrcis
3424 2396 3591 2447 verita
3602 2396 3638 2447 ti
3652 2410 3742 2450 re-

2162 2477 2585 2542 surrectionis,et
2597 2477 2739 2531 illam
2752 2479 3100 2533 multinubam
3114 2482 3391 2537 mulierem
3404 2499 3521 2551 qua!
3531 2496 3742 2555 septem

2160 2564 2354 2620 fratres
2392 2566 2595 2632 habuit,
2628 2567 2680 2620 in
2709 2567 2791 2621 sui
2814 2567 2961 2636 pravi
2982 2568 3247 2636 dogmatis
3272 2571 3743 2631 conﬁrmationem

2161 2652 2569 2724 proferentibus,
2600 2669 2662 2710 ac
2680 2654 2930 2724 deinceps
2960 2657 3110 2725 cujus
3131 2674 3315 2713 eorum
3346 2671 3466 2730 post
3490 2679 3741 2721 resurre-

2168 2747 2393 2801 ationem
2422 2746 2560 2801 foret
2589 2762 2724 2801 uxor
2745 2744 3159 2815 Sciscitantibus,
3182 2750 3438 2806 Dominus
3460 2757 3741 2826 reSpondit

2119 2833 2131 2856 ‘
2161 2854 2267 2892 non
2283 2839 2457 2892 solum
2478 2836 2800 2893 Sadducaeos
2822 2836 3132 2905 informans,
3156 2840 3249 2895 sed
3273 2843 3519 2897 omnibus
3546 2844 3741 2899 futurae

2162 2938 2282 2999 post
2326 2930 2774 2984 resurrectionem
2820 2931 2943 2984 vitae
2983 2942 3315 2987 sacramenta
3362 2936 3738 3003 patefaciens:

2162 3020 2227 3073 In
2258 3022 2647 3088 resurrectione,
2678 3022 2866 3089 inquit,
2909 3038 3067 3092 neque
3100 3025 3308 3091 nubent,
3352 3043 3512 3094 neque
3551 3030 3743 3087 ducent

2160 3130 2375 3178 uxores;
2402 3130 2559 3183 neque
2579 3113 2713 3165 enim
2741 3113 2876 3165 ultra
2904 3116 3032 3167 mori
3061 3122 3314 3185 poterunt,
3344 3119 3563 3183 a'qnales
3602 3122 3742 3173 enim

485 3182 735 3249 minatur,
794 3189 1089 3260 modusque
1137 3197 1445 3253 substantia:
1491 3199 1606 3268 ejus
1674 3209 1758 3256 est
1802 3202 2053 3270 qualitas,
2086 3222 2130 3281 ρ
2160 3205 2353 3277 angelis
2407 3182 2545 3265 sunt,
2594 3211 2642 3255 et
2688 3211 2806 3256 sunt
2845 3203 2943 3272 filii
2969 3182 3086 3267 Dei,
3114 3220 3227 3258 cum
3265 3208 3369 3259 sint
3394 3208 3493 3277 ﬁlii
3520 3208 3619 3264 Dei
3659 3228 3741 3264 re-

485 3288 601 3341 qua:
637 3276 795 3330 simul
840 3296 959 3335 cum
1001 3287 1281 3353 superficie
1325 3291 1570 3359 corporis
1616 3291 1935 3361 explicatur,
1982 3295 2059 3347 sic

483 3362 715 3419 arbitror
743 3367 888 3421 veiut
917 3372 969 3424 in
1001 3388 1107 3427 uno
1143 3376 1375 3443 quodam
1416 3392 1660 3449 corpore,
1693 3389 1859 3435 totam
1888 3382 2057 3452 pleni-

484 3451 722 3509 tudinem
770 3458 1116 3517 humanitatis
1144 3464 1211 3518 ab
1244 3466 1603 3523 universitatis
1650 3478 1872 3527 auctore
1918 3487 2056 3541 prae-

484 3546 721 3602 scientia:
751 3551 944 3609 virtute
965 3556 1300 3626 complexam
1327 3578 1339 3612 :
1374 3562 1557 3617 ethoc
1604 3563 1934 3634 Scripturam
1974 3567 2055 3620 in—

484 3638 717 3706 sinuare,
748 3658 869 3697 cum
897 3644 1065 3701 dicit:
1100 3647 1167 3702 Et
1186 3652 1307 3721 fecit
1328 3651 1468 3706 Deus
1498 3654 1786 3721 hominem;
1818 3657 1885 3709 ad
1922 3659 2055 3711 ima-

484 3729 653 3797 ginem
684 3730 779 3786 Dei
804 3736 922 3803 fecit
945 3736 1109 3792 illum.
1142 3740 1257 3795 Non
1287 3744 1431 3798 enim
1470 3745 1644 3814 imago
1671 3747 1784 3801 haec
1812 3747 1863 3800 in
1903 3758 2056 3817 parte

484 3826 690 3874 natura:
714 3832 813 3887 est,
855 3840 954 3879 nec
999 3826 1049 3880 in
1079 3844 1186 3883 uno
1233 3832 1412 3901 aliquo
1452 3837 1545 3903 qui
1592 3837 1643 3890 in
1691 3837 2058 3903 singularitate

485 3911 700 3978 pr0pria
727 3914 963 3969 cernitur
992 3917 1091 3971 ista
1132 3921 1302 3986 gratia
1326 3926 1660 3989 terminatur,
1689 3926 1782 3979 sed
1813 3928 1867 3979 in
1896 3942 2057 3983 omne

483 4013 651 4063 genus
687 4004 962 4070 mqualiter
992 4005 1102 4061 ιιωε
1134 4009 1253 4063 talis
1281 4020 1334 4065 et
1366 4019 1512 4066 tanta
1561 4016 1801 4083 potentia
1846 4017 2056 4071 virtutis

484 4092 737 4144 excurrit.
788 4091 957 4159 Hujus
996 4106 1174 4150 autem
1210 4100 1285 4153 rei
1334 4102 1542 4168 signum
1583 4112 1684 4170 est,
1730 4105 1875 4174 quod
1905 4121 2054 4161 mens

482 4179 760 4245 :cqualiter
785 4184 1030 4238 omnibus
1063 4186 1261 4241 inserta
1299 4199 1381 4242 est
1414 4209 1425 4243 :
1458 4192 1722 4248 universis
1753 4204 1931 4249 autem
1962 4211 2052 4250 eo-

482 4271 680 4335 gitandi
712 4281 765 4326 et
795 4276 1119 4343 recogitandi
1163 4290 1373 4335 constat
1410 4283 1584 4339 inesse
1633 4287 1916 4351 rationem,
1950 4303 2045 4341 cae-

484 4373 597 4415 tera
626 4365 802 4417 omnia
825 4368 1016 4434 quibus
1043 4370 1233 4425 divina:
1261 4383 1463 4428 naturm
1490 4376 1784 4431 similitudo
1810 4377 2051 4433 declara-

484 4464 587 4517 tnr,
618 4456 667 4507 in
696 4470 760 4509 eo
790 4458 931 4526 quod
964 4461 1028 4514 ad
1061 4462 1344 4531 imaginem
1377 4466 1466 4520 Dei
1507 4467 1677 4523 factus
1719 4471 2043 4535 agnoscitur.

478 4544 602 4599 Sive
631 4547 772 4601 enim
805 4549 892 4603 ille
919 4552 1007 4618 qui
1032 4553 1199 4621 prima
1243 4556 1424 4610 mundi
1462 4569 1544 4612 est
1581 4560 1888 4615 conditione
1935 4562 2046 4615 for—

478 4644 671 4699 matus,
716 4639 828 4693 sive
884 4640 969 4695 hic.
1014 4645 1102 4711 qui
1147 4654 1267 4712 post
1312 4651 1830 4704 consummationem
1886 4652 2049 4705 totius

476 4729 655 4783 nnntdi
694 4730 905 4787 futurus
926 4742 1024 4798 est,
1055 4738 1334 4804 aequaliter
1361 4741 1410 4793 in
1441 4755 1498 4793 se
1535 4740 1767 4795 divinam
1798 4741 2049 4811 praeferre

476 4820 734 4886 probatur
776 4823 1076 4891 imaginem.
1112 4828 1315 4884 Idcirco
1336 4846 1471 4885 llltllS
1518 4833 1680 4886 homo
1728 4834 2046 4889 universitas

477 4907 739 4974 appellata
765 4920 869 4975 est,
892 4914 1017 4980 quia
1045 4914 1237 4969 divinze
1278 4923 1529 4987 potentia:
1574 4938 1673 4977 nec
1718 4925 2043 4992 przcteritum

470 4996 675 5065 aliquid
702 5014 799 5053 nec
828 4998 1079 5066 futurum,
1106 5006 1199 5059 sed
1228 5016 1282 5061 et
1310 5010 1453 5077 quod
1489 5021 1848 5081 exspectatur,
1879 5014 2043 5069 veluti

473 5090 515 5140 si
550 5100 742 5158 praesto
769 5092 857 5152 sit,
899 5095 1093 5149 virtute
1140 5113 1242 5166 qua
1273 5102 1512 5155 continet
1562 5103 1818 5157 intuetur.
1861 5102 2047 5159 Omnis

475 5181 653 5248 itaque
700 5191 886 5236 natura
930 5200 958 5237 a
1000 5188 1187 5253 primis
1214 5203 1384 5258 usque
1413 5192 1479 5243 ad
1522 5194 1839 5247 novissimos
1881 5203 2047 5249 trans-

471 5285 713 5333 currens,
749 5288 850 5326 una
888 5276 1127 5341 qumdam
1174 5287 1254 5330 est
1296 5280 1471 5345 imago
1510 5282 1857 5336 substantiam
1903 5284 2047 5338 dilic-

470 5365 641 5415 rentia
674 5378 801 5417 vero
832 5365 883 5417 in
914 5368 1151 5420 masculo
1192 5376 1245 5420 et
1274 5369 1467 5423 femina
1494 5370 1749 5440 deinceps
1777 5375 1847 5427 ob
1886 5375 2041 5436 hanc,

471 5462 528 5506 nt
556 5453 810 5523 arbitror,
840 5471 1053 5511 causam
1088 5458 1136 5514 in
1161 5452 1586 5515 cdnformatione
1623 5472 1838 5530 peracta
1870 5473 1969 5516 est.

1046 5566 1272 5623 CAPUT
1308 5567 1491 5624 XVIII.

469 5654 609 5721 QtiJ
636 5666 867 5718 oporteat
898 5658 1202 5725 respondere
1226 5662 1296 5711 eis
1321 5662 1403 5729 qui
1434 5660 1744 5727 utnbigentes
1782 5662 2041 5729 inquirunt

738 5744 803 5778 un
835 5741 1093 5796 peccatum
1124 5731 1408 5797 procreatio
1437 5731 1660 5797 ﬁliarum
1690 5732 1772 5783 sit.

540 5816 723 5874 Melius
770 5828 945 5875 autem
1007 5820 1307 5889 priusquam
1361 5822 1653 5890 propositio
1725 5823 2034 5884 ventilctnr,

2160 3295 2509 3349 surrectt'om's.
2561 3290 2743 3347 Gratia
2783 3307 2909 3348 vero
2952 3296 3362 3351 resurrectionis
3407 3299 3535 3351 nihil
3585 3303 3740 3355 nobis

2160 3383 2301 3438 aliud
2349 3382 2632 3451 pollicetur
2668 3396 2825 3449 quam
2880 3388 2937 3435 ut
2985 3383 3261 3452 antiquum
3310 3385 3363 3438 in
3421 3395 3620 3442 statum
3671 3405 3739 3444 ex

2158 3475 2354 3530 nostris
2382 3474 2615 3543 lapsibus
2644 3475 2978 3531 innovemur.
3004 3472 3227 3540 Quidam
3270 3491 3499 3546 namque
3529 3494 3739 3547 regreso

2157 3582 2247 3620 sus
2277 3566 2343 3619 ad
2387 3565 2662 3634 pristinam
2711 3564 2892 3629 vitam,
2924 3566 3092 3632 gratia
3134 3580 3292 3634 quam
3343 3570 3741 3636 prmstolamur,

2158 3656 2361 3722 existit,
2391 3670 2506 3723 qum
2534 3654 2742 3723 pulsum
2772 3654 2842 3709 de
2870 3654 3114 3724 paradiso
3143 3656 3415 3711 hominem
3461 3658 3589 3714 illuc
3636 3661 3739 3715 ite-

2159 3761 2275 3800 rum
2309 3746 2532 3799 feliciter
2561 3744 2868 3799 iutroducit.
2900 3744 2954 3798 Si
2986 3744 3145 3813 igitur
3182 3755 3557 3815 reparatorum
3604 3766 3736 3804 cou-

2158 3836 2391 3891 versatio
2438 3834 2797 3889 familiaritate
2827 3849 2892 3889 ac
2923 3850 3145 3890 numero
3185 3837 3481 3891 soeiahitur
3517 3840 3736 3906 angelo-

2157 3941 2296 3992 rum,
2334 3925 2535 3978 clarum
2575 3934 2657 3980 est
2702 3924 2842 3993 quod
2890 3924 3051 3979 homo
3098 3933 3222 3980 ante
3268 3926 3474 3979 ruinam
3517 3927 3737 3996 quidam

2158 4019 2379 4086 angelus
2427 4019 2739 4072 habebatur.
2791 4016 2994 4071 Idcirco
3022 4026 3225 4071 etcum
3257 4018 3487 4087 priorem
3535 4027 3739 4079 statum

2158 4109 2262 4160 vita
2286 4115 2467 4161 nostra
2496 4107 2776 4175 receperit,
2802 4107 3004 4173 angelis
3027 4106 3388 4161 indubitanter
3413 4109 3741 4176 mquabitur.

2155 4195 2259 4250 Sed
2318 4196 2593 4265 quamvis,
2648 4204 2708 4248 ut
2753 4195 2952 4249 dictum
2997 4204 3114 4260 est,
3177 4196 3320 4250 inter
3371 4197 3493 4252 illos
3536 4202 3742 4269 nuptias

2154 4286 2311 4340 nulla:
2331 4286 2458 4351 sint,
2492 4294 2667 4339 tamen
2696 4286 2746 4339 in
2777 4285 2992 4339 iniinitis
3015 4286 3247 4340 millibus
3275 4288 3545 4343 exercitus
3574 4305 3744 4360 θυεμ

2154 4374 2324 4428 lorum
2352 4383 2496 4439 sunt,
2537 4376 2608 4428 ita
2640 4374 2857 4429 Daniele
2901 4377 3161 4444 propheta
3205 4377 3256 4430 in
3288 4378 3399 4432 suis
3442 4379 3743 4436 visionibus

2154 4464 2449 4517 intimante.
2492 4463 2633 4531 Ergo
2674 4464 2826 4532 juxta
2873 4464 3118 4517 eumdem
3166 4465 3381 4519 modum
3432 4468 3476 4521 si
3528 4472 3741 4539 peccati

2152 4554 2326 4608 nullus
2351 4569 2601 4610 excessus
2621 4555 2688 4607 ab
2714 4555 2802 4607 illa
2832 4569 2930 4608 nos
2967 4554 3209 4621 angelica
3254 4555 3514 4623 dignitate
3545 4558 3740 4613 distra-

2152 4643 2321 4707 heret,
2354 4658 2455 4697 nec
2484 4642 2637 4697 nobis
2663 4644 2845 4711 utique
2872 4642 2937 4695 ad
2984 4643 3476 4713 multiplicationem
3522 4651 3742 4714 generis

2151 4736 2350 4803 nuptirc
2378 4735 2691 4789 necessariae
2720 4735 3092 4802 probarentur.
3142 4734 3248 4789 Sed
3293 4737 3603 4806 quicunque
3650 4742 3744 4796 ille

2151 4834 2353 4879 natune
2382 4833 2559 4879 motus
2584 4834 2685 4889 est,
2716 4841 2823 4894 quo
2853 4827 3024 4893 angeli
3063 4827 3506 4897 multiplicantur,
3550 4834 3743 4900 perfe-

2149 4916 2417 4969 ctissimus
2446 4915 2679 4983 quidem,
2714 4916 2836 4970 licet
2863 4916 3187 4983 coniecturis
3215 4918 3465 4973 humanis
3510 4923 3747 4991 excogi-

2150 5008 2249 5060 tari
2294 5014 2542 5075 nequeat.
2576 5007 2956 5061 Verumtamen
2981 5007 3072 5075 qui
3113 5007 3353 5076 profecto
3394 5011 3596 5065 existat
3650 5014 3749 5068 hic

2151 5096 2362 5160 modus,
2389 5105 2443 5150 et
2473 5098 2525 5150 in
2550 5097 2633 5151 his
2655 5098 2745 5165 qui
2774 5098 2935 5167 paulo
2964 5098 3137 5152 minus
3164 5114 3322 5167 quam
3354 5102 3530 5167 angeli
3558 5102 3713 5157 hono
3734 5137 3751 5146 ς

2152 5192 2251 5243 rati
2282 5199 2423 5250 sunt,
2448 5188 2697 5243 etl'eetum
2727 5204 2838 5242 sua;
2862 5191 3192 5257 operationis
3220 5191 3535 5254 ostenderit,
3564 5208 3756 5263 usque

2151 5281 2217 5333 ad
2247 5282 2677 5350 praedestinatum
2709 5296 2983 5334 numerum
3006 5294 3174 5348 genus
3195 5283 3485 5337 humanum
3514 5281 3758 5338 Creato-

2148 5375 2220 5426 ris
2249 5372 2523 5426 voluntate
2550 5371 2923 5440 multiplicans.
2953 5370 3010 5425 Si
3032 5387 3158 5427 vero
3179 5373 3441 5443 quispiam
3465 5390 3563 5428 nos
3595 5376 3763 5431 forte

2152 5470 2418 5525 coarctet,
2469 5461 2744 5527 inquirens
2794 5460 3010 5514 modum
3057 5461 3231 5529 ipsum
3276 5477 3385 5531 quo
3429 5466 3762 5531 potuissent

2153 5552 2341 5604 anima:
2372 5550 2502 5609 tieri,
2528 5551 2574 5603 si
2602 5550 2761 5603 homo
2783 5549 3083 5617 nuptiarum
3111 5564 3273 5619 opera
3300 5566 3408 5604 non
3428 5555 3762 5621 qumsisset,

2152 5644 2538 5708 interrogemus
2565 5651 2619 5694 et
2651 5656 2765 5706 nos,
2809 5642 2899 5709 qui
2930 5642 3120 5695 modus
3145 5644 3212 5695 sit
3249 5643 3599 5698 institutionis
3640 5664 3765 5701 an-

2149 5732 2348 5799 gelicze,
2382 5731 2652 5800 quomodo
2681 5732 2730 5785 in
2768 5732 2984 5786 iniinitis
3010 5733 3243 5785 millibus
3280 5741 3333 5786 et
3383 5733 3435 5786 in
3468 5751 3573 5787 una
3608 5742 3771 5791 sub-

2150 5825 2335 5876 sistere
2378 5822 2668 5889 probentur
2711 5824 2960 5888 essentia,
3014 5825 3064 5876 tn
3108 5823 3275 5877 multo
3325 5826 3579 5879 n’tnirum
3639 5845 3770 5888 tua.
