4000 6344
212 286 304 344 5ἷῖ

990 290 1164 348 LlBlil
1196 292 1284 349 DE
1325 292 1711 351 CREATIONE
1749 290 2023 348 liOMINlS
2060 292 2627 349 lN'l'ERPitETATIO.

3362 289 3463 343 573

212 422 356 463 mero
382 405 680 463 constituti.
715 404 827 461 lloc
854 406 1051 477 quippe
1078 410 1468 479 competentius
1491 406 1786 477 respondc—
1815 407 1860 466 A
1891 416 1990 466 est.
2023 406 2089 461 ad
2110 407 2340 462 hominis
2367 407 2617 461 translata
2648 404 3127 473 conservationem,
3161 420 3466 476 passionum

210 513 323 553 mus
350 496 399 551 ci
442 496 532 566 qui
584 496 852 566 proponit,
902 497 1171 565 quomodo
1215 498 1385 567 possit
1429 500 1544 553 sine
1590 498 1787 567 nuptiis

210 589 370 642 homo
398 588 709 657 persistere,
741 587 999 650 dicentes,
1034 604 1100 643 eo
1130 590 1291 644 modo
1319 607 1426 660 quo
1455 591 1629 658 angeli
1672 591 1787 644 sine

209 679 406 746 nuptiis
437 692 554 730 esse
602 685 919 731 noscuntur.
967 678 1100 733 Nam
1130 680 1274 749 quod
1319 682 1506 736 similis
1540 683 1617 737 eis
1665 690 1788 735 ante

209 773 686 839 transgressionem
720 772 877 825 fuerit
906 774 1086 838 homo,
1117 789 1302 827 rursus
1331 773 1568 841 ejusdem
1598 771 1787 828 simili-

206 864 441 916 tudinem
474 863 784 918 reformatio
812 865 1136 921 manifestat.
1179 866 1273 920 llis
1308 867 1468 934 igitur
1496 866 1599 919 hoc
1629 864 1788 918 modo

205 956 507 1022 patefactis,
542 954 606 1007 ad
637 957 967 1025 propositam
998 957 1347 1025 quaxstionem
1387 965 1629 1012 recurrat
1668 971 1790 1010 ora-

204 1042 300 1105 tio,
331 1057 451 1095 cnm
481 1044 523 1096 si
555 1052 673 1111 post
714 1045 1076 1098 conditionem
1122 1046 1386 1113 imaginis,
1435 1045 1787 1099 differentiam

204 1132 367 1184 maris
408 1141 465 1186 ct
509 1132 716 1187 femina:
764 1133 905 1187 Deus
949 1150 1046 1189 suo
1076 1136 1321 1202 dignatus
1372 1138 1443 1191 sit
1484 1137 1789 1203 excogitare

206 1219 565 1275 ﬁrmamento.
598 1223 677 1276 Ad
700 1224 803 1276 hoc
828 1224 969 1277 enim
996 1225 1177 1279 utilem
1209 1226 1381 1280 fateor
1397 1241 1517 1281 esse
1544 1227 1791 1294 superio-

209 1327 324 1366 rem
360 1312 498 1365 hanc
530 1313 917 1382 inspectionem
948 1329 1065 1383 quae
1093 1330 1122 1367 a
1152 1316 1307 1370 nobis
1337 1324 1654 1386 exprompta
1688 1325 1788 1370 est.

201 1400 338 1453 Nam
369 1402 459 1468 qui
491 1412 681 1456 cuncta
715 1412 772 1455 ut
800 1412 979 1457 essent
1010 1404 1278 1472 produxit,
1302 1414 1581 1476 totumque
1618 1406 1791 1467 homi-

199 1508 321 1544 nem
346 1508 440 1545 sua
474 1492 821 1560 dispositione
848 1495 912 1548 ad
936 1495 1169 1549 divinam
1210 1496 1460 1551 formavit
1484 1499 1788 1566 imaginem,

200 1596 543 1649 nequaquam
575 1582 750 1650 parvis
778 1598 842 1637 ac
872 1583 1097 1638 modicis
1142 1584 1533 1653 adjectionibus
1575 1590 1795 1657 pertulit

199 1673 507 1726 animarum
543 1688 821 1727 numerum
853 1674 903 1727 in
935 1690 1027 1728 sua
1058 1676 1386 1745 plenitudine
1425 1678 1598 1733 minus
1623 1679 1793 1734 videri

1890 499 2039 552 initia
2058 498 2196 553 facta
2217 510 2360 554 sunt.
2386 499 2588 554 Furore
2611 514 2841 567 namque
2857 510 3244 553 conservantur
3260 500 3464 565 bestiae,

1890 603 2007 657 qute
2035 605 2198 645 carne
2226 600 2513 645 vescuntur
2537 606 2551 654 ;
2578 604 2907 658 quaecunque
2929 605 3057 644 vero
3086 591 3280 645 lasciva
3321 599 3466 659 sunt,

1888 664 2055 747 genus
2076 696 2229 734 suum
2261 682 2648 750 propagatione
2676 681 3063 750 multiplicant:
3084 681 3204 749 fuga
3236 682 3470 737 custodit

1888 770 2198 836 invalidum,
2231 780 2285 825 et
2309 779 2481 825 metus
2505 787 2626 826 eum
2664 778 2846 825 tuetur
2874 772 2963 839 qui
2992 772 3197 827 facilius
3221 789 3250 826 a
3278 774 3469 851 foptio-

1888 864 2035 919 ribus
2061 866 2298 933 capitur;
2328 866 2699 935 corpulentum
2725 880 2938 935 quoque
2987 874 3165 920 servat
3190 866 3465 934 edacitas;

1890 961 1945 1007 ct
1971 954 2015 1009 si
2046 955 2331 1021 contigerit
2368 970 2474 1009 non
2505 957 2715 1024 assequi
2757 956 2899 1024 quod
2939 956 3185 1024 voluptas
3220 957 3465 1027 inquirit,

1891 1044 1951 1096 tit
1973 1045 2351 1098 irrationabilis
2375 1046 2620 1099 nimroris
2649 1047 2885 1100 occasio.
2919 1045 3043 1099 Htec
3059 1056 3236 1100 autem
3268 1048 3466 1111 omnia,

1892 1142 1945 1187 et
1974 1134 2019 1187 si
2045 1149 2149 1201 qua
2178 1143 2301 1187 sunt
2324 1134 2470 1198 talia,
2503 1150 2565 1188 ex
2593 1136 2807 1189 animali
2846 1136 3109 1203 brutaque
3140 1136 3475 1191 institutione

1892 1225 2223 1291 generationi
2253 1226 2526 1279 hominum
2553 1227 2840 1280 accessisse
2867 1241 2974 1280 non
2999 1227 3215 1281 dubium
3241 1237 3338 1283 est.
3368 1227 3473 1283 Sed

1893 1313 2021 1366 mihi
2047 1313 2374 1367 concedatur
2397 1321 2453 1367 ut
2475 1313 2625 1380 juxta
2653 1315 2934 1383 quamdam
2968 1314 3237 1369 fictionem
3268 1317 3343 1370 rei
3373 1316 3476 1370 mi-

1892 1402 2075 1456 rabilis
2109 1403 2397 1456 humanam
2433 1402 2656 1456 formam
2699 1419 2948 1459 sermone
2975 1406 3294 1460 describam.
3325 1405 3475 1461 Sicut

1894 1492 2037 1545 enim
2066 1491 2308 1546 videmus
2346 1492 2413 1546 de
2450 1491 2610 1546 rebus
2642 1490 2777 1548 ﬁctis
2804 1494 3073 1563 sculptilia
3116 1494 3228 1549 fieri
3257 1496 3475 1549 simula-

1896 1598 1986 1637 cra
2027 1598 2145 1651 qua:
2200 1584 2519 1637 intuentium
2548 1583 2755 1639 animos
2796 1583 2864 1637 ad
2915 1593 3189 1654 stuporem
3238 1593 3472 1649 vertunt,

1896 1673 1950 1726 bi
1999 1673 2090 1741 qui
2143 1673 2300 1740 hujus
2349 1687 2468 1727 esse
2513 1673 2810 1741 probantur
2861 1673 2994 1727 artis
3050 1673 3345 1743 exculpunt
3400 1673 3473 1725 ita

198 1760 524 1829 perfectum.
569 1762 676 1816 Sed
716 1763 875 1817 simul
912 1766 1211 1818 universam
1259 1766 1643 1835 plenitudinem
1691 1769 1791 1823 hu-
1826 1770 1957 1828 But
2004 1764 2267 1819 interdum
2312 1779 2476 1817 unum
2513 1771 2675 1832 caput
2710 1762 2935 1817 biforme
2987 1764 3354 1829 constituant,
3401 1762 3479 1817 sic

200 1864 377 1903 mana:
426 1860 629 1903 natura:
668 1850 859 1904 eﬂ'ectu
909 1852 1255 1921 pncscientia:
1309 1856 1575 1923 contulit,
1628 1872 1789 1925 quam

201 1944 371 1992 etiam
415 1940 798 1995 sublimissimo
838 1951 1000 2008 atque
1046 1946 1355 2012 angelorum
1405 1963 1512 2001 non
1550 1948 1793 2002 dissimili

200 2029 309 2085 line
338 2030 721 2099 condecorans,
750 2034 874 2102 quia
898 2036 1051 2089 scivit
1070 2040 1438 2106 omnipotente
1461 2040 1792 2110 providentia

196 2120 349 2186 quod
382 2137 487 2174 non
518 2130 664 2175 recte
705 2133 1012 2178 moveretur
1037 2126 1286 2181 humana:
1314 2129 1605 2183 voluntatis
1646 2131 1793 2185 arbi-

202 2212 393 2273 trium,
424 2220 478 2265 et
507 2222 726 2282 propter
751 2214 854 2268 hoc
884 2215 951 2269 ab
978 2215 1064 2270 illa
1107 2218 1348 2285 angelica
1378 2221 1792 2276 conversatione

202 2300 509 2368 recederet,
541 2318 607 2355 ne
640 2318 731 2371 per
761 2304 865 2357 hoc
896 2304 1245 2360 humanarum
1276 2308 1556 2363 multitudo
1586 2310 1793 2366 minue-

202 2402 365 2444 retur
392 2392 717 2458 animarum,
741 2392 938 2447 cadens
961 2394 1027 2447 ab
1053 2410 1117 2449 eo
1143 2396 1300 2451 modo
1321 2414 1427 2468 quo
1455 2399 1791 2469 multiplicati

202 2489 334 2533 sunt
376 2482 569 2546 angeli,
622 2490 907 2551 propterea
940 2493 1140 2538 natura:
1184 2495 1381 2540 nostra:
1409 2502 1700 2556 congruam
1741 2498 1795 2545 et

201 2568 427 2636 dignam
464 2570 544 2624 his
592 2570 680 2638 qui
713 2571 763 2624 in
795 2580 1018 2642 peccato
1049 2573 1354 2629 laberentur
1390 2578 1792 2647 multiplicatio-

200 2658 291 2711 nis
322 2659 714 2726 providentiam
760 2662 973 2726 format,
1016 2679 1115 2732 pro
1162 2665 1398 2732 angelica
1447 2668 1793 2735 sublimitate,

202 2747 574 2817 iumentorum
640 2760 801 2822 atque
865 2753 1308 2810 irrationabilium
1375 2757 1626 2826 modum,
1689 2777 1795 2831 quo

200 2840 389 2892 exisse
429 2840 527 2893 sibi
566 2842 872 2907 succedunt,
901 2843 1140 2900 inserens
1183 2846 1427 2901 humana:
1463 2845 1793 2905 substantie.

202 2926 351 2981 Hinc
382 2929 507 2983 mihi
542 2931 753 2985 videtur
780 2942 835 2986 et
871 2947 1093 3001 magnus
1137 2935 1227 2989 ille
1257 2935 1421 2991 David
1463 2942 1797 3009 compatiens

201 3019 461 3074 humana:
489 3023 715 3077 miseriae
739 3025 931 3079 talibus
960 3028 1136 3083 verbis
1160 3027 1273 3096 ejus
1302 3029 1499 3086 deﬂere
1525 3041 1794 3104 naturam,

1896 1856 2129 1911 hominis
2157 1855 2353 1925 duplex
2381 1870 2442 1910 ac
2473 1856 2739 1909 contraria
2781 1855 3071 1909 similitudo
3107 1855 3350 1923 quzcdam
3398 1854 3477 1907 vi-

1896 1946 2053 2000 detur
2088 1945 2339 2009 existere,
2391 1953 2573 1999 mente
2625 1944 2838 2013 quidem
2867 1959 2971 2012 qua
3020 1944 3129 2000 Deo
3162 1945 3353 2013 dignus
3396 1952 3478 1997 cst

1896 2035 1963 2088 ad
2008 2034 2243 2087 divinam
2291 2033 2552 2089 formatus
2589 2033 3076 2103 pulchritudinem,
3139 2035 3477 2105 passionibus

1896 2131 2074 2177 autem
2117 2138 2340 2191 quarum
2381 2124 2625 2192 pulsatur
2670 2124 2870 2192 impetu
2913 2124 2980 2177 ad
3028 2124 3184 2177 bruta
3224 2124 3474 2177 animalia

1895 2216 2123 2285 quadam
2172 2216 2498 2285 prOprietate
2544 2214 2898 2282 cor-junctus:
2945 2216 3251 2283 frequenter
3298 2223 3475 2269 autem

1895 2315 2074 2361 motus
2100 2321 2237 2376 pene
2266 2308 2455 2360 brutus
2488 2304 2738 2370 efficitur,
2774 2307 2989 2374 quoties
3013 2306 3078 2359 ad
3124 2314 3300 2361 motus
3337 2307 3474 2361 irra-

1898 2393 2179 2448 tionabiles
2207 2394 2420 2462 penitus
2448 2394 2753 2459 inclinatur,
2787 2394 3079 2449 obscurans
3127 2394 3177 2449 id
3208 2395 3349 2465 quod
3395 2403 3478 2449 est

1896 2485 1949 2538 in
1980 2500 2039 2539 se
2061 2485 2269 2547 melius,
2299 2484 2582 2538 deterioris
2603 2482 2818 2539 affectu.
2852 2483 2974 2537 Mox
3003 2485 3145 2538 enim
3180 2493 3239 2537 ut
3262 2486 3383 2554 quis
3410 2486 3476 2539 ad

1895 2574 2161 2643 passionis
2187 2575 2362 2628 tabem
2409 2572 2704 2627 efficaciam
2743 2573 2938 2627 mentis
2983 2572 3270 2639 inﬂexerit,
3320 2575 3477 2644 eique

1896 2679 1991 2718 sua
2023 2664 2243 2717 consilia
2272 2663 2474 2718 servire
2501 2663 2841 2732 compulerit,
2874 2671 3000 2717 tunc
3022 2664 3263 2731 quaedam
3292 2664 3479 2732 depra-

1897 2755 2039 2809 vatio
2068 2754 2221 2809 bonte
2253 2754 2588 2809 formationis
2616 2754 2937 2818 ostenditur,
2967 2762 3021 2809 et
3052 2755 3126 2808 ita
3150 2764 3337 2809 natura
3368 2771 3478 2809 om-

1898 2846 1982 2901 nis
2010 2847 2061 2900 in
2107 2847 2366 2900 malitiam
2392 2854 2773 2909 commutatur,
2801 2862 2924 2901 cum
2948 2845 3059 2914 jam
3103 2848 3241 2901 ratio
3270 2847 3479 2915 penitus

1898 2937 2108 2991 excolat
2136 2937 2396 3007 principia
2430 2937 2760 3007 passionum,
2800 2944 2856 2992 et
2901 2936 2953 2990 in
2996 2946 3340 3004 augmentum
3382 2952 3478 2991 ne-

1898 3033 2079 3100 quitia:
2108 3032 2355 3087 vitiorum
2384 3045 2574 3087 causas
2594 3031 2736 3100 ipsas
2764 3028 3119 3098 cogitationes
3142 3028 3479 3098 multiplicet.

199 3112 355 3181 quid
388 3114 537 3165 homo
585 3130 699 3167 cum
747 3117 802 3167 in
842 3116 1035 3171 honore
1063 3130 1211 3185 esset,
1243 3137 1347 3175 non
1390 3122 1662 3190 intellexit,
1695 3127 1795 3180 ho-
1827 3145 1871 3207 ρ
1904 3123 2355 3192 Cooperationem
2385 3136 2618 3190 namque
2644 3136 2794 3176 suam
2831 3135 2985 3175 mens
3013 3119 3348 3189 passionibus
3388 3135 3483 3173 ex-

201 3220 403 3258 norem
434 3202 617 3260 dicens
641 3206 785 3274 quod
811 3209 1009 3264 sanctis
1036 3212 1239 3278 angelis
1284 3214 1575 3270 consimilis
1598 3214 1799 3286 fuerat;

199 3305 502 3366 propterea
560 3311 887 3367 comparatus
934 3311 1010 3354 est
1050 3301 1300 3371 jumenlis
1348 3307 1704 3375 insipientibus
1753 3319 1804 3363 et

198 3389 400 3441 similis
436 3392 605 3457 [actus
634 3400 710 3443 est
736 3392 861 3446 illis.
899 3392 1037 3446 Vere
1062 3409 1291 3463 namque
1334 3395 1577 3464 jumento
1614 3399 1803 3456 similis

201 3476 390 3531 factus
420 3486 521 3541 est,
549 3479 639 3548 qui
678 3478 819 3535 hanc
840 3481 1126 3537 animalem
1155 3486 1558 3552 generationem
1604 3488 1657 3542 in
1706 3504 1801 3545 sua

204 3577 411 3619 natura
452 3568 705 3638 suscepit,
751 3581 972 3640 propter
1000 3575 1368 3632 conversionis
1410 3592 1592 3633 casum
1615 3580 1709 3649 qui
1752 3582 1801 3636 ei

203 3672 275 3713 ex
308 3655 744 3714 conformatione
770 3662 1008 3717 materize
1036 3665 1280 3734 contigit.
1753 3658 1760 3664 ’

813 3770 1041 3827 CAPUT
1080 3772 1215 3829 XIX.

207 3858 765 3938 Quodpassionesin
812 3862 959 3938 nobis
986 3864 1371 3938 irrationabiles
1400 3881 1465 3920 ea:
1503 3870 1806 3938 cognatione

376 3930 538 3999 ipsius
568 3935 768 3984 natura
794 3932 1073 4000 probentur
1099 3934 1285 3988 habere
1326 3930 1641 3992 occasionis.

288 4019 542 4074 Arbitror
570 4020 710 4074 enim
733 4038 798 4075 ex
828 4022 931 4077 hoc
960 4023 1130 4088 initio,
1178 4026 1341 4079 etiam
1382 4027 1511 4082 vitia
1560 4029 1807 4085 universa

198 4110 382 4163 veluti
413 4124 443 4162 e
475 4108 624 4165 fonte
651 4111 885 4180 quodam
914 4114 1189 4167 manantia
1230 4124 1437 4171 scatere
1480 4116 1533 4170 in
1575 4116 1809 4173 hominis

197 4202 634 4255 conversatione
656 4202 974 4257 miseranda.
998 4201 1108 4258 llac
1124 4212 1302 4258 autem
1329 4220 1559 4274 prtesens
1580 4209 1806 4263 assertio

198 4291 695 4359 argumentatione
742 4289 1001 4354 firmatur,
1033 4292 1176 4362 quod
1218 4295 1527 4362 passionum
1563 4298 1805 4364 quaedam

196 4381 475 4447 cognatio
504 4380 660 4434 nobis
689 4389 745 4434 et
783 4380 1238 4436 irrationabilibus
1263 4385 1485 4453 aequalis
1525 4395 1803 4455 appareat.

1908 3212 2120 3280 bibens,
2148 3212 2460 3265 mu'tifidam
2491 3212 2821 3281 densamque
2848 3210 3111 3264 malorum
3134 3210 3344 3280 c0piam
3367 3224 3485 3279 pro-

1905 3303 2125 3357 creavit.
2177 3300 2268 3355 Sic
2302 3300 2467 3355 libido
2498 3299 2788 3369 voluptatis
2829 3298 3110 3353 exordium
3158 3296 3371 3366 quidem
3415 3295 3483 3351 de

1905 3393 2252 3448 similitudine
2281 3402 2483 3447 naturae
2507 3390 2889 3445 irrationabilis
2918 3390 3123 3454 habuit,
3158 3388 3253 3444 sed
3301 3389 3374 3442 in‘
3392 3404 3482 3442 ex-

1907 3484 2147 3541 cessibus
2171 3485 2450 3539 hominum
2482 3483 2833 3537 vehementer
2870 3480 3128 3546 accrevit,
3170 3486 3348 3533 tantas
3393 3475 3488 3532 dif-

1908 3574 2160 3629 ferentias
2187 3581 2588 3642 procreaturum
2610 3585 2731 3640 qua:
2748 3570 2969 3624 veniunt
2989 3582 3053 3622 ex
3078 3569 3190 3639 ipsa
3213 3568 3489 3623 voluntate

1907 3678 2290 3734 progenerans,
2312 3669 2542 3731 quantas
2567 3661 2619 3714 in
2642 3657 3095 3713 irrationabilibus
3122 3658 3361 3712 invenire
3382 3674 3490 3713 non

1907 3754 2100 3823 possis.
2144 3751 2235 3808 Sic
2275 3751 2569 3807 commotio
2612 3750 2810 3805 furoris
2848 3749 3229 3821 irrationabilis
3273 3749 3492 3820 quidem

1907 3844 1986 3899 rei
2025 3850 2254 3911 cognata
2292 3850 2396 3907 est,
2447 3842 2642 3897 crescit
2688 3856 2817 3895 vero
2858 3840 3202 3908 cogitationis
3247 3854 3489 3894 accessu.

1908 3934 2045 3989 ilinc
2064 3934 2207 3988 enim
2231 3933 2488 3988 memoria
2514 3932 2751 3995 malitiaa,
2777 3932 2903 3985 hinc
2931 3932 3165 3996 invidim,
3197 3931 3323 3986 hinc
3344 3944 3494 3984 men-

1912 4022 2145 4089 dacium,
2201 4024 2405 4077 insidiae
2434 4038 2651 4093 quoque
2681 4037 2744 4077 ac
2790 4021 3160 4078 simulationes
3205 4022 3331 4077 hinc
3377 4035 3496 4076 esse

1910 4119 2295 4175 monstrantur.
2340 4112 2465 4168 Haec
2506 4122 2684 4166 autem
2727 4111 2905 4167 omnia
2948 4126 3014 4165 ex
3063 4111 3258 4179 iniqua:
3304 4108 3499 4164 mentis

1913 4204 2119 4258 cultura
2153 4205 2497 4273 proveniunt.
2528 4203 2659 4257 Nam
2688 4203 2732 4257 si
2770 4201 3033 4271 passionis
3074 4201 3304 4270 impetus
3349 4198 3497 4253 nullo

1911 4295 2249 4363 cogitationis
2278 4295 2568 4348 extollatur
2597 4293 2937 4357 adminiculo,
2974 4292 3081 4347 cito
3112 4290 3373 4352 lassescit,
3424 4287 3500 4342 fu-

1912 4403 2109 4456 rorque
2154 4387 2444 4441 vehemens
2474 4384 2737 4439 invalidus
2782 4383 3133 4454 approbatur,
3172 4393 3406 4447 moxque
3436 4387 3495 4431 ut

192 4468 338 4524 Non
388 4469 534 4523 enim
578 4468 657 4523 fas
683 4480 769 4524 est
814 4472 1059 4526 humanm
1088 4482 1291 4527 natum
1339 4475 1507 4546 (juxta
1539 4476 1642 4531 hoc
1666 4477 1808 4545 quod
1838 4498 1889 4558 ι)
1915 4475 2073 4531 fuerit
2097 4484 2317 4531 exortus
2345 4475 2721 4544 exstinguitur.
2754 4473 2844 4528 Sic
2872 4472 3023 4525 avida
3055 4485 3341 4541 porcorum
3372 4468 3498 4521 eda.

191 4560 290 4614 ad
320 4563 557 4615 divinam
587 4563 822 4631 speciem
854 4564 1078 4618 formata
1110 4566 1213 4635 est)
1246 4567 1396 4619 initia
1437 4568 1703 4635 passibilis
1731 4569 1812 4622 af—

188 4655 473 4710 feotionis
509 4656 701 4709 ascribi
737 4674 749 4708 :
786 4656 881 4711 sed
915 4657 1039 4725 quia
1082 4658 1524 4713 irrationabilium
1570 4661 1810 4715 animan-

190 4747 355 4799 tium
393 4745 446 4797 in
475 4744 620 4797 hunc
656 4745 909 4799 mundum
939 4750 1045 4799 vita
1077 4749 1367 4816 prmcessit,
1414 4755 1468 4802 et
1510 4749 1579 4803 ob
1620 4750 1812 4818 pracdi-

183 4846 338 4892 αις
368 4851 562 4889 causas
591 4836 751 4890 homo
781 4853 993 4906 quoque
1024 4854 1089 4892 ex
1120 4839 1305 4893 eadem
1352 4838 1671 4895 formatione
1712 4842 1812 4895 ali-

180 4924 349 4997 quid
394 4925 584 4977 habuit
625 4923 774 4992 juxta
812 4926 1099 4994 generandi
1146 4928 1569 4995 decorationem,
1616 4931 1814 4986 idcirco

178 5019 500 5092 particeps
548 5019 710 5071 etiam
765 5018 1092 5088 reliquorum
1121 5035 1239 5089 qum
1282 5022 1333 5075 in
1376 5030 1563 5074 natura
1602 5023 1819 5091 conspi-

174 5113 439 5166 ciuntur
466 5106 692 5161 eﬂ'ectns
720 5115 821 5162 est.
868 5107 977 5163 Nec
1001 5111 1142 5163 enim
1182 5111 1334 5180 juxta
1384 5111 1618 5167 furorem
1658 5114 1821 5169 homo

179 5202 336 5253 Deo
387 5196 582 5252 similis
619 5206 721 5259 est,
772 5212 947 5266 neque
994 5214 1092 5268 per
1137 5202 1442 5269 passibilem
1492 5204 1820 5273 voluptatem

170 5285 637 5356 supereminens
664 5286 751 5339 illa
784 5284 1042 5353 ﬁguratur
1067 5298 1292 5355 natura;
1323 5299 1498 5346 metus
1526 5309 1739 5364 quoque
1769 5303 1824 5349 ct

171 5375 502 5441 audacia,
569 5378 874 5444 appetentia
941 5378 1175 5447 plurium
1229 5389 1390 5452 atque
1453 5382 1822 5439 diminutionis

168 5470 431 5527 odium,
466 5468 768 5536 horumque
798 5468 1009 5535 similia,
1037 5472 1103 5524 ab
1133 5486 1193 5526 ea
1224 5472 1387 5542 figura
1418 5488 1523 5543 qua
1558 5473 1822 5529 Divinitas

168 5558 555 5630 exprimitur
583 5560 767 5627 procul
790 5559 1046 5614 existunt.
1086 5559 1211 5616 "(ec
1246 5565 1405 5634 igitur
1435 5566 1667 5620 humana
1697 5565 1822 5619 sub-

166 5647 430 5708 stantia
471 5643 545 5699 de
590 5648 893 5702 rationabili
941 5658 1092 5718 parte
1140 5659 1424 5713 contraxit.
1474 5652 1547 5708 Ea
1592 5669 1824 5723 namque

168 5738 425 5816 quibus
456 5741 739 5793 brutorum
768 5740 876 5794 vita
902 5739 966 5794 ad
1002 5749 1461 5813 conservationem
1496 5748 1576 5804 sui
1622 5747 1823 5802 munita

1917 4571 2050 4624 citas
2102 4567 2413 4623 occasiones
2465 4566 2703 4620 avaritirc
2761 4564 3036 4634 prmstitit,
3094 4563 3171 4615 sic
3220 4558 3501 4614 assultatio

1919 4659 2043 4727 equi
2088 4656 2368 4712 exordium
2410 4654 2671 4724 superbizr
2710 4652 2852 4707 facta
2905 4660 3018 4715 cst,
3063 4659 3117 4704 et
3162 4648 3340 4703 omnia
3383 4660 3502 4717 quas

1917 4758 2040 4804 sunt
2069 4747 2507 4803 irrationabilium
2530 4746 2879 4815 probamenta
2900 4758 3201 4806 causarum,
3233 4756 3329 4812 per
3349 4740 3504 4796 malm

1919 4840 2114 4894 mentis
2142 4853 2293 4892 usum
2320 4836 2715 4891 rationabilium
2746 4835 2894 4889 initia
2924 4841 3047 4888 sunt
3076 4833 3264 4888 effecta
3298 4842 3502 4887 morta-

1918 4932 2069 4987 lium.
2093 4932 2241 4987 Sicut
2263 4930 2565 4986 econtrario
2594 4945 2712 4984 cum
2742 4930 2841 4984 hos
2877 4928 3103 4997 impetus
3131 4926 3384 4995 cogitatio
3413 4939 3504 4979 re-

1920 5021 2094 5077 frenat
2118 5030 2171 5077 et.
2194 5022 2427 5084 cohibet,
2456 5021 2506 5075 in
2537 5020 2769 5090 speciem
2802 5019 3013 5075 virtutis
3048 5018 3293 5087 protinus
3332 5025 3506 5070 trans-

1922 5111 2183 5166 feruntur.
2216 5110 2347 5164 Nam
2378 5126 2443 5165 ex
2467 5110 2643 5164 furore
2671 5109 2885 5178 quidem
2918 5106 3174 5162 fortitudo
3204 5104 3504 5170 descendit,

1923 5219 1986 5258 ex
2019 5218 2217 5273 pavore
2246 5203 2490 5265 cautela;
2523 5210 2696 5255 metus
2720 5209 2897 5253 autem
2927 5198 3313 5265 subjectionem
3340 5210 3507 5263 gene-

1923 5304 2027 5360 rat,
2060 5304 2113 5349 et
2142 5295 2323 5349 odium
2351 5294 2682 5349 aversionem
2714 5292 3057 5359 malignitatis
3085 5287 3300 5355 instigat
3326 5303 3339 5351 ;
3372 5282 3508 5338 dile-

1923 5387 2118 5441 ctionis
2154 5386 2315 5440 etiam
2358 5386 2526 5438 virtus
2555 5382 2878 5439 desiderium
2926 5381 3036 5435 veri
3075 5378 3199 5433 boni
3226 5372 3505 5436 conciliat;

1925 5477 2180 5532 exultatio
2209 5492 2424 5545 quoque
2452 5490 2629 5529 mores
2658 5489 2687 5527 a
2717 5472 3055 5543 passionibus
3083 5468 3240 5529 eruit,
3273 5472 3328 5517 et
3371 5462 3506 5515 libe-

1928 5584 2040 5622 ram
2068 5567 2405 5635 prudentiam
2445 5580 2473 5618 a
2515 5561 2857 5634 turpitudinis
2905 5558 3161 5614 servitute
3201 5557 3505 5606 conservat.

1927 5656 2211 5711 Collaudat
2240 5666 2416 5710 autem
2448 5656 2605 5721 hujus
2634 5651 2944 5707 subtilitatis
2972 5645 3203 5716 speciem
3237 5651 3290 5697 ct
3320 5642 3513 5697 beatus

1932 5746 2242 5819 Apostolus,
2281 5762 2399 5800 cum
2452 5755 2816 5817 smpcnumcro
2869 5738 3022 5794 nobis
3074 5736 3300 5807 imperat
3344 5741 3398 5788 υι
3447 5750 3511 5829 cu
