4000 6344
562 378 666 434 δυ
1846 367 2201 438 monsms

559 510 681 565 qua
699 513 910 553 sursum
938 506 1063 552 sunt
1089 498 1381 567 sapiamus.
1407 496 1474 550 Et
1500 498 1572 551 ita
1601 498 1837 568 reperies
1863 496 2004 566 quod
2026 512 2143 549 om—
2177 507 2211 552 Α

564 590 648 644 nis
675 599 851 644 motus
881 591 999 645 talis
1028 591 1117 659 qui
1149 601 1386 645 mentem
1415 591 1468 644 in
1497 592 1604 644 alta
1635 590 1906 657 sustollat,
1938 589 2002 643 ad
2029 587 2142 656 pul-

561 681 919 736 chritudinem
955 680 1146 736 divina:
1177 681 1546 737 conformetur
1579 680 1842 749 imaginis.
1887 679 1991 734 Sed
2021 677 2145 747 quia

562 771 741 839 gravis
769 771 1014 839 quaedam
1043 782 1126 826 est
1153 780 1209 826 et
1229 773 1481 828 deorsum
1509 786 1739 840 vergens
1777 771 2006 840 qualitas
2048 771 2146 823 de.-

561 864 831 931 licvorum,
865 866 1187 934 meliorique
1215 874 1369 935 parte
1397 864 1561 929 valet,
1603 864 1771 931 magis
1805 871 1983 918 autem
2013 878 2148 931 pon-

561 951 690 1006 dere
729 967 931 1007 usura:
989 953 1370 1008 irrationabilis
1408 954 1602 1007 anima:
1643 952 1936 1022 principale
1976 948 2150 1020 depri-

562 1043 746 1109 mitur,
769 1043 1022 1111 quoniam
1048 1058 1210 1113 grave
1223 1045 1328 1098 hoc
1349 1051 1510 1113 atque
1533 1051 1798 1098 terrenum
1825 1041 2146 1096 sublimitate

560 1132 758 1185 mentis
788 1132 1048 1198 elevatur,
1077 1133 1274 1187 idcirco
1304 1133 1620 1204 plerumque
1644 1132 1904 1200 contingit
1939 1139 1995 1184 ut
2027 1147 2144 1184 mu-

561 1240 690 1279 nera
739 1225 919 1279 divina
978 1227 1189 1294 ignoret
1238 1234 1418 1279 nostra
1473 1225 1719 1289 miseria,
1770 1223 2146 1292 pulcherrimae

561 1313 781 1380 imagini
811 1313 1156 1368 foedissimam
1189 1313 1378 1368 faciem
1401 1313 1663 1382 passionis
1685 1313 1975 1367 obducens.
1996 1311 2148 1366 Ideo-

557 1419 666 1471 que
687 1403 833 1473 digni
860 1411 984 1457 sunt
1009 1404 1099 1472 qui
1126 1404 1226 1459 ista
1253 1415 1555 1467 cernentes,
1581 1418 1688 1457 non
1719 1401 1874 1457 facile
1911 1401 2146 1456 divinam

558 1494 786 1549 formam
821 1496 1021 1550 talibus
1042 1497 1218 1550 inesse
1257 1495 1620 1561 consentiunt,
1670 1495 1764 1550 sed
1806 1511 1903 1565 per
1930 1494 2025 1550 eos
2055 1496 2146 1564 qui

560 1596 722 1640 recta:
772 1586 893 1642 vita:
945 1587 1353 1642 conversatione
1403 1585 1765 1651 resplendent,
1798 1585 2030 1640 divinam
2093 1586 2144 1639 in

568 1677 876 1730 hominibus
903 1677 1188 1746 imaginem
1216 1677 1478 1731 contueri.
1507 1675 1641 1730 Nam
1670 1677 1714 1730 si
1752 1676 1976 1730 vitiosus
2001 1676 2148 1744 quis-

562 1781 667 1834 que
703 1767 791 1820 vel
847 1769 996 1822 carni
1044 1768 1256 1823 deditus
1291 1783 1409 1822 anon
1460 1767 1588 1822 sinit
1631 1766 1698 1822 de
1744 1767 1964 1821 homine
2004 1765 2147 1821 credi

559 1856 706 1926 quod
738 1857 807 1910 sit
831 1857 1010 1911 divina
1035 1857 1434 1924 pulchritudine
1462 1857 1775 1922 decoratus,
1813 1857 1907 1911 sed
1933 1856 2022 1912 ille
2051 1857 2141 1925 qui
2179 1865 2218 1921 Β

561 1946 617 2000 in
648 1946 847 2001 virtute
874 1946 1142 2016 perfectus
1171 1955 1270 2012 est,
1315 1955 1370 2001 et
1406 1947 1472 2001 ab
1500 1947 1646 2001 omni
1686 1947 2007 2015 contagione
2043 1961 2138 2015 pu-

558 2037 826 2104 rissimus,
856 2051 975 2091 eam
1029 2035 1206 2091 firmet
1251 2037 1580 2107 opinionem,
1627 2052 1746 2106 qua:
1799 2037 1866 2091 de
1917 2037 2146 2090 hominis

559 2134 714 2195 parte
759 2127 984 2182 meliore
1029 2128 1305 2192 subsistat,
1346 2136 1405 2182 ut
1454 2129 1666 2198 (melius
1694 2129 1838 2182 enim
1886 2128 2147 2197 probatur

561 2216 813 2288 exemplo
839 2219 982 2287 quod
1010 2219 1222 2288 dicitur)
1251 2219 1482 2288 aliquem
1512 2219 1764 2274 decorem
1795 2226 1997 2272 natura:
2019 2234 2147 2271 con-

563 2319 712 2364 tactu
743 2311 1088 2380 malignitatis
1134 2309 1418 2376 imminuit,
1454 2311 1541 2364 ille
1577 2311 1664 2364 vel
1702 2312 1932 2376 maxime
1959 2309 2047 2379 qui
2094 2310 2146 2362 in

559 2400 797 2468 peccatis
824 2401 1084 2470 probatur
1113 2415 1233 2454 esse
1267 2401 1598 2463 notissimus,
1629 2407 1688 2452 ut
1717 2398 1814 2451 fuit
1841 2397 2143 2459 Jechonias,

560 2493 644 2546 vel
674 2494 938 2562 quispiam
969 2493 1106 2547 alius
1148 2493 1241 2560 qui
1283 2494 1333 2546 in
1382 2492 1619 2559 nequitia
1662 2491 1837 2545 clarus
1876 2503 1995 2543 esse
2036 2503 2148 2542 mc-

565 2589 827 2636 moratnr.
877 2580 984 2634 Sed
1027 2582 1080 2634 in
1132 2581 1280 2635 Mose
1326 2581 1549 2648 ejusque
1596 2579 1856 2632 similibus
1901 2578 2147 2647 imaginis

563 2674 902 2737 pulchritudo
951 2674 1186 2742 perfecta
1230 2671 1579 2740 conSpicitur.
1625 2669 1682 2722 In
1731 2669 1921 2738 quibus
1968 2670 2146 2739 itaque

562 2766 726 2819 decor
747 2764 889 2817 nulla
911 2762 1236 2817 obscuritate
1264 2760 1513 2822 findatur,
1541 2761 1592 2813 in
1615 2759 1696 2813 bis
1720 2759 1936 2813 evidens
1957 2774 2142 2813 eorum

560 2869 679 2923 qum
702 2853 953 2906 dicuntur
984 2849 1115 2904 ﬁdes
1143 2851 1341 2916 elucet,
1371 2865 1436 2904 eo
1463 2848 1606 2919 quod
1640 2849 1802 2902 hom‘o
1831 2849 2021 2902 divina:
2051 2848 2148 2901 bo-

557 2943 744 2997 nitatis
773 2943 1008 2996 imitator
1028 2942 1240 2996 existat.
1267 2940 1373 2994 Sed
1404 2940 1624 2994 forsitan
1654 2939 1846 3007 aliquis
1875 2940 2144 2994 erubescit

557 3033 701 3100 quod
732 3042 1006 3087 sumentes
1034 3032 1211 3086 cibum
1253 3031 1632 3086 irrationabilis
1661 3032 1783 3085 vitm
1817 3045 1916 3085 nos
1954 3031 2142 3084 simili-

559 3121 689 3176 tudo
718 3123 1066 3188 constringat,
1083 3130 1136 3175 et
1166 3121 1362 3177 idcirco
1387 3121 1658 3189 indignum
1677 3128 1828 3190 putat
1847 3121 2139 3183 hominem,

555 3210 649 3280 qui
687 3211 752 3264 ad
798 3211 1082 3278 imaginem
1113 3211 1205 3265 Dei
1248 3210 1419 3266 factus
1447 3219 1528 3265 cst
1568 3229 1579 3262 :
1620 3211 1714 3266 sed
1743 3211 1903 3280 hujus
1929 3225 2144 3280 quoque
2173 3218 2211 3274 ιζ

559 3300 848 3354 functionis
875 3307 1123 3368 speretur
1150 3301 1456 3356 immunitas
1485 3311 1689 3356 natura:
1727 3310 1925 3356 nostra:
1953 3301 2006 3354 in
2051 3300 2138 3354 illa

556 3389 664 3442 vita
703 3403 824 3457 qua:
854 3389 1028 3444 futura
1057 3399 1158 3456 est,
1191 3391 1516 3460 quandoque
1545 3391 1844 3446 tribuenda.
1897 3391 2013 3445 Non
2060 3401 2145 3446 est

553 3476 718 3536 enim.
774 3477 913 3532 sicut
949 3478 1024 3531 ait
1070 3478 1360 3547 Apostolus
1399 3496 1412 3530 :
1447 3477 1679 3550 Regnum
1702 3479 1797 3533 Dei
1827 3495 1944 3533 esca
1973 3489 2023 3532 et
2049 3498 2142 3548 pa-

562 3577 665 3629 tus,
699 3583 801 3622 nec
830 3570 884 3621 in
911 3571 1022 3622 solo
1049 3586 1184 3636 pane
1204 3571 1460 3624 hominem
1491 3572 1653 3625 virere
1679 3579 1906 3625 testatus
1934 3579 2018 3625 est
2039 3570 2144 3625 Do-

531 3658 751 3721 1ninus,
789 3659 880 3712 sed
919 3661 972 3713 in
1004 3661 1144 3713 omni
1174 3660 1322 3714 verbo
1350 3662 1485 3732 quod
1525 3661 1754 3730 procedit
1791 3662 1856 3715 de
1889 3679 1979 3717 ore
2021 3659 2137 3725 Dei,

557 3763 766 3803 necnon
787 3759 842 3802 et
872 3751 1279 3806 resurrectionis
1301 3752 1545 3819 gloriam,
1567 3766 1688 3806 cum
1709 3752 1872 3805 vitam
1900 3760 2137 3808 nostram

554 3838 937 3906 coanprandam
969 3843 1172 3909 angelis
1203 3842 1482 3911 approbet.
1519 3841 1672 3911 Apud
1713 3843 1931 3910 angelos
1960 3850 2138 3896 autem

553 3929 709 3983 cibus
738 3944 842 3983 non
881 3939 981 3983 est.
1016 3929 1212 3983 Idonea
1243 3945 1464 3999 prorsus
1494 3929 1624 3984 tides
1651 3938 1734 3984 est
1764 3933 1900 3985 hanc
1938 3931 2138 3984 homini

491 4071 518 4094 ,
555 4019 887 4074 functionem
917 4019 1032 4073 fore
1062 4020 1307 4086 liberam,
1331 4021 1422 4090 qui
1443 4020 1511 4074 ad
1541 4019 1941 4074 similitudinem
1970 4020 2140 4075 factus

556 4115 642 4162 est
672 4109 1006 4176 angelorum.

1146 4175 1374 4232 CAPUT
1417 4177 1517 4232 XX

556 4245 779 4317 Mystica
810 4249 1161 4315 interpretatio
1188 4249 1300 4318 ejus
1337 4249 1470 4318 quod
1499 4248 1562 4301 de
1591 4248 1729 4302 omni
1759 4247 1900 4318 ligno
1925 4245 2061 4316 quod
2084 4247 2135 4300 in

758 4264 779 4300 α
810 4264 1161 4315 interpretatio
1188 4265 1300 4318 ejus
1337 4264 1468 4317 quoa
1499 4264 1562 4301 ae
1591 4264 1729 4302 omni
1759 4264 1900 4368 tigno
1925 4264 1960 4316 q:

758 4318 1003 4387 paradiso
1039 4327 1148 4370 erat
1183 4320 1333 4371 homo
1373 4317 1521 4370 edere
1554 4319 1789 4388 permitte
1824 4326 1960 4369 atur.

626 4408 730 4464 Sed
761 4409 897 4464 forte
927 4426 1034 4465 non
1065 4410 1118 4465 in
1147 4411 1390 4466 eamdem
1415 4412 1606 4466 iterum
1638 4411 1756 4464 vitae
1778 4409 2012 4480 speciem
2043 4423 2135 4462 τοι·

553 4501 702 4570 gredi
732 4492 852 4572 quis
906 4502 1176 4559 hominem
1227 4503 1442 4571 dixerit,
1489 4520 1611 4559 cum
1655 4503 1900 4573 primitus
1929 4500 2137 4556 edendo

557 4592 874 4647 viveremus.
908 4590 1106 4647 Verum
1128 4607 1229 4660 ego
1249 4603 1490 4648 sanctam
1528 4592 1858 4662 Scripturam
1890 4591 2132 4654 audiens,
2165 4575 2250 4648 Ῑ).

557 4697 662 4734 non
693 4681 867 4735 cibum
897 4697 1212 4750 corporeum
1237 4683 1381 4747 novi,
1416 4697 1515 4736 nec
1536 4680 1707 4734 solum
1739 4695 1857 4750 qua:
1879 4695 1944 4734 ex
1975 4694 2139 4734 carne

555 4779 637 4824 est
658 4771 913 4824 laetitiam.
947 4770 1055 4826 Sed
1085 4779 1139 4826 et
1186 4773 1346 4825 aliam
1393 4786 1571 4826 escam
1616 4786 1836 4841 prorsus
1884 4785 2137 4839 agnosco,

555 4874 673 4928 qua:
702 4860 1098 4915 similitudinem
1120 4862 1403 4930 quamdam
1432 4863 1794 4932 proportionis
1813 4877 1950 4916 esca:
1979 4861 2138 4930 hujus

556 4950 794 5016 corporis
823 4958 989 5018 gerat,
1023 4952 1176 5019 cujus
1204 4954 1363 5006 etiam
1407 4954 1652 5022 voluptas
1701 4961 1862 5022 atque
1903 4953 2138 5008 suavitas

556 5037 622 5091 ad
651 5039 884 5091 aninmm
915 5040 1248 5095 solummodo
1289 5049 1546 5098 transeat.
1581 5041 1733 5097 Unde
1763 5051 1818 5097 et
1865 5043 2138 5111 Sapientia

557 5129 856 5182 esurientes
877 5130 1190 5184 cohortatur
1211 5140 1265 5185 et
1292 5131 1450 5186 dicit:
1474 5130 1627 5185 Edite
1657 5133 1718 5184 de
1742 5133 1865 5186 meis
1886 5131 2136 5202 panibus:

555 5226 609 5269 et
633 5217 820 5274 beatos
847 5219 1037 5272 asserit
1060 5219 1314 5274 Dominus
1342 5235 1435 5273 eos
1464 5221 1552 5288 qui
1599 5219 1968 5288 hujuscemodi
1991 5219 2140 5273 cibos

554 5311 812 5364 rsuriunt.
848 5310 916 5366 Et
946 5313 993 5366 si
1037 5315 1170 5382 quis,
1203 5315 1294 5375 ait,
1326 5315 1450 5379 silit,
1486 5316 1652 5367 veniat
1681 5315 1749 5365 ad
1779 5331 1875 5375 me,
1905 5325 1953 5366 et
1979 5313 2137 5366 bibat.

555 5397 776 5468 Magnus
797 5415 1010 5470 quoque
1037 5400 1198 5456 Isaias
1231 5420 1243 5453 :
1283 5401 1464 5468 Bibite,
1489 5403 1679 5472 inquit,
1713 5402 1969 5466 lwtitiam,
2000 5416 2139 5470 pra:-

555 5512 569 5541 ι
591 5491 758 5558 ipiens
788 5491 870 5545 his
897 5491 989 5559 qui
1018 5491 1133 5560 ejus
1160 5492 1344 5546 audire
1393 5490 1845 5559 magniﬁcentiam
1897 5498 2132 5561 possent.

557 5581 648 5637 list
679 5592 856 5638 autem
884 5590 1128 5654 quietiam
1171 5586 1332 5638 etiam
1371 5585 1684 5653 pmphetica
1713 5582 2060 5637 comminatio
2084 5583 2138 5635 in

557 5689 648 5727 ros
692 5674 780 5743 qui
814 5675 902 5728 tali
942 5675 1148 5729 ultione
1201 5674 1343 5742 digni
1398 5681 1552 5740 sunt,
1585 5682 1642 5726 ut
1687 5682 1938 5742 tanquam
1996 5673 2136 5727 fame

563 5769 867 5833 puniantur.
898 5769 1086 5822 Fames
1119 5777 1296 5822 autem
1329 5785 1432 5821 non
1548 5767 1836 5836 indigentia
1863 5770 2014 5838 panis
2045 5777 2137 5821 aut

556 5872 726 5925 aqum,
748 5857 840 5912 sed
860 5859 1003 5915 verbi
1028 5857 1264 5916 defectus
1285 5867 1381 5915 est.
1411 5856 1530 5914 Non
1555 5860 1736 5930 fontes,
1760 5859 1947 5928 inquit,
1965 5858 2138 5928 patris,

2239 378 2546 442 EXIGUUS.
3722 381 3813 436 38C

2247 511 2406 565 neque
2443 497 2556 549 sitis
2605 512 2774 566 aqua,
2805 497 2894 549 sed
2930 498 3172 550 audiendi
3212 498 3414 552 verbum
3443 499 3574 566 Dei;
3619 503 3818 574 planta-

2252 586 2414 640 tionis
2439 599 2568 651 ergo
2605 585 2748 640 illius
2775 600 2893 653 quae
2932 587 2982 640 in
3015 584 3182 640 Edoni
3217 602 3246 640 a
3278 588 3388 642 Deo
3417 589 3552 645 facta
3583 600 3684 646 est.
3717 591 3817 648 Vo-

2249 678 2427 747 luptas
2481 686 2660 730 autem
2715 678 2907 746 (quam
2959 677 3340 746 interpretatur
3368 677 3576 751 Edoni)
3611 681 3816 749 dignum

2249 769 2532 837 quemdam
2576 766 2802 822 fructum
2835 783 2931 823 nos
2960 770 3270 834 excogitare
3297 770 3592 838 compellit,
3624 788 3689 827 ex
3719 789 3819 843 quo

2251 857 2612 911 indubitanter
2659 857 2903 911 alebatur
2949 857 3180 910 humana
3211 859 3530 922 substantia,
3563 877 3660 916 nec
3691 863 3819 918 hanc

2251 947 2494 1017 profecto
2510 947 2846 1016 voluptatem
2868 961 2986 1015 quae
3009 947 3199 1000 transit
3221 963 3284 1002 ac
3312 947 3497 1002 defluit
3523 951 3574 1004 in
3597 953 3821 1020 paradisi

2251 1039 2662 1095 conversatione
2711 1038 2912 1093 sentire
2963 1028 3234 1093 corivenit.
3265 1038 3341 1091 Ab
3368 1043 3507 1094 omni
3557 1043 3714 1115 ligno,
3744 1045 3823 1097 in-

2249 1134 2383 1203 quit,
2413 1132 2549 1204 quod
2569 1141 2644 1186 est
2671 1133 2725 1184 in
2754 1130 2999 1199 paradiso
3021 1131 3272 1184 comedes.
3291 1129 3419 1197 Quis
3439 1132 3587 1187 dabit
3612 1135 3661 1188 ei
3681 1135 3824 1204 quod

2250 1224 2538 1280 salubriter
2566 1223 2734 1278 esurit
2764 1222 2964 1290 lignum
2997 1221 3126 1275 illud
3153 1221 3296 1290 quod
3337 1231 3419 1275 est
3458 1223 3510 1276 in
3556 1225 3822 1293 paradiso,

2249 1313 2393 1384 quod
2425 1329 2585 1368 omne
2613 1315 2811 1368 bonum
2859 1327 3083 1382 prorsus
3113 1312 3480 1380 amplectitur,
3514 1315 3598 1367 cui
3629 1331 3822 1371 nomen

2250 1413 2334 1458 est
2359 1419 2519 1458 omne
2548 1402 2699 1472 cujus
2741 1402 3210 1472 participationem
3241 1402 3325 1456 lex
3355 1403 3556 1457 homini
3604 1405 3826 1460 tribuit?

2249 1495 2498 1550 Geuerali
2527 1509 2758 1564 namque
2785 1503 2839 1547 et
2859 1494 3278 1559 supereminenti
3301 1497 3465 1549 verbo
3506 1498 3684 1552 omnis
3713 1498 3828 1553 hmc

2249 1588 2512 1641 bonorum
2559 1585 2766 1655 species
2817 1585 2918 1637 sibi
2966 1583 3177 1652 cognita
3227 1591 3342 1646 est,
3400 1594 3679 1656 totumque
3727 1587 3830 1644 hoc

2253 1695 2413 1733 unum
2443 1685 2566 1739 est;
2598 1677 2718 1745 quis
2746 1684 2923 1730 autem
2957 1690 3042 1729 me
3071 1676 3138 1729 ab
3166 1675 3306 1730 illius
3348 1676 3472 1744 ligni
3517 1689 3676 1748 gustu
3708 1696 3831 1750 per-

2252 1769 2422 1831 mixti,
2447 1767 2493 1822 si
2539 1777 2699 1836 atque
2730 1767 2781 1820 in
2813 1776 3094 1834 utramque
3133 1777 3340 1834 partem
3369 1771 3640 1836 vergentis
3668 1787 3829 1826 amo-

2245 1867 2433 1914 veatur
2455 1859 2480 1911 ?
2509 1857 2623 1911 Non
2655 1857 2796 1911 enim
2851 1871 3071 1924 prorsus
3117 1857 3345 1911 habetur
3395 1859 3657 1912 incertum
3688 1863 3834 1930 apud

2249 1965 2343 2004 eos
2371 1963 2507 2018 quos
2555 1948 2727 2016 gratia
2782 1947 3250 2016 contemplationis
3298 1948 3547 2015 illustrat,
3577 1952 3710 2020 quid
3765 1955 3837 2008 sit

2249 2055 2408 2093 omne
2439 2039 2637 2106 lignum
2669 2037 2822 2105 cujus
2866 2036 3068 2091 fructus
3116 2038 3224 2090 vita
3255 2045 3366 2104 est,
3395 2047 3450 2092 et
3477 2041 3672 2095 iterum
3706 2044 3838 2112 quid

2247 2133 2316 2186 sit
2345 2132 2450 2185 hoc
2489 2130 2850 2200 promiscuum
2880 2137 3040 2198 atque
3068 2127 3346 2184 confusum
3396 2130 3548 2200 cujus
3578 2143 3839 2190 contactu

2248 2237 2393 2276 mors
2414 2221 2664 2289 gignitur.
2690 2219 2790 2285 Qui
2806 2220 2946 2273 enim
2977 2233 3190 2273 omnem
3205 2219 3593 2288 jncunditatem
3608 2225 3837 2294 copiosa

2247 2313 2491 2380 largitate
2538 2310 2825 2374 concessit,
2857 2305 3100 2378 profecto
3150 2309 3380 2377 quadam
3430 2311 3640 2367 ratione
3669 2320 3842 2384 atque

2248 2399 2578 2470 providentia
2633 2399 2902 2452 hominem
2966 2413 2996 2451 a
3051 2400 3416 2454 communium
3482 2405 3841 2472 perceptione

2247 2491 2537 2560 prohibuit.
2567 2491 2644 2542 Ac
2665 2491 2792 2543 mihi
2819 2490 3028 2544 videtur
3055 2499 3306 2559 oportere
3336 2509 3443 2547 non
3475 2497 3840 2562 magniﬁcen-

2249 2582 2514 2636 tissimum
2547 2580 2714 2634 David
2756 2589 2810 2635 et
2838 2582 3293 2651 sapientissimum
3323 2581 3669 2641 Salomonem
3702 2589 3846 2657 legis

2247 2671 2404 2740 hujus
2429 2671 2734 2726 desertores
2763 2687 3055 2726 assumere.
3093 2671 3316 2743 Utrique
3341 2676 3485 2730 enim
3530 2679 3695 2746 hujus
3731 2682 3846 2735 cibi

2245 2761 2420 2815 vivam
2448 2760 2672 2828 gratiam
2703 2761 2924 2830 professi
2954 2771 3094 2815 sunt.
3129 2762 3184 2816 Id
3209 2766 3371 2829 enim,
3402 2767 3542 2834 quod
3573 2785 3703 2823 vere
3730 2782 3846 2836 est,

2246 2852 2465 2913 bonum,
2489 2865 2647 2903 omne
2674 2851 2854 2918 utique
2879 2851 3074 2905 bonum
3103 2861 3204 2906 est.
3241 2852 3401 2908 David
3425 2855 3642 2922 quidem
3664 2858 3803 2913 dicit
3828 2879 3842 2912 :

2249 2939 2516 2993 Delectare
2543 2954 2638 2993 seu
2692 2940 2938 2992 deticiare
2984 2941 3039 2992 in
3089 2939 3332 2995 Domino.
3362 2943 3848 3002 Salomonautem

2245 3029 2564 3099 sapientiam
2619 3027 2810 3097 ipsam,
2840 3043 2960 3097 qua:
3008 3038 3089 3083 est
3137 3028 3421 3097 Dominus,
3457 3033 3659 3100 lignum
3714 3037 3849 3094 vitae

2245 3117 2610 3189 cognominat.
2660 3115 2802 3184 Ergo
2855 3117 3082 3186 idipsum
3139 3127 3222 3173 est
3275 3120 3474 3187 lignum
3504 3123 3628 3177 vitae
3687 3128 3846 3196 quod

2247 3221 2329 3264 est
2380 3211 2577 3278 lignum
2609 3223 2769 3263 omne
2809 3207 2962 3276 cujus
2983 3209 3160 3264 cibum
3190 3227 3405 3267 omnem
3434 3214 3482 3266 ei
3510 3216 3603 3284 qui
3633 3223 3844 3272 scenti-

2242 3299 2370 3354 dum
2399 3298 2563 3354 Deum
2593 3307 2806 3353 creatus
2835 3308 2918 3353 est
2958 3299 3044 3354 lex
3082 3300 3260 3354 divina
3313 3305 3598 3359 concessit.
3646 3304 3838 3362 Econ-

2243 3389 2407 3443 trario
2439 3403 2570 3442 vero
2623 3387 2690 3441 ab
2741 3388 2845 3443 hoc
2885 3387 3029 3455 ligno
3067 3388 3272 3460 lignum
3329 3394 3634 3450 secernitur
3663 3397 3841 3462 aliud,

2243 3479 2395 3544 cujus
2423 3493 2545 3532 esca
2586 3477 2823 3531 scientiae
2865 3477 2991 3530 boni
3023 3486 3078 3532 et
3105 3479 3228 3532 mali
3269 3475 3371 3545 est,
3401 3498 3506 3535 non
3539 3489 3848 3556 utrumque

2241 3584 2483 3624 seorsum
2509 3568 2662 3637 juxta
2699 3567 3107 3634 significandam
3156 3572 3556 3627 contrarietatis
3582 3574 3638 3627 in
3673 3589 3844 3644 parte

2242 3657 2589 3720 fructiﬁcans.
2621 3656 2718 3712 sed
2767 3657 3052 3728 quemdam
3081 3658 3360 3712 confusum
3412 3658 3652 3716 fructum
3708 3680 3848 3734 per-

2241 3753 2573 3820 mixtumque
2602 3747 2876 3818 proferens
2906 3747 3128 3802 adversa
3158 3750 3418 3818 qualitate
3459 3752 3562 3806 sibi
3602 3767 3851 3810 concre-

2243 3851 2374 3908 tum,
2406 3857 2436 3894 a
2465 3839 2618 3908 cujus
2677 3838 3025 3909 perceptione
3069 3849 3259 3892 auctor
3309 3840 3527 3908 quidem
3574 3842 3708 3897 vita:
3741 3859 3854 3897 nos

2241 3932 2507 4002 prohibet.
2540 3929 2836 3984 Persuadet
2853 3937 3032 3982 autem
3063 3942 3286 3998 serpens
3320 3937 3379 3983 ut
3407 3929 3623 3999 edatur,
3656 3942 3717 3988 ut
3737 3949 3851 4003 per

2241 4026 2344 4079 hoc
2369 4011 2561 4077 mortis
2579 4021 2911 4075 machinetur
2931 4021 3262 4087 ingressum;
3290 4035 3412 4075 eum
3436 4024 3696 4079 suasione
3723 4027 3861 4094 ipsa

2241 4116 2537 4187 praevaluit,
2569 4113 2766 4168 lethale
2789 4113 3071 4168 consilium
3101 4113 3363 4179 tribuens,
3390 4123 3447 4169 et
3476 4117 3670 4172 colore
3696 4134 3864 4187 quo-

2241 4208 2362 4261 dam
2384 4203 2558 4260 fallaci
2588 4203 2834 4257 eumdem
2864 4200 3094 4256 fructum
3122 4203 3458 4276 voluptatum
3488 4222 3868 4278 respergens,

2243 4297 2317 4351 ita
2349 4305 2406 4350 ut
2433 4294 2782 4350 suavissimus
2830 4302 3118 4364 appareret
3148 4301 3201 4348 et
3247 4297 3542 4366 appetitum
3586 4311 3873 4370 gustatus

2241 4387 2577 4441 accendercL

2827 4453 3056 4508 CAPUT
3095 4453 3235 4508 XXI.

2243 4524 2372 4591 Quae
2401 4529 2555 4598 fuerit
2579 4528 2634 4580 in
2663 4525 2911 4600 paradiso
2939 4527 3077 4600 vita,
3107 4534 3155 4578 et
3177 4526 3327 4592 quale
3378 4528 3444 4579 sit
3471 4529 3607 4581 illud
3638 4530 3878 4600 lignum

2725 4595 2860 4666 quod
2887 4595 3214 4647 interdictum
3241 4605 3337 4648 est.

2312 4684 2450 4752 Quid
2479 4684 2639 4752 igitur
2666 4683 2795 4738 illud
2823 4690 2905 4737 est
2948 4683 3093 4750 quod
3124 4684 3249 4737 boni
3281 4685 3515 4755 malique
3543 4688 3880 4744 scientiam

2240 4775 2502 4837 continet,
2529 4782 2688 4841 atque
2713 4787 2808 4841 per
2834 4772 3164 4840 voluptatem
3194 4787 3443 4827 sensuum
3477 4775 3692 4831 videtur
3720 4794 3888 4838 esse

2238 4863 2633 4932 gratissimum?
2664 4873 2888 4937 putasne
2917 4861 3244 4928 conjecturis
3271 4863 3450 4916 studio
3479 4880 3591 4918 non
3642 4873 3888 4935 proqu

2239 4969 2268 5006 a
2299 4952 2525 5006 veritate
2570 4950 2835 5015 descisco,
2876 4951 3116 5004 scientize
3164 4952 3388 5007 abutens
3447 4954 3889 5028 intelligentia,

2241 5056 2338 5109 per
2380 5041 2536 5106 hujus
2588 5041 3056 5109 contemplationis
3102 5041 3403 5096 obtentum.
3453 5041 3660 5112 Opinor
3691 5053 3894 5108 enim

2243 5147 2348 5185 non
2378 5131 2711 5199 disciplinam
2761 5131 2812 5185 in
2861 5132 3110 5200 praisenti
3160 5132 3298 5187 hanc
3342 5134 3625 5189 scientiam
3675 5155 3900 5208 posse

2236 5224 2421 5278 sentiri
2453 5239 2642 5278 eorum
2669 5224 2761 5292 qui
2793 5225 3121 5280 exercitatos
3149 5226 3350 5280 habent
3379 5242 3570 5282 sensus
3589 5271 3606 5296 ,
3637 5247 3902 5300 qualn-

2243 5315 2365 5368 dam
2408 5331 2537 5369 vero
2580 5313 2932 5370 diil‘erentiam
2961 5315 3360 5384 Scripturarum
3381 5323 3909 5386 consuetudinem

2244 5405 2544 5459 divinarum
2575 5405 2815 5460 scicntia:
2844 5415 3005 5474 atque
3035 5405 3375 5462 discretionis
3404 5409 3644 5465 invenio.
3709 5414 3913 5478 Natu

2238 5495 2389 5564 juxta
2420 5495 2755 5564 disciplinam
2796 5495 2995 5549 bonum
3025 5513 3054 5549 a
3083 5497 3226 5552 malo
3259 5497 3590 5564 discernere,
3649 5513 3922 5572 ῃρτῖεμ

2242 5586 2430 5639 ctioris
2459 5600 2580 5638 esse
2609 5584 2824 5640 habitus
2849 5585 3296 5654 dicitApostolus,
3325 5603 3514 5644 eorum
3545 5593 3643 5658 qui
3683 5609 3926 5658 exer-

2240 5677 2431 5730 citatos
2460 5675 2658 5728 habent
2685 5690 2896 5730 sensus.
2931 5675 3136 5731 Idcirco
3165 5679 3328 5732 etiam
3373 5687 3431 5732 ut
3471 5683 3668 5737 omnia
3735 5706 3930 5760 pro-

2241 5767 2425 5819 bemus
2454 5765 2689 5827 edocuit,
2715 5773 2770 5818 et
2796 5765 3089 5833 spiritualis
3111 5768 3208 5822 viri
3230 5770 3502 5839 pmprimn
3529 5788 3662 5830 esse
3689 5780 3928 5856 dixit.

2241 5854 2380 5925 quod
2407 5854 2573 5924 possit
2596 5855 2772 5910 ornnia
2794 5855 3036 5924 judicare
3060 5867 3219 5929 atque
3244 5859 3577 5918 discernere.
3599 5854 3936 5941 ὃςιρυιί
