3964 6340
183 353 285 414 33!

1002 344 1179 398 LIBRI
1211 343 1296 398 DE
1332 342 1720 399 CREATIONE
1762 342 2038 398 llOMINlS
2079 343 2654 403 INTERI’RLTATIO.

3342 353 3449 407 582

181 488 317 527 vero
346 485 454 525 non
486 466 682 535 ubique
718 462 1054 533 disciplinam
1085 470 1249 531 atque
1290 459 1537 514 notitiam
1576 472 1766 513 secun-
1796 463 1843 519 Δ
1872 460 1998 516 boni
2027 472 2083 519 et
2114 462 2240 517 mali
2269 464 2492 519 scientia
2541 463 2743 532 lignum
2774 464 2905 520 illud
2960 468 3286 536 appellatum
3333 482 3455 523 esse

182 564 311 621 dum
367 557 776 629 signiﬁcantiam
830 569 983 609 suam
1029 567 1243 620 semper
1291 550 1548 613 insinuat,
1577 548 1671 602 sed
1714 547 1765 601 in

181 657 381 713 bonam
412 659 613 723 partem
654 648 803 717 juxta
835 646 1081 700 ellectum
1125 642 1309 711 gratiae
1356 640 1570 705 dicitur,
1601 646 1659 693 ut
1686 647 1770 692 est

184 748 319 803 illud
346 764 359 798 :
396 742 553 798 Novit
577 740 830 795 Dominus
857 739 942 804 qui
968 745 1086 789 sunt
1114 734 1247 805 ejus.
1280 732 1346 786 Et
1375 731 1441 785 ad
1479 730 1662 785 Mosen
1693 730 1769 784 ait

184 841 329 894 Deus
360 857 371 891 :
402 835 535 890 Novi
564 845 611 887 te
634 849 741 903 pra:
769 829 1022 890 omnibus,
1056 836 1111 882 et
1140 827 1222 881 liis
1268 841 1385 895 qua:
1410 824 1693 909 culpantur
1714 823 1767 877 in

184 931 359 993 malis,
394 928 483 997 qui
515 925 664 980 novit
692 922 872 977 omnia
923 927 1149 973 testatur
1193 924 1247 971 et
1275 916 1404 970 dicit
1437 933 1450 967 :
1486 913 1768 985 Nunquam

183 1024 302 1076 novi
334 1036 451 1083 ros;
504 1032 632 1086 ergo
664 1016 864 1082 lignum
895 1010 1023 1065 illud
1054 1009 1195 1079 quod
1227 1007 1505 1062 scientiam
1537 1005 1770 1075 permix-

185 1125 297 1167 tam
333 1111 717 1178 confusamque
747 1103 1036 1159 fructiﬁcat
1083 1117 1149 1156 ex
1180 1100 1261 1154 his
1312 1107 1394 1155 est
1444 1114 1560 1169 qua:
1616 1097 1769 1152 nobis

184 1209 577 1264 interdicuntur
604 1220 631 1256 a
665 1202 911 1255 Domino.
944 1196 1242 1252 Contrariis
1284 1209 1513 1264 namque
1536 1193 1768 1262 qualita-

185 1303 329 1354 tibus
357 1297 560 1351 l'ructus
590 1294 675 1348 ille
706 1291 916 1345 videtur
956 1278 1077 1343 e§se
1104 1287 1440 1355 conjunctus,
1473 1284 1561 1355 qui
1604 1283 1767 1337 etiarn

180 1402 511 1446 assertorem
556 1386 816 1457 probatur
855 1383 1055 1437 habere
1096 1386 1441 1449 serpentem:
1472 1376 1769 1432 secundum

182 1487 323 1539 hanc
354 1483 582 1535 fortasse
612 1478 878 1531 rationem
908 1472 1053 1542 quod
1086 1471 1283 1525 malum
1315 1486 1421 1525 non
1450 1468 1770 1539 preponitur

181 1573 386 1628 nudum
418 1579 578 1637 atque
606 1568 884 1632 intectum,
915 1571 975 1618 ut
1023 1564 1194 1631 ipsum
1227 1576 1321 1631 per
1348 1574 1468 1614 sese
1492 1561 1643 1627 juxta
1675 1574 1769 1627 na-

180 1674 359 1718 turam
382 1674 531 1714 suam
556 1656 791 1725 conspici
814 1663 1005 1725 queat;
1031 1652 1269 1721 alioquin
1292 1649 1537 1705 inefﬁcax
1568 1649 1768 1703 malitia

177 1757 294 1824 ipsa
326 1751 606 1805 mansisset
630 1747 773 1801 nullo
796 1745 920 1799 boni
947 1744 1186 1799 colorata
1215 1741 1488 1809 ﬁgmento,
1508 1755 1603 1810 per
1622 1738 1767 1809 quod

179 1846 221 1899 is
260 1843 355 1912 qui
385 1841 650 1909 decipitur
702 1838 753 1890 in
800 1835 918 1904 ejus
958 1832 1156 1887 attrahi
1202 1831 1523 1887 desiderium
1573 1831 1763 1901 possit.
1803 1834 1843 1889 Β

178 1934 332 1987 Nunc
359 1940 537 1985 autem
568 1929 830 1999 permixta
862 1923 1260 1996 quodammodo
1286 1921 1410 1975 mali
1441 1930 1630 1976 natura
1661 1930 1765 1987 est,

175 2026 226 2079 in
256 2025 369 2077 alto
399 2022 613 2091 quidem
655 2019 946 2090 perniciem
981 2015 1284 2078 continens,
1316 2013 1481 2067 veluti
1509 2012 1764 2082 quasdam

175 2117 364 2173 locans
393 2122 603 2184 apertas
650 2111 885 2165 insidias.
919 2108 977 2162 In
1023 2123 1083 2162 ea
1116 2121 1244 2160 vero
1289 2105 1599 2160 seductione
1646 2118 1766 2173 quae

175 2223 284 2261 non
318 2212 483 2275 patet,
517 2202 640 2256 boni
667 2199 950 2271 quamdam
982 2197 1267 2264 imaginem
1291 2210 1402 2265 pne
1430 2209 1488 2249 se
1518 2192 1638 2259 fert,
1670 2194 1769 2248 bo-

174 2316 305 2358 num
337 2312 568 2366 namque
596 2294 811 2349 videtur
839 2291 1015 2346 avaris
1060 2298 1115 2345 et
1164 2288 1373 2358 cupidis
1404 2287 1641 2340 materim
1664 2324 1679 2348 ,
1715 2285 1762 2339 id

175 2401 277 2455 est,
310 2389 428 2443 auri
456 2387 626 2451 color,
658 2384 750 2440 sed
787 2384 943 2437 radix
971 2382 1199 2436 omnium
1236 2379 1491 2433 malorum
1533 2388 1607 2431 est
1637 2394 1767 2430 ava~

174 2486 318 2537 ritia.
351 2481 481 2548 Quis
510 2488 688 2534 autem
721 2479 772 2532 in
802 2490 1018 2532 cmnum
1055 2474 1344 2528 teterrimae
1366 2487 1428 2527 ae
1458 2470 1764 2527 foedissimae

172 2576 413 2631 libidinis
458 2580 663 2636 rueret,
716 2570 815 2625 nisi
859 2568 1194 2638 voluptatem
1249 2566 1449 2620 bonum
1506 2563 1758 2632 quiddam

169 2676 565 2736 acceptumque
619 2669 916 2731 reputaret,
948 2658 1015 2712 ad
1043 2656 1307 2727 passionis
1353 2654 1600 2709 morbum
1631 2669 1766 2723 qua-

167 2759 291 2813 dam
338 2756 605 2827 pellectus
632 2752 925 2809 illecebra?
982 2748 1073 2804 Sic
1108 2757 1163 2804 et
1191 2756 1386 2802 caetera
1418 2754 1761 2817 peccatorum

166 2850 496 2919 permixtam
536 2862 755 2917 prorsus
801 2844 999 2899 habent
1039 2840 1424 2899 differentiam.
1458 2855 1580 2910 qua:
1609 2855 1765 2895 acce-

164 2940 414 3011 ptissima
446 2938 618 3007 primo
648 2944 901 3006 putantur
926 2942 1166 3002 aspectu,
1195 2940 1249 2987 et
1280 2931 1612 2986 seductionis
1642 2929 1762 2986 fuco

164 3048 263 3102 pro
305 3029 469 3086 bonis
496 3028 563 3081 ab
596 3024 1008 3082 inconsideratis
1049 3031 1105 3077 et
1134 3021 1564 3092 imprudentibus
1594 3036 1759 3090 appe-

164 3130 375 3177 tantur.
411 3119 549 3186 Quia
578 3132 707 3186 ergo
736 3116 977 3186 plerique
1005 3113 1058 3175 id
1081 3128 1201 3168 esse
1228 3113 1429 3168 bonum
1461 3111 1605 3182 quod
1635 3127 1761 3169 sen-

1872 552 2138 610 videatur.
2166 553 2314 611 Sicut
2344 571 2612 611 venenum
2661 557 2821 613 melle
2846 557 3230 623 circumlitum,
3259 572 3454 613 secun-

1870 647 1993 703 dum
2022 650 2078 704 id
2106 650 2249 721 quod
2278 666 2467 707 sensus
2495 651 2700 706 mulcet
2724 651 2969 721 insparsa
2995 648 3222 704 dulcedo
3250 649 3450 704 bonum

1870 756 1990 796 esse
2030 743 2285 810 creditur,
2317 743 2611 797 secundum
2656 742 2709 797 id
2750 751 2931 797 autem
2990 742 3134 813 quod
3180 749 3454 796 sumentes

1870 835 2140 904 intercipit
2170 844 2332 904 atque
2362 836 2683 907 corrumpit,
2726 835 2956 890 efficitur
2999 835 3143 889 omni
3190 835 3333 889 malo
3361 835 3455 890 de«

1871 927 2051 982 terius.
2086 926 2156 981 Ut
2183 942 2310 996 ergo
2333 928 2728 997 praivaiuerunt
2749 926 3003 983 adversus
3028 926 3260 982 hominis
3290 926 3452 980 vitam

1873 1034 2077 1073 venena
2102 1020 2398 1085 mortifera,
2432 1028 2559 1074 tunc
2589 1020 2773 1085 homo,
2806 1033 2999 1087 magna
3030 1033 3138 1080 res,
3171 1031 3453 1084 magnum-

1870 1124 1974 1176 que
2002 1110 2340 1175 vocabulum,
2359 1111 2659 1178 divinaeque
2691 1109 2936 1179 ﬁguratio
2959 1117 3183 1174 naturae,
3205 1108 3420 1160 vanitati
3437 1148 3452 1173 ,

1869 1199 2009 1252 sicut
2037 1199 2166 1254 dicit
2194 1201 2475 1271 prepbeta,
2506 1200 2691 1253 similis
2733 1201 2898 1270 factus
2947 1207 3042 1252 est.
3086 1197 3251 1264 Igitur
3280 1196 3456 1262 imago

1872 1288 1966 1341 Dei
1996 1288 2050 1341 in
2079 1288 2160 1342 his
2188 1304 2307 1357 quas
2335 1290 2538 1359 optima
2567 1290 2620 1343 in
2650 1289 2808 1343 nobis
2839 1288 3212 1355 intelliguntur
3238 1286 3457 1354 proprie

1870 1380 2139 1449 cernitur;
2160 1397 2495 1451 qumcunque
2524 1398 2655 1436 vero
2703 1382 2754 1436 in
2785 1382 2895 1436 vita
2933 1390 3119 1435 nostra
3149 1377 3454 1433 miseranda

1869 1470 2121 1525 videntur
2168 1482 2222 1525 et
2256 1474 2447 1539 tristia,
2498 1473 2679 1529 divina
2709 1488 2928 1543 prorsus
2950 1471 3299 1528 similitudine
3325 1482 3455 1539 pro-

1870 1562 2067 1617 bantur
2085 1564 2281 1619 aliena.

2444 1634 2672 1690 CAPUT
2711 1636 2870 1690 XXII.

1874 1700 2025 1765 Quod
2046 1706 2351 1759 resurrectio
2380 1722 2485 1759 non
2527 1716 2724 1759 tantum
2754 1724 2820 1760 ca:
2844 1702 3458 1774 Scriptururummrtedi-

1942 1775 2436 1847 catiotie,rquantum
2483 1793 2548 1830 ea:
2578 1778 2691 1847 ipsa
2738 1793 2911 1829 rerum
2950 1772 3251 1829 necessitate
3279 1772 3459 1825 debent

1942 1846 2204 1897 sustineri.

1938 1932 2043 1988 Sed
2068 1950 2175 1989 non
2205 1942 2289 1991 est
2319 1935 2390 1989 ita
2412 1936 2634 1990 robusta
2661 1936 2885 2000 malitia,
2919 1943 2979 1989 ut
3008 1935 3298 2004 przevaleat
3323 1933 3460 1988 diri-

1868 2039 1950 2078 n:e
1971 2026 2243 2095 potentias,
2272 2040 2445 2094 neque
2466 2026 2660 2082 melior
2681 2035 2774 2080 aut
2800 2026 3234 2095 perseverantior
3254 2033 3459 2079 natura:

1870 2124 2071 2171 nostra:
2112 2116 2473 2171 inconstantia
2504 2134 2666 2187 quam
2719 2119 2985 2188 sapientia
3016 2119 3133 2173 Dei.
3164 2117 3281 2172 Non
3312 2117 3453 2171 enim

1867 2206 2124 2278 possibile
2162 2216 2247 2263 est
2290 2216 2349 2262 ut
2391 2209 2649 2264 mutabile
2678 2210 2784 2264 hoc
2813 2218 2870 2264 et
2913 2209 3269 2264 convertibile
3300 2216 3451 2262 tena-

1866 2297 1981 2350 cius
2029 2296 2230 2351 existat
2263 2306 2319 2352 et
2348 2297 2554 2354 ﬁrmius
2581 2314 2741 2368 quam
2774 2300 2841 2355 ad
2889 2302 3060 2370 ipsum
3090 2300 3232 2369 quod
3254 2299 3456 2368 jugiter

1865 2394 2165 2455 permanet,
2196 2396 2251 2442 et
2280 2388 2332 2442 in
2362 2388 2508 2444 bono
2538 2389 2654 2444 sine
2684 2390 2790 2443 ulla
2818 2390 3242 2445 commutatione
3263 2388 3457 2458 perdu-

1865 2486 1969 2532 rat.
1994 2478 2240 2533 Divinum
2273 2480 2434 2547 igitur
2462 2481 2743 2534 consilium
2768 2494 2989 2550 prorsus
3018 2479 3458 2533 incommutabile

1864 2585 2079 2639 semper
2100 2578 2205 2637 est,
2233 2571 2561 2625 mutabilitas
2589 2579 2767 2624 autem
2801 2580 2998 2626 nostrae
3020 2570 3330 2625 substantia:
3360 2586 3459 2624 nec

1867 2658 1920 2711 in
1948 2659 2091 2712 malo
2117 2660 2317 2714 retinet
2343 2658 2675 2715 ﬁrmitatem.
2709 2660 2862 2726 Quod
2901 2661 3045 2715 enim
3099 2675 3315 2730 semper
3341 2676 3457 2715 mo-

1864 2756 2040 2816 vetur,
2074 2750 2338 2817 siquidem
2369 2751 2436 2805 ad
2465 2751 2665 2807 bonum
2695 2751 2869 2807 tendit
2896 2750 3013 2820 ejus
3051 2765 3302 2806 accessus
3332 2766 3460 2821 pro-

1866 2848 1987 2910 pter
2015 2840 2281 2895 infinitam
2325 2857 2439 2896 rem
2492 2858 2654 2911 quam
2704 2841 3037 2912 proﬁciendo
3082 2845 3453 2912 consequitur,

1865 2947 2137 3001 nunquam
2169 2933 2547 2989 terminabitur
2572 2934 2715 2989 illius
2744 2934 2797 2989 in
2820 2933 3094 2989 anteriora
3124 2936 3451 3005 progressio,

1863 3024 1988 3092 quia
2014 3040 2117 3080 non
2142 3027 2345 3095 poterit
2368 3026 2528 3096 hujus
2554 3042 2716 3097 quem
2745 3026 2940 3095 quaerit
2969 3026 3135 3081 ullum
3168 3027 3455 3081 terminum

1864 3118 2124 3186 reperire,
2154 3132 2263 3187 quo
2284 3120 2683 3189 comprehenso
2711 3127 2892 3175 motus
2917 3134 3047 3174 suns
3069 3118 3264 3173 debeat
3284 3133 3455 3187 quan-

161 3230 252 3269 sus
283 3212 525 3268 laetificat
570 3210 927 3273 arbitrantur,
971 3215 1027 3263 et
1076 3205 1321 3278 quaedam
1375 3214 1459 3261 est
1504 3207 1757 3275 cognatio
1785 3202 1831 3263 Ω
1862 3210 2042 3279 doque
2070 3211 2390 3267 consistere.
2423 3211 2482 3267 Si
2531 3227 2662 3268 vero
2715 3210 2784 3266 ad
2834 3213 3163 3268 contrarium
3202 3208 3457 3265 deflectat

161 3305 425 3369 nominis,
457 3318 551 3357 seu
583 3301 850 3357 veraciter
874 3297 1153 3354 existentis
1174 3297 1323 3365 boni,
1353 3312 1449 3352 seu
1486 3296 1631 3366 quod
1655 3297 1756 3353 bo-

160 3412 290 3450 num
324 3404 568 3466 putatur,
600 3401 654 3447 et
684 3407 790 3447 non
818 3397 920 3456 est,
952 3390 1052 3445 hac
1082 3388 1148 3444 de
1177 3404 1337 3444 causa
1367 3390 1755 3459 concupiscen-

162 3489 296 3542 tiam
340 3485 491 3541 illam
517 3499 635 3553 qute
657 3481 725 3539 ad
756 3482 955 3539 malum
982 3480 1130 3535 velut
1158 3481 1225 3535 ad
1251 3482 1448 3537 bonum
1472 3482 1757 3551 pertrahit,

157 3578 287 3633 mali
330 3584 387 3630 et
419 3575 547 3629 boni
576 3574 855 3629 scientiam
892 3571 1169 3641 Scriptura
1209 3581 1393 3627 sancta
1422 3588 1755 3628 commemo-

158 3679 241 3724 rat
275 3687 288 3723 :
318 3670 453 3723 dum
480 3666 702 3720 scientia
731 3665 829 3719 ista
854 3662 1140 3734 quemdam
1184 3662 1427 3719 declaret
1480 3663 1753 3727 affectum,

158 3776 260 3816 nec
292 3758 544 3814 absolute
574 3756 793 3818 malum,
826 3754 951 3825 quia
994 3754 1120 3808 boni
1147 3752 1429 3823 superﬁcie
1456 3753 1756 3808 coloratum

156 3859 259 3915 est,
295 3866 403 3904 nec
430 3848 787 3903 sincerissime
816 3846 1036 3909 bonum,
1068 3845 1193 3913 quia
1218 3844 1344 3897 mali
1375 3844 1428 3899 in
1459 3859 1526 3900 eo
1558 3843 1743 3900 delite-

155 3946 260 4000 scit
292 3942 545 4006 exitium,
600 3937 697 3994 sed
749 3936 1133 4007 promiscuum,
1186 3936 1241 3991 id
1288 3944 1390 4001 est,
1421 3950 1489 3990 ex
1529 3944 1757 4004 utroque

158 4038 511 4108 perplexum,
568 4031 838 4087 interdicti
893 4029 1021 4098 ligni
1064 4028 1295 4082 fructum
1343 4042 1463 4083 esse
1508 4035 1751 4092 testatur,

156 4129 317 4197 cujus
348 4132 565 4195 gustum
596 4122 735 4177 dixit
762 4120 828 4173 ad
877 4127 1104 4175 mortem
1136 4127 1421 4186 tangentes
1458 4117 1752 4172 attrahere.

158 4216 311 4273 Pene
342 4219 449 4270 hoc
479 4213 712 4270 evidenti
741 4220 795 4266 et
837 4210 1089 4278 dogmate
1139 4217 1194 4264 et
1221 4223 1353 4264 voce
1394 4210 1754 4279 proclamans,

158 4311 288 4380 quia
333 4304 485 4376 quod
536 4319 661 4359 vere
686 4314 771 4358 est
792 4301 1017 4369 bonum,
1046 4300 1274 4370 simplex
1323 4309 1379 4355 et
1408 4302 1625 4357 unicum
1651 4310 1752 4367 est,

158 4416 190 4455 a
221 4408 423 4454 natura
474 4394 712 4449 omnium
749 4392 1009 4457 alienum;
1042 4392 1243 4445 malum
1272 4407 1400 4447 vero
1437 4392 1647 4447 varium
1674 4400 1756 4446 at-

157 4508 264 4562 que
300 4489 544 4543 fucatum
575 4492 676 4546 est,
709 4483 853 4554 quod
903 4481 1045 4537 aliud
1093 4483 1306 4552 quidem
1350 4491 1566 4552 putetur
1612 4497 1751 4548 esse,

1862 3298 1978 3368 ejus
2006 3300 2255 3366 intentio,
2290 3300 2380 3355 ubi
2409 3302 2661 3371 nequitia:
2687 3304 2962 3373 peregerit
3010 3316 3250 3367 cursum,
3306 3309 3360 3355 et
3387 3300 3455 3353 ad

1860 3405 2127 3444 summum
2173 3389 2442 3457 fastigium
2496 3392 2623 3446 mali
2674 3393 3006 3462 pervenerit,
3039 3400 3167 3445 tune
3213 3390 3355 3458 jugis
3396 3402 3463 3443 se

1861 3482 2127 3537 moventis
2158 3482 2391 3552 impetus
2419 3484 2624 3538 nullum
2644 3491 2845 3539 statum
2867 3484 2936 3539 de
2955 3499 3051 3537 sua
3082 3491 3275 3537 natura
3297 3495 3459 3549 repe-

1860 3576 2023 3639 riens,
2051 3574 2142 3628 ubi
2172 3575 2393 3630 malitia:
2418 3576 2597 3645 spatia
2626 3575 2984 3630 determinata
3015 3572 3331 3636 cucurrerit,
3357 3587 3460 3626 ne-

1860 3665 2098 3721 cessario
2155 3673 2361 3723 motum
2405 3666 2517 3733 jam
2557 3665 2626 3719 ad
2654 3666 2857 3735 optima
2881 3679 3108 3734 qumque
3148 3672 3450 3720 convertet.

1860 3755 1995 3810 Cum
2023 3755 2166 3810 enim
2199 3755 2401 3809 malitia
2431 3756 2738 3810 nullatenus
2778 3755 3194 3810 indeterminate
3233 3769 3453 3824 promo.-

1857 3852 2067 3911 veatur,
2091 3844 2185 3899 sed
2206 3846 2527 3900 necessariis
2548 3843 2742 3899 ﬁnibus
2764 3845 3088 3907 includatur,
3115 3859 3458 3911 consequen-

1858 3943 1944 3990 ter
1972 3936 2097 3989 mali
2127 3935 2389 3991 terminus
2441 3935 2545 3989 erit
2569 3935 2695 3991 boni
2723 3935 3019 4002 successio,
3073 3941 3129 3989 et
3183 3934 3274 3999 ita,
3310 3934 3457 3987 sicut

1860 4025 2059 4080 dictum
2087 4034 2192 4089 est,
2229 4033 2420 4081 natura
2450 4034 2654 4089 nostra,
2697 4040 2815 4095 quae
2843 4040 3059 4097 semper
3097 4025 3317 4079 immota
3346 4031 3457 4085 est,
3534 4094 3541 4103 ο

1858 4117 2089 4186 quadam
2121 4118 2464 4185 regressione
2491 4117 2617 4173 boni
2646 4117 2899 4187 deinceps
2926 4116 3028 4172 iter
3049 4116 3303 4179 excurrit,
3338 4129 3458 4168 me-

1860 4209 2032 4262 moria
2058 4209 2320 4265 malorum
2343 4210 2538 4280 quibus
2564 4208 2754 4265 aﬁecta
2777 4217 2879 4275 est,
2909 4225 2975 4264 ne
3004 4226 3187 4265 rursus
3206 4209 3269 4262 ad
3297 4208 3452 4262 simi-

1859 4299 1931 4352 lia
1959 4299 2177 4357 recedat
2223 4300 2453 4354 erudita.
2486 4300 2688 4355 lterum
2739 4315 2869 4369 ergo
2915 4317 3106 4355 cursus
3134 4309 3321 4353 noster
3347 4300 3454 4353 erit

1860 4389 1913 4443 in
1961 4389 2136 4452 bonis,
2165 4397 2388 4459 propter
2411 4392 2554 4459 quod
2605 4392 2948 4455 necessariis,
2983 4398 3041 4443 ut
3088 4389 3218 4454 dixi,
3253 4387 3459 4442 ﬁnibus

1861 4488 2051 4535 natura
2102 4481 2318 4536 malitia:
2367 4481 2624 4551 probetur
2650 4498 2768 4537 esse
2815 4481 3163 4552 prmscripta;
3197 4486 3252 4533 et
3304 4479 3449 4533 sicut

158 4579 311 4635 aliud
372 4590 505 4631 vero
560 4574 674 4643 ipsa
744 4572 1074 4642 experientia
1131 4572 1514 4641 comprobetur
1536 4613 1552 4638 ,
1606 4572 1759 4641 cujus
1788 4571 1838 4630 D
1863 4572 2013 4627 aiunt
2040 4572 2094 4627 hi
2123 4573 2212 4641 qui
2242 4573 2310 4627 de
2337 4573 2500 4627 rebus
2527 4572 2843 4627 sublimibus
2869 4571 3164 4640 disputant,
3203 4568 3455 4637 superio-

157 4670 421 4734 scientia,
462 4665 518 4720 id
560 4674 644 4721 est
670 4663 999 4733 operationis
1023 4661 1244 4716 effectus
1265 4677 1425 4717 causa
1453 4669 1535 4717 est
1569 4662 1757 4716 mortis

158 4769 216 4815 et
265 4755 637 4827 corruptionis
697 4752 1001 4809 exordium.
1047 4751 1282 4822 ideoque
1335 4759 1757 4821 praamonstrans

158 4865 396 4921 serpens
422 4846 651 4902 fructum
678 4845 886 4915 peccati
912 4843 1317 4913 nequissimum,
1343 4858 1448 4897 non
1470 4843 1611 4898 sicut
1635 4857 1757 4898 sese

158 4944 335 4998 habet
363 4949 571 4994 natura:
599 4938 798 4991 malum
829 4935 1107 4990 evidenter
1131 4934 1364 4990 ostendit
1394 4935 1751 5003 (nequaquam

157 5034 371 5105 quippe
386 5030 547 5084 homo
570 5028 918 5082 seduceretur
942 5034 1127 5093 aperta
1151 5024 1397 5093 malitia),
1414 5024 1508 5079 sed
1523 5024 1752 5094 quadam

156 5123 350 5192 specie
380 5115 528 5187 quod
554 5115 846 5185 apparebat
875 5113 1165 5177 illustrans,
1200 5112 1637 5182 voluptatemque
1661 5128 1756 5182 per

156 5227 363 5268 sensus
393 5210 669 5264 insinuans
698 5214 859 5278 atque
885 5204 1120 5260 inferens
1142 5205 1338 5274 gustui,
1371 5193 1756 5272 transgressio-

155 5320 283 5360 nem
328 5300 545 5357 mulieri
592 5301 887 5369 persuasit,
939 5298 1080 5352 sicut
1124 5296 1398 5367 Scriptura
1458 5297 1626 5351 dicit:
1687 5296 1756 5351 Et

154 5399 284 5453 ridit
308 5395 501 5448 mulier
545 5392 679 5464 quod
727 5391 914 5444 bonum
941 5398 1073 5442 esset
1101 5388 1295 5459 lignum
1320 5387 1389 5440 ad
1432 5388 1753 5454 vescendum,

152 5497 471 5557 gratumque
534 5484 695 5538 oculis
735 5482 803 5533 ad
832 5480 1133 5547 videndum,
1165 5488 1213 5532 et
1239 5479 1506 5547 pulchrum
1534 5480 1603 5531 ad
1629 5495 1752 5533 cou-

152 5574 489 5632 trectandum
512 5592 530 5638 ;
558 5582 605 5627 et
634 5574 851 5641 sumpsit
879 5572 942 5625 de
990 5573 1157 5641 [ructu
1196 5572 1306 5639 ejus
1334 5579 1485 5640 atque
1512 5572 1749 5626 comedit.

153 5667 286 5723 Esca
317 5675 509 5721 autem
540 5665 628 5719 illa
665 5674 837 5718 mater
880 5664 1071 5719 mortis
1108 5663 1415 5719 hominibus
1458 5662 1595 5718 facta
1647 5673 1747 5718 est.

153 5760 261 5814 Nec
288 5758 561 5825 estigitur
599 5755 861 5825 permixta
893 5753 1254 5809 fructificatio.
1292 5752 1569 5809 Manifeste
1598 5768 1750 5808 nam-

150 5868 254 5919 que
284 5862 481 5906 sermo
520 5844 777 5917 patefecit
832 5844 1268 5915 intelligentiam,
1296 5843 1747 5915 quemadmodum

1864 4663 2011 4719 ribus
2040 4663 2221 4717 mundi
2248 4663 2490 4732 partibus
2518 4663 2828 4717 universum
2876 4660 3131 4714 mundum
3158 4660 3276 4713 luce
3296 4674 3451 4713 com—

1861 4754 2017 4824 pleri,
2051 4752 2303 4807 tenebras
2348 4761 2529 4806 autem
2567 4767 2635 4805 ex
2680 4752 2866 4806 umbra
2899 4749 3097 4803 terreni
3118 4749 3366 4817 corporis
3394 4756 3453 4801 et

1861 4843 2187 4914 oppilatione
2217 4843 2494 4912 generari;
2543 4842 2751 4912 (ethoc
2777 4841 2994 4910 quidem
3037 4840 3188 4910 juxta
3224 4839 3452 4909 ﬁguram

1862 4934 2109 5003 corporis
2134 4934 2188 4988 in
2238 4933 2457 4987 modum
2487 4933 2709 5002 sphaerze
2739 4932 2975 4994 collecti,
3006 4940 3059 4987 et
3087 4940 3208 5001 post
3239 4940 3451 4999 tergum

1859 5028 1988 5081 εςιιὶε
2017 5025 2197 5081 radios
2225 5026 2347 5081 coni
2380 5025 2547 5079 instar
2570 5025 2917 5080 excludentes
2934 5024 3248 5093 accedere);
3275 5023 3451 5078 solem

1862 5132 1991 5170 vero
2040 5116 2211 5173 multo
2258 5131 2420 5185 quam
2467 5123 2612 5170 terra
2662 5124 2746 5170 est
2793 5116 3012 5183 majoris
3066 5114 3455 5184 magnitudinis

1860 5205 2200 5270 existentem,
2234 5206 2467 5275 undique
2505 5221 2625 5261 eam
2656 5208 2766 5262 suis
2793 5208 2847 5261 in
2877 5208 3106 5262 circuitu
3136 5208 3298 5262 radiis
3328 5221 3449 5259 ain-

1862 5298 1977 5353 b'tre
2026 5296 2177 5366 juxta
2207 5298 2330 5353 coni
2360 5298 2647 5352 terminum
2684 5300 3004 5354 emissiones
3050 5297 3268 5353 luminis
3295 5312 3447 5350 amo-

1863 5398 2097 5453 ventem,
2133 5390 2202 5445 ita
2227 5397 2282 5444 ut
2304 5390 2348 5444 si
2396 5391 2722 5445 concedatur
2748 5391 2905 5446 alicui
2941 5391 3170 5460 quadan.
3229 5390 3443 5450 virtute,

1856 5498 2161 5537 mensuram
2194 5482 2339 5536 illam
2370 5483 2422 5535 in
2452 5497 2615 5550 quam
2644 5483 2951 5537 extenditur
2975 5482 3159 5534 umbra
3194 5477 3443 5537 transire,

1854 5573 1956 5626 erit
1979 5571 2221 5643 profecto
2250 5587 2467 5642 semper
2493 5574 2543 5626 in
2576 5573 2806 5638 lumine,
2842 5571 3002 5625 nullis
3030 5566 3441 5624 occurrentibus

1857 5665 2125 5730 tenebris;
2158 5666 2236 5720 sic
2264 5667 2499 5720 arbitror
2528 5673 2583 5719 et
2607 5664 2674 5719 de
2704 5664 2861 5719 nobis
2888 5661 3183 5728 excogitari
3213 5658 3437 5721 debere,

1854 5754 1996 5820 quod
2038 5757 2237 5823 egressi
2288 5756 2418 5811 fines
2468 5754 2702 5820 malitia‘,
2737 5763 2793 5807 ut
2835 5753 2885 5807 in
2929 5749 3153 5806 summis
3184 5749 3440 5804 fuerimus

1861 5870 2196 5927 peccatorum
2248 5852 2481 5908 tenebris
2529 5843 2798 5909 collocati,
2860 5856 3041 5897 rursus
3080 5855 3353 5897 versemur
3386 5843 3436 5895 iu
