4000 6344
487 428 590 485 535

1774 413 2130 473 DIONYSIUS
2169 407 2492 468 EXIGUUS.

3673 404 3770 460 38$

491 541 697 596 lumine
725 546 846 610 post
868 529 1060 594 Sticula
1085 536 1243 590 rutilis
1261 534 1652 603 comprehensa
1678 530 1939 593 terminis,
1972 529 2084 583 vel-
2117 530 2163 589 Λ
2193 526 2395 580 tionem
2446 533 2643 578 nostra:
2689 520 3050 590 generationis
3100 520 3402 575 instituens.
3448 518 3603 591 (Non
3635 522 3771 575 enim

489 633 568 686 uti
618 645 919 685 mensuram
972 628 1171 681 umbm
1241 626 1504 679 bonorum
1561 621 2078 692 superexcellentem

490 717 864 777 substantiam.
917 718 1124 770 Rursus
1177 730 1305 783 ergo
1343 713 1642 783 paradisus,
1688 725 1877 766 rursus
1923 723 2084 763 omne

493 815 621 871 illud
655 815 878 881 lignum,
902 810 1043 880 quod
1069 818 1121 863 et
1148 811 1347 863 bonum
1372 808 1477 860 vita
1501 814 1603 871 est,
1629 820 1811 858 rursus
1838 800 2084 869 imaginis

495 905 666 971 gratia
698 912 753 956 et
779 901 1008 969 dignitas
1041 899 1388 969 principatus.
1424 896 1531 950 Nec
1571 895 1698 948 milri
1739 894 1952 947 videtur
1981 892 2083 945 ho-

498 1010 614 1048 rum
648 1009 766 1061 qua:
796 1009 937 1047 nunc
959 991 1023 1044 ad
1055 992 1177 1044 vitae
1203 989 1535 1044 necessarios
1566 1003 1691 1041 usus
1712 1002 1739 1039 a
1766 986 1874 1039 Deo
1905 984 2082 1038 homi-

504 1085 661 1138 nibus
690 1085 812 1137 data
843 1093 987 1148 sunt,
1020 1080 1113 1135 sed
1138 1080 1368 1149 quodam
1396 1080 1471 1132 rei
1500 1078 1721 1132 alterius
1743 1092 1865 1145 spes
1896 1090 2087 1143 repro-

504 1178 769 1240 mittatur,
801 1175 950 1243 cujus
969 1176 1108 1228 ratio
1131 1170 1413 1225 ineliabilis
1439 1171 1783 1240 approbetur.
1820 1165 1929 1221 Sed
1956 1181 2091 1219 con-

503 1267 783 1334 sequentia
816 1280 1003 1319 eorum
1025 1279 1143 1332 quae
1166 1262 1478 1316 discutimus
1509 1274 1919 1330 prosequamur.

1079 1371 1306 1427 CAPUT
1337 1371 1518 1424 XXlll.

504 1464 758 1519 Adversus
787 1483 871 1519 eos
892 1482 976 1535 qui
1001 1466 1207 1519 dicunt:
1226 1466 1286 1518 Si
1309 1465 1440 1518 bona
1463 1474 1509 1518 et
1535 1465 1725 1533 oplima
1745 1471 1819 1515 est
1837 1480 2093 1535 resurrec-

576 1537 646 1587 Iio
675 1531 1014 1598 mortuorum,
1058 1553 1149 1588 cur
1188 1552 1289 1588 non
1322 1537 1442 1588 olim
1486 1531 1625 1604 facta
1653 1543 1747 1597 est,
1774 1533 1863 1604 sed
1890 1531 2101 1603 quibus-

575 1606 698 1658 dam
722 1616 1007 1676 temporum
1037 1605 1424 1659 circuitionibns
1449 1603 1746 1657 sustinetur.
1820 1603 1840 1612 ’

578 1715 845 1769 Fortassis
868 1716 1010 1770 enim
1041 1715 1160 1786 quis
1183 1714 1250 1768 ad
1280 1714 1622 1769 dulcedinem
1663 1722 1825 1767 tanta:
1859 1714 1972 1782 spei
2004 1728 2101 1767 co-

513 1806 773 1875 gitatione
801 1822 1112 1871 succensus,
1165 1820 1328 1873 grave
1356 1820 1494 1858 onus
1541 1819 1903 1873 magnumque
1950 1810 2106 1871 putat

2189 620 2403 689 quando
2437 619 2503 673 ad
2526 618 2813 686 imaginem
2844 616 2937 672 Dei
2962 615 3113 684 fecit)
3151 626 3279 671 tunc
3300 625 3622 671 crescereet
3643 616 3775 672 mul-

2189 706 2419 776 tiplicari
2448 706 2697 760 homines
2730 704 3045 774 imperavit,
3079 704 3174 759 sed
3208 705 3429 775 quando
3476 706 3603 760 fecit
3633 721 3773 760 mas-

2189 797 2295 853 culi
2332 805 2385 850 et
2407 794 2613 850 feminm
2635 793 3012 858 diﬁerentiam,
3043 801 3169 849 tunc
3191 796 3266 849 ait
3292 814 3303 848 :
3329 794 3553 851 Crescite
3577 807 3626 851 et
3647 797 3776 851 mul-

2190 890 2518 958 tiplicamini,
2565 898 2615 941 et
2662 888 2865 958 implete
2898 898 3108 957 terram,
3136 890 3280 958 quod
3323 908 3428 945 non
3467 902 3548 947 est
3584 892 3776 947 divinae

2194 991 2398 1036 natura:
2418 1022 2432 1048 ,
2464 980 2557 1035 sed
2586 979 2969 1035 irrationabilis
3011 982 3286 1051 proprium
3309 1025 3324 1051 ,
3374 984 3511 1039 sicut
3541 984 3777 1038 historia:

2196 1080 2373 1143 textus
2402 1072 2658 1132 ostendit,
2683 1086 2802 1141 quae
2842 1072 3093 1141 primitus
3126 1072 3210 1127 hic
3232 1072 3297 1127 de
3322 1074 3720 1129 irrationalibus
3747 1090 3776 1125 a

2195 1162 2307 1217 Deo
2337 1162 2543 1231 prolata
2576 1160 2737 1216 luisse
2785 1160 3068 1229 signiﬁcat.
3102 1161 3256 1228 Quod
3284 1165 3327 1217 si
3360 1166 3508 1233 prius
3529 1163 3779 1218 ditl'eren-

2196 1257 2324 1310 tiam
2356 1255 2578 1310 masculi
2610 1252 2826 1308 fecisset
2848 1252 2897 1308 in
2925 1254 3082 1308 nobis
3112 1262 3164 1309 et
3186 1255 3418 1319 feminae,
3441 1264 3496 1311 et
3518 1271 3615 1329 per
3642 1256 3781 1309 hanc

2196 1358 2387 1398 vocem
2416 1359 2521 1413 qua
2544 1342 2743 1397 dictum
2772 1351 2855 1397 est
2884 1360 2895 1393 :
2922 1342 3166 1409 Crescite,
3194 1344 3299 1397 vim
3324 1344 3783 1413 multiplicationis

2196 1434 2402 1488 homini
2450 1432 2786 1497 contulisset,
2820 1448 3158 1501 nequaquam
3212 1435 3581 1502 generationis
3626 1433 3786 1503 hujus

2200 1523 2562 1593 indigeremus
2586 1524 2786 1593 specie,
2818 1538 2916 1594 per
2937 1539 3096 1592 quam
3134 1524 3518 1579 irrationabilia
3540 1535 3787 1581 contem-

2201 1613 2437 1684 piantur.
2471 1614 2603 1679 Quia
2661 1614 2820 1681 igitur
2870 1623 2995 1669 ante
3042 1615 3441 1684 contemplatus
3478 1624 3559 1669 est
3587 1614 3789 1671 virtute

2203 1704 2555 1774 prmscientia:
2581 1719 2691 1758 suae
2745 1704 2885 1759 Dens
2933 1703 3320 1774 plenitudinem
3366 1705 3646 1759 hominum
3693 1721 3791 1776 per

2208 1794 2492 1848 animalem
2541 1795 2975 1864 procreationem
3026 1794 3094 1849 ad
3144 1796 3307 1849 vitam
3336 1811 3456 1851 esse
3485 1803 3789 1859 venturam,

512 1914 632 1953 esse
657 1898 1012 1967 dispendium,
1037 1898 1179 1967 quod
1212 1914 1317 1952 ηοη
1348 1898 1498 1951 ocius
1523 1897 1589 1950 ad
1736 1897 1876 1950 bona
1907 1911 2100 1966 parve-
2136 1891 2179 1948 Β
2205 1883 2297 1951 (Illi
2327 1892 2519 1938 cuncta
2550 1882 2739 1939 ordine
2762 1890 2815 1937 Cl
2846 1884 3055 1938 ratione
3098 1879 3391 1953 dispensat,
3423 1885 3559 1939 hanc
3586 1885 3793 1938 hOIﬂlDl

516 1987 646 2051 niat,
678 2002 797 2056 quae
826 1989 1119 2041 humanum
1146 2002 1363 2041 sensum
1404 1986 1791 2055 scientiamque
1824 1994 2104 2040 transcen—

446 2082 449 2085 ⁷
513 2077 664 2143 dunt,
708 2080 933 2133 moleste
984 2077 1160 2133 ferens
1191 2078 1645 2147 intercapedinem
1677 2078 1953 2146 temporis,
1986 2092 2104 2147 qua:

516 2169 774 2223 dilatione
803 2169 884 2222 sui
910 2169 1211 2224 desiderata
1248 2167 1524 2223 distendit.
1568 2168 1766 2222 Verum
1801 2184 1905 2222 non
1937 2182 2106 2236 angu-

517 2268 687 2315 stetur
715 2261 861 2316 sicut
889 2262 1163 2330 parvulus,
1208 2260 1473 2315 modicam
1503 2260 1798 2329 voluptatis
1842 2261 2105 2315 morulam

516 2350 861 2420 impatienter
889 2359 1229 2420 exspectans.
1262 2351 1393 2405 Nam
1417 2352 1542 2420 quia
1573 2353 1783 2406 ratione
1814 2358 1868 2406 et
1892 2350 2106 2421 sapien-

518 2440 593 2494 tia
643 2440 1020 2509 dispensantur
1064 2441 1350 2505 universa,
1380 2457 1603 2497 necesse
1651 2450 1733 2496 est
1776 2456 2110 2510 quzccunque

522 2531 656 2585 ﬁunt
703 2548 809 2586 non
840 2533 957 2586 sine
997 2534 1209 2587 ratione
1258 2541 1314 2586 et
1360 2533 1621 2602 sapientia
1652 2533 1936 2587 contineri.
1972 2533 2112 2586 Dicis

523 2622 704 2688 itaque
733 2622 860 2674 mihi
890 2639 902 2675 :
928 2621 1057 2687 Qua:
1082 2631 1164 2675 est
1194 2623 1294 2675 ista
1320 2623 1483 2686 ratio,
1510 2639 1605 2691 per
1630 2638 1789 2692 quam
1818 2639 1924 2677 non
1956 2623 2113 2676 datur

523 2712 703 2765 statim
728 2712 777 2764 id
800 2712 866 2764 ad
891 2712 1032 2781 quod
1055 2712 1393 2766 desideratur
1406 2713 1473 2766 ab
1496 2713 1597 2767 hac
1618 2713 1723 2767 vita
1741 2712 2112 2767 molestissima

526 2802 827 2873 pervenire,
852 2802 946 2856 sed
973 2804 1132 2857 certis
1158 2802 1418 2871 prteliuita
1443 2804 1772 2872 temporibus
1802 2804 1978 2871 gravis
2000 2802 2115 2857 inec

532 2904 588 2948 et
642 2895 953 2964 temporalis
1018 2897 1360 2949 conversatio
1422 2897 1588 2951 totius
1637 2895 2116 2950 consummationis

529 2987 815 3042 terminum
856 2987 1105 3051 sustinet,
1141 2995 1197 3039 ut
1227 2995 1353 3041 tunc
1380 2986 1614 3040 humana
1644 2987 1776 3054 vita,
1805 2986 1970 3039 veluti
1998 2986 2117 3055 qui-

529 3077 755 3131 busdam
796 3075 1041 3130 absoluta
1071 3076 1357 3145 repagulis,
1408 3076 1589 3143 quieta
1616 3090 1827 3129 rursum
1859 3090 1921 3129 ac
1948 3075 2116 3128 libera

531 3167 596 3220 a.l
620 3168 831 3221 beatum
861 3174 912 3219 et
944 3165 1323 3235 impassihilem
1346 3174 1543 3218 statum
1566 3164 1757 3219 futurtc
1782 3163 2117 3234 contempla-

533 3256 697 3312 tionis
734 3258 1027 3310 occurrat?
1055 3255 1159 3310 Sed
1188 3256 1252 3309 ad
1294 3256 1429 3318 hinc,
1459 3263 1637 3308 utrum
1666 3255 1875 3308 veritati
1899 3255 2119 3324 propin-

534 3355 665 3415 quet
692 3348 859 3413 ratio,
884 3347 952 3400 de
998 3346 1079 3401 his
1108 3362 1226 3416 qua:
1273 3347 1655 3415 perquiruntur
1702 3346 1816 3415 ipsa
1842 3345 2119 3400 evidenter

537 3438 735 3492 veritas
763 3438 1001 3497 noverit;
1023 3438 1167 3507 quod
1189 3445 1370 3493 autem
1394 3445 1631 3492 nostram
1654 3436 1797 3491 subit
1818 3435 2121 3505 intelligen-

539 3528 667 3582 tiam
716 3528 822 3583 tale
849 3537 951 3584 est.
986 3528 1115 3583 Dico
1170 3527 1369 3583 etenim
1398 3540 1703 3583 sermonem
1735 3527 1967 3597 primum
1998 3541 2121 3579 rur-

538 3635 655 3675 sum
686 3635 965 3675 assumens
986 3634 1095 3689 quo
1122 3620 1317 3674 dixerit
1339 3619 1479 3673 Deus
1509 3636 1521 3671 :
1556 3617 1834 3672 Faciamus
1857 3618 2119 3672 hominem

541 3710 611 3763 ad
630 3711 906 3779 imaginem
934 3718 983 3763 et
1010 3710 1401 3764 similitudinem
1424 3718 1656 3764 nostram
1681 3725 1698 3762 :
1725 3709 1902 3778 imago
1928 3709 2127 3778 quippe

544 3801 638 3859 Dei
669 3801 907 3872 perfecta
934 3802 987 3855 in
1018 3802 1163 3856 omni
1200 3802 1435 3856 humana
1480 3810 1671 3856 natura
1701 3800 1916 3856 modum
1946 3798 2127 3869 perfe-

544 3890 740 3944 ctionis
768 3899 851 3945 est
890 3899 1201 3946 consecuta.
1246 3891 1415 3945 Adam
1445 3907 1577 3946 vero
1608 3891 1837 3946 necdum
1870 3891 2131 3945 formatus

543 3986 647 4044 est,
666 3988 879 4033 terrena
897 3995 1025 4034 vero
1046 3980 1286 4034 conditio
1302 3980 1453 4047 juxta
1480 3981 1763 4049 quamdam
1783 3980 1865 4035 sui
1902 3981 2131 4034 nominis

545 4074 947 4142 expressionem
975 4072 1171 4126 dicitur
1198 4071 1388 4138 Adam,
1419 4078 1478 4125 ut
1498 4078 1747 4126 asserunt
1775 4071 1867 4139 qui
1893 4069 2131 4124 Hebr-aia:

547 4162 743 4229 lingua:
765 4161 920 4228 periti
948 4169 1094 4214 sunt.
1128 4161 1335 4215 idcirco
1378 4168 1434 4214 et
1463 4160 1753 4229 Apostolus
1781 4161 1956 4230 patria
1977 4176 2130 4225 voce,

551 4252 602 4306 id
632 4262 732 4316 est,
762 4247 1124 4306 lsraelitarum
1155 4251 1486 4307 sufﬁcienter
1513 4253 1824 4315 instructus,
1861 4252 2134 4305 hominem

549 4342 618 4397 de
646 4350 784 4394 terra
810 4350 1081 4396 terrenum
1114 4341 1378 4405 nominat,
1405 4340 1551 4395 velut
1577 4340 1627 4394 in
1668 4340 1914 4395 Graecum
1943 4355 2135 4395 sonum

554 4430 681 4485 Adze
711 4430 1028 4485 vocabulum
1081 4431 1426 4486 transferens.
1481 4431 1677 4486 Factus
1729 4438 1813 4486 est
1863 4430 2022 4499 igitur
2067 4429 2135 4483 ad

552 4522 839 4587 imaginem
866 4521 1026 4576 homo
1052 4522 1389 4585 universalis,
1418 4522 1463 4576 si
1486 4530 1678 4577 natura
1703 4523 1813 4577 Deo
1842 4523 2134 4587 simillima,

2207 1974 2574 2041 generationis
2622 1973 2856 2041 speciem
2888 1973 3247 2028 necessariam
3297 1973 3552 2037 candidit,
3578 1988 3700 2042 qua:
3729 1973 3796 2026 ad

2209 2062 2568 2116 humilitatem
2619 2070 2826 2114 natura:
2874 2070 3071 2116 nostra:
3100 2061 3391 2131 proclivior
3437 2062 3596 2126 foret,
3630 2077 3797 2131 quam

2207 2153 2339 2207 vidit
2367 2161 2657 2223 antequam
2692 2151 2861 2216 ﬁeret,
2894 2153 2985 2221 qui
3028 2151 3202 2207 futura
3233 2161 3481 2222 tanquam
3512 2155 3801 2223 przesentia

2211 2254 2520 2301 contuetur.
2552 2243 2753 2299 idcirco
2798 2244 2865 2298 ad
2905 2245 3235 2299 creationem
3276 2245 3551 2299 hominum
3580 2260 3803 2301 mensu-

2211 2354 2325 2394 ram
2356 2350 2571 2406 quoque
2600 2334 2860 2405 temporis
2909 2338 3032 2389 ante
3059 2335 3341 2404 disposuit,
3374 2342 3432 2390 ut
3468 2336 3620 2404 juxta
3651 2352 3805 2390 com-

2214 2427 2570 2482 morationem
2600 2426 3107 2495 praedestinatarum
3138 2426 3189 2479 in
3217 2426 3321 2479 hoc
3348 2425 3549 2479 mundo
3594 2426 3798 2479 anima-

2215 2537 2332 2577 rum
2360 2520 2517 2575 simul
2544 2528 2599 2573 et
2638 2534 2788 2571 mora
2821 2518 3080 2587 temporis
3117 2517 3443 2581 tenderetur,
3490 2525 3545 2570 et
3566 2525 3697 2571 tunc
3723 2518 3809 2587 ip-

2215 2616 2323 2669 sius
2356 2610 2611 2681 temporis
2631 2610 2805 2665 ﬁuens
2826 2617 3007 2664 motus
3034 2610 3249 2665 tandem
3283 2610 3572 2679 aliquando
3595 2610 3814 2664 consis-

2216 2714 2375 2769 teret,
2409 2719 2530 2759 cum
2557 2702 2669 2771 jam
2695 2702 2744 2756 in
2776 2717 2841 2756 eo
2859 2702 3148 2756 humanum
3179 2716 3347 2770 genus
3376 2702 3505 2757 oriri
3534 2718 3645 2756 non
3678 2717 3814 2773 pos—

2217 2802 2318 2848 set.
2350 2793 2730 2847 Consummata
2760 2806 2889 2861 ergo
2922 2792 3274 2859 generatione
3314 2792 3616 2857 hominum,
3643 2794 3813 2847 simul

2218 2897 2431 2953 quoque
2461 2890 2673 2950 tempus
2693 2881 2925 2948 deliciet,
2950 2890 3005 2936 et
3024 2882 3102 2937 sic
3125 2883 3392 2938 restitutio
3416 2882 3506 2937 ﬁet
3537 2885 3813 2953 omnium,

2219 2974 2272 3027 in
2303 2987 2408 3041 qua
2454 2971 2741 3025 universali
2771 2970 3243 3027 transformatione
3266 2973 3688 3027 commutabitur
3716 2988 3817 3042 ge-

2221 3080 2322 3117 nus
2351 3063 2658 3123 humanum,
2683 3076 2713 3113 a
2743 3062 3079 3131 corruptibili
3103 3070 3157 3117 et
3189 3070 3403 3117 terreno
3430 3072 3573 3117 statu
3600 3063 3670 3118 ad
3706 3065 3821 3118 im-

2221 3153 2526 3225 passibilem
2553 3152 2817 3206 transiens
2839 3160 2891 3206 et
2905 3160 3184 3218 aeternum,
3209 3154 3353 3222 quod
3373 3154 3501 3212 mihi
3518 3154 3738 3209 videtur
3754 3164 3815 3209 et

2145 3253 2191 3315 C
2221 3252 2437 3302 sanctus
2450 3243 2737 3313 Apostolus
2750 3243 2813 3296 ad
2827 3241 3134 3298 Corinthios
3145 3244 3429 3298 stationem
3443 3246 3676 3300 subitam
3690 3254 3827 3301 tem-

2225 3336 2392 3408 poris,
2429 3341 2485 3390 et
2531 3334 2833 3389 econtrario
2880 3333 3262 3389 resolutionem
3292 3351 3470 3390 rerum
3500 3337 3824 3405 praedixisse

2224 3425 2576 3491 mobilium,in
2590 3424 2781 3493 quibus
2797 3424 2887 3478 ait:
2900 3423 3029 3478 Ecce
3039 3425 3335 3494 mysterium
3348 3424 3484 3479 vobis
3496 3426 3824 3481 dicommues

2225 3518 2428 3590 quidem
2438 3531 2777 3586 resurgemus,
2799 3515 2887 3568 sed
2900 3531 3003 3568 non
3021 3530 3101 3568 om
3110 3530 3197 3567 nes
3214 3514 3618 3580 immutubimur,
3632 3519 3691 3570 in
3713 3533 3825 3571 ino-

2228 3618 2420 3675 mento,
2438 3610 2491 3661 in
2514 3608 2614 3660 ictu
2634 3607 2787 3671 oculi,
2800 3608 2854 3660 in
2881 3608 3155 3660 novissima
3178 3608 3316 3660 tum.
3335 3606 3467 3662 Cum
3484 3608 3632 3662 enim
3649 3610 3827 3679 pleni-

2231 3703 2379 3767 tudo,
2407 3708 2466 3755 ut
2496 3699 2746 3763 arbitror,
2776 3699 3021 3753 humanae
3048 3707 3253 3752 natura:
3276 3698 3429 3767 juxta
3460 3701 3771 3768 pnescitum
3797 3716 3826 3753 a

2233 3793 2345 3847 Deo
2374 3791 2589 3847 modum
2621 3789 2687 3843 ad
2714 3784 2838 3843 suos
2865 3790 3074 3843 venerit
3095 3789 3371 3847 terminos.
3416 3789 3615 3856 quibus
3640 3791 3708 3843 ad
3741 3792 3826 3844 in-

2233 3892 2566 3937 crementum
2598 3879 2806 3934 numeri
2832 3880 3131 3933 animarum
3172 3879 3303 3933 nihil
3329 3879 3554 3935 ulterius
3577 3881 3741 3945 desit,
3776 3882 3830 3935 in

2235 3980 2509 4026 momento
2539 3971 2798 4040 temporis
2822 3984 3008 4024 eorum
3038 3984 3157 4038 quae
3186 3977 3311 4023 sunt
3336 3971 3832 4024 commutationem

2238 4062 2350 4116 ﬁeri
2373 4060 2577 4128 docuit,
2601 4067 2930 4114 momentum
2948 4059 3231 4112 nominans
3253 4067 3307 4111 et
3328 4059 3493 4112 ictum
3520 4059 3665 4112 oculi
3689 4059 3841 4112 illius

2239 4154 2499 4223 temporis
2527 4151 2855 4206 individuum
2871 4159 2925 4205 et
2954 4151 3069 4207 sine
3099 4150 3204 4205 ulla
3230 4149 3482 4204 distantia
3515 4152 3846 4219 terminum,

2240 4245 2313 4298 ita
2342 4252 2401 4297 ut
2429 4258 2766 4313 nequaquam
2796 4241 3051 4312 possibile
3080 4242 3149 4295 sit
3183 4240 3337 4309 juxta
3388 4241 3750 4295 novissimum
3782 4248 3851 4296 et

2240 4352 2560 4406 supremum,
2588 4334 2879 4404 quidquam
2910 4334 3029 4404 plus
3058 4333 3344 4388 celeritatis
3391 4332 3679 4398 accedere,
3709 4348 3859 4402 pro-

2241 4435 2365 4498 pter
2389 4427 2534 4495 qund
2564 4426 2730 4481 multa
2758 4441 2882 4495 pars
2919 4425 3251 4501 extremitati
3302 4425 3655 4493 relinquetur,
3716 4439 3859 4494 quae

2242 4518 2380 4571 hanc
2429 4516 2807 4570 circumactam
2856 4513 3330 4569 commutationem
3356 4513 3411 4566 in
3439 4522 3618 4567 morte
3659 4512 3862 4581 possi-

551 4622 607 4669 et
653 4613 824 4670 faetus
851 4622 935 4669 est
981 4613 1049 4668 ab
1078 4615 1436 4684 omnipotenti
1465 4615 1732 4684 sapientia
1764 4630 1871 4668 non
1903 4630 2026 4683 pars
2055 4623 2136 4668 to-
2169 4627 2217 4683 ι)
2244 4607 2389 4673 deat,
2422 4606 2514 4661 sed
2534 4621 2661 4660 mox
2691 4612 2750 4659 nt
2776 4605 3187 4659 resurrectionis
3213 4604 3513 4659 insonuerit
3543 4604 3694 4667 tuba,
3723 4617 3868 4672 qua:

553 4705 679 4769 tius,
710 4705 805 4760 sed
832 4706 1008 4761 ornnis
1039 4714 1241 4760 natura:
1261 4705 1417 4759 simul
1448 4704 1747 4774 plenitudo.
1787 4704 1931 4759 Vidit
1960 4713 2141 4759 autem

553 4795 677 4863 quia
699 4811 889 4849 omnes
916 4794 1049 4848 ﬁnes
1074 4795 1334 4861 continet,
1355 4794 1493 4848 sicut
1512 4792 1790 4863 Scriptura
1815 4807 2143 4848 commento-

555 4897 657 4951 rat,
691 4890 811 4958 quia
858 4889 912 4942 in
958 4904 1116 4940 niani:
1141 4887 1253 4956 ejus
1292 4903 1468 4940 omnes
1495 4887 1625 4956 fines
1657 4896 1837 4950 terraz;
1870 4886 2004 4940 vidit
2050 4886 2143 4954 qui

518 5002 527 5009 -
557 4978 705 5032 novit
733 4979 915 5031 omnia
958 4987 1244 5048 antequam
1295 4976 1441 5041 ﬁant,
1471 4975 1653 5030 divina
1691 4977 1918 5031 scientia
1948 4986 2143 5031 cuncta

557 5067 941 5136 complectens,
974 5075 1172 5136 quanta
1199 5068 1353 5135 juxta
1384 5081 1668 5121 numerum
1701 5067 1751 5119 in
1781 5066 2020 5132 singulos
2058 5065 2143 5119 fn-

560 5166 681 5213 tura
708 5166 851 5211 esset
880 5156 1205 5211 humanitas.
1252 5155 1317 5209 Et
1345 5157 1471 5225 quia
1518 5158 1722 5225 pariter
1768 5171 1985 5227 quoque
2013 5155 2146 5210 vidit

563 5246 873 5314 ﬁgmentum
897 5246 963 5300 ad
990 5247 1185 5301 malum
1210 5248 1359 5301 nisus
1381 5247 1579 5301 habere
1601 5248 1903 5317 proniores.
1929 5256 1983 5301 et
2003 5246 2147 5315 quod

561 5336 630 5390 ab
662 5338 901 5404 angelica
948 5336 1207 5403 dignitate
1234 5345 1426 5405 sponte
1454 5335 1714 5401 deﬂuens,
1748 5337 2023 5392 communi
2050 5351 2149 5390 na.-

564 5436 695 5484 turze
722 5428 1015 5482 humillime
1058 5435 1381 5488 necteretur,
1410 5426 1611 5482 idcirco
1639 5427 1890 5495 quiddam
1920 5427 1988 5481 de
2017 5427 2152 5481 irra-

563 5517 857 5572 tionalibus
885 5516 1102 5584 imagini
1147 5532 1256 5570 sure
1286 5516 1621 5585 permiscuit.
1655 5516 1773 5570 Non
1820 5517 1964 5571 enim
1992 5525 2077 5571 est
2100 5518 2152 5571 in

567 5608 652 5662 illa
678 5608 857 5661 divina
884 5615 942 5661 et
972 5606 1281 5662 beatissima
1313 5614 1501 5660 natura
1550 5607 1851 5660 diﬂ'crcntia
1901 5609 2064 5663 maris
2102 5617 2157 5662 et

568 5698 800 5764 fetninm,
823 5698 917 5752 sed
962 5696 1250 5766 quamdam
1288 5696 1676 5767 preprictatem
1707 5697 2051 5763 irrationalis,
2100 5706 2159 5751 ut

569 5788 703 5855 dixi,
733 5787 1071 5861 formationis
1091 5788 1157 5841 ad
1188 5787 1459 5841 hominem
1493 5786 1782 5849 transtulit,
1818 5802 2156 5856 nequaquam

574 5874 721 5947 iuxta
776 5878 1104 5935 creationem
1156 5877 1301 5934 illam
1351 5876 1788 5933 sublimissimam
1837 5875 2159 5947 multiplica—

2246 4708 2374 4753 tunc
2430 4698 2730 4753 excitatura
2780 4705 2863 4751 est
2911 4704 3180 4759 mortuos,
3214 4703 3270 4750 et
3294 4695 3380 4749 his
3407 4695 3499 4763 qui
3529 4694 3581 4747 in
3616 4694 3728 4746 vita
3764 4709 3871 4748 re-

2247 4788 2383 4857 perti
2457 4785 2656 4841 fuerint
2706 4785 2858 4854 juxta
2940 4784 3337 4840 similitudinem
3389 4799 3577 4838 eorum
3632 4786 3732 4852 qui
3791 4785 3877 4841 de

2247 4878 2473 4933 mortuis
2495 4876 2894 4931 resurrexerint
2928 4876 3253 4941 immutatis,
3285 4876 3352 4930 ad
3380 4876 3879 4944 incorruptionem

2248 4970 2449 5039 pariter
2476 4967 2713 5034 venient,
2737 4974 2797 5021 ut
2813 4967 2922 5035 jam
2956 4981 3293 5037 nequaquam
3315 4966 3565 5020 deorsum
3591 4981 3883 5035 preman—

2250 5069 2338 5115 tur
2364 5073 2631 5128 corporco
2670 5058 2909 5128 pondere
2931 5101 2943 5123 ,
2976 5073 3077 5113 nec
3118 5073 3213 5112 eos
3253 5057 3424 5113 moles
3454 5066 3672 5111 terrena
3710 5056 3886 5111 deti-

2254 5158 2397 5213 neat,
2431 5149 2527 5204 sed
2574 5148 2873 5204 sublimiter
2902 5149 2954 5201 in
2985 5163 3111 5203 aera
3142 5148 3505 5217 perferantur.
3560 5146 3893 5216 Rapicnaur

2254 5241 2408 5303 enim,
2465 5239 2639 5309 inquit
2696 5238 2984 5308 Apostolus
3004 5278 3018 5303 ,
3070 5240 3125 5291 in
3153 5237 3367 5291 nubibus
3396 5236 3599 5291 obviam
3630 5237 3896 5292 Domino

2256 5334 2309 5384 in
2357 5348 2499 5385 aera.
2534 5330 2601 5385 Et
2650 5330 2726 5383 ita
2770 5347 2971 5401 semper
3009 5346 3125 5383 cum
3175 5328 3398 5383 Domino
3443 5329 3657 5382 erimus.
3695 5329 3904 5399 Igitur

2259 5430 2637 5490 exspectamus
2693 5431 2905 5491 tempus
2960 5421 3110 5483 illud,
3157 5420 3303 5489 quod
3350 5436 3492 5474 nunc
3544 5435 3909 5478 necessario

2260 5514 2505 5568 humanis
2553 5513 2904 5567 incrementis
2931 5512 3264 5587 extenditur.
3293 5510 3423 5565 Nam
3465 5518 3519 5563 et
3559 5511 3913 5585 Abraham,

2261 5613 2317 5659 et
2354 5605 2446 5673 qni
2489 5618 2609 5658 cum
2657 5618 2724 5657 eo
2769 5602 3101 5672 patriarchae
3134 5609 3265 5655 sunt
3309 5599 3614 5653 habuerunt
3643 5602 3916 5667 quidem

2260 5694 2587 5748 desiderium
2637 5693 2822 5748 videre
2851 5693 2994 5747 bona
3023 5691 3270 5754 Domini,
3300 5705 3399 5745 nec
3435 5690 3755 5760 quiverunt
3788 5709 3927 5752 cm-

2263 5784 2452 5837 testem
2482 5783 2719 5852 patriam
2777 5782 3113 5852 perquirere,
3143 5781 3284 5837 sicut
3308 5779 3447 5836 idem
3479 5779 3618 5835 dicit
3645 5795 3931 5852 apoer-

2264 5875 2346 5931 ius
2383 5894 2393 5927 :
2422 5875 2513 5930 sed
2549 5884 2658 5929 tum
2691 5875 2864 5931 adhuc
2906 5875 3076 5945 gratia
3104 5874 3219 5945 spei
3266 5881 3387 5928 sunt
3416 5874 3749 5943 constituti,
3805 5877 3935 5939 De.
