4000 6344
225 287 334 343 535

983 289 1160 346 LIBRI
1203 293 1289 348 DE
1327 293 1716 350 CREATIONE
1753 292 2034 350 IIOMINIS
2073 294 2650 354 INTERPRETATIO.

3389 300 3493 353 εδδ

225 425 324 478 pro
365 406 513 462 nobis
567 409 747 463 melius
797 410 1095 480 providente
1119 452 1136 476 ,
1183 411 1335 481 juxta
1385 411 1621 480 ejusdem
1666 412 1812 466 beati
1845 417 1884 470 Α
1918 411 2077 465 linem
2096 427 2200 466 non
2221 412 2802 482 recipit,coestateum
2832 428 2932 469 nec
2959 413 3170 469 initium
3201 416 3493 486 accepisse.

226 495 376 551 Pauli
433 513 622 553 vocem
650 541 666 566 ,
717 516 782 554 ne
829 502 942 554 sine
996 501 1143 556 nobis
1199 513 1706 558 consummarentur.
1757 503 1813 558 Si

228 587 392 654 igitur
432 590 508 643 illi
537 589 852 644 dilationem
885 590 1023 645 hanc
1048 592 1425 659 aequanimiter
1453 593 1812 661 pertulerunt,

226 681 321 747 qui
342 681 410 734 de
433 681 592 748 longe
615 696 711 750 spe
739 681 856 736 sola
905 690 1066 748 atque
1097 681 1198 736 ﬁde
1224 691 1509 736 cernentes
1538 683 1675 736 bona
1705 681 1814 736 Do-

227 771 358 824 mini
389 782 442 824 et
487 771 786 826 salutantes
812 787 897 837 ea,
945 773 1084 828 sicut
1107 781 1333 828 testatur
1360 775 1671 843 Apostolus,
1700 789 1815 828 cer-

228 869 339 914 tam
367 863 756 931 sperandarum
784 879 966 920 rerum
991 863 1381 933 iucunditatem
1408 865 1462 918 in
1491 880 1556 919 eo
1583 873 1816 918 tantum-

225 951 395 1006 modo
443 951 796 1015 collocarunt,
830 955 976 1022 quod
1005 955 1214 1010 lidelem
1245 956 1628 1025 promissorem
1679 971 1816 1010 con-

227 1040 312 1095 llsi
341 1049 483 1106 sunt,
509 1043 638 1111 quid
671 1059 769 1098 nos
800 1045 986 1115 plures
1015 1047 1266 1100 convenit
1293 1045 1593 1112 aestimare,
1621 1045 1818 1113 quibus

226 1133 457 1187 forsitan
488 1149 593 1188 nec
618 1137 686 1187 ad
717 1137 992 1189 meliorem
1032 1151 1156 1205 spes
1183 1151 1247 1189 ex
1283 1137 1406 1189 vita:
1435 1143 1614 1205 potest
1641 1134 1814 1203 quali-

228 1234 342 1279 tate
370 1228 695 1295 suppetere?
742 1225 950 1281 Del'ecit
995 1235 1051 1282 et
1093 1241 1201 1296 pra:
1228 1226 1493 1281 desiderio
1541 1226 1816 1296 propheta:

227 1317 435 1382 anima,
461 1318 551 1386 qui
582 1333 680 1387 per
701 1317 1050 1385 psalmodiam
1075 1317 1274 1371 amoris
1296 1317 1375 1369 sui
1396 1315 1815 1385 magnitudinem

227 1408 523 1460 conlitetur
553 1417 608 1460 et
635 1407 766 1460 dicit
791 1425 804 1459 :
829 1406 1156 1477 Concupiscit
1200 1415 1247 1460 et
1276 1406 1450 1475 deﬁcit
1497 1407 1672 1458 anima
1702 1422 1815 1458 mea

223 1499 280 1550 in
346 1502 483 1551 atria
515 1497 746 1558 Domini.
778 1507 832 1553 et
857 1499 903 1554 si
951 1513 1072 1552 eum
1105 1498 1158 1552 in
1183 1498 1440 1554 extremis
1469 1496 1654 1566 projici
1686 1513 1818 1550 con-

226 1589 422 1656 tingat,
457 1588 507 1642 id
542 1589 794 1658 postulat.
827 1597 1082 1655 tanquam
1103 1587 1276 1656 majus
1295 1588 1539 1654 sitatque
1566 1594 1817 1654 prazstan-

226 1680 354 1742 tius,
388 1679 443 1732 in
489 1679 592 1732 illis
639 1693 758 1732 esse
788 1677 1158 1743 novissimum,
1201 1693 1361 1746 quam
1391 1677 1620 1746 primum
1651 1676 1703 1729 in
1735 1683 1815 1728 ta-

1917 498 2024 554 Sed
2054 501 2191 554 sicut
2222 502 2323 556 liJe
2346 510 2542 571 “aptata
2573 518 2693 557 esse
2720 503 2914 558 saecula
2944 503 3291 574 intelligimus
3319 503 3499 560 Verbo

1920 590 2035 658 Dei,
2067 590 2207 646 sicut
2237 591 2527 662 Apostolus
2554 592 2655 656 ait,
2688 600 2746 646 ut
2774 608 2854 646 ex
2885 593 3238 649 invisibilibus
3267 592 3500 648 visibiiia

1919 681 2127 740 ﬁerent.
2155 682 2340 736 eadem
2373 682 2475 737 ﬁde
2524 694 2732 739 utemur
2751 683 2817 738 de
2839 684 3016 740 Verbo
3049 684 3166 751 Dei,
3187 687 3278 755 qui
3305 701 3498 740 neces-

1915 774 2113 826 sariam
2140 788 2325 827 eorum
2354 789 2472 841 qua:
2502 783 2627 828 sunt
2657 774 3058 830 translationem
3091 775 3205 830 fore
3231 775 3493 846 pnedixit.

1918 862 2036 928 Quo
2080 872 2258 916 autem
2289 863 2339 918 id
2373 865 2463 917 liat
2506 865 2686 928 modo,
2716 867 2910 920 curiosi
2942 874 3027 922 cst
3055 883 3313 937 quaerere.
3364 867 3495 922 Nam

1917 960 1972 1006 et
2002 952 2073 1005 ibi
2104 953 2338 1020 perlecta
2366 969 2483 1008 esse
2509 968 2626 1022 qua:
2648 953 2915 1020 videntur,
2942 972 3008 1011 ex
3032 957 3371 1011 invisibilium
3395 956 3512 1012 lide-

1917 1043 2262 1112 percipimus,
2284 1031 2678 1112 inquisitionem
2697 1045 3310 1115 incomprehensibilium
3327 1057 3498 1102 trans-

1917 1141 2108 1185 euntes
2141 1150 2153 1183 :
2179 1133 2418 1201 quiniino
2450 1149 2570 1186 cum
2601 1133 2667 1186 de
2694 1134 2877 1188 multis
2908 1135 3157 1201 ignorare
3187 1151 3284 1190 nos
3321 1152 3500 1192 sermo

1917 1231 2292 1288 commoneat,
2346 1240 2450 1278 non
2504 1241 2724 1294 parvam
2773 1226 3292 1282 satisfactionemde
3321 1244 3502 1283 rerum

1917 1313 2302 1368 credendarum
2355 1315 2702 1382 ambiguitate
2749 1315 3034 1370 concessit.
3097 1315 3309 1371 Liceret
3357 1320 3501 1373 enim

1919 1407 2274 1462 contentiosis
2305 1415 2360 1461 et
2386 1407 2580 1461 ibidem
2611 1408 2926 1478 quibusdam
2950 1413 3503 1478 argumentationibus

1920 1495 2080 1548 ﬁdem
2109 1504 2507 1563 consequenter
2534 1505 2779 1552 evertere
2797 1537 2813 1563 ,
2863 1514 2931 1555 ne
2978 1500 3046 1555 de
3073 1503 3338 1557 materiali
3367 1519 3501 1559 eon-

1918 1587 2122 1642 ditione
2160 1603 2282 1642 vera
2312 1603 2430 1643 esse
2459 1597 2676 1658 putetur
2715 1592 2890 1644 oratio
2931 1607 3092 1661 quam
3132 1602 3317 1648 sancta
3357 1594 3504 1650 Scri-

1918 1688 2072 1748 ptura
2104 1679 2436 1748 pronuntiat,
2469 1681 2646 1733 omnia
2677 1695 2795 1748 qum
2823 1688 2976 1747 sunt,
3002 1696 3071 1736 ex
3097 1681 3205 1737 Deo
3234 1697 3352 1738 esse
3373 1699 3504 1739 con-

223 1770 531 1824 bernaculis
559 1778 924 1839 peccatorum.
956 1768 1339 1824 Verumtamen
1377 1767 1650 1823 dilationis
1696 1775 1814 1820 erat
1843 1782 1891 1842 Β
1920 1770 2155 1823 lirmans.
2172 1769 2272 1835 Qui
2303 1786 2430 1824 vero
2465 1771 2731 1823 contraria
2761 1771 2971 1826 ratione
2992 1773 3251 1836 nituntur,
3275 1781 3502 1828 comter-

225 1862 674 1931 patientissimus,
725 1861 1038 1916 beatilicans
1095 1861 1312 1928 quidem
1353 1859 1497 1912 illam
1527 1872 1814 1912 conversa-

227 1955 432 2007 tiooetn
492 1951 822 2020 brevemque
880 1950 1344 2020 participationem
1400 1948 1517 2017 ejus
1580 1947 1814 2000 millibus

224 2044 507 2113 praesentis
531 2045 791 2111 temporis
821 2051 1177 2111 anteponens.
1210 2038 1400 2093 Melior
1429 2039 1565 2092 enim
1591 2047 1689 2102 est,
1739 2038 1817 2090 in-

221 2138 361 2204 quit.
394 2135 504 2188 dies
548 2153 651 2188 una
693 2137 745 2188 in
794 2136 942 2187 atriis
973 2143 1024 2185 tu
1047 2150 1070 2186 s
1111 2149 1263 2196 super
1289 2133 1467 2184 millia.
1501 2130 1605 2184 Sed
1636 2137 1813 2182 tamen

222 2226 588 2280 necessariam
638 2221 1096 2290 diSpensationem
1148 2234 1332 2274 eorum
1383 2233 1503 2286 qua:
1554 2228 1816 2286 geruntur

219 2331 333 2369 non
363 2315 642 2381 aegerrime
673 2311 895 2366 ferebat.
937 2311 1129 2367 idonea
1171 2326 1300 2366 vero
1347 2325 1436 2365 res
1465 2309 1531 2363 ad
1583 2309 1809 2363 beatitu.

220 2406 403 2460 dinem
432 2412 645 2458 constat
702 2403 1024 2466 hominibus,
1077 2402 1218 2470 quod
1270 2401 1408 2454 bona
1457 2415 1674 2468 sperare
1704 2415 1809 2452 non

218 2495 505 2557 desinant;
535 2494 732 2547 idcirco
761 2494 899 2546 idem
934 2494 1194 2561 propheta
1218 2492 1271 2544 iti
1303 2490 1405 2544 line
1433 2491 1598 2559 ipsius
1620 2491 1809 2559 psalmi

218 2586 375 2652 pauit
406 2593 459 2636 et
500 2585 625 2636 dicit
653 2601 664 2634 :
697 2582 913 2634 Domine
948 2581 1085 2634 Deus
1124 2581 1362 2633 virtutum
1384 2618 1398 2643 ,
1432 2577 1606 2630 beatus
1660 2578 1810 2630 homo

217 2675 310 2744 qui
331 2682 508 2742 sperat
538 2675 588 2725 in
623 2683 686 2725 te.
720 2671 836 2725 Non
870 2673 1048 2740 itaque
1077 2670 1332 2724 convenit
1369 2684 1587 2738 parvam
1620 2683 1806 2721 curam

215 2779 410 2816 eorum
439 2778 558 2830 qum
586 2773 805 2816 ventura
842 2771 965 2815 sunt
1017 2771 1244 2827 angusto
1292 2769 1512 2829 pectore
1552 2760 1803 2812 retinere.

215 2852 327 2906 Sed
355 2869 423 2906 ne
473 2854 650 2922 potius
679 2870 706 2906 a
749 2853 1026 2921 promissis
1072 2851 1402 2912 excidaznus,
1429 2835 1660 2904 studium
1709 2865 1808 2904 nos

215 2956 440 3014 Oportet
466 2949 794 3014 impendere.
823 2944 1282 3011 Quemadmodum
1315 2943 1457 2996 enim
1489 2943 1532 2996 si
1565 2941 1684 3009 quis
1721 2955 1806 2995 me

214 3037 507 3103 inexperta
534 3056 562 3087 n
596 3037 890 3102 rudemque
916 3043 1263 3103 praemoneat,
1289 3032 1429 3101 quod
1444 3032 1645 3087 :estatis
1676 3040 1805 3085 tem-

1919 1875 2040 1914 nam
2074 1859 2183 1914 Deo
2210 1860 2396 1914 dicunt
2425 1875 2546 1914 esse
2578 1862 2889 1926 materiam,
2939 1862 3133 1918 talibus
3177 1866 3501 1931 argumentis
3577 1880 3583 1886 '

1915 1967 2070 2005 suum
2098 1951 2290 2020 dogma
2317 1949 2576 2017 ﬁngentes
2609 1969 2620 2002 :
2652 1949 2713 2004 Si
2742 1951 2988 2022 simplicis
3012 1950 3152 2004 Deus
3182 1959 3384 2008 natura:
3404 1967 3508 2019 est,

1915 2042 2027 2094 sine
2057 2041 2273 2093 materia
2302 2041 2474 2112 utique
2502 2047 2548 2093 et
2578 2041 2690 2093 sine
2716 2041 3025 2112 quantitate,
3048 2050 3098 2095 et
3119 2043 3230 2095 sine
3260 2043 3412 2107 mole,
3450 2053 3499 2096 rt

1915 2132 2026 2182 sine
2055 2130 2424 2199 rompositione
2445 2138 2551 2193 est,
2584 2128 2854 2200 cujuslibet
2881 2131 3066 2200 ﬁgura:
3095 2135 3498 2204 prtescriptionis

1917 2220 2113 2271 alienus
2143 2221 2388 2272 existens.
2439 2218 2620 2274 Omnis
2650 2231 2817 2274 autent
2859 2223 3076 2275 materia
3120 2223 3173 2276 in
3215 2227 3497 2294 spatiorum

1914 2309 2223 2363 distentione
2255 2310 2581 2380 perspicitur,
2613 2313 3117 2382 comprehensionem
3136 2331 3375 2369 sensuum
3406 2333 3494 2369 ne.

1913 2416 2165 2470 quaquam
2210 2416 2422 2468 prorsus
2450 2401 2731 2472 eﬁ‘ugiens,
2773 2419 2887 2474 qua!
2917 2405 2968 2457 in
2999 2405 3169 2458 colore
3196 2423 3260 2458 ac
3302 2407 3494 2477 figura,

1912 2491 2044 2543 mole
2089 2507 2285 2562 quoque
2328 2501 2377 2544 et
2422 2494 2671 2563 qualitate
2725 2502 2774 2546 et
2819 2495 3160 2562 impressione
3214 2496 3289 2548 vel
3345 2498 3492 2549 cluri-

1912 2582 2004 2645 tia,
2064 2597 2124 2634 ac
2179 2583 2385 2652 reliquis
2433 2583 2685 2636 similibus
2733 2582 2884 2636 rebus
2941 2585 3240 2654 agnoscitur
3288 2601 3306 2638 :
3366 2603 3493 2657 quo-

1911 2689 2024 2725 rum
2071 2671 2202 2725 nihil
2251 2673 2304 2725 in
2359 2681 2550 2726 natura
2590 2673 2766 2726 divina
2814 2683 2981 2741 potest
3022 2677 3225 2744 penitus
3253 2677 3489 2732 inveniri.

1911 2762 2064 2828 Quod
2119 2777 2248 2832 ergo
2299 2764 2788 2818 machinamentum
2837 2773 2956 2831 est,
3010 2773 3068 2820 nt
3113 2781 3178 2821 ex
3235 2783 3301 2822 eo
3348 2771 3491 2837 quod

1910 2854 2053 2908 nulla
2083 2855 2334 2909 distantia
2364 2857 2761 2926 priescribitur,
2813 2865 2999 2910 natura
3032 2857 3322 2926 procedat,
3374 2875 3490 2927 qua:

1909 2943 2179 2999 distantiis
2209 2947 2552 3001 continetur?
2603 2945 2658 3001 Si
2690 2947 2830 3001 enim
2876 2947 2988 3002 haec
3027 2948 3220 3002 exinde
3261 2951 3490 3004 credun-

1908 3043 1994 3090 tur
2045 3037 2315 3103 existere,
2373 3047 2574 3092 ccrtum
2634 3046 2715 3092 est
2768 3038 2912 3108 quod
2971 3037 3231 3094 inhaerere
3264 3041 3378 3105 illi,
3436 3054 3489 3096 ct

217 3144 353 3197 pore
387 3128 482 3180 [νυ.
506 3137 649 3180 tuum
682 3126 771 3179 liat
795 3128 1044 3194 opulenta
1076 3123 1350 3187 collectio,
1378 3131 1433 3177 et
1457 3123 1804 3190 replebnntur
1829 3136 1874 3196 ρ
1905 3125 2059 3194 juxta
2091 3127 2417 3181 ineﬁ'ahilem
2450 3128 2742 3190 rationein,
2772 3127 2849 3181 sic
2879 3128 2930 3182 in
2960 3128 3316 3196 generationis
3345 3130 3488 3182 ordi-

214 3222 437 3291 quideui
487 3223 673 3273 horrea
725 3219 981 3284 frugibus,
1037 3235 1218 3271 mensa
1267 3231 1391 3270 vero
1430 3215 1582 3284 copia
1634 3214 1802 3284 ipsius

216 3313 484 3364 ubertatis
533 3313 664 3364 cibis
721 3312 822 3364 erit
878 3309 1069 3363 referta
1126 3307 1562 3378 quamplurimis,
1632 3323 1800 3362 vanus

214 3409 463 3471 protecta
497 3403 777 3462 videbitur,
811 3402 854 3454 si
888 3403 1176 3453 adventum
1214 3401 1471 3467 tennoris
1501 3399 1799 3468 anticipare

211 3491 454 3551 festinet,
490 3493 576 3558 qui
625 3491 786 3543 debet
818 3493 999 3560 utique
1028 3493 1256 3559 primum
1288 3493 1490 3543 semina
1521 3504 1794 3558 spargere,

209 3581 527 3648 frucmsque
556 3581 654 3634 sibi
699 3581 970 3647 diligentia
997 3583 1108 3649 ipsa
1136 3595 1455 3649 pnepararc,
1484 3581 1612 3634 velit
1643 3581 1795 3635 nolit.

212 3672 453 3739 Tempus
477 3673 620 3725 enim
652 3675 792 3725 sicut
822 3673 1097 3740 praeﬁxum
1129 3679 1212 3724 est
1267 3671 1468 3735 veniet,
1517 3671 1658 3738 quod
1690 3687 1796 3726 non

208 3767 462 3820 similiter
483 3766 754 3833 excipient
786 3767 835 3818 hi
866 3767 956 3834 qui
988 3764 1086 3818 sibi
1107 3763 1390 3834 provident
1411 3765 1793 3819 abundantiam

206 3856 444 3922 frugum,
479 3866 533 3908 et
562 3857 652 3923 qui
679 3857 822 3909 omni
855 3863 1115 3925 apparatu
1158 3855 1310 3907 vacui
1344 3856 1474 3907 liora
1526 3855 1637 3923 ipsa
1678 3856 1795 3910 fne-

205 3947 314 3999 rint
337 3946 713 4013 comprehensi
738 3963 748 3996 :
779 3947 855 3999 sic
871 3955 925 3999 et
950 3945 1102 4000 nobis
1123 3944 1353 3998 arbitror
1375 3944 1646 4013 expedire,
1672 3961 1792 3999 cum

206 4037 278 4091 sit
333 4039 587 4090 omnibus
642 4037 963 4103 patefactum
1019 4036 1399 4106 priedicatione
1447 4037 1624 4090 divina
1675 4053 1793 4108 quae

207 4142 352 4180 nunc
378 4127 600 4192 geritur,
632 4126 864 4179 futurum
890 4137 1101 4197 tempus
1132 4139 1328 4181 nostra:
1356 4129 1794 4184 commutationis

203 4218 476 4281 insistere,
512 4235 616 4271 non
652 4228 890 4286 tempora
922 4220 1192 4273 discutere
1239 4235 1357 4288 quae
1389 4228 1615 4274 ventura
1643 4227 1788 4282 sunt,

203 4309 330 4376 quia
360 4325 468 4362 non
495 4325 616 4364 esse
647 4318 889 4364 nostrum
935 4310 1005 4363 ait
1037 4310 1312 4379 Scriptura
1356 4325 1512 4365 nosse
1551 4319 1792 4380 tempora

204 4399 288 4452 vel
325 4409 624 4467 momenta,
655 4417 830 4468 neque
860 4401 1217 4466 cogitationes
1247 4403 1452 4469 aliquas
1482 4403 1786 4470 exquirere,

1905 3232 2027 3270 nem
2059 3217 2365 3288 pervenisse
2395 3217 2628 3286 putanda
2652 3225 2795 3271 sunt.
2827 3217 2881 3272 Si
2907 3227 3084 3272 autem
3112 3217 3163 3271 in
3197 3233 3262 3273 eo
3292 3235 3377 3272 res
3405 3230 3488 3273 est

1904 3309 2230 3372 materialis,
2263 3309 2534 3377 quomodo
2563 3307 2856 3364 matcrialis
2885 3309 3000 3378 ipse
3030 3324 3135 3362 non
3166 3317 3276 3372 est,
3309 3311 3399 3378 qui
3432 3310 3484 3363 in

1903 3413 1963 3452 se
2007 3398 2287 3452 materiam
2319 3399 2605 3453 continet?
2653 3398 2911 3452 Similiter
2939 3407 3155 3466 autem,
3205 3408 3261 3454 et
3304 3402 3484 3455 omnia

1901 3486 2095 3558 quibus
2123 3488 2416 3543 materialis
2443 3495 2632 3541 natura
2662 3487 2920 3554 ﬁguratur
2951 3508 2962 3540 :
2987 3489 3033 3542 si
3062 3488 3182 3543 ideo
3209 3504 3337 3559 ergo
3361 3506 3484 3545 cre-

1899 3580 2045 3634 ditur
2084 3595 2205 3634 esse
2243 3580 2510 3647 quantitas
2534 3617 2549 3642 ,
2599 3579 2872 3648 quomodo
2915 3579 3032 3634 sine
3075 3580 3374 3649 quantitate
3403 3595 3485 3638 est

1899 3673 2077 3729 Deus?
2106 3671 2162 3727 Si
2189 3673 2240 3726 in
2269 3687 2335 3726 eo
2362 3671 2505 3741 quod
2548 3671 2905 3740 compositum
2934 3680 3035 3736 est,
3066 3673 3340 3742 quomodo
3369 3675 3484 3745 ipse

1899 3765 2128 3834 simplex
2173 3770 2228 3817 et
2272 3763 2391 3816 sine
2426 3761 2820 3831 compositione
2847 3764 2973 3817 est?
3029 3760 3180 3817 Unde
3225 3778 3348 3818 eum
3391 3777 3484 3820 aut

1898 3854 2232 3912 materialem
2262 3868 2382 3908 esse
2415 3867 2632 3907 necesse
2661 3860 2774 3918 est,
2807 3853 2932 3923 quia
2961 3868 3026 3908 ex
3057 3854 3172 3924 ipso
3195 3855 3482 3909 subsistere

1897 3946 2178 4001 materiam
2203 3943 2541 3998 ratiocinatio
2560 3943 2673 4014 ipsa
2689 3944 2984 4014 compellit.
3008 3945 3114 3998 Aut
3139 3945 3184 4002 si
3199 3945 3479 4015 quisquam

1897 4037 2001 4091 hoc
2029 4035 2256 4103 refugit,
2288 4035 2624 4090 extrinsecus
2654 4035 3014 4090 introductam
3045 4050 3166 4090 esse
3194 4037 3476 4091 materiam

1896 4127 1961 4180 ad
1990 4126 2432 4182 constitutionem
2469 4125 2838 4180 universorum
2881 4125 3226 4180 nihilominus
3244 4129 3478 4181 testimo-

1896 4218 1996 4272 bit.
2020 4217 2077 4272 Si
2108 4219 2268 4286 igitur
2297 4226 2611 4272 extraneum
2637 4225 2772 4283 erat,
2803 4217 2946 4271 aliud
2973 4229 3169 4288 printer
3190 4218 3476 4274 Dominum

1895 4308 2056 4363 fuisse
2082 4309 2372 4373 constabit,
2405 4310 2496 4379 qui
2527 4309 2684 4363 simul
2717 4309 3048 4379 intelligatur
3073 4311 3367 4366 secundum
3391 4328 3478 4366 ra-

1896 4403 2096 4457 tionem
2127 4402 2479 4472 perennitatis
2507 4416 2627 4456 cum
2659 4402 2897 4469 ingenito
2938 4401 3261 4467 substitisse,
3295 4403 3369 4456 ita
3417 4411 3476 4456 ut

202 4491 451 4560 quibusa
484 4506 580 4559 spe
620 4492 1032 4545 resurrectionis
1071 4491 1248 4545 anima
1282 4492 1556 4546 debilitata
1591 4492 1788 4546 lasses-
1825 4510 1869 4568 ι)
1894 4493 2001 4548 duo
2044 4492 2304 4563 principia
2333 4493 2534 4562 pariter
2562 4493 2796 4562 ingenita
2835 4491 3178 4546 ratiocinatio
3231 4493 3469 4561 colligat,

197 4591 308 4635 cat.
337 4580 447 4636 Sed
500 4585 542 4635 si
575 4599 677 4650 qua
703 4584 991 4637 credulitas
1022 4599 1208 4637 eorum
1237 4598 1355 4651 qua:
1401 4583 1790 4652 promittuntur

197 4669 254 4724 in
286 4672 443 4726 nobis
486 4681 588 4736 est,
621 4674 897 4738 debemus,
950 4674 1377 4728 conversationis
1424 4675 1638 4742 optima:
1675 4681 1789 4727 stu-

194 4760 299 4816 diis
331 4764 680 4827 inluerentes,
708 4765 938 4818 futuram
964 4765 1151 4834 gratia:
1193 4765 1568 4833 antiquitatem
1618 4765 1786 4836 ipsam

190 4854 565 4908 venerabilem
595 4856 968 4924 :L‘quaiiiuiiler
997 4855 1254 4924 opperiri.

767 4965 997 5021 CAPUT
1029 4965 1217 5020 XXIV.

189 5053 348 5117 Quod
373 5063 460 5124 qut
503 5056 774 5109 exordium
803 5058 967 5110 ωηειὶ
993 5057 1184 5110 utionis
1215 5055 1397 5108 mundi
1427 5056 1649 5124 fatetur,
1701 5072 1786 5108 ne-

461 5131 687 5178 cessario
715 5127 828 5196 ejus
856 5127 1011 5178 etiam
1037 5129 1099 5178 de
1120 5126 1228 5196 ﬁne
1253 5133 1519 5178 concedat.

264 5216 322 5270 Si
344 5218 468 5284 quis
494 5227 673 5272 autem
707 5219 888 5273 mundi
916 5233 1128 5272 cursum
1159 5217 1251 5287 qui
1277 5233 1420 5271 nunc
1450 5216 1781 5286 estquadam

179 5324 312 5362 sese
344 5311 460 5375 lege
490 5321 796 5363 moventem
825 5309 1200 5378 consiiiciens.
1231 5323 1328 5376 per
1358 5323 1517 5376 quam
1548 5308 1780 5376 spatium

181 5398 394 5452 labitur
430 5399 746 5467 temporale,
801 5413 1138 5468 nequaquam
1177 5398 1319 5453 dicat
1349 5397 1624 5451 mobilium
1666 5412 1783 5451 ces-

175 5491 458 5545 sationem
487 5505 607 5557 qua:
637 5491 896 5560 pnedicta
927 5499 1011 5544 est
1039 5505 1198 5561 posse
1225 5489 1556 5558 contingere,
1611 5487 1785 5542 mani-

175 5580 390 5635 festum
427 5589 513 5636 est
559 5582 645 5637 hic
686 5582 833 5653 quod
861 5596 962 5636 nec
991 5581 1042 5634 in
1071 5583 1331 5653 principio
1364 5580 1560 5636 factum
1592 5595 1621 5633 a
1667 5579 1780 5635 Deo

173 5671 389 5727 ratum
407 5680 712 5742 terramque
739 5671 988 5727 fateatur.
1014 5671 1115 5738 Qui
1139 5675 1280 5732 enim
1306 5671 1628 5747 principium
1663 5689 1778 5727 mo-

172 5771 272 5818 tus
317 5760 537 5825 erant,
593 5761 661 5816 de
705 5761 813 5818 line
842 5762 1062 5818 omnino
1094 5781 1198 5826 non
1227 5765 1450 5835 ambigit
1483 5782 1494 5817 :
1525 5763 1616 5833 qui
1649 5779 1778 5818 vero

1892 4581 2005 4650 ejus
2017 4582 2220 4636 scilicet
2236 4582 2324 4650 qui
2339 4581 2679 4635 artiliciosius
2695 4591 2968 4650 operatur,
2985 4589 3038 4634 et
3052 4581 3142 4650 qui
3159 4581 3294 4636 hanc
3306 4581 3472 4636 disci-

1894 4673 2200 4744 plinabilem
2230 4672 2453 4727 formam
2478 4673 2633 4740 hujus
2655 4671 2983 4741 operationis
3003 4672 3254 4742 excipiet.
3274 4671 3330 4727 Si
3347 4674 3470 4744 quis

1891 4771 2068 4817 autem
2092 4763 2254 4817 veluti
2281 4763 2598 4816 necessitate
2626 4762 2956 4831 compulsus,
2976 4770 3246 4833 supponat
3273 4765 3472 4835 sempi-

1891 4864 2095 4906 ternam
2144 4853 2380 4908 omnium
2431 4853 2768 4908 conditorum
2818 4853 3121 4916 materiam,
3155 4869 3314 4924 quam
3344 4863 3470 4911 tunc

1891 4941 2216 4996 Manichieus
2235 4957 2453 4996 suorum
2476 4941 2784 5010 dogmatum
2808 4941 3045 4999 favorem
3075 4942 3472 5001 defensionem-

1890 5048 1994 5102 que
2025 5033 2292 5101 rcperiet,
2335 5033 2427 5101 qui
2450 5033 2781 5088 materialem
2811 5050 3027 5090 causam
3051 5034 3204 5104 juxta
3225 5066 3227 5068 -
3247 5035 3469 5104 ingeniti

1889 5122 2348 5193 ingenerationem
2397 5123 2552 5180 bonae
2583 5133 2785 5180 natura:
2812 5141 3094 5196 corequare
3141 5126 3418 5181 contendit
3447 5127 3469 5181 t

1887 5214 1992 5270 Sed
2025 5229 2122 5268 nos
2152 5215 2436 5271 audientes
2459 5230 2525 5270 ex
2555 5215 2666 5271 Deo
2698 5233 2817 5272 esse
2845 5219 3053 5282 omnia,
3074 5217 3350 5289 Scriptura
3379 5219 3467 5273 di-

1887 5312 2043 5358 cente
2074 5305 2387 5370 retinemus,
2419 5314 2475 5360 et
2503 5306 2737 5374 qualiter
2763 5322 2831 5362 ex
2862 5306 2972 5364 Deo
2999 5309 3126 5377 sint,
3155 5309 3279 5379 quia
3305 5324 3466 5378 super

1889 5395 2217 5450 intellectum
2251 5403 2492 5452 nostrum
2518 5406 2620 5464 est,
2653 5413 2988 5469 nequaquam
3015 5401 3225 5456 curiose
3246 5401 3466 5470 perqui-

1885 5488 2084 5556 riinus,
2131 5486 2366 5543 divinam
2396 5498 2640 5545 naturam
2685 5491 3000 5547 creatricem
3029 5491 3314 5547 credentes
3339 5505 3464 5547 esse

1882 5585 2219 5642 cunctorum,
2245 5588 2445 5634 cumet
2471 5579 2614 5649 quod
2637 5580 2774 5635 ratio
2803 5579 3234 5648 eratconstituit,
3254 5588 3309 5635 et
3334 5597 3462 5634 con-

1880 5671 2122 5727 stitutum
2161 5671 2271 5740 jam
2318 5673 2370 5728 iii
2419 5689 2580 5742 quam
2639 5672 2868 5728 voluerit
2917 5669 3272 5742 quantitatem
3328 5675 3460 5728 inira

1880 5765 2301 5820 commutatione
2324 5767 2676 5837 perquirerct.
2708 5763 3120 5833 Conscquenter
3144 5779 3271 5834 ergo
3315 5767 3448 5822 arill-
