4000 6344
492 404 593 459 387

1772 362 2123 444 momentis
2164 382 2484 441 exrcuus.

3651 381 3754 440 588

493 528 700 576 tramur
746 530 808 571 ea
837 529 938 583 qua
962 518 1085 567 sunt
1112 509 1177 565 ad
1208 508 1351 564 illam
1384 506 1776 563 institutionem
1804 519 1922 576 qum
1950 518 2073 560 nec-
2099 509 2145 565 Α
2175 501 2424 557 confesso
2455 497 2657 553 inducit
2690 494 2803 550 :ASi
2832 503 3013 549 autem
3043 492 3269 558 doleret,
3326 492 3596 546 undenam
3624 507 3763 548 esset

495 610 619 667 dum
651 616 759 669 est,
811 604 1000 658 divina:
1028 602 1237 656 virtutis
1259 602 1537 655 voluntate
1568 614 1731 670 posse
1759 598 2071 662 subsistere,

494 701 535 755 si
569 707 624 753 et
668 694 1187 752 consummationem
1234 707 1414 745 rerum
1445 691 1510 745 ad
1562 690 1730 760 ipsius
1779 688 2076 758 potentiam

494 794 806 851 referentes,
842 788 893 840 in
927 786 1072 840 nullo
1104 784 1395 854 disciplintc
1438 792 1635 838 nostrae
1658 781 1924 835 rationem
1950 795 2078 848 pro-

494 890 612 950 pter
637 880 687 933 id
708 878 851 950 quod
882 876 1063 931 dicere
1088 875 1376 941 credimus,
1397 888 1812 935 assumeremus,
1832 869 2077 940 quamvis

494 986 772 1041 possemus
819 977 1049 1036 quadam
1079 969 1383 1021 inventione
1410 967 1697 1019 verborum
1724 962 1951 1015 suadere
1974 961 2078 1015 illis

494 1067 583 1137 qui
613 1066 678 1118 de
708 1063 926 1116 materia
948 1061 1385 1115 contentionibus
1405 1057 1699 1126 disputant,
1718 1070 1787 1107 ne
1817 1053 2079 1105 auderent

497 1156 654 1213 facile
684 1152 1035 1223 disputationi
1067 1159 1265 1206 nostra:
1296 1149 1550 1216 deinceps
1581 1145 1820 1199 obviare.

494 1388 575 1443 De
605 1398 792 1441 natura
823 1386 934 1440 creti
951 1427 965 1451 ,
998 1384 1134 1453 quod
1158 1399 1261 1437 non
1291 1382 1357 1436 sit
1377 1395 1440 1433 ea:
1469 1387 1688 1453 quatuor
1707 1375 1969 1429 elementis
1993 1389 2077 1427 se-

993 1451 1215 1507 cundum
1246 1451 1596 1505 Aristotelem.

569 1568 764 1643 [Caput
802 1566 1136 1643 subsequens
1166 1561 1230 1643 ad
1267 1561 1419 1643 hunc
1449 1558 1793 1643 librumjnon!

495 1622 590 1690 scd
621 1653 651 1690 e
674 1622 819 1689 'lihro
848 1636 914 1687 de
946 1622 1237 1686 E'leuieutis
1267 1630 1370 1683 huc
1400 1644 1465 1682 ex
1497 1625 1796 1693 argumenti
1826 1622 2078 1677 similitu-

497 1711 622 1759 dine
657 1706 899 1758 fortassis
932 1704 1172 1771 irrepsit,
1206 1716 1312 1769 quo
1342 1699 1460 1753 loco
1490 1705 1738 1765 quartum
1763 1701 1924 1763 caput
1950 1694 2077 1759 est.)

571 1799 890 1851 Aristoteles
920 1805 1098 1849 autent
1138 1794 1382 1864 quintum
1416 1789 1621 1844 inducit
1646 1802 1867 1856 corpus,
1910 1783 2080 1838 aethe-

503 1908 673 1954 rcuxn,
701 1887 1097 1958 inquain,quoi
1129 1888 1181 1940 in
1209 1885 1434 1939 circuitu
1468 1884 1652 1937 fertur.
1680 1879 1868 1933 nolens
1891 1876 2083 1931 caelum

501 2000 566 2036 cx
598 1992 828 2050 quatuor
857 1980 1137 2035 elementis
1175 1984 1488 2045 generatum
1543 1987 1705 2037 esse;
1758 1970 1809 2023 in
1858 1966 2086 2023 circuitu

500 2082 677 2125 autem
703 2071 825 2124 ferri
856 2071 986 2123 dicit
1011 2070 1113 2122 hoc
1140 2068 1385 2135 quintum
1416 2079 1634 2132 corpus,
1661 2059 1807 2129 quod
1838 2056 2085 2112 circulari

499 2161 982 2233 circumgyratione
1028 2167 1346 2219 moveatur,
1395 2153 1540 2223 quod
1590 2151 1744 2204 Plato
1788 2165 1855 2204 ex
1886 2150 2005 2217 igne
2033 2155 2089 2202 et

505 2262 649 2308 terra
679 2262 927 2307 c0iistare
954 2248 1235 2303 manifeste
1266 2246 1497 2309 disserit,
1534 2245 1605 2297 ita
1640 2241 1888 2310 inquiens
1920 2257 1933 2291 :
1963 2236 2092 2291 Cor-

504 2363 675 2416 porea:
716 2344 924 2414 speciei,
976 2351 1025 2395 et
1066 2341 1262 2395 uisibile
1289 2348 1337 2393 et
1370 2335 1643 2407 tangibile,
1698 2332 1834 2404 quod
1861 2333 1947 2397 sit,
1980 2346 2092 2384 esse

502 2446 737 2507 Oportet,
787 2436 901 2489 sine
936 2436 1055 2500 igne
1086 2441 1265 2485 autem
1300 2429 1428 2484 nihil
1464 2442 1699 2495 unquam
1728 2423 1936 2478 visibile
1978 2420 2089 2485 flet,

510 2543 686 2595 neque
714 2526 831 2580 sine
861 2525 1033 2579 solido
1063 2523 1346 2590 tangibile,
1398 2528 1452 2572 at
1479 2518 1707 2573 solidum
1754 2528 2088 2585 nequaquam

510 2619 714 2682 absque
746 2624 886 2669 terra
931 2615 1130 2668 existit.
1168 2612 1398 2667 Proinde
1429 2626 1495 2665 ex
1526 2610 1645 2679 igne
1676 2617 1731 2663 et
1761 2616 1901 2661 terra
1934 2606 2091 2674 hujus

511 2704 759 2760 Universi
788 2718 984 2772 corpus
1015 2701 1272 2755 inchoans
1297 2700 1436 2752 Deus
1467 2697 1610 2762 fecit,
1639 2696 1744 2750 duo
1766 2703 1944 2749 autem
1974 2695 2092 2748 sine

512 2797 673 2850 tertio
695 2798 829 2849 bene
851 2794 1148 2848 consistere
1173 2798 1465 2860 nequeunt,
1489 2787 1700 2842 vinculo
1721 2787 1862 2841 enim
1887 2793 2093 2839 utrum-

501 2904 605 2957 que
618 2885 1014 2953 coagmentauti
1029 2898 1166 2953 opus
1177 2891 1278 2947 est;
1294 2880 1563 2935 vinculum
1576 2893 1704 2932 vero
1718 2877 1978 2946 optimum
1991 2884 2090 2941 est,

514 2978 658 3046 quod
689 2986 742 3031 ct
771 2994 829 3031 se
862 2977 1032 3047 ipsum
1065 2985 1117 3028 et
1145 2988 1264 3042 qua:
1291 2962 1611 3039 colligantur
1664 2984 1825 3037 quam
1854 2968 2091 3022 maxime

508 3083 671 3120 unum
696 3064 891 3128 efficit;
926 3065 1027 3118 hoc
1050 3070 1227 3116 autent
1256 3058 1761 3115 convenientissime
1784 3058 2093 3128 proportio-

516 3167 641 3210 nata
675 3165 758 3210 est
796 3155 1084 3224 perlicere,
1129 3152 1400 3206 vinculum
1427 3152 1612 3206 dicens
1640 3150 1815 3204 media
1845 3148 1950 3203 duo
1978 3150 2091 3203 ele-

2177 593 2321 662 quod
2350 591 2601 647 sanaret?
2624 588 2776 644 Nunc
2791 596 2973 641 autem
3002 601 3108 640 non
3130 593 3211 639 est
3233 599 3398 638 unum
3419 584 3562 651 quod
3582 592 3760 651 sanat,

2178 682 2275 737 sed
2298 681 2496 746 multa;
2520 680 2740 733 minime
2766 691 2895 746 ergo
2919 692 2982 730 ex
3006 690 3113 729 uno
3137 674 3405 729 elemento
3424 674 3762 728 constituitur

2181 775 2363 827 homo.
2414 771 2682 825 Caeterum
2726 784 2795 823 ex
2824 767 3018 837 quibus
3049 764 3149 833 ipsi
3180 772 3446 818 conantur
3485 764 3759 832 proprium

2180 866 2407 934 quisque
2447 860 2781 917 communire
2810 858 3026 926 dogma,
3076 857 3159 910 his
3204 854 3437 909 maxime
3465 851 3765 907 ostenditur

2180 963 2412 1023 quatuor
2440 968 2560 1007 esse
2590 953 2887 1014 elementa;
2920 949 3122 1003 etenim
3147 947 3340 1000 Thales
3365 960 3558 1013 aquam
3588 945 3761 1000 solam

2182 1044 2368 1098 dicens
2414 1042 2762 1105 elementum,
2793 1040 3163 1094 demonstrare
3212 1037 3399 1089 nititur
3426 1036 3629 1103 reliqua
3666 1036 3765 1087 tria

2183 1132 2251 1185 ab
2290 1121 2396 1187 hac
2441 1131 2706 1198 generari,
2759 1144 2880 1207 nam
2913 1127 3243 1198 hypostasim
3273 1126 3389 1193 ejus
3419 1134 3617 1179 terram
3652 1123 3764 1177 fieri

2183 1223 2325 1290 quod
2338 1224 2797 1296 λεπτομερέστερον
2810 1227 2911 1279 est,
2931 1232 3132 1280 aerem,
3161 1217 3305 1285 quod
3339 1216 3549 1269 tenuius
3575 1222 3758 1267 autem

2188 1330 2335 1380 aere,
2365 1314 2563 1381 ignem.
2597 1312 2953 1365 Anaximenes
2983 1324 3111 1363 vero
3132 1322 3311 1362 aerem
3334 1308 3506 1362 solum
3536 1321 3767 1375 ponens,

2184 1405 2467 1460 ostendere
2495 1419 2710 1473 quoque
2741 1412 2914 1458 tentat
2943 1403 3046 1456 alia
3076 1403 3340 1455 elementa
3371 1416 3437 1455 ex
3467 1416 3594 1455 aere
3635 1416 3762 1466 pro-

2185 1496 2329 1550 duci.
2358 1495 2667 1549 Heraclitus
2698 1494 2824 1548 item
2857 1503 2911 1547 et
2939 1493 3276 1562 Hipparchus
3307 1491 3561 1545 Ponticus
3589 1491 3767 1557 ignem

2186 1585 2476 1641 afferentes
2500 1626 2514 1651 ,
2567 1584 2755 1639 iisdem
2784 1583 3327 1637 demonstrationibus
3358 1590 3599 1635 utuntur.
3632 1579 3767 1634 Cum

2190 1678 2369 1746 itaque
2399 1686 2455 1732 et
2482 1677 2534 1731 hi
2563 1676 2745 1730 dicant
2774 1676 2949 1743 ignem
2977 1675 3204 1728 aliorum
3230 1673 3618 1728 elementorum
3648 1687 3773 1727 esse

2186 1769 2572 1837 generativum,
2598 1776 2654 1822 et
2676 1768 2776 1822 iste
2797 1767 3043 1821 similiter
3066 1782 3266 1831 aerem,
3288 1766 3376 1820 ille
3397 1781 3528 1820 vero
3545 1780 3764 1833 aquarii,

2117 1881 2163 1939 Β
2191 1857 2469 1913 manifeste
2499 1859 2665 1928 liquet
2690 1858 2943 1926 quoniam
2971 1857 3149 1913 omnia
3184 1858 3449 1912 elementa
3478 1857 3771 1911 vicissatim

2189 1965 2248 2004 se
2279 1956 2669 2010 transmutaut,
2720 1949 2880 2016 inque
2908 1963 2967 2002 se
2998 1948 3225 2002 invicem
3256 1954 3559 2013 vertuntur,
3593 1946 3771 2016 quod-

2190 2038 2321 2094 libct
2343 2041 2532 2094 horum
2555 2039 2878 2093 elementum
2910 2054 3030 2094 esse
3061 2040 3367 2093 nece<sario
3397 2038 3772 2107 consequitur.

2190 2127 2557 2197 Quodcunque
2573 2129 2715 2182 enim
2728 2136 2959 2196 quatuor
2983 2129 3371 2183 elementorum
3383 2128 3777 2197 absumpseris,

2190 2227 2241 2273 et
2272 2219 2373 2273 hoc
2397 2220 2463 2272 ab
2491 2206 2598 2274 alio
2630 2219 2743 2274 lieri
2773 2217 3156 2286 comperietur.
3238 2249 3246 2257 ν-

2770 2308 2999 2364 CAPUT
3030 2309 3195 2363 XXV.

2192 2381 2444 2434 Adversus
2472 2397 2557 2435 eos
2587 2380 2671 2452 qui
2712 2380 2905 2434 audent
2933 2396 3162 2462 asserere
3186 2389 3496 2435 cowteruam
3530 2378 3637 2432 Deo
3666 2395 3781 2432 esse

2889 2460 3126 2503 ateriam.

2836 2467 3126 2504 materiam.

2264 2518 2379 2573 Non
2427 2520 2569 2573 enim
2609 2518 2764 2588 juxta
2811 2535 2999 2574 eorum
3047 2534 3166 2587 quae
3203 2535 3301 2589 per
3329 2519 3781 2589 consequentiam

2194 2609 2539 2679 reperiuntur
2566 2610 2805 2665 materiae
2848 2608 3018 2664 fertur
3060 2611 3241 2679 opinio
3287 2626 3406 2679 qute
3452 2626 3517 2665 ex
3560 2609 3785 2663 intelle-

2194 2701 2357 2756 ctuali
2382 2701 2521 2756 hanc
2543 2716 2759 2771 quoque
2785 2701 2903 2755 sine
2930 2701 3154 2754 materia
3179 2702 3409 2756 existere
3439 2701 3782 2771 pronuntiat.

2195 2788 2421 2846 Omnem
2479 2806 2712 2860 namque
2763 2791 3046 2846 materiam
3105 2792 3424 2860 quibusdam
3480 2791 3787 2846 subsistere

2197 2884 2544 2953 qualitatibus
2572 2882 2892 2950 invenimus,
2918 2885 3110 2953 quibus
3150 2884 3195 2938 si
3228 2886 3493 2955 privetur,
3518 2882 3665 2936 nulla
3695 2898 3791 2935 ra-

2200 2976 2345 3030 tione
2392 2976 2595 3045 poterit
2641 2975 3043 3045 comprehendi.
3097 2976 3203 3031 Sed
3253 2978 3395 3031 enim
3443 2991 3787 3045 unaquznqne

2196 3063 2467 3132 qualitatis
2513 3064 2721 3133 species
2763 3064 3006 3134 subjecta
3053 3066 3264 3119 ratione
3308 3066 3583 3120 dividitur.
3616 3063 3787 3117 Ratio

2200 3168 2379 3212 autem
2420 3157 2797 3212 intellectualis
2825 3166 2934 3222 est,
2984 3171 3084 3211 nec
3111 3165 3195 3211 est
3223 3156 3338 3223 ejus
3366 3156 3668 3226 corporalis
3698 3158 3790 3210 in-

505 3257 686 3303 menta
735 3262 803 3301 ex
851 3244 1153 3315 hujusmodi
1196 3243 1548 3313 proportione
1579 3250 1872 3311 assumpta.
1908 3240 1977 3294 At
2004 3242 2094 3308 qui
2125 3238 2167 3299 C
2199 3248 2405 3318 speciio
2429 3264 2442 3301 ;
2463 3255 2521 3301 ut
2548 3255 2677 3317 puta
2707 3248 2777 3302 si:
2802 3248 2856 3302 in
2886 3247 3340 3318 contemplatione
3368 3256 3550 3299 nostra
3577 3263 3792 3316 propo-

506 3340 853 3395 Hebraeorum
876 3338 1175 3392 doctrinam
1204 3335 1406 3398 colunt,
1439 3333 1505 3388 de
1538 3332 1678 3387 caelo
1706 3341 1762 3385 et
1786 3340 1927 3385 terra
1959 3345 2085 3383 eva-

506 3434 664 3498 riant,
685 3446 804 3484 nam
828 3430 881 3484 hi
902 3429 1118 3497 quidem
1141 3428 1252 3481 fere
1274 3442 1462 3481 omnes
1483 3441 1551 3479 ex
1573 3425 1717 3478 nulla
1748 3419 2112 3492 praecedente

507 3525 734 3579 materia
765 3523 1001 3590 genitum
1033 3536 1152 3576 esse
1194 3519 1390 3573 coelum
1416 3526 1468 3571 et
1500 3525 1697 3571 terram
1728 3515 1938 3579 dicunt,
1970 3515 2094 3583 quia

508 3617 684 3671 Moses
713 3616 785 3669 ait
830 3632 843 3666 :
890 3613 953 3667 In
985 3612 1237 3683 principio
1268 3609 1388 3681 fecit
1421 3607 1560 3661 Deus
1588 3606 1768 3659 cwlum
1797 3616 1845 3657 et
1874 3613 2085 3657 terram.

509 3706 873 3777 Apollinarius
901 3714 1082 3758 autem
1105 3703 1219 3756 vult
1246 3718 1313 3755 ex
1342 3701 1536 3771 abysso
1566 3698 1755 3752 fecisse
1786 3696 1949 3751 Deum
1979 3712 2090 3751 ca:-

509 3802 620 3854 lum
651 3808 705 3854 et
737 3808 963 3861 terram;
987 3812 1172 3850 verum
1201 3795 1375 3864 abyssi
1401 3803 1458 3847 ut
1480 3792 1691 3861 genitae,
1717 3791 1891 3845 Moses
1914 3791 1980 3843 de
2007 3804 2099 3858 ge-

510 3893 793 3947 u--ratione
842 3891 965 3945 cwli
999 3904 1104 3943 non
1136 3887 1402 3942 meminit.
1453 3885 1510 3938 In
1556 3883 1658 3937 Job
1688 3892 1866 3935 autem
1898 3882 2097 3935 dictum

514 3991 598 4037 est
640 3981 783 4050 quod
814 3981 937 4034 fecit
968 3980 1217 4048 abyssum
1244 3992 1259 4042 ;
1311 3990 1377 4029 ex
1400 3974 1503 4028 hoc
1525 3974 1685 4042 igitur
1714 3980 1899 4026 censet
1921 3970 2100 4024 omnia

512 4075 614 4127 alia
648 4081 904 4139 generata
951 4082 1099 4129 esse;
1139 4080 1245 4119 non
1278 4073 1454 4117 tamen
1486 4062 1777 4130 ingenitam
1808 4061 1950 4124 vult,
2002 4058 2098 4114 sed

513 4173 637 4217 ante
667 4171 859 4216 cuni-ta
883 4172 1111 4226 corpora
1135 4156 1450 4226 productam
1467 4168 1586 4207 eam
1606 4167 1745 4216 esse,
1773 4160 1827 4206 et
1847 4166 2103 4220 prmsuni-

514 4255 685 4324 psisse
725 4267 755 4304 a
786 4250 1066 4305 conditore
1113 4249 1179 4301 ad
1227 4247 1453 4301 aliorum
1485 4243 1885 4299 subsistentiam
1921 4241 2095 4296 mani-

515 4342 872 4396 festationcm.
910 4337 1061 4393 Unde
1087 4338 1264 4407 abyssi
1297 4338 1441 4401 ὕλης,
1491 4334 1581 4389 sed
1614 4332 2104 4403 quomodocunque

514 4437 618 4490 hoc
639 4450 698 4489 se
722 4432 938 4493 haheat,
970 4429 1104 4484 nihil
1132 4426 1316 4483 refert.
1344 4426 1472 4479 Nam
1501 4432 1557 4478 et
1586 4425 1657 4477 ita
1684 4423 1924 4477 omnium
1953 4421 2094 4475 Deus

514 4527 769 4583 conditor
797 4523 1099 4579 ostenditur
1147 4537 1212 4575 ex
1258 4535 1366 4573 non
1411 4518 1622 4572 entibus
1652 4514 1841 4571 fecisse
1886 4514 2090 4569 omnia.

2198 3339 2357 3393 situm
2387 3338 2583 3392 animal
2602 3337 2834 3407 aliquod,
2853 3337 2940 3393 vel
2964 3338 3183 3405 lignum,
3200 3337 3286 3391 vel
3307 3336 3433 3405 quid
3450 3336 3615 3404 aliud,
3639 3338 3792 3405 quod

2203 3428 2465 3484 materiali
2489 3430 2874 3484 constitutione
2894 3429 3155 3492 subsistit,
3172 3428 3335 3481 multa
3358 3427 3423 3482 de
3443 3427 3632 3482 eodem
3658 3430 3794 3481 sub.

2195 3518 2344 3588 jccto
2373 3521 2717 3591 cogitationis
2746 3519 3071 3575 discretione
3109 3519 3516 3589 perpendimus,
3550 3534 3788 3588 quorum

2200 3613 2409 3681 singula
2440 3627 2559 3682 quae
2587 3614 2746 3668 simul
2776 3615 3014 3684 inspecta
3058 3622 3221 3676 sunt,
3270 3613 3386 3666 sine
3424 3611 3794 3681 permixtione

2201 3703 2380 3772 aliqua
2410 3703 2621 3757 ratione
2666 3712 2721 3758 et
2750 3703 2937 3758 ordine
2974 3702 3337 3757 continentur.
3387 3701 3504 3754 Alia
3552 3714 3796 3767 namque

2201 3796 2397 3850 coloris
2425 3802 2508 3850 est
2549 3795 2706 3859 ratio,
2752 3804 2806 3849 et
2850 3795 2953 3848 alia
2985 3793 3261 3863 ponderis,
3290 3792 3628 3861 quantitatis.
3654 3790 3793 3843 ltrm

2201 3894 2255 3939 et
2275 3885 2548 3953 qualitatis
2569 3885 2689 3948 alia,
2709 3892 2762 3938 et
2786 3884 2888 3938 alia
2913 3883 3255 3938 nihilominus
3278 3890 3481 3944 tactus;
3507 3895 3632 3932 nam
3651 3878 3797 3932 inol-
3842 3904 3849 3909 ~

2202 3973 2343 4028 lities
2372 3983 2427 4029 et
2472 3974 2718 4043 bipedale
2747 3984 2802 4027 et
2826 3974 3029 4042 reliqua
3070 3987 3189 4042 qua:
3227 3971 3368 4025 dicta
3399 3977 3552 4031 sunt,
3603 3982 3793 4037 neque

2202 4067 2301 4121 sibi
2333 4066 2580 4131 invicem,
2604 4082 2777 4135 neque
2804 4065 3017 4134 corpori
3050 4065 3155 4118 ulla
3184 4060 3550 4117 similitudinis
3572 4060 3801 4113 ratione

2202 4156 2566 4210 consentiunt.
2598 4154 2831 4223 Singulis
2853 4154 2993 4208 enim
3022 4152 3238 4222 pr0pria
3258 4149 3498 4220 quaedam
3532 4148 3677 4201 ratio
3708 4148 3806 4200 in-

2206 4252 2416 4314 terpres
2443 4243 2694 4311 adjuncta
2726 4251 2837 4303 est,
2889 4242 3019 4295 nulli
3062 4254 3246 4295 earum
3277 4252 3397 4306 qua:
3440 4238 3493 4291 in
3540 4236 3808 4304 subjecto

2204 4348 2303 4385 suo
2328 4340 2624 4386 cernuntur
2652 4330 2894 4401 qualitati
2924 4327 3342 4383 couimunicans.
3388 4324 3443 4379 Si
3493 4325 3660 4391 igitur
3703 4324 3808 4378 ia-

2207 4420 2494 4489 telligibilis
2526 4418 2745 4488 quidem
2775 4418 2955 4479 color,
3010 4414 3357 4482 intelligibilis
3400 4414 3562 4467 etiam
3598 4412 3807 4481 ﬁgura,

2205 4526 2306 4565 nec
2337 4526 2443 4565 non
2472 4519 2529 4565 et
2556 4511 2826 4580 quantitas
2867 4518 3166 4578 cmteraque
3204 4504 3510 4573 hujusmodi
3540 4506 3812 4574 proprie-

504 4619 784 4675 ,Adversus
826 4633 922 4671 eos
945 4632 1073 4669 vero
1115 4615 1204 4683 qui
1231 4628 1393 4667 unum
1420 4611 1596 4667 solum
1625 4609 1949 4663 elementum
1979 4622 2097 4661 esse
2130 4604 2173 4659 ι)
2201 4611 2403 4669 latum;
2458 4603 2650 4657 horum
2703 4616 2830 4655 vero
2859 4600 3064 4668 singula
3104 4599 3148 4653 si
3195 4596 3408 4652 auferas
3444 4612 3473 4650 a
3504 4597 3797 4665 subjecto,

514 4718 782 4773 astrnunt,
811 4717 1029 4769 terram,
1055 4708 1254 4774 ignem,
1282 4703 1367 4756 vel
1399 4716 1600 4766 aerem,
1627 4699 1709 4753 vel
1740 4713 1951 4768 aquam,
1976 4710 2097 4764 quin

514 4803 583 4855 ab
613 4800 937 4868 Hippocrate
983 4798 1126 4851 dicta
1177 4804 1301 4848 sunt
1344 4793 1633 4848 sufﬁcient.
1684 4789 1740 4843 Si
1764 4789 1908 4843 enim
1958 4787 2096 4840 dun-

519 4897 665 4942 taxat
696 4903 855 4941 unum
888 4896 1067 4948 esset,
1120 4899 1388 4951 nunquam
1430 4882 1638 4935 doleret
1677 4879 1873 4942 homo,
1926 4892 2098 4945 neque

518 4980 659 5034 enim
689 4987 834 5034 esset
874 4994 903 5031 a
928 4994 1032 5046 quo
1064 4976 1273 5030 doleret
1301 4975 1344 5027 si
1368 4989 1529 5027 unum
1560 4972 1847 5031 existeret;
1878 4968 2021 5038 quod
2051 4968 2098 5024 si

517 5072 748 5133 doleret,
771 5069 1036 5123 undenam
1066 5064 1363 5132 essetquod
1385 5062 1641 5116 sanaret?
1668 5058 1892 5130 Oportet
1921 5067 2098 5111 autem

518 5176 718 5227 aegrum
751 5177 870 5215 cum
900 5174 1059 5213 sensu
1086 5155 1450 5210 transmutari.
1483 5152 1540 5206 Si
1569 5167 1698 5205 vero
1732 5165 1893 5203 unum
1924 5148 2099 5202 solum

518 5262 663 5308 esset
679 5252 1027 5317 elementum,
1061 5264 1166 5304 non
1189 5248 1447 5303 existeret
1474 5244 1655 5313 utique
1684 5244 1735 5295 in
1754 5241 1897 5310 quod
1929 5249 2104 5293 trans-

522 5352 847 5407 mutaretur;
877 5358 980 5397 non
1005 5349 1416 5398 transmutatum
1444 5345 1643 5397 autem,
1675 5333 1766 5387 sed
1796 5347 2018 5386 manens
2049 5331 2101 5383 in

526 5450 583 5488 Se
608 5435 746 5503 ipso,
780 5447 1116 5501 nequaquam
1143 5430 1380 5494 doleret,
1408 5427 1618 5483 etiamsi
1647 5422 1896 5479 sensibile
1921 5421 2059 5474 foret
2084 5436 2099 5485 ;

524 5532 579 5579 at
600 5526 743 5595 quod
773 5527 974 5593 patitur
1001 5523 1069 5577 ab
1107 5522 1286 5590 aliquo
1324 5520 1435 5589 pati
1468 5531 1687 5574 necesse
1708 5524 1810 5570 est.
1843 5513 1897 5568 Si
1922 5515 2102 5581 itaque

524 5634 686 5671 unum
710 5616 871 5671 modo
892 5624 1037 5670 esset
1052 5614 1400 5677 elementum,
1415 5618 1611 5679 praeter
1626 5607 1766 5661 illius
1788 5607 2101 5677 qualitatem

525 5709 668 5763 nulla
692 5708 793 5762 alia
823 5708 961 5763 foret
990 5712 1154 5776 a'qua
1183 5710 1461 5774 pateretur
1489 5699 1717 5764 animal;
1761 5698 1905 5766 quod
1934 5697 1976 5752 si
2010 5712 2105 5751 ne-

525 5812 630 5867 que
674 5796 1037 5860 transmutari,
1088 5808 1261 5863 neque
1290 5790 1401 5861 pati
1430 5788 1637 5860 quiret,
1687 5803 1917 5858 quonam
1946 5794 2106 5855 pacto

527 5886 781 5956 doleret?
830 5886 1128 5942 Ostendcns
1167 5884 1324 5955 igitur
1355 5882 1455 5937 hoc
1487 5877 1817 5951 impossibile
1847 5891 1987 5943 esse,
2040 5890 2107 5931 ex

2203 4693 2363 4747 etiam
2388 4694 2527 4749 ratio
2553 4692 2798 4761 corporis
2829 4700 2938 4745 tota
2969 4689 3279 4744 dissolvitur
3302 4702 3675 4755 :consequens
3702 4698 3812 4742 est

2204 4794 2261 4837 ut
2306 4799 2534 4852 quorum
2565 4783 2858 4837 absentiam
2902 4779 3244 4835 resolutionis
3280 4779 3523 4849 corporis
3556 4793 3813 4834 causam

2206 4886 2325 4926 esse
2351 4872 2757 4939 cognoscimus,
2789 4871 2978 4925 horum
3009 4876 3332 4925 conventum
3362 4876 3523 4934 atque
3551 4881 3822 4921 concur-

2205 4977 2322 5015 sum
2352 4961 2609 5030 perftcere
2630 4962 2962 5016 materialem
2996 4968 3241 5014 naturam
3270 4957 3539 5012 ﬁtimare
3582 4956 3822 5012 ἀὼς-ευ

2207 5066 2345 5105 nms.
2372 5050 2523 5105 Sicut
2549 5051 2690 5105 enim
2720 5065 2918 5119 corpus
2939 5066 3045 5104 non
3073 5057 3156 5103 est
3182 5048 3332 5103 color
3352 5055 3444 5100 aut
3474 5044 3665 5113 ﬁgura,
3702 5058 3827 5102 aut

2204 5142 2459 5196 distantia
2490 5150 2581 5196 ant
2611 5142 2841 5211 pondus,
2873 5149 2966 5195 aut
2994 5141 3197 5208 reliqua
3226 5138 3638 5208 proprietatum,
3670 5140 3830 5193 cui-

2205 5247 2414 5301 cunque
2440 5231 2732 5296 adsunt,ad
2752 5231 2941 5284 horum
2970 5229 3196 5295 singula,
3227 5228 3365 5280 sicut
3392 5225 3645 5287 diximus,
3664 5239 3825 5281 cor-

2204 5342 2305 5397 pus
2343 5340 2463 5380 esse
2489 5338 2594 5377 non
2635 5329 2893 5390 possunt,
2922 5319 3017 5374 sed
3047 5317 3187 5371 aliud
3215 5316 3343 5384 quid
3372 5323 3569 5384 printer
3589 5329 3837 5387 corpus

2203 5419 2353 5487 juxta
2382 5431 2531 5470 suam
2559 5414 2946 5484 proprietatem
2975 5425 3092 5465 esse
3118 5415 3448 5463 monstratur
3472 5425 3485 5459 :
3519 5407 3593 5459 ita
3616 5423 3835 5465 eeo..-

2202 5510 2369 5564 trario
2391 5508 2693 5574 ubicunque
2719 5510 3015 5558 memorata
3044 5505 3387 5563 concurrunt,
3419 5497 3840 5558 substantiam

2206 5599 2487 5671 perficiunt
2508 5596 2866 5666 corporalem.
2886 5593 3094 5647 Etenim
3120 5592 3164 5646 si
3195 5588 3575 5644 intellectualis
3593 5589 3845 5650 borum

2208 5693 2464 5763 probatur
2492 5688 2775 5759 inspectio,
2796 5682 3172 5740 intellectualis
3192 5690 3370 5736 autem
3390 5680 3574 5735 divina
3598 5691 3857 5743 natura

2207 5792 2307 5849 est,
2356 5781 2485 5835 nihil
2514 5782 2875 5847 incongruens
2905 5791 2971 5831 ex
3014 5774 3329 5843 incorporea
3363 5777 3559 5825 natura
3604 5771 3859 5831 insani.

2208 5871 2353 5943 gibili
2393 5870 2488 5926 has
2530 5868 2843 5924 occasiones
2887 5863 2955 5919 ad
2996 5860 3336 5934 corporalem
3380 5860 3861 5932 generationem
