4000 6344
544 350 641 404 591

1794 350 2147 409 DIONYSIUS
2186 349 2504 409 EXIGL’L’S.

3677 357 3765 411 55?.

527 473 685 539 tanti,
709 472 800 528 sed
832 485 970 527 nunc
996 469 1170 524 anima
1200 473 1445 536 separata
1469 465 1535 520 de
1561 479 1813 534 corpore,
1846 465 2103 519 turbatis-
2134 472 2177 525 Α
2209 472 2505 519 memorata
2537 464 2652 519 loca
2682 465 3052 527 declinabant,
3083 464 3298 521 exitiale
3330 481 3392 520 ac
3420 466 3759 536 periculosum

527 577 631 630 que
678 562 999 617 clamoribus
1038 557 1294 612 luctuosis
1324 556 1404 610 his
1433 558 1523 625 qui
1572 572 1753 610 casum
1802 556 2106 625 planctibus

529 654 840 717 efferebant,
874 649 1037 704 veluti
1066 664 1095 703 e
1124 662 1315 702 somno
1361 647 1591 715 puellam
1641 646 1959 715 imperativo
1990 660 2106 698 scr-

531 760 688 797 mone
720 742 1055 797 resuscitavit
1085 739 1149 794 ad
1197 741 1379 792 vitam.
1412 738 1507 791 Via
1541 737 1773 809 quadam
1814 744 1867 790 et
1914 750 2107 790 conse—

529 833 745 899 quentia
776 830 1116 898 fragilitatem
1151 829 1436 882 humanam
1468 826 1533 880 ad
1564 825 1765 893 majora
1794 824 2107 887 sustollens,

532 936 716 973 rurss
745 921 857 974 haec
885 934 1100 987 quoque
1131 916 1385 971 miracula
1417 917 1573 971 solita
1605 916 1803 968 virtute
1836 924 2111 968 transcen-

532 1010 663 1065 (lens
693 1010 920 1065 celsiore
942 1010 1199 1079 potentia,
1226 1011 1324 1062 iter
1349 1008 1475 1061 facit
1497 1008 1801 1061 hominibus
1825 1022 1930 1074 quo
1956 1003 2109 1057 fidem

534 1098 951 1152 resurrectionis
973 1098 1336 1151 admitterent.
1357 1095 1638 1149 Civitatem
1654 1095 1936 1165 quamdam
1961 1093 2111 1146 Naim

536 1189 753 1243 nomine
783 1190 833 1242 in
863 1187 1043 1242 Judma
1074 1203 1193 1242 esse
1214 1202 1363 1241 sacra
1395 1186 1673 1256 Scriptura
1701 1191 2110 1240 commemorat.

538 1281 593 1334 lu
639 1283 739 1335 hac
770 1281 867 1333 fuit
897 1280 1069 1333 vidum
1099 1277 1372 1347 cujusdam
1404 1278 1592 1331 unicus
1623 1276 1761 1330 filius
1793 1291 1954 1347 puer,
2007 1290 2114 1327 non

539 1388 671 1441 puer
698 1373 818 1426 talis
849 1373 936 1440 qui
963 1378 1367 1440 computaretur
1393 1370 1444 1423 in
1475 1370 1735 1439 parvulis,
1765 1367 1859 1421 sed
1887 1383 1951 1420 ex
1979 1380 2113 1436 pue-

539 1466 660 1518 ritia
696 1466 745 1517 in
770 1465 1106 1533 juventutcm
1140 1462 1250 1530 jam
1275 1463 1494 1530 jamque
1532 1459 1855 1529 profecerat.
1891 1456 2039 1510 Unde
2064 1464 2118 1508 et

539 1557 788 1626 juvenem
821 1555 967 1607 illum
996 1569 1173 1607 sermo
1203 1552 1434 1608 caelestis
1465 1550 1717 1620 appellat,
1752 1549 1901 1618 plura
1935 1546 2118 1617 paucis

543 1646 835 1699 insinuans.
865 1644 1199 1698 Lamentatio
1228 1658 1420 1711 magna
1451 1630 1533 1698 est
1559 1644 1671 1712 ipsa
1702 1641 1893 1695 relatio
1923 1659 1935 1693 :
1962 1639 2114 1705 Erat,

545 1736 734 1803 inquit,
768 1734 923 1787 vidua
954 1743 1119 1788 mater
1146 1734 1394 1804 defuncti.
1430 1732 1694 1802 Perspicis
1734 1731 1941 1801 pondus
1969 1730 2116 1785 cala-

2211 565 2462 625 putantes
2492 570 2676 611 rursus
2707 557 2756 609 in
2786 554 3019 610 Judceam
3047 570 3288 626 pergere,
3314 565 3366 611 et
3397 558 3539 612 inter
3567 558 3763 614 homici-

2210 645 2305 699 das
2329 645 2625 714 impiosque
2654 647 2875 710 versari,
2906 656 2960 699 et
2990 647 3108 700 ideo
3134 656 3470 701 remorantes
3498 658 3652 717 atque
3680 649 3763 702 di!-

2210 733 2461 799 ferentes,
2493 751 2559 789 ne
2582 736 2776 790 ibidem
2810 746 3205 791 reverterentur
3238 747 3476 806 tempora
3505 740 3762 808 protrahe-

2210 823 2361 878 bant.
2384 823 2623 878 Obtinuit
2650 824 2932 894 imperium
2956 825 3187 886 Domini,
3207 842 3377 895 eoque
3409 828 3763 895 proficis-centre

2214 912 2459 983 discipuli
2491 915 2906 983 subsequuntur,
2941 925 2996 969 ut
3019 916 3069 968 in
3096 916 3350 969 Bethania
3379 917 3635 984 primitias
3665 919 3768 970 uni-

2212 1004 2438 1059 versalis
2506 1006 2901 1073 quodammodo
2974 1007 3383 1061 resurrectionis
3439 1008 3769 1074 iuSpicerent.

2213 1091 2445 1158 Quartus
2470 1094 2708 1161 eratjam
2739 1096 2948 1164 sepulto
2978 1096 3090 1150 dies
3109 1138 3123 1161 ,
3151 1107 3448 1165 cunctaque
3476 1097 3768 1151 videbantur

2213 1199 2339 1253 erga
2363 1186 2512 1238 busta
2531 1186 2831 1255 persoluta;
2858 1188 3136 1239 constabat
3152 1202 3348 1256 corpus
3370 1188 3419 1239 in
3442 1198 3774 1240 monumento

2214 1278 2534 1346 depositum,
2560 1288 2636 1343 et,
2656 1278 2799 1349 quod
2815 1288 2929 1334 erat
2957 1296 3312 1349 consequens,
3333 1282 3442 1350 jam
3466 1283 3653 1339 timore
3678 1284 3777 1339 dis-

2217 1377 2425 1422 tentum
2459 1370 2817 1438 corruptionis
2852 1371 3068 1425 interitu
3092 1373 3415 1427 solvebatur.
3441 1374 3630 1428 Sanies
3651 1376 3779 1428 enim

2217 1460 2268 1512 in
2299 1468 2492 1513 terram
2518 1463 2629 1527 ipsa
2661 1461 2983 1515 necessitate
3012 1461 3297 1525 defluebat,
3325 1462 3568 1531 fugienda
3607 1468 3779 1534 procul

2215 1547 2377 1601 dubio
2407 1562 2510 1612 res,
2543 1557 2766 1614 cogente
2791 1558 3000 1614 natura,
3034 1549 3084 1602 id
3114 1551 3254 1617 quod
3300 1553 3592 1604 resolutum
3627 1552 3785 1606 fuerat

2217 1637 2356 1692 fetor
2380 1639 2683 1692 teterrimus
2705 1639 3007 1693 exhalabat.
3045 1640 3157 1695 Hoc
3186 1652 3361 1695 autem
3394 1641 3589 1695 factum
3630 1652 3707 1696 e-t
3736 1652 3786 1696 ut

2219 1732 2488 1799 generalis
2534 1732 2943 1787 resurrectionis
2992 1748 3153 1800 opus,
3205 1734 3346 1802 quod
3382 1735 3446 1787 ab
3496 1734 3786 1787 infidelibus

546 1823 775 1887 mitatis,
825 1824 1095 1891 quomodo
1126 1824 1431 1892 passionem
1470 1822 1710 1876 breviter
1740 1821 1949 1874 extulit.
1983 1820 2121 1885 Quid
2154 1823 2200 1879 B
2228 1822 2401 1874 minus
2444 1821 2697 1885 creditur,
2744 1821 3006 1875 manifesti
3038 1824 3281 1876 miraculi
3325 1825 3633 1877 ostensione
3672 1840 3788 1893 pro-

548 1914 690 1967 enim
714 1922 797 1968 est
825 1915 966 1982 quod
995 1915 1224 1969 dicitur?
1246 1913 1378 1980 Quia
1411 1930 1517 1968 non
1545 1923 1659 1968 erat
1687 1914 1848 1967 etiam
1872 1929 1993 1983 spes
2017 1913 2121 1965 ulla

546 2019 652 2072 qua
684 2014 863 2074 posset
893 2004 1028 2060 filios
1057 2021 1322 2069 recreare,
1359 2013 1625 2073 tanueque
1648 2005 1889 2059 levamen
1922 2005 2121 2058 orbita-

547 2094 616 2147 tis
638 2109 929 2148 assumere.
963 2094 1131 2148 Vidua
1153 2096 1349 2164 quippe
1371 2104 1506 2161 erat,
1526 2110 1623 2149 nec
1646 2095 1875 2149 habebat
1898 2094 2124 2148 alterum

546 2198 705 2252 quem
731 2198 828 2252 pro
852 2183 1103 2238 defuncto
1133 2186 1485 2253 conspiceret.
1519 2185 1648 2238 Nam
1672 2193 1858 2255 partus
1884 2187 1930 2239 ei
1960 2185 2128 2239 exsti-

548 2281 687 2326 terat
713 2273 1017 2342 singularis.
1045 2272 1310 2338 Quantum
1333 2289 1463 2328 vero
1492 2275 1597 2328 hoc
1625 2275 1819 2328 malum
1850 2276 1940 2340 sit,
1972 2273 2127 2330 facile

547 2363 1075 2430 omnesintelligunt,
1099 2364 1188 2433 qui
1216 2372 1418 2417 natura:
1435 2362 1557 2432 jura
1570 2373 1917 2431 cognoscunt.
1942 2363 2126 2418 Solum

553 2453 697 2509 hunc
743 2455 795 2508 in
842 2454 1119 2511 doloribus
1160 2463 1419 2519 noverat,
1470 2456 1643 2510 solum
1691 2456 1802 2509 suis
1834 2456 2131 2510 lactaverat

549 2544 826 2606 uberibus,
859 2545 1005 2598 solus
1033 2545 1334 2598 illustrabat
1364 2545 1477 2613 ejus
1503 2545 1826 2609 convivium,
1856 2546 2130 2615 totiusque

551 2634 777 2699 doloris,
803 2634 948 2688 solus
977 2642 1093 2687 erat
1120 2649 1283 2689 causa
1312 2634 1525 2698 laetitia},
1550 2650 1669 2689 cum
1692 2636 1898 2689 luderet
1926 2647 2017 2690 aut
2040 2637 2131 2690 ali-

551 2726 677 2795 quid
725 2735 929 2792 ageret,
978 2742 1098 2780 cum
1146 2726 1516 2780 institueretur
1547 2734 1640 2779 aut
1668 2735 1976 2793 ornaretur,
2006 2743 2129 2782 cum

552 2817 747 2872 corevis
776 2816 828 2870 in
860 2816 1376 2885 processionibus,in
1402 2817 1681 2886 palaestris,
1701 2818 1752 2870 in
1777 2818 2131 2874 conventibus

550 2908 886 2973 iungeretur,
919 2920 1079 2958 omne
1104 2904 1362 2973 quidquid
1406 2906 1593 2959 matris
1622 2906 1790 2961 oculis
1816 2905 1975 2961 dulce
2002 2922 2129 2977 pre-

556 2994 862 3061 tiosumque
893 2994 1136 3059 suberat,
1187 2994 1333 3048 solus
1365 2994 1552 3048 unicus
1581 2994 1861 3049 offerebat.
1905 2992 2132 3066 Jamque

558 3085 796 3153 nuptiale
826 3092 1036 3153 tempus
1063 3084 1374 3149 advenerat,
1398 3086 1559 3156 stirps
1588 3087 1869 3142 videbatur
1896 3089 2130 3157 generis,

2226 1911 2462 1964 harctur.
2497 1911 2612 1964 Non
2644 1911 2785 1964 enim
2817 1912 2936 1979 quis
2964 1912 3203 1964 elevatur
3226 1927 3290 1965 ex
3320 1913 3653 1980 a‘gritudine,
3699 1929 3788 1967 nec

2228 2002 2281 2055 in
2322 2004 2576 2057 extremis
2627 2003 2833 2057 locatus
2873 2004 3133 2057 retinetur
3165 2004 3384 2067 invita,
3430 2021 3531 2059 nec
3575 2007 3789 2074 parvula

2228 2108 2398 2162 nuper
2412 2101 2621 2146 mortua
2644 2094 2918 2157 suscitata,
2938 2109 3034 2147 nec
3057 2103 3400 2147 monumento
3421 2096 3695 2165 proximus
3712 2098 3790 2161 ju-

2229 2183 2380 2235 venis
2408 2198 2561 2236 suum
2595 2182 2847 2236 feretrum
2880 2183 3106 2245 deserit,
3156 2183 3247 2237 sed
3292 2186 3371 2237 vir
3399 2187 3656 2252 primatus
3699 2203 3792 2255 pu-

2232 2281 2310 2326 tre
2342 2288 2468 2327 cens
2497 2281 2658 2342 atque
2687 2272 2964 2338 difllnens,
2998 2274 3068 2326 ita
3114 2283 3169 2327 ut
3222 2290 3319 2329 nec
3362 2276 3640 2329 sororibus
3687 2277 3795 2343 ejus

2230 2373 2374 2417 esset
2424 2364 2704 2417 tolerabile
2762 2372 2819 2417 ut
2867 2364 3121 2419 Dominus
3174 2367 3557 2434 prepinquaret
3609 2383 3795 2419 tuonu-

2231 2464 2434 2519 mento,
2486 2464 2705 2524 propter
2732 2456 2940 2508 insitam
2973 2450 3271 2509 inolestiam
3298 2456 3407 2524 jam
3437 2458 3680 2510 resoluto
3707 2474 3796 2511 ca-

2235 2546 2467 2599 davere:
2497 2561 2599 2598 una
2633 2553 2809 2599 tamen
2836 2561 2969 2599 voce
2999 2547 3315 2611 vivificatus,
3340 2546 3493 2600 fidem
3517 2548 3642 2600 facit
3671 2565 3799 2617 pm:-

2230 2636 2474 2700 dicatori,
2507 2626 2625 2706 quae
2653 2652 2801 2705 spem
2834 2637 3240 2691 resurrectionis
3271 2638 3513 2691 affirmat.
3565 2637 3682 2691 Hoc
3724 2649 3802 2693 est

2230 2724 2372 2794 quod
2418 2725 2483 2777 de
2532 2720 2795 2778 universis
2827 2726 2877 2778 in
2917 2741 3199 2779 commune
3228 2727 3534 2790 credamus,
3577 2730 3723 2797 quod
3752 2730 3803 2782 in

2231 2815 2472 2883 partibus
2502 2815 2831 2883 experientia
2860 2815 2973 2884 ipsa
3000 2814 3300 2871 didicimus.
3332 2815 3481 2869 Sicut
3508 2818 3654 2870 enim
3687 2819 3803 2871 uni-

2231 2904 2423 2956 versali
2456 2904 2850 2957 resurrectione
2878 2904 3487 2974 dicitApostolusipsum
3516 2906 3803 2960 Dominum

2232 2994 2300 3047 de
2328 2994 2464 3047 cmlo
2491 2993 2816 3048 descendere
2844 2994 2897 3047 in
2917 2994 3067 3062 jussu
3098 3002 3152 3049 et
3174 2996 3225 3048 in
3252 3011 3384 3050 voce
3407 2996 3722 3065 archangeli
3755 3007 3808 3051 et

2234 3083 2421 3137 intuba
2439 3079 2551 3147 Dei,
2570 3083 2706 3136 atad
2734 3083 3289 3153 incorruptibilitatem
3315 3094 3557 3140 mortuos
3583 3089 3807 3152 excitet,

554 3175 890 3230 ramusculus
916 3176 1290 3239 successionis,
1316 3178 1536 3233 baculus
1562 3181 1852 3234 senectutis
1880 3190 1934 3235 et
1960 3183 2133 3236 anatis
2160 3188 2201 3247 ρ
2237 3175 2306 3228 ita
2324 3183 2379 3229 el
2401 3190 2542 3228 nunc
2554 3182 2781 3228 mortem
2805 3175 2968 3229 veluti
2997 3190 3244 3229 somnum
3269 3177 3554 3245 quemdam
3578 3179 3808 3247 imperio

558 3266 968 3320 incrementum.
1015 3266 1141 3319 Erat
1168 3275 1223 3320 et
1252 3268 1420 3321 altera
1463 3268 1862 3323 lamentationis
1893 3270 2128 3324 occasio.

557 3358 658 3424 Qui
683 3358 825 3412 enim
851 3358 1103 3425 juvenem
1121 3359 1303 3412 retulit
1326 3359 1515 3414 florem
1527 3361 1682 3414 simul
1713 3361 1804 3431 qui
1830 3370 2133 3416 marcuerat

560 3450 839 3517 indicavit,
871 3450 1022 3517 cujus
1051 3451 1224 3506 adhuc
1248 3452 1424 3505 vultus
1452 3452 1701 3522 lanugine
1728 3453 2046 3515 vestiretur,
2076 3459 2132 3507 et

554 3552 810 3607 genarum
841 3538 1003 3592 decor
1032 3548 1185 3606 grato
1210 3538 1417 3607 fulgore
1452 3540 1762 3594 nitesceret.
1797 3538 1933 3606 Quid
1972 3541 2133 3607 igitur

558 3642 722 3695 super
750 3627 863 3695 ejus
893 3628 1040 3681 obitu
1070 3636 1244 3682 mater
1272 3629 1515 3698 pertulit,
1551 3637 1752 3698 quanto
1779 3630 1983 3685 viscera
2015 3630 2132 3699 ejus

553 3716 674 3784 igne
715 3727 929 3785 perusta
956 3720 1114 3771 sunt?
1144 3718 1315 3785 Quam
1347 3720 1745 3789 copiosissimas
1771 3728 1830 3776 et
1856 3721 2129 3777 amarissi-

555 3822 671 3861 mas
696 3824 859 3877 super
885 3823 1006 3862 eum
1038 3810 1301 3880 lacrymas
1331 3808 1508 3864 fudit?
1534 3808 1839 3865 Tabescens
1870 3810 2132 3879 quodam-

565 3898 726 3951 modo
756 3906 809 3951 et
838 3900 1068 3952 cadaver
1093 3898 1208 3967 ejus
1237 3901 1588 3967 amplectens,
1635 3916 1702 3955 ne
1750 3910 2132 3970 properaretur

553 3989 826 4056 sepultura
856 3990 992 4055 ejus,
1025 3998 1283 4056 tantoque
1313 4005 1440 4043 casu
1470 3991 1653 4043 satiari
1683 3991 2009 4054 desiderans,
2037 3992 2127 4046 diu

555 4076 742 4143 longas
768 4078 820 4128 in
847 4076 973 4129 fletu
1000 4092 1160 4130 voces
1185 4078 1431 4131 emittere
1457 4080 1724 4147 cupiebat,
1761 4079 1831 4133 ita
1858 4088 1914 4133 ut
1943 4096 2130 4135 omnes

555 4165 836 4218 audientes
881 4175 1123 4217 moveret
1152 4166 1216 4217 ad
1250 4165 1470 4219 luctum.
1515 4166 1624 4220 Nec
1654 4167 1760 4221 hoc
1792 4170 2129 4237 prastermisit

555 4252 698 4305 enim
729 4261 915 4306 sancta
943 4253 1155 4306 relatio.
1211 4253 1424 4318 Videas,
1458 4256 1649 4323 inquit,
1697 4273 1810 4309 eam
1852 4256 2123 4323 Dominus,

556 4329 911 4397 misericordia
950 4355 1115 4399 motus
1144 4355 1248 4409 est,
1293 4358 1342 4399 et
1385 4348 1631 4401 accedens
1661 4351 1822 4419 tetigit
1860 4350 2124 4413 loculum;

553 4440 638 4510 qui
660 4450 826 4492 autem
853 4437 1128 4509 portabant
1148 4449 1430 4505 steterunt;
1454 4450 1503 4493 et
1525 4442 1657 4494 dixit
1681 4442 1920 4511 defuncto
1945 4458 1963 4496 :
1986 4444 2126 4495 Ado-

2232 3265 2514 3319 dominicrc
2532 3266 2699 3331 vocis,
2716 3267 2759 3319 is
2784 3266 3003 3335 quierat
3032 3267 3084 3320 in
3114 3276 3462 3321 monumento
3480 3268 3806 3333 discutiens,

2233 3364 2287 3410 et
2309 3358 2704 3425 corruptionem
2727 3372 2846 3425 quae
2865 3356 2932 3410 de
2960 3366 3134 3410 morte
3160 3367 3482 3427 provenerat
3510 3374 3539 3410 a
3563 3374 3625 3412 se
3648 3359 3809 3427 longe

2231 3446 2533 3511 secludens,
2552 3448 2758 3515 integer
2777 3456 2938 3515 atque
2959 3446 3226 3515 perfectus
3247 3448 3396 3501 exilit
3431 3447 3498 3501 de
3529 3450 3803 3517 sepulcro,

2232 3551 2331 3591 nec
2363 3536 2491 3605 ipsis
2520 3537 2747 3591 vinculis
2774 3538 2968 3604 quibus
2996 3544 3111 3590 erat
3146 3538 3396 3591 astrictus
3437 3540 3505 3591 ad
3550 3541 3808 3606 gradien-

2230 3625 2356 3679 dum
2398 3626 2616 3681 omnino
2650 3626 2969 3695 prohibitus.
3019 3625 3185 3680 Parva
3217 3627 3332 3681 hrec
3361 3628 3596 3681 :estimas
3628 3631 3697 3681 ad
3729 3628 3807 3681 fa-

2234 3716 2477 3769 ciendam
2534 3714 2690 3770 fidem
2734 3716 2876 3785 quod
2914 3718 3360 3771 resurrectionem
3393 3716 3507 3771 fore
3534 3721 3809 3773 credimus

2231 3815 2564 3860 mortuorum
2589 3808 2611 3860 ?
2662 3806 2740 3859 An
2769 3808 2963 3875 quteris
2990 3816 3043 3861 et
3073 3822 3135 3861 ex
3166 3809 3282 3861 aliis
3312 3809 3451 3863 hanc
3476 3810 3570 3862 tibi
3604 3809 3807 3863 firmari

2230 3897 2413 3951 deberi
2444 3897 2804 3953 sententiam?
2832 3898 2946 3952 Non
2977 3900 3102 3952 mihi
3132 3899 3349 3954 videtur
3372 3900 3566 3954 frustra
3598 3901 3688 3955 his
3718 3904 3808 3971 qui

2231 3994 2383 4040 erant
2411 3986 2783 4057 Capharnaum
2813 3989 2975 4041 veluti
3002 4005 3067 4042 ex
3096 4004 3324 4057 persona
3369 4006 3557 4043 eorum
3602 3992 3810 4045 dixisse

2233 4077 2509 4131 Dominum
2543 4095 2555 4129 :
2593 4077 2777 4147 Utique
2804 4079 2973 4132 dicitis
3000 4080 3126 4132 mihi
3156 4080 3289 4132 hanc
3311 4078 3617 4148 parabolam
3640 4098 3658 4132 :
3694 4080 3816 4133 He-

2180 4229 2194 4241 .
2230 4168 2362 4236 dice,
2388 4186 2511 4222 cura
2540 4170 2773 4235 teipsum.
2802 4166 3097 4237 Oportebat
3125 4171 3285 4230 enim,
3314 4177 3371 4221 ut
3398 4170 3539 4238 quod
3585 4172 3642 4223 in
3675 4173 3819 4225 alio-

2229 4276 2346 4314 rum
2398 4260 2712 4330 corporibus
2757 4259 2959 4314 fecerat
3008 4261 3416 4313 resurrectionis
3457 4261 3817 4321 miraculum,

2229 4353 2570 4405 innotescens
2596 4352 2647 4403 in
2690 4366 2747 4404 se
2778 4351 2891 4419 ipso
2918 4350 3067 4418 juxta
3099 4350 3148 4403 id
3177 4352 3318 4419 quod
3367 4352 3528 4405 homo
3558 4368 3688 4407 esse
3735 4353 3823 4407 ἀί-

2228 4448 2421 4508 gnatus
2449 4448 2548 4503 est,
2580 4440 2922 4508 approbaret,
2949 4440 3129 4494 multis
3156 4456 3370 4508 sperum
3414 4443 3589 4496 modis
3614 4460 3729 4511 prae
3758 4447 3818 4496 ‘i-

553 4531 771 4595 tescens,
802 4530 894 4583 tibi
934 4530 1077 4595 dico,
1113 4531 1403 4603 Surge,‘et
1432 4534 1675 4602 protinus
1704 4549 1827 4587 eum
1855 4535 2123 4589 viventem
2159 4547 2202 4603 ῃ
2231 4530 2499 4584 cntionem
2524 4544 2675 4583 suam
2698 4531 2858 4583 etiam
2887 4530 3100 4598 pr0pria
3132 4539 3305 4583 morte
3334 4530 3687 4587 confirmans.
3718 4533 3822 4585 Vi-

554 4621 709 4672 matri
737 4622 1141 4685 instituit,nunc
1168 4638 1271 4675 non
1300 4624 1350 4676 in
1375 4639 1536 4692 parva
1564 4640 1713 4679 mora
1737 4632 1898 4693 atque
1924 4625 2131 4680 distan-

554 4710 646 4773 tia,
671 4712 913 4779 quamvis
942 4712 1174 4765 nondum
1199 4713 1414 4781 sepulti,
1442 4720 1616 4768 tamen
1638 4713 1923 4778 sepultura:
1945 4714 2129 4781 vicini,

553 4802 663 4853 vita
686 4802 910 4855 Domino
942 4804 1266 4858 resurrectio
1288 4804 1506 4868 mortui,
1537 4804 1788 4871 equidem
1817 4805 2126 4859 miraculum

554 4890 747 4957 majus,
772 4891 862 4944 sed
893 4892 1098 4958 aequale
1134 4907 1353 4959 prorsus
1382 4893 1680 4961 imperium.
1718 4891 1905 4946 Adhuc
1948 4902 2127 4947 autem

555 4978 988 5046 magnificentius
1021 4991 1337 5048 promuntur
1365 4983 1513 5049 signa
1551 4984 1843 5050 virtutum,
1873 4990 1933 5036 ut
1961 4985 2129 5051 magis

555 5082 621 5122 ac
663 5069 830 5137 magis
860 5071 1245 5138 propinquetur
1286 5072 1360 5125 illi
1394 5072 1473 5126 rei
1503 5087 1605 5142 qua
1635 5071 1844 5127 videtur
1871 5072 1937 5127 de
1982 5088 2130 5127 mor-

556 5163 766 5211 tuorum
808 5161 1205 5213 resurrectione
1250 5161 1504 5215 dubitari.
1554 5161 1857 5216 lnfirmatur
1902 5163 2020 5231 quis
2057 5162 2126 5217 de

553 5247 904 5302 familiaribus
928 5248 1128 5303 Christi
1157 5253 1371 5305 nomine
1398 5252 1649 5315 Lazarus,
1680 5269 1838 5323 quem
1869 5253 2127 5308 Dominus

553 5339 800 5405 quamvis
814 5340 1041 5394 amicum
1067 5340 1264 5395 idcirco
1288 5341 1491 5395 distulit
1514 5343 1751 5408 visitare,
1783 5352 1838 5397 et
1866 5344 1932 5396 ab
1954 5357 2124 5411 :egro—

553 5434 702 5482 tante
729 5429 915 5498 procul
941 5429 1130 5494 abfuit,
1154 5439 1232 5492 ut,
1252 5431 1471 5486 absente
1496 5433 1625 5495 vita,
1646 5448 1790 5486 mors
1817 5432 2015 5486 aditum
2038 5447 2126 5487 re-

552 5520 774 5586 periret,
802 5528 855 5573 et
876 5536 974 5590 per
1003 5520 1362 5575 infirmitatem
1385 5521 1527 5590 quod
1547 5538 1700 5575 suum
1727 5531 1841 5576 erat
1868 5521 2121 5576 efficeret.
2150 5554 2159 5563 ο

550 5604 754 5664 Iudicat
774 5608 1048 5678 discipulis
1077 5610 1205 5677 quid
1237 5610 1288 5663 in
1314 5608 1531 5665 Galilcea
1562 5613 1859 5679 contigerat
1898 5610 2124 5676 Lazaro,

550 5708 607 5753 et
629 5701 768 5763 quod
807 5702 937 5756 illuc
977 5700 1077 5756 sibi
1107 5702 1501 5771 properandum
1530 5711 1693 5770 esset,
1727 5714 1783 5758 ut
1803 5720 1923 5758 eum
1951 5702 2124 5759 susci-

556 5797 692 5845 taret
716 5792 1009 5865 a‘mortuis.
1036 5789 1116 5844 Illi
1140 5806 1269 5845 vero
1300 5800 1516 5861 propter
1533 5791 1836 5851 Iudaeorum
1864 5792 2123 5848 smvitiam

2231 4622 2352 4675 disti
2379 4621 2609 4689 puellam
2639 4635 2807 4688 nuper
2828 4621 3004 4674 vivere
3024 4621 3373 4684 desinentem,
3396 4622 3658 4690 juvenem
3683 4642 3827 4692 quo-

2229 4726 2335 4778 que
2363 4711 2808 4780 pr0pinquantem
2838 4711 3082 4781 sepulcro
3107 4753 3120 4774 ,
3169 4728 3271 4767 nec
3300 4729 3404 4765 non
3455 4723 3508 4767 et
3542 4712 3827 4768 Lazarum

2228 4814 2367 4869 pene
2395 4800 2708 4867 resolutum,
2742 4815 2943 4873 omnes
2965 4803 3243 4869 :equaliter
3266 4804 3329 4855 ad
3363 4804 3523 4855 vitam
3558 4822 3665 4857 una
3700 4807 3828 4873 jus-

2228 4891 2379 4943 sione
2410 4890 2579 4943 vocati
2623 4898 2777 4953 sunt;
2821 4891 3012 4958 quaeris
3040 4901 3094 4944 et
3118 4907 3213 4947 eos
3238 4892 3329 4959 qui
3355 4893 3419 4944 ad
3450 4906 3691 4947 mortem
3727 4914 3832 4964 per

2231 4980 2543 5045 sanguinem
2574 4987 2628 5033 et
2654 4980 2875 5033 vulnera
2906 4992 3280 5048 pervenerunt,
3329 4999 3395 5037 ne
3422 4985 3545 5051 quis
3577 4985 3829 5039 forsitan

2231 5068 2283 5123 in
2305 5070 2407 5124 hoc
2428 5068 2668 5131 defectus
2691 5070 2777 5134 sit,
2802 5072 3088 5138 quominus
3115 5074 3282 5139 gratia
3312 5085 3500 5129 cuncta
3535 5078 3709 5128 viviti.
3735 5098 3833 5131 an-

2228 5161 2295 5213 tis
2317 5167 2589 5228 appareat.
2622 5158 2793 5213 Cerne
2832 5160 2993 5215 clavis
3020 5161 3228 5216 Domini
3257 5176 3447 5216 maaus
3470 5180 3592 5218 esse
3625 5176 3827 5219 trasu-

2231 5247 2383 5314 tixas,
2421 5263 2580 5302 cerne
2609 5248 2746 5301 latus
2771 5251 2987 5317 crnpide
3017 5252 3363 5319 perforatum,
3384 5242 3705 5309 'circutnfer
3744 5263 3837 5311 ei-

2226 5341 2365 5406 gitos
2394 5348 2513 5392 tuos
2546 5353 2641 5407 per
2668 5349 2950 5407 aperturas
2976 5340 3269 5405 clavorum,
3313 5343 3466 5397 mitte
3495 5360 3739 5399 manum
3786 5352 3847 5401 in

2228 5430 2417 5481 vulnus
2440 5428 2579 5496 quod
2603 5444 2667 5481 ex
2691 5428 2874 5483 lancea
2893 5439 3104 5485 constat
3122 5430 3644 5501 effectum;conjicis
3675 5438 3847 5491 forte

2224 5528 2485 5590 quantum
2534 5518 2601 5573 ad
2653 5519 2908 5575 interiora
2956 5522 3190 5590 cuspidis
3235 5538 3458 5577 acumen
3508 5538 3849 5593 pem-[rare

2228 5611 2462 5680 potuerit
2491 5626 2556 5664 ex
2602 5608 2883 5666 latitudine
2911 5614 3178 5669 cicatricis
3207 5614 3349 5683 ejus;
3396 5616 3528 5671 libet
3560 5623 3857 5679 metiaris

2228 5702 2519 5768 ingressum
2540 5742 2554 5765 ,
2585 5702 2739 5771 plaga
2767 5704 2964 5759 etenim
2994 5705 3107 5773 ipsa
3134 5705 3364 5774 impulsu
3393 5707 3567 5763 virilis
3615 5726 3859 5773 manus

2228 5790 2434 5852 effecta,
2466 5799 2721 5861 quantum
2752 5792 2805 5847 in
2835 5793 3001 5848 altum
3030 5792 3384 5860 descenderit,
3415 5801 3675 5857 ostendit
3709 5810 3857 5863 cvi-
