  <div class='ocr_page' id='page_1' title='image "/cluster/home/n/w/nwhite01/storage/ocr_20150623/67/hvd.32044073505141/204.png"; bbox 0 0 4000 6344; ppageno 0'>
   <div class='ocr_carea' id='block_1_1' title="bbox 207 263 317 322">
    <p class='ocr_par' dir='ltr' id='par_1_1' title="bbox 207 263 317 322">
     <span class='ocr_line' id='line_1_1' title="bbox 207 263 317 322; baseline 0.018 -2"><span class='ocrx_word' id='word_1_1' title='bbox 207 263 317 322; x_wconf 74' lang='lat'><strong>593</strong></span> 
     </span>
    </p>
   </div>
   <div class='ocr_carea' id='block_1_2' title="bbox 207 467 1803 542">
    <p class='ocr_par' dir='ltr' id='par_1_2' title="bbox 207 467 1803 542">
     <span class='ocr_line' id='line_1_2' title="bbox 207 467 1803 542; baseline -0.005 -15"><span class='ocrx_word' id='word_1_2' title='bbox 207 481 518 542; x_wconf 72' lang='lat' dir='ltr'><strong>opportune</strong></span> <span class='ocrx_word' id='word_1_3' title='bbox 535 471 663 528; x_wconf 89' lang='lat' dir='ltr'><strong>illud</strong></span> <span class='ocrx_word' id='word_1_4' title='bbox 680 470 923 542; x_wconf 81' lang='lat' dir='ltr'><strong>Apostoli</strong></span> <span class='ocrx_word' id='word_1_5' title='bbox 942 468 1294 542; x_wconf 81' lang='lat' dir='ltr'><strong>proferimus:</strong></span> <span class='ocrx_word' id='word_1_6' title='bbox 1315 467 1583 533; x_wconf 81' lang='lat' dir='ltr'><strong>Quomodo</strong></span> <span class='ocrx_word' id='word_1_7' title='bbox 1595 467 1803 539; x_wconf 76' lang='lat' dir='ltr'><strong>quidam</strong></span> 
     </span>
    </p>
   </div>
   <div class='ocr_carea' id='block_1_3' title="bbox 203 560 1807 634">
    <p class='ocr_par' dir='ltr' id='par_1_3' title="bbox 203 560 1807 634">
     <span class='ocr_line' id='line_1_3' title="bbox 203 560 1807 634; baseline -0.003 -15"><span class='ocrx_word' id='word_1_8' title='bbox 203 566 390 619; x_wconf 78' lang='lat' dir='ltr'><strong>dicunt</strong></span> <span class='ocrx_word' id='word_1_9' title='bbox 420 564 477 618; x_wconf 82' lang='lat' dir='ltr'><strong>in</strong></span> <span class='ocrx_word' id='word_1_10' title='bbox 506 563 801 634; x_wconf 65' lang='lat' dir='ltr'><strong>uobisquia</strong></span> <span class='ocrx_word' id='word_1_11' title='bbox 840 564 1147 617; x_wconf 70' lang='lat' dir='ltr'><strong>resurrectio</strong></span> <span class='ocrx_word' id='word_1_12' title='bbox 1175 571 1492 620; x_wconf 82' lang='lat' dir='ltr'><strong>mortuorum</strong></span> <span class='ocrx_word' id='word_1_13' title='bbox 1535 577 1641 616; x_wconf 83' lang='lat' dir='ltr'><strong>non</strong></span> <span class='ocrx_word' id='word_1_14' title='bbox 1684 560 1807 616; x_wconf 83' lang='lat' dir='ltr'><strong>est?</strong></span> 
     </span>
    </p>
   </div>
   <div class='ocr_carea' id='block_1_4' title="bbox 209 653 1805 726">
    <p class='ocr_par' dir='ltr' id='par_1_4' title="bbox 209 653 1805 726">
     <span class='ocr_line' id='line_1_4' title="bbox 209 653 1805 726; baseline -0.002 -16"><span class='ocrx_word' id='word_1_15' title='bbox 209 656 346 723; x_wconf 86' lang='lat' dir='ltr'><strong>Quia</strong></span> <span class='ocrx_word' id='word_1_16' title='bbox 384 656 548 724; x_wconf 67' lang='lat' dir='ltr'><strong>igitur</strong></span> <span class='ocrx_word' id='word_1_17' title='bbox 571 654 942 726; x_wconf 68' lang='lat' dir='ltr'><strong>pronuntiatio</strong></span> <span class='ocrx_word' id='word_1_18' title='bbox 963 654 1144 711; x_wconf 85' lang='lat' dir='ltr'><strong>omnis</strong></span> <span class='ocrx_word' id='word_1_19' title='bbox 1164 653 1376 709; x_wconf 82' lang='lat' dir='ltr'><strong>Domini</strong></span> <span class='ocrx_word' id='word_1_20' title='bbox 1394 669 1522 710; x_wconf 86' lang='lat' dir='ltr'><strong>vera</strong></span> <span class='ocrx_word' id='word_1_21' title='bbox 1538 661 1805 708; x_wconf 83' lang='lat' dir='ltr'><strong>monstra—</strong></span> 
     </span>
    </p>
   </div>
   <div class='ocr_carea' id='block_1_5' title="bbox 207 746 1805 818">
    <p class='ocr_par' dir='ltr' id='par_1_5' title="bbox 207 746 1805 818">
     <span class='ocr_line' id='line_1_5' title="bbox 207 746 1805 818; baseline -0.001 -14"><span class='ocrx_word' id='word_1_22' title='bbox 207 757 298 804; x_wconf 86' lang='lat' dir='ltr'><strong>tur</strong></span> <span class='ocrx_word' id='word_1_23' title='bbox 325 749 440 818; x_wconf 82' lang='lat' dir='ltr'><strong>ipsa</strong></span> <span class='ocrx_word' id='word_1_24' title='bbox 466 747 851 804; x_wconf 79' lang='lat' dir='ltr'><strong>testiﬁcatione</strong></span> <span class='ocrx_word' id='word_1_25' title='bbox 879 746 1168 815; x_wconf 86' lang='lat' dir='ltr'><strong>factorum,</strong></span> <span class='ocrx_word' id='word_1_26' title='bbox 1195 746 1248 802; x_wconf 90' lang='lat' dir='ltr'><strong>id</strong></span> <span class='ocrx_word' id='word_1_27' title='bbox 1275 747 1422 802; x_wconf 86' lang='lat' dir='ltr'><strong>enim</strong></span> <span class='ocrx_word' id='word_1_28' title='bbox 1443 763 1552 802; x_wconf 92' lang='lat' dir='ltr'><strong>non</strong></span> <span class='ocrx_word' id='word_1_29' title='bbox 1598 754 1805 802; x_wconf 88' lang='lat' dir='ltr'><strong>tantum</strong></span> 
     </span>
    </p>
   </div>
   <div class='ocr_carea' id='block_1_6' title="bbox 208 836 1808 910">
    <p class='ocr_par' dir='ltr' id='par_1_6' title="bbox 208 836 1808 910">
     <span class='ocr_line' id='line_1_6' title="bbox 208 836 1808 910; baseline 0.001 -19"><span class='ocrx_word' id='word_1_30' title='bbox 208 839 378 893; x_wconf 83' lang='lat' dir='ltr'><strong>verbo</strong></span> <span class='ocrx_word' id='word_1_31' title='bbox 407 837 716 906; x_wconf 80' lang='lat' dir='ltr'><strong>didicimus,</strong></span> <span class='ocrx_word' id='word_1_32' title='bbox 745 837 843 896; x_wconf 86' lang='lat' dir='ltr'><strong>sed</strong></span> <span class='ocrx_word' id='word_1_33' title='bbox 871 853 1040 908; x_wconf 81' lang='lat' dir='ltr'><strong>opere</strong></span> <span class='ocrx_word' id='word_1_34' title='bbox 1068 838 1186 910; x_wconf 88' lang='lat' dir='ltr'><strong>ipso</strong></span> <span class='ocrx_word' id='word_1_35' title='bbox 1211 836 1555 894; x_wconf 83' lang='lat' dir='ltr'><strong>manifestam</strong></span> <span class='ocrx_word' id='word_1_36' title='bbox 1578 837 1808 908; x_wconf 79' lang='lat' dir='ltr'><strong>promis-</strong></span> 
     </span>
    </p>
   </div>
   <div class='ocr_carea' id='block_1_7' title="bbox 207 929 1805 1001">
    <p class='ocr_par' dir='ltr' id='par_1_7' title="bbox 207 929 1805 1001">
     <span class='ocr_line' id='line_1_7' title="bbox 207 929 1805 1001; baseline 0.001 -18"><span class='ocrx_word' id='word_1_37' title='bbox 207 931 384 986; x_wconf 86' lang='lat' dir='ltr'><strong>sionis</strong></span> <span class='ocrx_word' id='word_1_38' title='bbox 413 932 533 998; x_wconf 85' lang='lat' dir='ltr'><strong>ejus</strong></span> <span class='ocrx_word' id='word_1_39' title='bbox 558 945 710 1000; x_wconf 94' lang='lat' dir='ltr'><strong>spem</strong></span> <span class='ocrx_word' id='word_1_40' title='bbox 742 946 840 1000; x_wconf 86' lang='lat' dir='ltr'><strong>per</strong></span> <span class='ocrx_word' id='word_1_41' title='bbox 860 946 958 988; x_wconf 86' lang='lat' dir='ltr'><strong>eos</strong></span> <span class='ocrx_word' id='word_1_42' title='bbox 983 930 1077 1001; x_wconf 84' lang='lat' dir='ltr'><strong>qui</strong></span> <span class='ocrx_word' id='word_1_43' title='bbox 1097 930 1214 1000; x_wconf 85' lang='lat' dir='ltr'><strong>jam</strong></span> <span class='ocrx_word' id='word_1_44' title='bbox 1235 929 1304 984; x_wconf 85' lang='lat' dir='ltr'><strong>ad</strong></span> <span class='ocrx_word' id='word_1_45' title='bbox 1332 929 1499 985; x_wconf 88' lang='lat' dir='ltr'><strong>vitam</strong></span> <span class='ocrx_word' id='word_1_46' title='bbox 1525 929 1805 984; x_wconf 27' lang='lat' dir='ltr'><strong>derresur—</strong></span> 
     </span>
    </p>
   </div>
   <div class='ocr_carea' id='block_1_8' title="bbox 206 1019 1806 1092">
    <p class='ocr_par' dir='ltr' id='par_1_8' title="bbox 206 1019 1806 1092">
     <span class='ocr_line' id='line_1_8' title="bbox 206 1019 1806 1092; baseline -0.004 -14"><span class='ocrx_word' id='word_1_47' title='bbox 206 1023 462 1080; x_wconf 67' lang='lat' dir='ltr'><strong>lectione</strong></span> <span class='ocrx_word' id='word_1_48' title='bbox 478 1029 746 1085; x_wconf 86' lang='lat' dir='ltr'><strong>venerunt</strong></span> <span class='ocrx_word' id='word_1_49' title='bbox 779 1036 881 1076; x_wconf 90' lang='lat' dir='ltr'><strong>nos</strong></span> <span class='ocrx_word' id='word_1_50' title='bbox 903 1021 1182 1092; x_wconf 87' lang='lat' dir='ltr'><strong>accepisse</strong></span> <span class='ocrx_word' id='word_1_51' title='bbox 1203 1020 1526 1090; x_wconf 78' lang='lat' dir='ltr'><strong>gloriamur,</strong></span> <span class='ocrx_word' id='word_1_52' title='bbox 1550 1033 1671 1088; x_wconf 70' lang='lat' dir='ltr'><strong>qua:</strong></span> <span class='ocrx_word' id='word_1_53' title='bbox 1692 1019 1806 1087; x_wconf 88' lang='lat' dir='ltr'><strong>jam</strong></span> 
     </span>
    </p>
   </div>
   <div class='ocr_carea' id='block_1_9' title="bbox 203 1111 1806 1176">
    <p class='ocr_par' dir='ltr' id='par_1_9' title="bbox 203 1111 1806 1176">
     <span class='ocr_line' id='line_1_9' title="bbox 203 1111 1806 1176; baseline -0.001 -10"><span class='ocrx_word' id='word_1_54' title='bbox 203 1111 506 1168; x_wconf 73' lang='lat' dir='ltr'><strong>incredulis</strong></span> <span class='ocrx_word' id='word_1_55' title='bbox 527 1113 634 1167; x_wconf 88' lang='lat' dir='ltr'><strong>ulla</strong></span> <span class='ocrx_word' id='word_1_56' title='bbox 659 1114 963 1176; x_wconf 80' lang='lat' dir='ltr'><strong>remanebit</strong></span> <span class='ocrx_word' id='word_1_57' title='bbox 991 1112 1244 1169; x_wconf 80' lang='lat' dir='ltr'><strong>occasio?</strong></span> <span class='ocrx_word' id='word_1_58' title='bbox 1278 1111 1472 1168; x_wconf 80' lang='lat' dir='ltr'><strong>Nonne</strong></span> <span class='ocrx_word' id='word_1_59' title='bbox 1493 1111 1806 1166; x_wconf 86' lang='lat' dir='ltr'><strong>renuntian-</strong></span> 
     </span>
    </p>
   </div>
   <div class='ocr_carea' id='block_1_10' title="bbox 203 1199 1806 1274">
    <p class='ocr_par' dir='ltr' id='par_1_10' title="bbox 203 1199 1806 1274">
     <span class='ocr_line' id='line_1_10' title="bbox 203 1199 1806 1274; baseline -0.004 -12"><span class='ocrx_word' id='word_1_60' title='bbox 203 1215 294 1271; x_wconf 77' lang='lat' dir='ltr'><strong>tes</strong></span> <span class='ocrx_word' id='word_1_61' title='bbox 319 1204 404 1258; x_wconf 89' lang='lat' dir='ltr'><strong>bis</strong></span> <span class='ocrx_word' id='word_1_62' title='bbox 437 1205 531 1274; x_wconf 90' lang='lat' dir='ltr'><strong>qui</strong></span> <span class='ocrx_word' id='word_1_63' title='bbox 577 1219 675 1274; x_wconf 89' lang='lat' dir='ltr'><strong>per</strong></span> <span class='ocrx_word' id='word_1_64' title='bbox 715 1204 1114 1274; x_wconf 80' lang='lat' dir='ltr'><strong>philosophiam</strong></span> <span class='ocrx_word' id='word_1_65' title='bbox 1163 1212 1220 1258; x_wconf 87' lang='lat' dir='ltr'><strong>et</strong></span> <span class='ocrx_word' id='word_1_66' title='bbox 1268 1203 1486 1262; x_wconf 82' lang='lat' dir='ltr'><strong>inanem</strong></span> <span class='ocrx_word' id='word_1_67' title='bbox 1536 1199 1806 1257; x_wconf 79' lang='lat' dir='ltr'><strong>fallaciam</strong></span> 
     </span>
    </p>
   </div>
   <div class='ocr_carea' id='block_1_11' title="bbox 201 1291 1804 1366">
    <p class='ocr_par' dir='ltr' id='par_1_11' title="bbox 201 1291 1804 1366">
     <span class='ocr_line' id='line_1_11' title="bbox 201 1291 1804 1366; baseline -0.003 -18"><span class='ocrx_word' id='word_1_68' title='bbox 201 1295 491 1366; x_wconf 82' lang='lat' dir='ltr'><strong>despicere</strong></span> <span class='ocrx_word' id='word_1_69' title='bbox 511 1295 918 1365; x_wconf 79' lang='lat' dir='ltr'><strong>simplicitatem</strong></span> <span class='ocrx_word' id='word_1_70' title='bbox 947 1294 1071 1348; x_wconf 83' lang='lat' dir='ltr'><strong>ﬁdei</strong></span> <span class='ocrx_word' id='word_1_71' title='bbox 1107 1293 1429 1360; x_wconf 88' lang='lat' dir='ltr'><strong>moliuntur,</strong></span> <span class='ocrx_word' id='word_1_72' title='bbox 1464 1291 1804 1363; x_wconf 88' lang='lat' dir='ltr'><strong>purissimam</strong></span> 
     </span>
    </p>
   </div>
   <div class='ocr_carea' id='block_1_12' title="bbox 189 1380 1804 1455">
    <p class='ocr_par' dir='ltr' id='par_1_12' title="bbox 189 1380 1804 1455">
     <span class='ocr_line' id='line_1_12' title="bbox 189 1380 1804 1455; baseline -0.004 -13"><span class='ocrx_word' id='word_1_73' title='bbox 189 1386 610 1442; x_wconf 70' lang='lat' dir='ltr'><strong>confessionem</strong></span> <span class='ocrx_word' id='word_1_74' title='bbox 640 1385 758 1455; x_wconf 84' lang='lat' dir='ltr'><strong>spei</strong></span> <span class='ocrx_word' id='word_1_75' title='bbox 786 1394 988 1442; x_wconf 75' lang='lat' dir='ltr'><strong>nostrte</strong></span> <span class='ocrx_word' id='word_1_76' title='bbox 1018 1384 1370 1440; x_wconf 82' lang='lat' dir='ltr'><strong>retinebimus</strong></span> <span class='ocrx_word' id='word_1_77' title='bbox 1394 1383 1445 1436; x_wconf 91' lang='lat' dir='ltr'><strong>in</strong></span> <span class='ocrx_word' id='word_1_78' title='bbox 1473 1397 1642 1454; x_wconf 77' lang='lat' dir='ltr'><strong>parvo</strong></span> <span class='ocrx_word' id='word_1_79' title='bbox 1660 1422 1673 1446; x_wconf 85' lang='lat'><strong>,</strong></span> <span class='ocrx_word' id='word_1_80' title='bbox 1719 1380 1804 1436; x_wconf 88' lang='lat' dir='ltr'><strong>di-</strong></span> 
     </span>
    </p>
   </div>
   <div class='ocr_carea' id='block_1_13' title="bbox 200 1461 1806 1548">
    <p class='ocr_par' dir='ltr' id='par_1_13' title="bbox 200 1461 1806 1548">
     <span class='ocr_line' id='line_1_13' title="bbox 200 1461 1806 1548; baseline -0.007 -12"><span class='ocrx_word' id='word_1_81' title='bbox 200 1490 398 1536; x_wconf 77' lang='lat' dir='ltr'><strong>centes</strong></span> <span class='ocrx_word' id='word_1_82' title='bbox 421 1476 494 1532; x_wconf 90' lang='lat' dir='ltr'><strong>ad</strong></span> <span class='ocrx_word' id='word_1_83' title='bbox 523 1477 806 1548; x_wconf 74' lang='lat' dir='ltr'><strong>propheta:</strong></span> <span class='ocrx_word' id='word_1_84' title='bbox 835 1461 1056 1532; x_wconf 86' lang='lat' dir='ltr'><strong>modum</strong></span> <span class='ocrx_word' id='word_1_85' title='bbox 1085 1476 1273 1546; x_wconf 68' lang='lat' dir='ltr'><strong>gratia:</strong></span> <span class='ocrx_word' id='word_1_86' title='bbox 1305 1475 1490 1545; x_wconf 82' lang='lat' dir='ltr'><strong>ipsius,</strong></span> <span class='ocrx_word' id='word_1_87' title='bbox 1521 1488 1644 1529; x_wconf 88' lang='lat' dir='ltr'><strong>cum</strong></span> <span class='ocrx_word' id='word_1_88' title='bbox 1674 1471 1806 1526; x_wconf 84' lang='lat' dir='ltr'><strong>dicit</strong></span> 
     </span>
    </p>
   </div>
   <div class='ocr_carea' id='block_1_14' title="bbox 203 1564 1800 1642">
    <p class='ocr_par' dir='ltr' id='par_1_14' title="bbox 203 1564 1800 1642">
     <span class='ocr_line' id='line_1_14' title="bbox 203 1564 1800 1642; baseline -0.009 -12"><span class='ocrx_word' id='word_1_89' title='bbox 203 1572 278 1630; x_wconf 79' lang='lat' dir='ltr'><strong>ad</strong></span> <span class='ocrx_word' id='word_1_90' title='bbox 309 1571 601 1628; x_wconf 82' lang='lat' dir='ltr'><strong>Dominum</strong></span> <span class='ocrx_word' id='word_1_91' title='bbox 634 1589 648 1624; x_wconf 91' lang='lat'>:</span> <span class='ocrx_word' id='word_1_92' title='bbox 680 1571 900 1642; x_wconf 75' lang='lat' dir='ltr'><strong>Auferes</strong></span> <span class='ocrx_word' id='word_1_93' title='bbox 929 1570 1170 1641; x_wconf 75' lang='lat' dir='ltr'><strong>spiritum</strong></span> <span class='ocrx_word' id='word_1_94' title='bbox 1194 1570 1422 1639; x_wconf 78' lang='lat' dir='ltr'><strong>ipsorum</strong></span> <span class='ocrx_word' id='word_1_95' title='bbox 1461 1577 1512 1622; x_wconf 85' lang='lat' dir='ltr'><strong>et</strong></span> <span class='ocrx_word' id='word_1_96' title='bbox 1540 1564 1800 1636; x_wconf 74' lang='lat' dir='ltr'><strong>deﬁcient,</strong></span> 
     </span>
    </p>
   </div>
   <div class='ocr_carea' id='block_1_15' title="bbox 197 1658 1801 1729">
    <p class='ocr_par' dir='ltr' id='par_1_15' title="bbox 197 1658 1801 1729">
     <span class='ocr_line' id='line_1_15' title="bbox 197 1658 1801 1729; baseline -0.006 -11"><span class='ocrx_word' id='word_1_97' title='bbox 197 1673 257 1718; x_wconf 78' lang='lat' dir='ltr'><strong>et</strong></span> <span class='ocrx_word' id='word_1_98' title='bbox 283 1664 340 1718; x_wconf 76' lang='lat' dir='ltr'><strong>in</strong></span> <span class='ocrx_word' id='word_1_99' title='bbox 359 1663 622 1726; x_wconf 66' lang='lat' dir='ltr'><strong>pulverem</strong></span> <span class='ocrx_word' id='word_1_100' title='bbox 641 1678 792 1718; x_wconf 77' lang='lat' dir='ltr'><strong>suum</strong></span> <span class='ocrx_word' id='word_1_101' title='bbox 815 1670 1160 1724; x_wconf 67' lang='lat' dir='ltr'><strong>revertentur;</strong></span> <span class='ocrx_word' id='word_1_102' title='bbox 1188 1661 1362 1722; x_wconf 80' lang='lat' dir='ltr'><strong>emitte</strong></span> <span class='ocrx_word' id='word_1_103' title='bbox 1384 1658 1638 1729; x_wconf 74' lang='lat' dir='ltr'><strong>Spiritum</strong></span> <span class='ocrx_word' id='word_1_104' title='bbox 1659 1666 1801 1712; x_wconf 83' lang='lat' dir='ltr'><strong>tuum</strong></span> 
     </span>
    </p>
   </div>
   <div class='ocr_carea' id='block_1_16' title="bbox 187 1749 1877 1822">
    <p class='ocr_par' dir='ltr' id='par_1_16' title="bbox 187 1749 1877 1822">
     <span class='ocr_line' id='line_1_16' title="bbox 187 1749 1877 1822; baseline -0.006 -13"><span class='ocrx_word' id='word_1_105' title='bbox 187 1763 254 1809; x_wconf 75' lang='grc' dir='ltr'><strong>,ει</strong></span> <span class='ocrx_word' id='word_1_106' title='bbox 285 1753 631 1819; x_wconf 69' lang='lat' dir='ltr'><strong>creabantur,</strong></span> <span class='ocrx_word' id='word_1_107' title='bbox 674 1763 724 1809; x_wconf 85' lang='lat' dir='ltr'><strong>et</strong></span> <span class='ocrx_word' id='word_1_108' title='bbox 753 1751 1022 1808; x_wconf 71' lang='lat' dir='ltr'><strong>remeabis</strong></span> <span class='ocrx_word' id='word_1_109' title='bbox 1052 1753 1238 1822; x_wconf 67' lang='lat' dir='ltr'><strong>[acrem</strong></span> <span class='ocrx_word' id='word_1_110' title='bbox 1271 1760 1453 1815; x_wconf 67' lang='lat' dir='ltr'><strong>terris,</strong></span> <span class='ocrx_word' id='word_1_111' title='bbox 1500 1749 1718 1818; x_wconf 79' lang='lat' dir='ltr'><strong>quando</strong></span> <span class='ocrx_word' id='word_1_112' title='bbox 1743 1754 1798 1800; x_wconf 87' lang='lat' dir='ltr'><strong>et</strong></span> <span class='ocrx_word' id='word_1_113' title='bbox 1832 1760 1877 1820; x_wconf 76' lang='grc' dir='ltr'><strong>Β</strong></span> 
     </span>
    </p>
   </div>
   <div class='ocr_carea' id='block_1_17' title="bbox 184 1841 1794 1914">
    <p class='ocr_par' dir='ltr' id='par_1_17' title="bbox 184 1841 1794 1914">
     <span class='ocr_line' id='line_1_17' title="bbox 184 1841 1794 1914; baseline -0.006 -14"><span class='ocrx_word' id='word_1_114' title='bbox 184 1845 376 1900; x_wconf 60' lang='lat' dir='ltr'><strong>iactari</strong></span> <span class='ocrx_word' id='word_1_115' title='bbox 403 1846 686 1903; x_wconf 79' lang='lat' dir='ltr'><strong>Doluinum</strong></span> <span class='ocrx_word' id='word_1_116' title='bbox 715 1845 768 1899; x_wconf 90' lang='lat' dir='ltr'><strong>in</strong></span> <span class='ocrx_word' id='word_1_117' title='bbox 797 1845 1054 1914; x_wconf 79' lang='lat' dir='ltr'><strong>operibus</strong></span> <span class='ocrx_word' id='word_1_118' title='bbox 1081 1844 1194 1898; x_wconf 83' lang='lat' dir='ltr'><strong>suis</strong></span> <span class='ocrx_word' id='word_1_119' title='bbox 1221 1842 1475 1907; x_wconf 75' lang='lat' dir='ltr'><strong>affirmat,</strong></span> <span class='ocrx_word' id='word_1_120' title='bbox 1496 1856 1626 1896; x_wconf 79' lang='lat' dir='ltr'><strong>cum</strong></span> <span class='ocrx_word' id='word_1_121' title='bbox 1657 1841 1794 1896; x_wconf 83' lang='lat' dir='ltr'><strong>dcti-</strong></span> 
     </span>
    </p>
   </div>
   <div class='ocr_carea' id='block_1_18' title="bbox 183 1931 1794 2004">
    <p class='ocr_par' dir='ltr' id='par_1_18' title="bbox 183 1931 1794 2004">
     <span class='ocr_line' id='line_1_18' title="bbox 183 1931 1794 2004; baseline -0.004 -15"><span class='ocrx_word' id='word_1_122' title='bbox 183 1935 354 1990; x_wconf 68' lang='lat' dir='ltr'><strong>eient</strong></span> <span class='ocrx_word' id='word_1_123' title='bbox 377 1941 696 2004; x_wconf 86' lang='lat' dir='ltr'><strong>peccatores</strong></span> <span class='ocrx_word' id='word_1_124' title='bbox 719 1949 756 1989; x_wconf 85' lang='lat' dir='ltr'><strong>a</strong></span> <span class='ocrx_word' id='word_1_125' title='bbox 782 1943 946 1990; x_wconf 83' lang='lat' dir='ltr'><strong>terra.</strong></span> <span class='ocrx_word' id='word_1_126' title='bbox 993 1931 1278 1999; x_wconf 83' lang='lat' dir='ltr'><strong>Quomodo</strong></span> <span class='ocrx_word' id='word_1_127' title='bbox 1311 1931 1456 1986; x_wconf 90' lang='lat' dir='ltr'><strong>enim</strong></span> <span class='ocrx_word' id='word_1_128' title='bbox 1496 1932 1618 1999; x_wconf 86' lang='lat' dir='ltr'><strong>quis</strong></span> <span class='ocrx_word' id='word_1_129' title='bbox 1667 1945 1794 1998; x_wconf 81' lang='lat' dir='ltr'><strong>pce-</strong></span> 
     </span>
    </p>
   </div>
   <div class='ocr_carea' id='block_1_19' title="bbox 183 2022 1796 2094">
    <p class='ocr_par' dir='ltr' id='par_1_19' title="bbox 183 2022 1796 2094">
     <span class='ocr_line' id='line_1_19' title="bbox 183 2022 1796 2094; baseline -0.004 -14"><span class='ocrx_word' id='word_1_130' title='bbox 183 2033 358 2080; x_wconf 71' lang='lat' dir='ltr'><strong>mlor</strong></span> <span class='ocrx_word' id='word_1_131' title='bbox 406 2026 543 2082; x_wconf 86' lang='lat' dir='ltr'><strong>ultra</strong></span> <span class='ocrx_word' id='word_1_132' title='bbox 573 2025 899 2090; x_wconf 87' lang='lat' dir='ltr'><strong>vocabitur,</strong></span> <span class='ocrx_word' id='word_1_133' title='bbox 949 2039 1072 2079; x_wconf 88' lang='lat' dir='ltr'><strong>cum</strong></span> <span class='ocrx_word' id='word_1_134' title='bbox 1096 2022 1210 2092; x_wconf 86' lang='lat' dir='ltr'><strong>jam</strong></span> <span class='ocrx_word' id='word_1_135' title='bbox 1259 2030 1480 2094; x_wconf 83' lang='lat' dir='ltr'><strong>peccata</strong></span> <span class='ocrx_word' id='word_1_136' title='bbox 1521 2035 1642 2078; x_wconf 85' lang='lat' dir='ltr'><strong>esse</strong></span> <span class='ocrx_word' id='word_1_137' title='bbox 1687 2036 1796 2074; x_wconf 87' lang='lat' dir='ltr'><strong>non</strong></span> 
     </span>
    </p>
   </div>
   <div class='ocr_carea' id='block_1_20' title="bbox 195 2116 1186 2186">
    <p class='ocr_par' dir='ltr' id='par_1_20' title="bbox 195 2116 1186 2186">
     <span class='ocr_line' id='line_1_20' title="bbox 195 2116 1186 2186; baseline 0.005 -17"><span class='ocrx_word' id='word_1_138' title='bbox 195 2116 418 2186; x_wconf 76' lang='lat' dir='ltr'><strong>possint</strong></span> <span class='ocrx_word' id='word_1_139' title='bbox 439 2117 462 2171; x_wconf 82' lang='lat'><strong>?</strong></span> <span class='ocrx_word' id='word_1_140' title='bbox 1181 2169 1186 2174; x_wconf 90' lang='lat'><strong>.</strong></span> 
     </span>
    </p>
   </div>
   <div class='ocr_carea' id='block_1_21' title="bbox 763 2228 1241 2287">
    <p class='ocr_par' dir='ltr' id='par_1_21' title="bbox 763 2228 1241 2287">
     <span class='ocr_line' id='line_1_21' title="bbox 763 2228 1241 2287; baseline 0.004 -2"><span class='ocrx_word' id='word_1_141' title='bbox 763 2228 993 2286; x_wconf 83' lang='lat' dir='ltr'><strong>CAPUT</strong></span> <span class='ocrx_word' id='word_1_142' title='bbox 1032 2229 1241 2287; x_wconf 71' lang='lat' dir='ltr'><strong>XXVII.</strong></span> 
     </span>
    </p>
   </div>
   <div class='ocr_carea' id='block_1_22' title="bbox 199 2378 1796 2454">
    <p class='ocr_par' dir='ltr' id='par_1_22' title="bbox 199 2378 1796 2454">
     <span class='ocr_line' id='line_1_22' title="bbox 199 2378 1796 2454; baseline 0.003 -18"><span class='ocrx_word' id='word_1_143' title='bbox 199 2378 362 2449; x_wconf 73' lang='lat' dir='ltr'><strong>Quod</strong></span> <span class='ocrx_word' id='word_1_144' title='bbox 389 2397 496 2438; x_wconf 79' lang='lat' dir='ltr'><strong>non</strong></span> <span class='ocrx_word' id='word_1_145' title='bbox 536 2383 604 2444; x_wconf 81' lang='lat' dir='ltr'><strong>sit</strong></span> <span class='ocrx_word' id='word_1_146' title='bbox 632 2393 817 2438; x_wconf 80' lang='lat' dir='ltr'><strong>contra</strong></span> <span class='ocrx_word' id='word_1_147' title='bbox 847 2382 902 2438; x_wconf 84' lang='lat' dir='ltr'><strong>id</strong></span> <span class='ocrx_word' id='word_1_148' title='bbox 930 2384 1067 2454; x_wconf 77' lang='lat' dir='ltr'><strong>quod</strong></span> <span class='ocrx_word' id='word_1_149' title='bbox 1107 2383 1289 2440; x_wconf 80' lang='lat' dir='ltr'><strong>deccat</strong></span> <span class='ocrx_word' id='word_1_150' title='bbox 1314 2385 1623 2441; x_wconf 65' lang='lat' dir='ltr'><strong>resurrectio</strong></span> <span class='ocrx_word' id='word_1_151' title='bbox 1655 2401 1796 2444; x_wconf 77' lang='lat' dir='ltr'><strong>utor-</strong></span> 
     </span>
    </p>
   </div>
   <div class='ocr_carea' id='block_1_23' title="bbox 890 2463 1117 2510">
    <p class='ocr_par' dir='ltr' id='par_1_23' title="bbox 890 2463 1117 2510">
     <span class='ocr_line' id='line_1_23' title="bbox 890 2463 1117 2510; baseline 0.013 -3"><span class='ocrx_word' id='word_1_152' title='bbox 890 2463 1117 2510; x_wconf 86' lang='lat' dir='ltr'><strong>tuorum.</strong></span> 
     </span>
    </p>
   </div>
   <div class='ocr_carea' id='block_1_24' title="bbox 273 2609 1796 2684">
    <p class='ocr_par' dir='ltr' id='par_1_24' title="bbox 273 2609 1796 2684">
     <span class='ocr_line' id='line_1_24' title="bbox 273 2609 1796 2684; baseline 0.001 -16"><span class='ocrx_word' id='word_1_153' title='bbox 273 2610 404 2668; x_wconf 76' lang='lat' dir='ltr'><strong>Sed</strong></span> <span class='ocrx_word' id='word_1_154' title='bbox 429 2620 556 2667; x_wconf 92' lang='lat' dir='ltr'><strong>sunt</strong></span> <span class='ocrx_word' id='word_1_155' title='bbox 605 2610 824 2682; x_wconf 86' lang='lat' dir='ltr'><strong>quidam</strong></span> <span class='ocrx_word' id='word_1_156' title='bbox 867 2609 960 2682; x_wconf 86' lang='lat' dir='ltr'><strong>qui</strong></span> <span class='ocrx_word' id='word_1_157' title='bbox 1003 2611 1365 2667; x_wconf 87' lang='lat' dir='ltr'><strong>humanarum</strong></span> <span class='ocrx_word' id='word_1_158' title='bbox 1405 2612 1796 2684; x_wconf 70' lang='lat' dir='ltr'><strong>Cogitationum</strong></span> 
     </span>
    </p>
   </div>
   <div class='ocr_carea' id='block_1_25' title="bbox 191 2701 1794 2778">
    <p class='ocr_par' dir='ltr' id='par_1_25' title="bbox 191 2701 1794 2778">
     <span class='ocr_line' id='line_1_25' title="bbox 191 2701 1794 2778; baseline 0 -18"><span class='ocrx_word' id='word_1_159' title='bbox 191 2703 448 2768; x_wconf 79' lang='lat' dir='ltr'><strong>defectu,</strong></span> <span class='ocrx_word' id='word_1_160' title='bbox 492 2701 560 2756; x_wconf 88' lang='lat' dir='ltr'><strong>ad</strong></span> <span class='ocrx_word' id='word_1_161' title='bbox 607 2717 914 2758; x_wconf 89' lang='lat' dir='ltr'><strong>mensuram</strong></span> <span class='ocrx_word' id='word_1_162' title='bbox 947 2713 1187 2758; x_wconf 69' lang='lat' dir='ltr'><strong>uestram</strong></span> <span class='ocrx_word' id='word_1_163' title='bbox 1215 2703 1454 2759; x_wconf 81' lang='lat' dir='ltr'><strong>divinam</strong></span> <span class='ocrx_word' id='word_1_164' title='bbox 1496 2705 1794 2778; x_wconf 84' lang='lat' dir='ltr'><strong>potentiam</strong></span> 
     </span>
    </p>
   </div>
   <div class='ocr_carea' id='block_1_26' title="bbox 191 2792 1797 2865">
    <p class='ocr_par' dir='ltr' id='par_1_26' title="bbox 191 2792 1797 2865">
     <span class='ocr_line' id='line_1_26' title="bbox 191 2792 1797 2865; baseline 0.002 -17"><span class='ocrx_word' id='word_1_165' title='bbox 191 2793 526 2865; x_wconf 79' lang='lat' dir='ltr'><strong>judicantes,</strong></span> <span class='ocrx_word' id='word_1_166' title='bbox 557 2792 701 2862; x_wconf 89' lang='lat' dir='ltr'><strong>quod</strong></span> <span class='ocrx_word' id='word_1_167' title='bbox 731 2792 832 2862; x_wconf 85' lang='lat' dir='ltr'><strong>ipsi</strong></span> <span class='ocrx_word' id='word_1_168' title='bbox 862 2807 1058 2863; x_wconf 86' lang='lat' dir='ltr'><strong>capere</strong></span> <span class='ocrx_word' id='word_1_169' title='bbox 1085 2803 1379 2865; x_wconf 84' lang='lat' dir='ltr'><strong>nequeunt,</strong></span> <span class='ocrx_word' id='word_1_170' title='bbox 1408 2809 1512 2850; x_wconf 87' lang='lat' dir='ltr'><strong>nec</strong></span> <span class='ocrx_word' id='word_1_171' title='bbox 1531 2793 1646 2851; x_wconf 90' lang='lat' dir='ltr'><strong>Deo</strong></span> <span class='ocrx_word' id='word_1_172' title='bbox 1675 2809 1797 2851; x_wconf 85' lang='lat' dir='ltr'><strong>esse</strong></span> 
     </span>
    </p>
   </div>
   <div class='ocr_carea' id='block_1_27' title="bbox 191 2881 1796 2958">
    <p class='ocr_par' dir='ltr' id='par_1_27' title="bbox 191 2881 1796 2958">
     <span class='ocr_line' id='line_1_27' title="bbox 191 2881 1796 2958; baseline 0.001 -19"><span class='ocrx_word' id='word_1_173' title='bbox 191 2881 464 2955; x_wconf 83' lang='lat' dir='ltr'><strong>possibile</strong></span> <span class='ocrx_word' id='word_1_174' title='bbox 490 2884 831 2939; x_wconf 82' lang='lat' dir='ltr'><strong>confirmant.</strong></span> <span class='ocrx_word' id='word_1_175' title='bbox 873 2883 1174 2940; x_wconf 82' lang='lat' dir='ltr'><strong>Ostendunt</strong></span> <span class='ocrx_word' id='word_1_176' title='bbox 1201 2886 1344 2940; x_wconf 87' lang='lat' dir='ltr'><strong>cuitu</strong></span> <span class='ocrx_word' id='word_1_177' title='bbox 1367 2885 1524 2941; x_wconf 90' lang='lat' dir='ltr'><strong>nobis</strong></span> <span class='ocrx_word' id='word_1_178' title='bbox 1551 2887 1796 2958; x_wconf 90' lang='lat' dir='ltr'><strong>antiquo-</strong></span> 
     </span>
    </p>
   </div>
   <div class='ocr_carea' id='block_1_28' title="bbox 193 2975 1794 3048">
    <p class='ocr_par' dir='ltr' id='par_1_28' title="bbox 193 2975 1794 3048">
     <span class='ocr_line' id='line_1_28' title="bbox 193 2975 1794 3048; baseline 0 -14"><span class='ocrx_word' id='word_1_179' title='bbox 193 2993 322 3033; x_wconf 85' lang='lat' dir='ltr'><strong>rum</strong></span> <span class='ocrx_word' id='word_1_180' title='bbox 347 2977 608 3046; x_wconf 85' lang='lat' dir='ltr'><strong>reliquias</strong></span> <span class='ocrx_word' id='word_1_181' title='bbox 629 2983 964 3031; x_wconf 86' lang='lat' dir='ltr'><strong>mortuorum</strong></span> <span class='ocrx_word' id='word_1_182' title='bbox 988 2989 1214 3047; x_wconf 87' lang='lat' dir='ltr'><strong>prorsus</strong></span> <span class='ocrx_word' id='word_1_183' title='bbox 1235 2975 1564 3048; x_wconf 86' lang='lat' dir='ltr'><strong>absumptas,</strong></span> <span class='ocrx_word' id='word_1_184' title='bbox 1584 2986 1641 3033; x_wconf 92' lang='lat' dir='ltr'><strong>et</strong></span> <span class='ocrx_word' id='word_1_185' title='bbox 1659 2993 1794 3048; x_wconf 88' lang='lat' dir='ltr'><strong>quas</strong></span> 
     </span>
    </p>
   </div>
   <div class='ocr_carea' id='block_1_29' title="bbox 191 3068 1792 3142">
    <p class='ocr_par' dir='ltr' id='par_1_29' title="bbox 191 3068 1792 3142">
     <span class='ocr_line' id='line_1_29' title="bbox 191 3068 1792 3142; baseline 0.003 -21"><span class='ocrx_word' id='word_1_186' title='bbox 191 3068 344 3137; x_wconf 81' lang='lat' dir='ltr'><strong>ignis</strong></span> <span class='ocrx_word' id='word_1_187' title='bbox 372 3068 582 3136; x_wconf 81' lang='lat' dir='ltr'><strong>redegit</strong></span> <span class='ocrx_word' id='word_1_188' title='bbox 624 3069 677 3123; x_wconf 90' lang='lat' dir='ltr'><strong>in</strong></span> <span class='ocrx_word' id='word_1_189' title='bbox 705 3069 949 3134; x_wconf 86' lang='lat' dir='ltr'><strong>cineres,</strong></span> <span class='ocrx_word' id='word_1_190' title='bbox 997 3076 1051 3123; x_wconf 88' lang='lat' dir='ltr'><strong>et</strong></span> <span class='ocrx_word' id='word_1_191' title='bbox 1079 3084 1243 3139; x_wconf 88' lang='lat' dir='ltr'><strong>super</strong></span> <span class='ocrx_word' id='word_1_192' title='bbox 1271 3070 1385 3125; x_wconf 65' lang='lat' dir='ltr'><strong>hac</strong></span> <span class='ocrx_word' id='word_1_193' title='bbox 1427 3069 1627 3125; x_wconf 84' lang='lat' dir='ltr'><strong>bestias</strong></span> <span class='ocrx_word' id='word_1_194' title='bbox 1673 3085 1792 3142; x_wconf 64' lang='lat' dir='ltr'><strong>qua:</strong></span> 
     </span>
    </p>
   </div>
   <div class='ocr_carea' id='block_1_30' title="bbox 190 3159 1791 3228">
    <p class='ocr_par' dir='ltr' id='par_1_30' title="bbox 190 3159 1791 3228">
     <span class='ocr_line' id='line_1_30' title="bbox 190 3159 1791 3228; baseline 0.001 -14"><span class='ocrx_word' id='word_1_195' title='bbox 190 3168 498 3215; x_wconf 72' lang='lat' dir='ltr'><strong>vescuntur</strong></span> <span class='ocrx_word' id='word_1_196' title='bbox 548 3159 825 3228; x_wconf 87' lang='lat' dir='ltr'><strong>carnibus,</strong></span> <span class='ocrx_word' id='word_1_197' title='bbox 874 3160 998 3215; x_wconf 82' lang='lat' dir='ltr'><strong>huic</strong></span> <span class='ocrx_word' id='word_1_198' title='bbox 1046 3161 1244 3216; x_wconf 87' lang='lat' dir='ltr'><strong>rationi</strong></span> <span class='ocrx_word' id='word_1_199' title='bbox 1292 3159 1586 3216; x_wconf 75' lang='lat' dir='ltr'><strong>admovere</strong></span> <span class='ocrx_word' id='word_1_200' title='bbox 1631 3175 1791 3216; x_wconf 79' lang='lat' dir='ltr'><strong>mon-</strong></span> 
     </span>
    </p>
   </div>
   <div class='ocr_carea' id='block_1_31' title="bbox 190 3254 1793 3326">
    <p class='ocr_par' dir='ltr' id='par_1_31' title="bbox 190 3254 1793 3326">
     <span class='ocr_line' id='line_1_31' title="bbox 190 3254 1793 3326; baseline 0.002 -17"><span class='ocrx_word' id='word_1_201' title='bbox 190 3261 474 3322; x_wconf 84' lang='lat' dir='ltr'><strong>strantur,</strong></span> <span class='ocrx_word' id='word_1_202' title='bbox 521 3263 576 3308; x_wconf 91' lang='lat' dir='ltr'><strong>et</strong></span> <span class='ocrx_word' id='word_1_203' title='bbox 617 3255 822 3324; x_wconf 90' lang='lat' dir='ltr'><strong>piscem</strong></span> <span class='ocrx_word' id='word_1_204' title='bbox 849 3254 941 3323; x_wconf 90' lang='lat' dir='ltr'><strong>qui</strong></span> <span class='ocrx_word' id='word_1_205' title='bbox 971 3267 1189 3308; x_wconf 88' lang='lat' dir='ltr'><strong>carnem</strong></span> <span class='ocrx_word' id='word_1_206' title='bbox 1229 3254 1464 3310; x_wconf 90' lang='lat' dir='ltr'><strong>hominis</strong></span> <span class='ocrx_word' id='word_1_207' title='bbox 1512 3255 1793 3326; x_wconf 77' lang='lat' dir='ltr'><strong>naufragio</strong></span> 
     </span>
    </p>
   </div>
   <div class='ocr_carea' id='block_1_32' title="bbox 188 3345 1794 3417">
    <p class='ocr_par' dir='ltr' id='par_1_32' title="bbox 188 3345 1794 3417">
     <span class='ocr_line' id='line_1_32' title="bbox 188 3345 1794 3417; baseline 0.007 -20"><span class='ocrx_word' id='word_1_208' title='bbox 188 3345 481 3416; x_wconf 84' lang='lat' dir='ltr'><strong>pereuntis</strong></span> <span class='ocrx_word' id='word_1_209' title='bbox 511 3346 564 3400; x_wconf 91' lang='lat' dir='ltr'><strong>in</strong></span> <span class='ocrx_word' id='word_1_210' title='bbox 593 3361 749 3400; x_wconf 89' lang='lat' dir='ltr'><strong>suum</strong></span> <span class='ocrx_word' id='word_1_211' title='bbox 798 3346 998 3414; x_wconf 83' lang='lat' dir='ltr'><strong>trajicit</strong></span> <span class='ocrx_word' id='word_1_212' title='bbox 1028 3362 1225 3417; x_wconf 87' lang='lat' dir='ltr'><strong>corpus</strong></span> <span class='ocrx_word' id='word_1_213' title='bbox 1248 3387 1262 3411; x_wconf 93' lang='lat'><strong>,</strong></span> <span class='ocrx_word' id='word_1_214' title='bbox 1317 3355 1372 3401; x_wconf 90' lang='lat' dir='ltr'><strong>et</strong></span> <span class='ocrx_word' id='word_1_215' title='bbox 1420 3348 1564 3403; x_wconf 89' lang='lat' dir='ltr'><strong>hunc</strong></span> <span class='ocrx_word' id='word_1_216' title='bbox 1606 3365 1794 3410; x_wconf 88' lang='lat' dir='ltr'><strong>rursus</strong></span> 
     </span>
    </p>
   </div>
   <div class='ocr_carea' id='block_1_33' title="bbox 189 3435 1794 3517">
    <p class='ocr_par' dir='ltr' id='par_1_33' title="bbox 189 3435 1794 3517">
     <span class='ocr_line' id='line_1_33' title="bbox 189 3435 1794 3517; baseline 0.007 -26"><span class='ocrx_word' id='word_1_217' title='bbox 189 3435 451 3492; x_wconf 61' lang='lat' dir='ltr'><strong>enectum</strong></span> <span class='ocrx_word' id='word_1_218' title='bbox 481 3438 714 3495; x_wconf 84' lang='lat' dir='ltr'><strong>hominis</strong></span> <span class='ocrx_word' id='word_1_219' title='bbox 736 3452 940 3504; x_wconf 88' lang='lat' dir='ltr'><strong>escam,</strong></span> <span class='ocrx_word' id='word_1_220' title='bbox 973 3447 1136 3508; x_wconf 86' lang='lat' dir='ltr'><strong>atque</strong></span> <span class='ocrx_word' id='word_1_221' title='bbox 1167 3439 1219 3494; x_wconf 91' lang='lat' dir='ltr'><strong>in</strong></span> <span class='ocrx_word' id='word_1_222' title='bbox 1248 3441 1580 3516; x_wconf 88' lang='lat' dir='ltr'><strong>comedentis</strong></span> <span class='ocrx_word' id='word_1_223' title='bbox 1622 3462 1794 3517; x_wconf 79' lang='lat' dir='ltr'><strong>quan-</strong></span> 
     </span>
    </p>
   </div>
   <div class='ocr_carea' id='block_1_34' title="bbox 191 3530 1795 3610">
    <p class='ocr_par' dir='ltr' id='par_1_34' title="bbox 191 3530 1795 3610">
     <span class='ocr_line' id='line_1_34' title="bbox 191 3530 1795 3610; baseline 0.008 -27"><span class='ocrx_word' id='word_1_224' title='bbox 191 3531 414 3585; x_wconf 86' lang='lat' dir='ltr'><strong>titatem</strong></span> <span class='ocrx_word' id='word_1_225' title='bbox 445 3545 544 3600; x_wconf 88' lang='lat' dir='ltr'><strong>per</strong></span> <span class='ocrx_word' id='word_1_226' title='bbox 569 3530 927 3599; x_wconf 77' lang='lat' dir='ltr'><strong>digestionem</strong></span> <span class='ocrx_word' id='word_1_227' title='bbox 959 3547 1080 3587; x_wconf 87' lang='lat' dir='ltr'><strong>esse</strong></span> <span class='ocrx_word' id='word_1_228' title='bbox 1126 3547 1468 3602; x_wconf 87' lang='lat' dir='ltr'><strong>conversum,</strong></span> <span class='ocrx_word' id='word_1_229' title='bbox 1517 3539 1795 3610; x_wconf 85' lang='lat' dir='ltr'><strong>multaque</strong></span> 
     </span>
    </p>
   </div>
   <div class='ocr_carea' id='block_1_35' title="bbox 189 3613 1791 3704">
    <p class='ocr_par' dir='ltr' id='par_1_35' title="bbox 189 3613 1791 3704">
     <span class='ocr_line' id='line_1_35' title="bbox 189 3613 1791 3704; baseline 0.006 -26"><span class='ocrx_word' id='word_1_230' title='bbox 189 3623 304 3678; x_wconf 86' lang='lat' dir='ltr'><strong>alia</strong></span> <span class='ocrx_word' id='word_1_231' title='bbox 336 3613 495 3680; x_wconf 88' lang='lat' dir='ltr'><strong>nimis</strong></span> <span class='ocrx_word' id='word_1_232' title='bbox 525 3624 727 3695; x_wconf 86' lang='lat' dir='ltr'><strong>inepta,</strong></span> <span class='ocrx_word' id='word_1_233' title='bbox 758 3631 814 3679; x_wconf 90' lang='lat' dir='ltr'><strong>et</strong></span> <span class='ocrx_word' id='word_1_234' title='bbox 845 3625 1024 3694; x_wconf 79' lang='lat' dir='ltr'><strong>magni</strong></span> <span class='ocrx_word' id='word_1_235' title='bbox 1055 3624 1153 3681; x_wconf 86' lang='lat' dir='ltr'><strong>Dei</strong></span> <span class='ocrx_word' id='word_1_236' title='bbox 1183 3626 1366 3682; x_wconf 84' lang='lat' dir='ltr'><strong>virtuti</strong></span> <span class='ocrx_word' id='word_1_237' title='bbox 1395 3639 1558 3700; x_wconf 86' lang='lat' dir='ltr'><strong>atque</strong></span> <span class='ocrx_word' id='word_1_238' title='bbox 1582 3634 1791 3704; x_wconf 78' lang='lat' dir='ltr'><strong>magni-</strong></span> 
     </span>
    </p>
   </div>
   <div class='ocr_carea' id='block_1_36' title="bbox 189 3711 1794 3791">
    <p class='ocr_par' dir='ltr' id='par_1_36' title="bbox 189 3711 1794 3791">
     <span class='ocr_line' id='line_1_36' title="bbox 189 3711 1794 3791; baseline 0.005 -22"><span class='ocrx_word' id='word_1_239' title='bbox 189 3711 432 3769; x_wconf 70' lang='lat' dir='ltr'><strong>ﬁcentia:</strong></span> <span class='ocrx_word' id='word_1_240' title='bbox 462 3729 686 3784; x_wconf 88' lang='lat' dir='ltr'><strong>prorsus</strong></span> <span class='ocrx_word' id='word_1_241' title='bbox 712 3713 930 3784; x_wconf 77' lang='lat' dir='ltr'><strong>indigna</strong></span> <span class='ocrx_word' id='word_1_242' title='bbox 957 3715 1025 3770; x_wconf 88' lang='lat' dir='ltr'><strong>ad</strong></span> <span class='ocrx_word' id='word_1_243' title='bbox 1056 3717 1395 3774; x_wconf 73' lang='lat' dir='ltr'><strong>eversionem</strong></span> <span class='ocrx_word' id='word_1_244' title='bbox 1424 3721 1536 3774; x_wconf 86' lang='lat' dir='ltr'><strong>veri</strong></span> <span class='ocrx_word' id='word_1_245' title='bbox 1569 3719 1794 3791; x_wconf 78' lang='lat' dir='ltr'><strong>dogma—</strong></span> 
     </span>
    </p>
   </div>
   <div class='ocr_carea' id='block_1_37' title="bbox 190 3800 1790 3882">
    <p class='ocr_par' dir='ltr' id='par_1_37' title="bbox 190 3800 1790 3882">
     <span class='ocr_line' id='line_1_37' title="bbox 190 3800 1790 3882; baseline 0.006 -24"><span class='ocrx_word' id='word_1_246' title='bbox 190 3803 265 3858; x_wconf 87' lang='lat' dir='ltr'><strong>tis</strong></span> <span class='ocrx_word' id='word_1_247' title='bbox 293 3800 610 3873; x_wconf 84' lang='lat' dir='ltr'><strong>proferunt;</strong></span> <span class='ocrx_word' id='word_1_248' title='bbox 645 3814 898 3874; x_wconf 88' lang='lat' dir='ltr'><strong>tanquam</strong></span> <span class='ocrx_word' id='word_1_249' title='bbox 930 3819 1036 3861; x_wconf 91' lang='lat' dir='ltr'><strong>non</strong></span> <span class='ocrx_word' id='word_1_250' title='bbox 1067 3807 1234 3877; x_wconf 85' lang='lat' dir='ltr'><strong>possit</strong></span> <span class='ocrx_word' id='word_1_251' title='bbox 1261 3806 1404 3865; x_wconf 88' lang='lat' dir='ltr'><strong>Deus</strong></span> <span class='ocrx_word' id='word_1_252' title='bbox 1428 3825 1525 3882; x_wconf 87' lang='lat' dir='ltr'><strong>per</strong></span> <span class='ocrx_word' id='word_1_253' title='bbox 1550 3809 1668 3866; x_wconf 73' lang='lat' dir='ltr'><strong>htcc</strong></span> <span class='ocrx_word' id='word_1_254' title='bbox 1695 3827 1790 3867; x_wconf 86' lang='lat' dir='ltr'><strong>ea-</strong></span> 
     </span>
    </p>
   </div>
   <div class='ocr_carea' id='block_1_38' title="bbox 186 3893 1789 3973">
    <p class='ocr_par' dir='ltr' id='par_1_38' title="bbox 186 3893 1789 3973">
     <span class='ocr_line' id='line_1_38' title="bbox 186 3893 1789 3973; baseline 0.004 -22"><span class='ocrx_word' id='word_1_255' title='bbox 186 3893 321 3952; x_wconf 82' lang='lat' dir='ltr'><strong>dem</strong></span> <span class='ocrx_word' id='word_1_256' title='bbox 366 3912 556 3951; x_wconf 86' lang='lat' dir='ltr'><strong>rursus</strong></span> <span class='ocrx_word' id='word_1_257' title='bbox 598 3912 662 3951; x_wconf 91' lang='lat' dir='ltr'><strong>ex</strong></span> <span class='ocrx_word' id='word_1_258' title='bbox 694 3897 1159 3953; x_wconf 87' lang='lat' dir='ltr'><strong>consummatione</strong></span> <span class='ocrx_word' id='word_1_259' title='bbox 1191 3900 1336 3970; x_wconf 91' lang='lat' dir='ltr'><strong>quod</strong></span> <span class='ocrx_word' id='word_1_260' title='bbox 1379 3909 1464 3956; x_wconf 87' lang='lat' dir='ltr'><strong>est</strong></span> <span class='ocrx_word' id='word_1_261' title='bbox 1510 3903 1789 3973; x_wconf 90' lang='lat' dir='ltr'><strong>proprium</strong></span> 
     </span>
    </p>
   </div>
   <div class='ocr_carea' id='block_1_39' title="bbox 187 3985 1789 4068">
    <p class='ocr_par' dir='ltr' id='par_1_39' title="bbox 187 3985 1789 4068">
     <span class='ocr_line' id='line_1_39' title="bbox 187 3985 1789 4068; baseline 0.007 -26"><span class='ocrx_word' id='word_1_262' title='bbox 187 3987 432 4044; x_wconf 84' lang='lat' dir='ltr'><strong>hominis</strong></span> <span class='ocrx_word' id='word_1_263' title='bbox 463 3985 777 4043; x_wconf 78' lang='lat' dir='ltr'><strong>reformare.</strong></span> <span class='ocrx_word' id='word_1_264' title='bbox 813 3988 920 4045; x_wconf 88' lang='lat' dir='ltr'><strong>Sed</strong></span> <span class='ocrx_word' id='word_1_265' title='bbox 945 4009 1043 4047; x_wconf 90' lang='lat' dir='ltr'><strong>nos</strong></span> <span class='ocrx_word' id='word_1_266' title='bbox 1074 3993 1127 4047; x_wconf 92' lang='lat' dir='ltr'><strong>in</strong></span> <span class='ocrx_word' id='word_1_267' title='bbox 1158 3993 1307 4050; x_wconf 79' lang='lat' dir='ltr'><strong>brevi</strong></span> <span class='ocrx_word' id='word_1_268' title='bbox 1338 3998 1582 4068; x_wconf 82' lang='lat' dir='ltr'><strong>prolixos</strong></span> <span class='ocrx_word' id='word_1_269' title='bbox 1605 3998 1789 4054; x_wconf 82' lang='lat' dir='ltr'><strong>vanis-</strong></span> 
     </span>
    </p>
   </div>
   <div class='ocr_carea' id='block_1_40' title="bbox 187 4078 1792 4154">
    <p class='ocr_par' dir='ltr' id='par_1_40' title="bbox 187 4078 1792 4154">
     <span class='ocr_line' id='line_1_40' title="bbox 187 4078 1792 4154; baseline 0.006 -18"><span class='ocrx_word' id='word_1_270' title='bbox 187 4080 342 4137; x_wconf 73' lang='lat' dir='ltr'><strong>sima:</strong></span> <span class='ocrx_word' id='word_1_271' title='bbox 375 4078 604 4134; x_wconf 84' lang='lat' dir='ltr'><strong>rationis</strong></span> <span class='ocrx_word' id='word_1_272' title='bbox 633 4095 819 4135; x_wconf 89' lang='lat' dir='ltr'><strong>eorum</strong></span> <span class='ocrx_word' id='word_1_273' title='bbox 850 4083 1189 4140; x_wconf 87' lang='lat' dir='ltr'><strong>succidamus</strong></span> <span class='ocrx_word' id='word_1_274' title='bbox 1217 4102 1500 4154; x_wconf 89' lang='lat' dir='ltr'><strong>excursus,</strong></span> <span class='ocrx_word' id='word_1_275' title='bbox 1533 4085 1792 4146; x_wconf 84' lang='lat' dir='ltr'><strong>confitcn-</strong></span> 
     </span>
    </p>
   </div>
   <div class='ocr_carea' id='block_1_41' title="bbox 185 4169 1790 4248">
    <p class='ocr_par' dir='ltr' id='par_1_41' title="bbox 185 4169 1790 4248">
     <span class='ocr_line' id='line_1_41' title="bbox 185 4169 1790 4248; baseline 0.007 -23"><span class='ocrx_word' id='word_1_276' title='bbox 185 4179 276 4225; x_wconf 86' lang='lat' dir='ltr'><strong>tes</strong></span> <span class='ocrx_word' id='word_1_277' title='bbox 308 4169 678 4224; x_wconf 81' lang='lat' dir='ltr'><strong>resolutiones</strong></span> <span class='ocrx_word' id='word_1_278' title='bbox 708 4171 954 4242; x_wconf 89' lang='lat' dir='ltr'><strong>corporis</strong></span> <span class='ocrx_word' id='word_1_279' title='bbox 981 4172 1034 4228; x_wconf 93' lang='lat' dir='ltr'><strong>in</strong></span> <span class='ocrx_word' id='word_1_280' title='bbox 1064 4190 1128 4230; x_wconf 88' lang='lat' dir='ltr'><strong>ea</strong></span> <span class='ocrx_word' id='word_1_281' title='bbox 1163 4175 1275 4232; x_wconf 81' lang='lat' dir='ltr'><strong>fieri</strong></span> <span class='ocrx_word' id='word_1_282' title='bbox 1305 4193 1403 4248; x_wconf 91' lang='lat' dir='ltr'><strong>pro</strong></span> <span class='ocrx_word' id='word_1_283' title='bbox 1432 4179 1628 4248; x_wconf 88' lang='lat' dir='ltr'><strong>quibus</strong></span> <span class='ocrx_word' id='word_1_284' title='bbox 1658 4197 1790 4236; x_wconf 82' lang='lat' dir='ltr'><strong>con-</strong></span> 
     </span>
    </p>
   </div>
   <div class='ocr_carea' id='block_1_42' title="bbox 184 4263 1790 4334">
    <p class='ocr_par' dir='ltr' id='par_1_42' title="bbox 184 4263 1790 4334">
     <span class='ocr_line' id='line_1_42' title="bbox 184 4263 1790 4334; baseline 0.008 -16"><span class='ocrx_word' id='word_1_285' title='bbox 184 4272 320 4326; x_wconf 83' lang='lat' dir='ltr'><strong>stat,</strong></span> <span class='ocrx_word' id='word_1_286' title='bbox 350 4278 455 4318; x_wconf 91' lang='lat' dir='ltr'><strong>nec</strong></span> <span class='ocrx_word' id='word_1_287' title='bbox 484 4263 658 4318; x_wconf 89' lang='lat' dir='ltr'><strong>solum</strong></span> <span class='ocrx_word' id='word_1_288' title='bbox 693 4271 910 4332; x_wconf 88' lang='lat' dir='ltr'><strong>terram,</strong></span> <span class='ocrx_word' id='word_1_289' title='bbox 932 4265 1088 4334; x_wconf 82' lang='lat' dir='ltr'><strong>juxta</strong></span> <span class='ocrx_word' id='word_1_290' title='bbox 1120 4265 1284 4325; x_wconf 85' lang='lat' dir='ltr'><strong>divini</strong></span> <span class='ocrx_word' id='word_1_291' title='bbox 1308 4274 1574 4330; x_wconf 88' lang='lat' dir='ltr'><strong>sermonis</strong></span> <span class='ocrx_word' id='word_1_292' title='bbox 1602 4281 1790 4331; x_wconf 88' lang='lat' dir='ltr'><strong>aucto-</strong></span> 
     </span>
    </p>
   </div>
   <div class='ocr_carea' id='block_1_43' title="bbox 183 4352 1791 4433">
    <p class='ocr_par' dir='ltr' id='par_1_43' title="bbox 183 4352 1791 4433">
     <span class='ocr_line' id='line_1_43' title="bbox 183 4352 1791 4433; baseline 0.007 -24"><span class='ocrx_word' id='word_1_293' title='bbox 183 4355 434 4419; x_wconf 86' lang='lat' dir='ltr'><strong>ritatem,</strong></span> <span class='ocrx_word' id='word_1_294' title='bbox 459 4352 524 4408; x_wconf 59' lang='lat' dir='ltr'><strong>in‘</strong></span> <span class='ocrx_word' id='word_1_295' title='bbox 540 4360 742 4409; x_wconf 88' lang='lat' dir='ltr'><strong>terram</strong></span> <span class='ocrx_word' id='word_1_296' title='bbox 770 4357 1102 4425; x_wconf 84' lang='lat' dir='ltr'><strong>reverti,sed</strong></span> <span class='ocrx_word' id='word_1_297' title='bbox 1131 4369 1186 4416; x_wconf 91' lang='lat' dir='ltr'><strong>et</strong></span> <span class='ocrx_word' id='word_1_298' title='bbox 1207 4377 1387 4418; x_wconf 88' lang='lat' dir='ltr'><strong>aerem</strong></span> <span class='ocrx_word' id='word_1_299' title='bbox 1411 4372 1574 4433; x_wconf 89' lang='lat' dir='ltr'><strong>atque</strong></span> <span class='ocrx_word' id='word_1_300' title='bbox 1602 4361 1791 4420; x_wconf 84' lang='lat' dir='ltr'><strong>humo-</strong></span> 
     </span>
    </p>
   </div>
   <div class='ocr_carea' id='block_1_44' title="bbox 176 4443 1785 4525">
    <p class='ocr_par' dir='ltr' id='par_1_44' title="bbox 176 4443 1785 4525">
     <span class='ocr_line' id='line_1_44' title="bbox 176 4443 1785 4525; baseline 0.007 -25"><span class='ocrx_word' id='word_1_301' title='bbox 176 4460 304 4500; x_wconf 88' lang='lat' dir='ltr'><strong>rem</strong></span> <span class='ocrx_word' id='word_1_302' title='bbox 327 4459 444 4499; x_wconf 77' lang='lat' dir='ltr'><strong>sua:</strong></span> <span class='ocrx_word' id='word_1_303' title='bbox 470 4443 755 4501; x_wconf 72' lang='lat' dir='ltr'><strong>simillima:</strong></span> <span class='ocrx_word' id='word_1_304' title='bbox 775 4444 1008 4516; x_wconf 90' lang='lat' dir='ltr'><strong>portioni</strong></span> <span class='ocrx_word' id='word_1_305' title='bbox 1035 4451 1266 4520; x_wconf 88' lang='lat' dir='ltr'><strong>restitui,</strong></span> <span class='ocrx_word' id='word_1_306' title='bbox 1281 4460 1336 4506; x_wconf 89' lang='lat' dir='ltr'><strong>et</strong></span> <span class='ocrx_word' id='word_1_307' title='bbox 1358 4453 1567 4523; x_wconf 82' lang='lat' dir='ltr'><strong>singula</strong></span> <span class='ocrx_word' id='word_1_308' title='bbox 1592 4471 1711 4525; x_wconf 72' lang='lat' dir='ltr'><strong>qua:</strong></span> <span class='ocrx_word' id='word_1_309' title='bbox 1734 4454 1785 4511; x_wconf 90' lang='lat' dir='ltr'><strong>in</strong></span> 
     </span>
    </p>
   </div>
   <div class='ocr_carea' id='block_1_45' title="bbox 182 4520 1865 4617">
    <p class='ocr_par' dir='ltr' id='par_1_45' title="bbox 182 4520 1865 4617">
     <span class='ocr_line' id='line_1_45' title="bbox 182 4520 1865 4617; baseline 0.006 -24"><span class='ocrx_word' id='word_1_310' title='bbox 182 4538 348 4594; x_wconf 81' lang='lat' dir='ltr'><strong>nobis</strong></span> <span class='ocrx_word' id='word_1_311' title='bbox 380 4545 532 4607; x_wconf 89' lang='lat' dir='ltr'><strong>sunt,</strong></span> <span class='ocrx_word' id='word_1_312' title='bbox 578 4539 644 4593; x_wconf 87' lang='lat' dir='ltr'><strong>ad</strong></span> <span class='ocrx_word' id='word_1_313' title='bbox 688 4540 1058 4611; x_wconf 79' lang='lat' dir='ltr'><strong>originemque</strong></span> <span class='ocrx_word' id='word_1_314' title='bbox 1085 4543 1354 4614; x_wconf 90' lang='lat' dir='ltr'><strong>propriam</strong></span> <span class='ocrx_word' id='word_1_315' title='bbox 1404 4543 1780 4617; x_wconf 77' lang='lat' dir='ltr'><strong>commigrare.</strong></span> <span class='ocrx_word' id='word_1_316' title='bbox 1809 4520 1865 4582; x_wconf 66' lang='grc' dir='ltr'>θ</span> 
     </span>
    </p>
   </div>
   <div class='ocr_carea' id='block_1_46' title="bbox 183 4625 1787 4700">
    <p class='ocr_par' dir='ltr' id='par_1_46' title="bbox 183 4625 1787 4700">
     <span class='ocr_line' id='line_1_46' title="bbox 183 4625 1787 4700; baseline 0.008 -20"><span class='ocrx_word' id='word_1_317' title='bbox 183 4625 254 4680; x_wconf 84' lang='grc' dir='ltr'>ει</span> <span class='ocrx_word' id='word_1_318' title='bbox 271 4629 400 4682; x_wconf 90' lang='lat' dir='ltr'><strong>licet</strong></span> <span class='ocrx_word' id='word_1_319' title='bbox 425 4628 736 4684; x_wconf 85' lang='lat' dir='ltr'><strong>volucribus</strong></span> <span class='ocrx_word' id='word_1_320' title='bbox 759 4645 923 4686; x_wconf 84' lang='lat' dir='ltr'><strong>carne</strong></span> <span class='ocrx_word' id='word_1_321' title='bbox 952 4633 1314 4700; x_wconf 80' lang='lat' dir='ltr'><strong>vescentibus,</strong></span> <span class='ocrx_word' id='word_1_322' title='bbox 1332 4635 1456 4691; x_wconf 89' lang='lat' dir='ltr'><strong>licet</strong></span> <span class='ocrx_word' id='word_1_323' title='bbox 1475 4634 1600 4692; x_wconf 88' lang='lat' dir='ltr'><strong>feris</strong></span> <span class='ocrx_word' id='word_1_324' title='bbox 1621 4653 1787 4693; x_wconf 88' lang='lat' dir='ltr'><strong>carne</strong></span> 
     </span>
    </p>
   </div>
   <div class='ocr_carea' id='block_1_47' title="bbox 183 4719 1790 4791">
    <p class='ocr_par' dir='ltr' id='par_1_47' title="bbox 183 4719 1790 4791">
     <span class='ocr_line' id='line_1_47' title="bbox 183 4719 1790 4791; baseline 0.007 -21"><span class='ocrx_word' id='word_1_325' title='bbox 183 4719 537 4788; x_wconf 73' lang='lat' dir='ltr'><strong>vescentibus</strong></span> <span class='ocrx_word' id='word_1_326' title='bbox 568 4721 857 4774; x_wconf 89' lang='lat' dir='ltr'><strong>humanum</strong></span> <span class='ocrx_word' id='word_1_327' title='bbox 887 4736 1087 4791; x_wconf 91' lang='lat' dir='ltr'><strong>corpus</strong></span> <span class='ocrx_word' id='word_1_328' title='bbox 1117 4722 1360 4779; x_wconf 79' lang='lat' dir='ltr'><strong>tradatur</strong></span> <span class='ocrx_word' id='word_1_329' title='bbox 1383 4725 1433 4779; x_wconf 90' lang='lat' dir='ltr'><strong>in</strong></span> <span class='ocrx_word' id='word_1_330' title='bbox 1457 4724 1658 4791; x_wconf 91' lang='lat' dir='ltr'><strong>cibum,</strong></span> <span class='ocrx_word' id='word_1_331' title='bbox 1689 4726 1790 4781; x_wconf 88' lang='lat' dir='ltr'><strong>eis-</strong></span> 
     </span>
    </p>
   </div>
   <div class='ocr_carea' id='block_1_48' title="bbox 173 4795 1786 4888">
    <p class='ocr_par' dir='ltr' id='par_1_48' title="bbox 173 4795 1786 4888">
     <span class='ocr_line' id='line_1_48' title="bbox 173 4795 1786 4888; baseline 0.009 -31"><span class='ocrx_word' id='word_1_332' title='bbox 173 4795 407 4876; x_wconf 22' lang='lat' dir='ltr'><strong>que-his</strong></span> <span class='ocrx_word' id='word_1_333' title='bbox 436 4809 650 4864; x_wconf 86' lang='lat' dir='ltr'><strong>casibus</strong></span> <span class='ocrx_word' id='word_1_334' title='bbox 678 4809 986 4876; x_wconf 78' lang='lat' dir='ltr'><strong>misceatur,</strong></span> <span class='ocrx_word' id='word_1_335' title='bbox 1018 4812 1146 4866; x_wconf 78' lang='lat' dir='ltr'><strong>licet</strong></span> <span class='ocrx_word' id='word_1_336' title='bbox 1173 4813 1271 4869; x_wconf 90' lang='lat' dir='ltr'><strong>sub</strong></span> <span class='ocrx_word' id='word_1_337' title='bbox 1295 4813 1540 4870; x_wconf 68' lang='lat' dir='ltr'><strong>dentibus</strong></span> <span class='ocrx_word' id='word_1_338' title='bbox 1563 4815 1786 4888; x_wconf 87' lang='lat' dir='ltr'><strong>piscium</strong></span> 
     </span>
    </p>
   </div>
   <div class='ocr_carea' id='block_1_49' title="bbox 181 4902 1787 4981">
    <p class='ocr_par' dir='ltr' id='par_1_49' title="bbox 181 4902 1787 4981">
     <span class='ocr_line' id='line_1_49' title="bbox 181 4902 1787 4981; baseline 0.007 -27"><span class='ocrx_word' id='word_1_339' title='bbox 181 4905 368 4956; x_wconf 66' lang='lat' dir='ltr'><strong>veniat</strong></span> <span class='ocrx_word' id='word_1_340' title='bbox 389 4943 404 4966; x_wconf 87' lang='lat'><strong>,</strong></span> <span class='ocrx_word' id='word_1_341' title='bbox 438 4910 495 4955; x_wconf 88' lang='lat' dir='ltr'><strong>et</strong></span> <span class='ocrx_word' id='word_1_342' title='bbox 531 4918 627 4972; x_wconf 90' lang='lat' dir='ltr'><strong>per</strong></span> <span class='ocrx_word' id='word_1_343' title='bbox 667 4902 842 4972; x_wconf 81' lang='lat' dir='ltr'><strong>ignem</strong></span> <span class='ocrx_word' id='word_1_344' title='bbox 872 4905 924 4959; x_wconf 92' lang='lat' dir='ltr'><strong>in</strong></span> <span class='ocrx_word' id='word_1_345' title='bbox 956 4920 1183 4975; x_wconf 78' lang='lat' dir='ltr'><strong>vapores</strong></span> <span class='ocrx_word' id='word_1_346' title='bbox 1212 4917 1556 4963; x_wconf 71' lang='lat' dir='ltr'><strong>convertatur</strong></span> <span class='ocrx_word' id='word_1_347' title='bbox 1581 4917 1637 4964; x_wconf 90' lang='lat' dir='ltr'><strong>et</strong></span> <span class='ocrx_word' id='word_1_348' title='bbox 1671 4910 1787 4981; x_wconf 84' lang='lat' dir='ltr'><strong>pul-</strong></span> 
     </span>
    </p>
   </div>
   <div class='ocr_carea' id='block_1_50' title="bbox 177 4992 1784 5070">
    <p class='ocr_par' dir='ltr' id='par_1_50' title="bbox 177 4992 1784 5070">
     <span class='ocr_line' id='line_1_50' title="bbox 177 4992 1784 5070; baseline 0.008 -26"><span class='ocrx_word' id='word_1_349' title='bbox 177 5009 393 5055; x_wconf 73' lang='lat' dir='ltr'><strong>verem,</strong></span> <span class='ocrx_word' id='word_1_350' title='bbox 426 4992 730 5062; x_wconf 82' lang='lat' dir='ltr'><strong>ubicunque</strong></span> <span class='ocrx_word' id='word_1_351' title='bbox 752 4993 904 5064; x_wconf 87' lang='lat' dir='ltr'><strong>juxta</strong></span> <span class='ocrx_word' id='word_1_352' title='bbox 931 4995 1224 5065; x_wconf 82' lang='lat' dir='ltr'><strong>subjectum</strong></span> <span class='ocrx_word' id='word_1_353' title='bbox 1256 4998 1517 5053; x_wconf 86' lang='lat' dir='ltr'><strong>rationem</strong></span> <span class='ocrx_word' id='word_1_354' title='bbox 1540 5001 1660 5070; x_wconf 89' lang='lat' dir='ltr'><strong>quis</strong></span> <span class='ocrx_word' id='word_1_355' title='bbox 1680 5001 1784 5056; x_wconf 87' lang='lat' dir='ltr'><strong>cir—</strong></span> 
     </span>
    </p>
   </div>
   <div class='ocr_carea' id='block_1_51' title="bbox 168 5085 1786 5152">
    <p class='ocr_par' dir='ltr' id='par_1_51' title="bbox 168 5085 1786 5152">
     <span class='ocr_line' id='line_1_51' title="bbox 168 5085 1786 5152; baseline 0.006 -12"><span class='ocrx_word' id='word_1_356' title='bbox 168 5085 502 5140; x_wconf 77' lang='lat' dir='ltr'><strong>cnntulcrit</strong></span> <span class='ocrx_word' id='word_1_357' title='bbox 530 5086 823 5152; x_wconf 84' lang='lat' dir='ltr'><strong>hominem,</strong></span> <span class='ocrx_word' id='word_1_358' title='bbox 858 5087 993 5141; x_wconf 89' lang='lat' dir='ltr'><strong>intra</strong></span> <span class='ocrx_word' id='word_1_359' title='bbox 1036 5087 1182 5144; x_wconf 90' lang='lat' dir='ltr'><strong>hunc</strong></span> <span class='ocrx_word' id='word_1_360' title='bbox 1230 5091 1484 5145; x_wconf 88' lang='lat' dir='ltr'><strong>mundum</strong></span> <span class='ocrx_word' id='word_1_361' title='bbox 1513 5109 1636 5147; x_wconf 87' lang='lat' dir='ltr'><strong>eum</strong></span> <span class='ocrx_word' id='word_1_362' title='bbox 1667 5110 1786 5149; x_wconf 88' lang='lat' dir='ltr'><strong>esse</strong></span> 
     </span>
    </p>
   </div>
   <div class='ocr_carea' id='block_1_52' title="bbox 171 5176 1784 5246">
    <p class='ocr_par' dir='ltr' id='par_1_52' title="bbox 171 5176 1784 5246">
     <span class='ocr_line' id='line_1_52' title="bbox 171 5176 1784 5246; baseline 0.012 -23"><span class='ocrx_word' id='word_1_363' title='bbox 171 5191 416 5231; x_wconf 81' lang='lat' dir='ltr'><strong>necesse</strong></span> <span class='ocrx_word' id='word_1_364' title='bbox 445 5176 546 5242; x_wconf 82' lang='lat' dir='ltr'><strong>sit,</strong></span> <span class='ocrx_word' id='word_1_365' title='bbox 589 5193 750 5246; x_wconf 89' lang='lat' dir='ltr'><strong>quem</strong></span> <span class='ocrx_word' id='word_1_366' title='bbox 792 5177 885 5232; x_wconf 82' lang='lat' dir='ltr'><strong>Dei</strong></span> <span class='ocrx_word' id='word_1_367' title='bbox 936 5195 1097 5233; x_wconf 87' lang='lat' dir='ltr'><strong>manu</strong></span> <span class='ocrx_word' id='word_1_368' title='bbox 1141 5183 1402 5238; x_wconf 88' lang='lat' dir='ltr'><strong>contineri</strong></span> <span class='ocrx_word' id='word_1_369' title='bbox 1436 5201 1535 5238; x_wconf 87' lang='lat' dir='ltr'><strong>vox</strong></span> <span class='ocrx_word' id='word_1_370' title='bbox 1570 5186 1784 5242; x_wconf 90' lang='lat' dir='ltr'><strong>instruit</strong></span> 
     </span>
    </p>
   </div>
   <div class='ocr_carea' id='block_1_53' title="bbox 156 5267 1785 5344">
    <p class='ocr_par' dir='ltr' id='par_1_53' title="bbox 156 5267 1785 5344">
     <span class='ocr_line' id='line_1_53' title="bbox 156 5267 1785 5344; baseline 0.007 -23"><span class='ocrx_word' id='word_1_371' title='bbox 156 5269 449 5323; x_wconf 70' lang='lat' dir='ltr'><strong>divinitus</strong></span> <span class='ocrx_word' id='word_1_372' title='bbox 477 5267 754 5339; x_wconf 84' lang='lat' dir='ltr'><strong>inspirata,</strong></span> <span class='ocrx_word' id='word_1_373' title='bbox 787 5283 907 5323; x_wconf 90' lang='lat' dir='ltr'><strong>cum</strong></span> <span class='ocrx_word' id='word_1_374' title='bbox 936 5269 1084 5335; x_wconf 61' lang='lat' dir='ltr'><strong>divit,</strong></span> <span class='ocrx_word' id='word_1_375' title='bbox 1114 5273 1240 5341; x_wconf 88' lang='lat' dir='ltr'><strong>quia</strong></span> <span class='ocrx_word' id='word_1_376' title='bbox 1264 5273 1314 5326; x_wconf 91' lang='lat' dir='ltr'><strong>in</strong></span> <span class='ocrx_word' id='word_1_377' title='bbox 1340 5290 1500 5329; x_wconf 89' lang='lat' dir='ltr'><strong>manu</strong></span> <span class='ocrx_word' id='word_1_378' title='bbox 1521 5275 1637 5344; x_wconf 87' lang='lat' dir='ltr'><strong>ejus</strong></span> <span class='ocrx_word' id='word_1_379' title='bbox 1657 5288 1785 5332; x_wconf 90' lang='lat' dir='ltr'><strong>sunt</strong></span> 
     </span>
    </p>
   </div>
   <div class='ocr_carea' id='block_1_54' title="bbox 165 5358 1782 5438">
    <p class='ocr_par' dir='ltr' id='par_1_54' title="bbox 165 5358 1782 5438">
     <span class='ocr_line' id='line_1_54' title="bbox 165 5358 1782 5438; baseline 0.011 -30"><span class='ocrx_word' id='word_1_380' title='bbox 165 5374 379 5414; x_wconf 71' lang='lat' dir='ltr'><strong>niiiues</strong></span> <span class='ocrx_word' id='word_1_381' title='bbox 429 5358 561 5414; x_wconf 83' lang='lat' dir='ltr'><strong>lines</strong></span> <span class='ocrx_word' id='word_1_382' title='bbox 606 5368 781 5414; x_wconf 69' lang='lat' dir='ltr'><strong>terrm.</strong></span> <span class='ocrx_word' id='word_1_383' title='bbox 834 5360 986 5428; x_wconf 86' lang='lat' dir='ltr'><strong>Quod</strong></span> <span class='ocrx_word' id='word_1_384' title='bbox 1015 5365 1058 5418; x_wconf 89' lang='lat' dir='ltr'><strong>si</strong></span> <span class='ocrx_word' id='word_1_385' title='bbox 1109 5373 1163 5418; x_wconf 92' lang='lat' dir='ltr'><strong>tu</strong></span> <span class='ocrx_word' id='word_1_386' title='bbox 1201 5382 1305 5419; x_wconf 91' lang='lat' dir='ltr'><strong>non</strong></span> <span class='ocrx_word' id='word_1_387' title='bbox 1339 5377 1492 5438; x_wconf 82' lang='lat' dir='ltr'><strong>potes</strong></span> <span class='ocrx_word' id='word_1_388' title='bbox 1534 5369 1782 5436; x_wconf 81' lang='lat' dir='ltr'><strong>ignorare</strong></span> 
     </span>
    </p>
   </div>
   <div class='ocr_carea' id='block_1_55' title="bbox 173 5450 1778 5530">
    <p class='ocr_par' dir='ltr' id='par_1_55' title="bbox 173 5450 1778 5530">
     <span class='ocr_line' id='line_1_55' title="bbox 173 5450 1778 5530; baseline 0.009 -29"><span class='ocrx_word' id='word_1_389' title='bbox 173 5463 315 5517; x_wconf 63' lang='lat' dir='ltr'><strong>qua</strong></span> <span class='ocrx_word' id='word_1_390' title='bbox 362 5459 455 5505; x_wconf 89' lang='lat' dir='ltr'><strong>tuo</strong></span> <span class='ocrx_word' id='word_1_391' title='bbox 502 5450 681 5521; x_wconf 88' lang='lat' dir='ltr'><strong>palmo</strong></span> <span class='ocrx_word' id='word_1_392' title='bbox 728 5453 1034 5521; x_wconf 79' lang='lat' dir='ltr'><strong>Contineas,</strong></span> <span class='ocrx_word' id='word_1_393' title='bbox 1078 5457 1314 5527; x_wconf 84' lang='lat' dir='ltr'><strong>opinaris</strong></span> <span class='ocrx_word' id='word_1_394' title='bbox 1356 5458 1630 5515; x_wconf 83' lang='lat' dir='ltr'><strong>scientiam</strong></span> <span class='ocrx_word' id='word_1_395' title='bbox 1665 5461 1778 5530; x_wconf 80' lang='lat' dir='ltr'><strong>Dei,</strong></span> 
     </span>
    </p>
   </div>
   <div class='ocr_carea' id='block_1_56' title="bbox 171 5543 1780 5621">
    <p class='ocr_par' dir='ltr' id='par_1_56' title="bbox 171 5543 1780 5621">
     <span class='ocr_line' id='line_1_56' title="bbox 171 5543 1780 5621; baseline 0.011 -31"><span class='ocrx_word' id='word_1_396' title='bbox 171 5552 312 5607; x_wconf 69' lang='lat' dir='ltr'><strong>qua</strong></span> <span class='ocrx_word' id='word_1_397' title='bbox 332 5548 422 5595; x_wconf 86' lang='lat' dir='ltr'><strong>est</strong></span> <span class='ocrx_word' id='word_1_398' title='bbox 460 5550 551 5596; x_wconf 87' lang='lat' dir='ltr'><strong>tua</strong></span> <span class='ocrx_word' id='word_1_399' title='bbox 579 5543 775 5599; x_wconf 85' lang='lat' dir='ltr'><strong>virtute</strong></span> <span class='ocrx_word' id='word_1_400' title='bbox 810 5546 1074 5616; x_wconf 86' lang='lat' dir='ltr'><strong>superior,</strong></span> <span class='ocrx_word' id='word_1_401' title='bbox 1103 5563 1288 5607; x_wconf 87' lang='lat' dir='ltr'><strong>eorum</strong></span> <span class='ocrx_word' id='word_1_402' title='bbox 1329 5566 1448 5621; x_wconf 73' lang='lat' dir='ltr'><strong>qum</strong></span> <span class='ocrx_word' id='word_1_403' title='bbox 1478 5552 1672 5609; x_wconf 85' lang='lat' dir='ltr'><strong>virtute</strong></span> <span class='ocrx_word' id='word_1_404' title='bbox 1703 5555 1780 5608; x_wconf 86' lang='lat' dir='ltr'><strong>di-</strong></span> 
     </span>
    </p>
   </div>
   <div class='ocr_carea' id='block_1_57' title="bbox 167 5629 1780 5706">
    <p class='ocr_par' dir='ltr' id='par_1_57' title="bbox 167 5629 1780 5706">
     <span class='ocr_line' id='line_1_57' title="bbox 167 5629 1780 5706; baseline 0.012 -22"><span class='ocrx_word' id='word_1_405' title='bbox 167 5629 315 5684; x_wconf 59' lang='lat' dir='ltr'><strong>vina</strong></span> <span class='ocrx_word' id='word_1_406' title='bbox 341 5646 506 5686; x_wconf 86' lang='lat' dir='ltr'><strong>manu</strong></span> <span class='ocrx_word' id='word_1_407' title='bbox 531 5634 877 5690; x_wconf 88' lang='lat' dir='ltr'><strong>continentur</strong></span> <span class='ocrx_word' id='word_1_408' title='bbox 907 5637 957 5691; x_wconf 87' lang='lat' dir='ltr'><strong>id</strong></span> <span class='ocrx_word' id='word_1_409' title='bbox 985 5639 1126 5706; x_wconf 88' lang='lat' dir='ltr'><strong>quod</strong></span> <span class='ocrx_word' id='word_1_410' title='bbox 1179 5653 1387 5701; x_wconf 82' lang='lat' dir='ltr'><strong>certum</strong></span> <span class='ocrx_word' id='word_1_411' title='bbox 1442 5653 1524 5700; x_wconf 62' lang='lat' dir='ltr'><strong>est</strong></span> <span class='ocrx_word' id='word_1_412' title='bbox 1563 5646 1780 5704; x_wconf 83' lang='lat' dir='ltr'><strong>minime</strong></span> 
     </span>
    </p>
   </div>
   <div class='ocr_carea' id='block_1_58' title="bbox 165 5725 555 5791">
    <p class='ocr_par' dir='ltr' id='par_1_58' title="bbox 165 5725 555 5791">
     <span class='ocr_line' id='line_1_58' title="bbox 165 5725 555 5791; baseline 0.015 -20"><span class='ocrx_word' id='word_1_413' title='bbox 165 5725 555 5791; x_wconf 70' lang='lat' dir='ltr'><strong>perscrutari?</strong></span> 
     </span>
    </p>
   </div>
   <div class='ocr_carea' id='block_1_59' title="bbox 428 5834 962 5898">
    <p class='ocr_par' dir='ltr' id='par_1_59' title="bbox 428 5834 962 5898">
     <span class='ocr_line' id='line_1_59' title="bbox 428 5834 962 5898; baseline 0.007 -4"><span class='ocrx_word' id='word_1_414' title='bbox 428 5835 702 5895; x_wconf 67' lang='lat' dir='ltr'><strong>I‘nnoc.</strong></span> <span class='ocrx_word' id='word_1_415' title='bbox 736 5834 962 5898; x_wconf 69' lang='lat' dir='ltr'><strong>LXVII</strong></span> 
     </span>
    </p>
   </div>
   <div class='ocr_carea' id='block_1_60' title="bbox 1027 256 2687 322">
    <p class='ocr_par' dir='ltr' id='par_1_60' title="bbox 1027 256 2687 322">
     <span class='ocr_line' id='line_1_60' title="bbox 1027 256 2687 322; baseline 0.007 -13"><span class='ocrx_word' id='word_1_416' title='bbox 1027 256 1200 312; x_wconf 66' lang='lat' dir='ltr'><strong>LIBIII</strong></span> <span class='ocrx_word' id='word_1_417' title='bbox 1247 257 1330 312; x_wconf 82' lang='lat' dir='ltr'><strong>DE</strong></span> <span class='ocrx_word' id='word_1_418' title='bbox 1369 260 1760 318; x_wconf 70' lang='lat' dir='ltr'><strong>CREATIONI‘S</strong></span> <span class='ocrx_word' id='word_1_419' title='bbox 1801 260 2079 318; x_wconf 67' lang='lat' dir='ltr'><strong>IIOIiIINIS</strong></span> <span class='ocrx_word' id='word_1_420' title='bbox 2117 263 2687 322; x_wconf 64' lang='lat' dir='ltr'><strong>INTERPRETATIO.</strong></span> 
     </span>
    </p>
   </div>
   <div class='ocr_carea' id='block_1_61' title="bbox 203 376 1876 450">
    <p class='ocr_par' dir='ltr' id='par_1_61' title="bbox 203 376 1876 450">
     <span class='ocr_line' id='line_1_61' title="bbox 203 376 1876 450; baseline -0.002 -14"><span class='ocrx_word' id='word_1_421' title='bbox 203 381 422 441; x_wconf 78' lang='lat' dir='ltr'><strong>denter.</strong></span> <span class='ocrx_word' id='word_1_422' title='bbox 475 378 535 435; x_wconf 81' lang='lat' dir='ltr'><strong>Si</strong></span> <span class='ocrx_word' id='word_1_423' title='bbox 559 377 724 450; x_wconf 68' lang='lat' dir='ltr'><strong>igitur</strong></span> <span class='ocrx_word' id='word_1_424' title='bbox 767 378 849 434; x_wconf 81' lang='lat' dir='ltr'><strong>sic</strong></span> <span class='ocrx_word' id='word_1_425' title='bbox 889 377 1115 434; x_wconf 62' lang='lat' dir='ltr'><strong>adactus</strong></span> <span class='ocrx_word' id='word_1_426' title='bbox 1143 378 1440 434; x_wconf 80' lang='lat' dir='ltr'><strong>resurrexit</strong></span> <span class='ocrx_word' id='word_1_427' title='bbox 1478 391 1509 434; x_wconf 83' lang='lat' dir='ltr'><strong>a</strong></span> <span class='ocrx_word' id='word_1_428' title='bbox 1550 376 1800 440; x_wconf 78' lang='lat' dir='ltr'><strong>mortuis,</strong></span> <span class='ocrx_word' id='word_1_429' title='bbox 1838 380 1876 432; x_wconf 66' lang='grc' dir='ltr'><strong>Δ</strong></span> 
     </span>
    </p>
   </div>
   <div class='ocr_carea' id='block_1_62' title="bbox 2453 421 2950 484">
    <p class='ocr_par' dir='ltr' id='par_1_62' title="bbox 2453 421 2950 484">
     <span class='ocr_line' id='line_1_62' title="bbox 2453 421 2950 484; baseline 0.018 -11"><span class='ocrx_word' id='word_1_430' title='bbox 2453 421 2683 478; x_wconf 76' lang='lat' dir='ltr'><strong>CAPUT</strong></span> <span class='ocrx_word' id='word_1_431' title='bbox 2723 424 2950 484; x_wconf 70' lang='lat' dir='ltr'><strong>XXVIII.</strong></span> 
     </span>
    </p>
   </div>
   <div class='ocr_carea' id='block_1_63' title="bbox 1913 527 3504 621">
    <p class='ocr_par' dir='ltr' id='par_1_63' title="bbox 1913 527 3504 621">
     <span class='ocr_line' id='line_1_63' title="bbox 1913 527 3504 621; baseline 0.018 -41"><span class='ocrx_word' id='word_1_432' title='bbox 1913 527 2063 621; x_wconf 60' lang='lat' dir='ltr'><strong>Qu‘od</strong></span> <span class='ocrx_word' id='word_1_433' title='bbox 2091 531 2334 621; x_wconf 66' lang='lat' dir='ltr'><strong>possibile</strong></span> <span class='ocrx_word' id='word_1_434' title='bbox 2355 534 2439 621; x_wconf 72' lang='lat' dir='ltr'><strong>sit.</strong></span> <span class='ocrx_word' id='word_1_435' title='bbox 2464 535 2515 588; x_wconf 86' lang='lat' dir='ltr'><strong>in</strong></span> <span class='ocrx_word' id='word_1_436' title='bbox 2542 537 2716 590; x_wconf 83' lang='lat' dir='ltr'><strong>omnia</strong></span> <span class='ocrx_word' id='word_1_437' title='bbox 2746 537 2995 621; x_wconf 66' lang='lat' dir='ltr'><strong>elementa</strong></span> <span class='ocrx_word' id='word_1_438' title='bbox 3017 542 3252 621; x_wconf 71' lang='lat' dir='ltr'><strong>[iunioris</strong></span> <span class='ocrx_word' id='word_1_439' title='bbox 3269 527 3504 621; x_wconf 46' lang='lat' dir='ltr'><strong>corporis</strong></span> 
     </span>
    </p>
   </div>
   <div class='ocr_carea' id='block_1_64' title="bbox 1981 599 3505 693">
    <p class='ocr_par' dir='ltr' id='par_1_64' title="bbox 1981 599 3505 693">
     <span class='ocr_line' id='line_1_64' title="bbox 1981 599 3505 693; baseline 0.017 -41"><span class='ocrx_word' id='word_1_440' title='bbox 1981 599 2074 693; x_wconf 65' lang='lat' dir='ltr'><strong>bus</strong></span> <span class='ocrx_word' id='word_1_441' title='bbox 2091 599 2353 685; x_wconf 50' lang='lat' dir='ltr'><strong>&#39;resotutis,</strong></span> <span class='ocrx_word' id='word_1_442' title='bbox 2385 606 2568 659; x_wconf 83' lang='lat' dir='ltr'><strong>iterum</strong></span> <span class='ocrx_word' id='word_1_443' title='bbox 2595 623 2662 661; x_wconf 71' lang='lat' dir='ltr'><strong>ea:</strong></span> <span class='ocrx_word' id='word_1_444' title='bbox 2681 613 2938 665; x_wconf 84' lang='lat' dir='ltr'><strong>communi</strong></span> <span class='ocrx_word' id='word_1_445' title='bbox 2976 599 3248 686; x_wconf 64' lang='lat' dir='ltr'><strong>proprium</strong></span> <span class='ocrx_word' id='word_1_446' title='bbox 3271 599 3505 693; x_wconf 41' lang='lat' dir='ltr'><strong>nihil}:</strong></span> 
     </span>
    </p>
   </div>
   <div class='ocr_carea' id='block_1_65' title="bbox 1980 671 2250 742">
    <p class='ocr_par' dir='ltr' id='par_1_65' title="bbox 1980 671 2250 742">
     <span class='ocr_line' id='line_1_65' title="bbox 1980 671 2250 742; baseline 0.015 -19"><span class='ocrx_word' id='word_1_447' title='bbox 1980 671 2250 742; x_wconf 76' lang='lat' dir='ltr'><strong>integrari.</strong></span> 
     </span>
    </p>
   </div>
   <div class='ocr_carea' id='block_1_66' title="bbox 1981 781 3502 874">
    <p class='ocr_par' dir='ltr' id='par_1_66' title="bbox 1981 781 3502 874">
     <span class='ocr_line' id='line_1_66' title="bbox 1981 781 3502 874; baseline 0.017 -38"><span class='ocrx_word' id='word_1_448' title='bbox 1981 781 2086 837; x_wconf 85' lang='lat' dir='ltr'><strong>Sed</strong></span> <span class='ocrx_word' id='word_1_449' title='bbox 2115 784 2336 840; x_wconf 86' lang='lat' dir='ltr'><strong>forsitan</strong></span> <span class='ocrx_word' id='word_1_450' title='bbox 2368 788 2434 843; x_wconf 92' lang='lat' dir='ltr'><strong>ad</strong></span> <span class='ocrx_word' id='word_1_451' title='bbox 2474 789 2739 847; x_wconf 88' lang='lat' dir='ltr'><strong>elementa</strong></span> <span class='ocrx_word' id='word_1_452' title='bbox 2772 795 2937 851; x_wconf 91' lang='lat' dir='ltr'><strong>totius</strong></span> <span class='ocrx_word' id='word_1_453' title='bbox 2964 798 3147 855; x_wconf 88' lang='lat' dir='ltr'><strong>mundi</strong></span> <span class='ocrx_word' id='word_1_454' title='bbox 3187 802 3502 874; x_wconf 81' lang='lat' dir='ltr'><strong>respiciens,</strong></span> 
     </span>
    </p>
   </div>
   <div class='ocr_carea' id='block_1_67' title="bbox 1910 872 3502 962">
    <p class='ocr_par' dir='ltr' id='par_1_67' title="bbox 1910 872 3502 962">
     <span class='ocr_line' id='line_1_67' title="bbox 1910 872 3502 962; baseline 0.018 -34"><span class='ocrx_word' id='word_1_455' title='bbox 1910 872 2124 932; x_wconf 79' lang='lat' dir='ltr'><strong>difficile</strong></span> <span class='ocrx_word' id='word_1_456' title='bbox 2149 886 2307 946; x_wconf 88' lang='lat' dir='ltr'><strong>putas</strong></span> <span class='ocrx_word' id='word_1_457' title='bbox 2338 877 2538 938; x_wconf 89' lang='lat' dir='ltr'><strong>statum</strong></span> <span class='ocrx_word' id='word_1_458' title='bbox 2571 893 2813 941; x_wconf 87' lang='lat' dir='ltr'><strong>nostrum</strong></span> <span class='ocrx_word' id='word_1_459' title='bbox 2851 888 2918 943; x_wconf 86' lang='lat' dir='ltr'><strong>ad</strong></span> <span class='ocrx_word' id='word_1_460' title='bbox 2944 904 3230 962; x_wconf 80' lang='lat' dir='ltr'><strong>cognatum</strong></span> <span class='ocrx_word' id='word_1_461' title='bbox 3259 872 3502 955; x_wconf 35' lang='lat' dir='ltr'><strong>clemens</strong></span> 
     </span>
    </p>
   </div>
   <div class='ocr_carea' id='block_1_68' title="bbox 1913 965 3502 1058">
    <p class='ocr_par' dir='ltr' id='par_1_68' title="bbox 1913 965 3502 1058">
     <span class='ocr_line' id='line_1_68' title="bbox 1913 965 3502 1058; baseline 0.016 -38"><span class='ocrx_word' id='word_1_462' title='bbox 1913 965 2022 1022; x_wconf 61' lang='lat' dir='ltr'><strong>&quot;tum</strong></span> <span class='ocrx_word' id='word_1_463' title='bbox 2062 969 2202 1024; x_wconf 87' lang='lat' dir='ltr'><strong>aeris</strong></span> <span class='ocrx_word' id='word_1_464' title='bbox 2243 979 2566 1042; x_wconf 84' lang='lat' dir='ltr'><strong>attractum,</strong></span> <span class='ocrx_word' id='word_1_465' title='bbox 2599 973 2827 1032; x_wconf 77' lang='lat' dir='ltr'><strong>calidum</strong></span> <span class='ocrx_word' id='word_1_466' title='bbox 2857 995 3072 1051; x_wconf 87' lang='lat' dir='ltr'><strong>quoque</strong></span> <span class='ocrx_word' id='word_1_467' title='bbox 3108 991 3164 1038; x_wconf 91' lang='lat' dir='ltr'><strong>ct</strong></span> <span class='ocrx_word' id='word_1_468' title='bbox 3205 985 3502 1058; x_wconf 85' lang='lat' dir='ltr'><strong>humidum,</strong></span> 
     </span>
    </p>
   </div>
   <div class='ocr_carea' id='block_1_69' title="bbox 1910 1067 3502 1149">
    <p class='ocr_par' dir='ltr' id='par_1_69' title="bbox 1910 1067 3502 1149">
     <span class='ocr_line' id='line_1_69' title="bbox 1910 1067 3502 1149; baseline 0.014 -37"><span class='ocrx_word' id='word_1_469' title='bbox 1910 1067 2072 1128; x_wconf 89' lang='lat' dir='ltr'><strong>atque</strong></span> <span class='ocrx_word' id='word_1_470' title='bbox 2102 1068 2375 1116; x_wconf 74' lang='lat' dir='ltr'><strong>terrenum</strong></span> <span class='ocrx_word' id='word_1_471' title='bbox 2417 1071 2615 1120; x_wconf 72' lang='lat' dir='ltr'><strong>nostrae</strong></span> <span class='ocrx_word' id='word_1_472' title='bbox 2642 1067 2954 1134; x_wconf 73' lang='lat' dir='ltr'><strong>substantia:</strong></span> <span class='ocrx_word' id='word_1_473' title='bbox 2983 1072 3232 1130; x_wconf 83' lang='lat' dir='ltr'><strong>similiter</strong></span> <span class='ocrx_word' id='word_1_474' title='bbox 3271 1080 3502 1149; x_wconf 86' lang='lat' dir='ltr'><strong>propriis</strong></span> 
     </span>
    </p>
   </div>
   <div class='ocr_carea' id='block_1_70' title="bbox 1908 1153 3501 1242">
    <p class='ocr_par' dir='ltr' id='par_1_70' title="bbox 1908 1153 3501 1242">
     <span class='ocr_line' id='line_1_70' title="bbox 1908 1153 3501 1242; baseline 0.014 -36"><span class='ocrx_word' id='word_1_475' title='bbox 1908 1153 2150 1224; x_wconf 84' lang='lat' dir='ltr'><strong>partibus</strong></span> <span class='ocrx_word' id='word_1_476' title='bbox 2173 1155 2494 1225; x_wconf 84' lang='lat' dir='ltr'><strong>immixtum,</strong></span> <span class='ocrx_word' id='word_1_477' title='bbox 2523 1154 2716 1215; x_wconf 88' lang='lat' dir='ltr'><strong>iterum</strong></span> <span class='ocrx_word' id='word_1_478' title='bbox 2739 1161 2804 1217; x_wconf 85' lang='lat' dir='ltr'><strong>de</strong></span> <span class='ocrx_word' id='word_1_479' title='bbox 2826 1166 3097 1220; x_wconf 87' lang='lat' dir='ltr'><strong>communi</strong></span> <span class='ocrx_word' id='word_1_480' title='bbox 3117 1167 3338 1240; x_wconf 77' lang='lat' dir='ltr'><strong>singulis</strong></span> <span class='ocrx_word' id='word_1_481' title='bbox 3359 1168 3501 1242; x_wconf 86' lang='lat' dir='ltr'><strong>quod</strong></span> 
     </span>
    </p>
   </div>
   <div class='ocr_carea' id='block_1_71' title="bbox 1909 1245 3500 1334">
    <p class='ocr_par' dir='ltr' id='par_1_71' title="bbox 1909 1245 3500 1334">
     <span class='ocr_line' id='line_1_71' title="bbox 1909 1245 3500 1334; baseline 0.015 -39"><span class='ocrx_word' id='word_1_482' title='bbox 1909 1251 1991 1297; x_wconf 90' lang='lat' dir='ltr'><strong>cst</strong></span> <span class='ocrx_word' id='word_1_483' title='bbox 2021 1245 2296 1316; x_wconf 89' lang='lat' dir='ltr'><strong>proprium</strong></span> <span class='ocrx_word' id='word_1_484' title='bbox 2325 1261 2486 1318; x_wconf 87' lang='lat' dir='ltr'><strong>posse</strong></span> <span class='ocrx_word' id='word_1_485' title='bbox 2513 1251 2742 1307; x_wconf 86' lang='lat' dir='ltr'><strong>restitui.</strong></span> <span class='ocrx_word' id='word_1_486' title='bbox 2773 1251 3002 1311; x_wconf 86' lang='lat' dir='ltr'><strong>Proinde</strong></span> <span class='ocrx_word' id='word_1_487' title='bbox 3043 1267 3099 1312; x_wconf 89' lang='lat' dir='ltr'><strong>tu</strong></span> <span class='ocrx_word' id='word_1_488' title='bbox 3127 1261 3211 1314; x_wconf 88' lang='lat' dir='ltr'><strong>vel</strong></span> <span class='ocrx_word' id='word_1_489' title='bbox 3241 1264 3500 1334; x_wconf 79' lang='lat' dir='ltr'><strong>exemplis</strong></span> 
     </span>
    </p>
   </div>
   <div class='ocr_carea' id='block_1_72' title="bbox 1910 1338 3499 1420">
    <p class='ocr_par' dir='ltr' id='par_1_72' title="bbox 1910 1338 3499 1420">
     <span class='ocr_line' id='line_1_72' title="bbox 1910 1338 3499 1420; baseline 0.014 -28"><span class='ocrx_word' id='word_1_490' title='bbox 1910 1338 2158 1394; x_wconf 86' lang='lat' dir='ltr'><strong>humanis</strong></span> <span class='ocrx_word' id='word_1_491' title='bbox 2207 1351 2316 1396; x_wconf 82' lang='lat' dir='ltr'><strong>non</strong></span> <span class='ocrx_word' id='word_1_492' title='bbox 2365 1344 2570 1411; x_wconf 79' lang='lat' dir='ltr'><strong>cogitas</strong></span> <span class='ocrx_word' id='word_1_493' title='bbox 2615 1346 2719 1403; x_wconf 92' lang='lat' dir='ltr'><strong>hoc</strong></span> <span class='ocrx_word' id='word_1_494' title='bbox 2779 1361 2996 1420; x_wconf 88' lang='lat' dir='ltr'><strong>quoque</strong></span> <span class='ocrx_word' id='word_1_495' title='bbox 3058 1352 3248 1410; x_wconf 72' lang='lat' dir='ltr'><strong>divina:</strong></span> <span class='ocrx_word' id='word_1_496' title='bbox 3289 1357 3499 1416; x_wconf 84' lang='lat' dir='ltr'><strong>virtutis</strong></span> 
     </span>
    </p>
   </div>
   <div class='ocr_carea' id='block_1_73' title="bbox 1911 1432 3498 1518">
    <p class='ocr_par' dir='ltr' id='par_1_73' title="bbox 1911 1432 3498 1518">
     <span class='ocr_line' id='line_1_73' title="bbox 1911 1432 3498 1518; baseline 0.015 -33"><span class='ocrx_word' id='word_1_497' title='bbox 1911 1432 2043 1490; x_wconf 85' lang='lat' dir='ltr'><strong>lines</strong></span> <span class='ocrx_word' id='word_1_498' title='bbox 2071 1447 2178 1491; x_wconf 90' lang='lat' dir='ltr'><strong>non</strong></span> <span class='ocrx_word' id='word_1_499' title='bbox 2209 1452 2366 1508; x_wconf 86' lang='lat' dir='ltr'><strong>posse</strong></span> <span class='ocrx_word' id='word_1_500' title='bbox 2397 1441 2799 1498; x_wconf 82' lang='lat' dir='ltr'><strong>transcendere.</strong></span> <span class='ocrx_word' id='word_1_501' title='bbox 2825 1441 3010 1500; x_wconf 83' lang='lat' dir='ltr'><strong>Vidisti</strong></span> <span class='ocrx_word' id='word_1_502' title='bbox 3040 1447 3281 1518; x_wconf 87' lang='lat' dir='ltr'><strong>profecto</strong></span> <span class='ocrx_word' id='word_1_503' title='bbox 3305 1439 3498 1510; x_wconf 68' lang='lat' dir='ltr'><strong>alicubi</strong></span> 
     </span>
    </p>
   </div>
   <div class='ocr_carea' id='block_1_74' title="bbox 1908 1526 3498 1617">
    <p class='ocr_par' dir='ltr' id='par_1_74' title="bbox 1908 1526 3498 1617">
     <span class='ocr_line' id='line_1_74' title="bbox 1908 1526 3498 1617; baseline 0.016 -39"><span class='ocrx_word' id='word_1_504' title='bbox 1908 1526 1960 1580; x_wconf 90' lang='lat' dir='ltr'><strong>in</strong></span> <span class='ocrx_word' id='word_1_505' title='bbox 2005 1530 2524 1587; x_wconf 68' lang='lat' dir='ltr'><strong>commutationibus</strong></span> <span class='ocrx_word' id='word_1_506' title='bbox 2567 1533 2844 1590; x_wconf 84' lang='lat' dir='ltr'><strong>hominum</strong></span> <span class='ocrx_word' id='word_1_507' title='bbox 2895 1553 3235 1597; x_wconf 88' lang='lat' dir='ltr'><strong>communem</strong></span> <span class='ocrx_word' id='word_1_508' title='bbox 3281 1559 3498 1617; x_wconf 71' lang='lat' dir='ltr'><strong>gregem</strong></span> 
     </span>
    </p>
   </div>
   <div class='ocr_carea' id='block_1_75' title="bbox 1906 1617 3500 1708">
    <p class='ocr_par' dir='ltr' id='par_1_75' title="bbox 1906 1617 3500 1708">
     <span class='ocr_line' id='line_1_75' title="bbox 1906 1617 3500 1708; baseline 0.015 -37"><span class='ocrx_word' id='word_1_509' title='bbox 1906 1617 2066 1672; x_wconf 90' lang='lat' dir='ltr'><strong>simul</strong></span> <span class='ocrx_word' id='word_1_510' title='bbox 2095 1618 2147 1674; x_wconf 91' lang='lat' dir='ltr'><strong>in</strong></span> <span class='ocrx_word' id='word_1_511' title='bbox 2173 1632 2460 1678; x_wconf 82' lang='lat' dir='ltr'><strong>commune</strong></span> <span class='ocrx_word' id='word_1_512' title='bbox 2497 1632 2805 1694; x_wconf 84' lang='lat' dir='ltr'><strong>pascentem</strong></span> <span class='ocrx_word' id='word_1_513' title='bbox 2826 1669 2841 1695; x_wconf 97' lang='lat'><strong>,</strong></span> <span class='ocrx_word' id='word_1_514' title='bbox 2874 1629 2967 1684; x_wconf 89' lang='lat' dir='ltr'><strong>sed</strong></span> <span class='ocrx_word' id='word_1_515' title='bbox 3006 1647 3128 1687; x_wconf 87' lang='lat' dir='ltr'><strong>cum</strong></span> <span class='ocrx_word' id='word_1_516' title='bbox 3159 1649 3342 1691; x_wconf 86' lang='lat' dir='ltr'><strong>rursus</strong></span> <span class='ocrx_word' id='word_1_517' title='bbox 3369 1652 3500 1708; x_wconf 76' lang='lat' dir='ltr'><strong>grex</strong></span> 
     </span>
    </p>
   </div>
   <div class='ocr_carea' id='block_1_76' title="bbox 1903 1712 3501 1789">
    <p class='ocr_par' dir='ltr' id='par_1_76' title="bbox 1903 1712 3501 1789">
     <span class='ocr_line' id='line_1_76' title="bbox 1903 1712 3501 1789; baseline 0.015 -30"><span class='ocrx_word' id='word_1_518' title='bbox 1903 1721 2003 1776; x_wconf 85' lang='lat' dir='ltr'><strong>per</strong></span> <span class='ocrx_word' id='word_1_519' title='bbox 2051 1721 2392 1778; x_wconf 85' lang='lat' dir='ltr'><strong>possessores</strong></span> <span class='ocrx_word' id='word_1_520' title='bbox 2422 1712 2674 1769; x_wconf 80' lang='lat' dir='ltr'><strong>dividitur</strong></span> <span class='ocrx_word' id='word_1_521' title='bbox 2703 1718 2980 1789; x_wconf 88' lang='lat' dir='ltr'><strong>proprios,</strong></span> <span class='ocrx_word' id='word_1_522' title='bbox 3022 1727 3128 1777; x_wconf 87' lang='lat' dir='ltr'><strong>seu</strong></span> <span class='ocrx_word' id='word_1_523' title='bbox 3162 1727 3501 1783; x_wconf 86' lang='lat' dir='ltr'><strong>consuetudo</strong></span> 
     </span>
    </p>
   </div>
   <div class='ocr_carea' id='block_1_77' title="bbox 1905 1799 3499 1884">
    <p class='ocr_par' dir='ltr' id='par_1_77' title="bbox 1905 1799 3499 1884">
     <span class='ocr_line' id='line_1_77' title="bbox 1905 1799 3499 1884; baseline 0.013 -31"><span class='ocrx_word' id='word_1_524' title='bbox 1905 1799 2176 1865; x_wconf 89' lang='lat' dir='ltr'><strong>locorum,</strong></span> <span class='ocrx_word' id='word_1_525' title='bbox 2209 1811 2302 1855; x_wconf 75' lang='lat' dir='ltr'><strong>seu</strong></span> <span class='ocrx_word' id='word_1_526' title='bbox 2343 1801 2491 1871; x_wconf 82' lang='lat' dir='ltr'><strong>signa</strong></span> <span class='ocrx_word' id='word_1_527' title='bbox 2521 1803 2804 1874; x_wconf 86' lang='lat' dir='ltr'><strong>pecoribus</strong></span> <span class='ocrx_word' id='word_1_528' title='bbox 2846 1808 3132 1879; x_wconf 55' lang='lat' dir='ltr'><strong>imposita,</strong></span> <span class='ocrx_word' id='word_1_529' title='bbox 3171 1815 3317 1884; x_wconf 88' lang='lat' dir='ltr'><strong>quod</strong></span> <span class='ocrx_word' id='word_1_530' title='bbox 3342 1805 3499 1874; x_wconf 80' lang='lat' dir='ltr'><strong>suum</strong></span> 
     </span>
    </p>
   </div>
   <div class='ocr_carea' id='block_1_78' title="bbox 1901 1885 3501 1980">
    <p class='ocr_par' dir='ltr' id='par_1_78' title="bbox 1901 1885 3501 1980">
     <span class='ocr_line' id='line_1_78' title="bbox 1901 1885 3501 1980; baseline 0.014 -38"><span class='ocrx_word' id='word_1_531' title='bbox 1901 1896 1986 1943; x_wconf 79' lang='lat' dir='ltr'><strong>cst</strong></span> <span class='ocrx_word' id='word_1_532' title='bbox 2007 1885 2241 1946; x_wconf 78' lang='lat' dir='ltr'><strong>restituit</strong></span> <span class='ocrx_word' id='word_1_533' title='bbox 2267 1891 2525 1962; x_wconf 76' lang='lat' dir='ltr'><strong>singulis:</strong></span> <span class='ocrx_word' id='word_1_534' title='bbox 2556 1895 2663 1952; x_wconf 88' lang='lat' dir='ltr'><strong>tale</strong></span> <span class='ocrx_word' id='word_1_535' title='bbox 2701 1897 2827 1968; x_wconf 86' lang='lat' dir='ltr'><strong>quid</strong></span> <span class='ocrx_word' id='word_1_536' title='bbox 2868 1909 2924 1954; x_wconf 87' lang='lat' dir='ltr'><strong>et</strong></span> <span class='ocrx_word' id='word_1_537' title='bbox 2963 1900 3030 1956; x_wconf 91' lang='lat' dir='ltr'><strong>de</strong></span> <span class='ocrx_word' id='word_1_538' title='bbox 3069 1905 3354 1978; x_wconf 85' lang='lat' dir='ltr'><strong>temetipso</strong></span> <span class='ocrx_word' id='word_1_539' title='bbox 3381 1921 3501 1980; x_wconf 86' lang='lat' dir='ltr'><strong>per-</strong></span> 
     </span>
    </p>
   </div>
   <div class='ocr_carea' id='block_1_79' title="bbox 1903 1984 3513 2058">
    <p class='ocr_par' dir='ltr' id='par_1_79' title="bbox 1903 1984 3513 2058">
     <span class='ocr_line' id='line_1_79' title="bbox 1903 1984 3513 2058; baseline 0.016 -26"><span class='ocrx_word' id='word_1_540' title='bbox 1903 1988 2166 2048; x_wconf 84' lang='lat' dir='ltr'><strong>tractans,</strong></span> <span class='ocrx_word' id='word_1_541' title='bbox 2198 1984 2419 2040; x_wconf 90' lang='lat' dir='ltr'><strong>minime</strong></span> <span class='ocrx_word' id='word_1_542' title='bbox 2448 1986 2515 2042; x_wconf 88' lang='lat' dir='ltr'><strong>ab</strong></span> <span class='ocrx_word' id='word_1_543' title='bbox 2545 2002 2611 2043; x_wconf 89' lang='lat' dir='ltr'><strong>eo</strong></span> <span class='ocrx_word' id='word_1_544' title='bbox 2640 1987 2787 2058; x_wconf 89' lang='lat' dir='ltr'><strong>quod</strong></span> <span class='ocrx_word' id='word_1_545' title='bbox 2823 1989 2981 2048; x_wconf 84' lang='lat' dir='ltr'><strong>decet</strong></span> <span class='ocrx_word' id='word_1_546' title='bbox 3009 1995 3306 2056; x_wconf 87' lang='lat' dir='ltr'><strong>aberrabis.</strong></span> <span class='ocrx_word' id='word_1_547' title='bbox 3336 1999 3513 2057; x_wconf 81' lang='lat' dir='ltr'><strong>Deni-&#39;</strong></span> 
     </span>
    </p>
   </div>
   <div class='ocr_carea' id='block_1_80' title="bbox 1899 2075 3500 2164">
    <p class='ocr_par' dir='ltr' id='par_1_80' title="bbox 1899 2075 3500 2164">
     <span class='ocr_line' id='line_1_80' title="bbox 1899 2075 3500 2164; baseline 0.017 -40"><span class='ocrx_word' id='word_1_548' title='bbox 1899 2083 2007 2141; x_wconf 70' lang='lat' dir='ltr'><strong>une</strong></span> <span class='ocrx_word' id='word_1_549' title='bbox 2031 2087 2150 2127; x_wconf 92' lang='lat' dir='ltr'><strong>cum</strong></span> <span class='ocrx_word' id='word_1_550' title='bbox 2177 2075 2406 2131; x_wconf 79' lang='lat' dir='ltr'><strong>naturali</strong></span> <span class='ocrx_word' id='word_1_551' title='bbox 2428 2079 2642 2134; x_wconf 88' lang='lat' dir='ltr'><strong>vinculo</strong></span> <span class='ocrx_word' id='word_1_552' title='bbox 2664 2089 2824 2153; x_wconf 88' lang='lat' dir='ltr'><strong>atque</strong></span> <span class='ocrx_word' id='word_1_553' title='bbox 2846 2084 3112 2142; x_wconf 82' lang='lat' dir='ltr'><strong>cliaritate</strong></span> <span class='ocrx_word' id='word_1_554' title='bbox 3133 2085 3273 2146; x_wconf 86' lang='lat' dir='ltr'><strong>circa</strong></span> <span class='ocrx_word' id='word_1_555' title='bbox 3303 2106 3500 2164; x_wconf 77' lang='lat' dir='ltr'><strong>corpus</strong></span> 
     </span>
    </p>
   </div>
   <div class='ocr_carea' id='block_1_81' title="bbox 1893 2165 3495 2244">
    <p class='ocr_par' dir='ltr' id='par_1_81' title="bbox 1893 2165 3495 2244">
     <span class='ocr_line' id='line_1_81' title="bbox 1893 2165 3495 2244; baseline 0.013 -26"><span class='ocrx_word' id='word_1_556' title='bbox 1893 2165 2056 2218; x_wconf 81' lang='lat' dir='ltr'><strong>suum</strong></span> <span class='ocrx_word' id='word_1_557' title='bbox 2087 2165 2230 2234; x_wconf 90' lang='lat' dir='ltr'><strong>quod</strong></span> <span class='ocrx_word' id='word_1_558' title='bbox 2261 2165 2579 2223; x_wconf 81' lang='lat' dir='ltr'><strong>inhabitavit</strong></span> <span class='ocrx_word' id='word_1_559' title='bbox 2607 2171 2784 2228; x_wconf 89' lang='lat' dir='ltr'><strong>anima</strong></span> <span class='ocrx_word' id='word_1_560' title='bbox 2811 2172 3028 2231; x_wconf 87' lang='lat' dir='ltr'><strong>detenta</strong></span> <span class='ocrx_word' id='word_1_561' title='bbox 3058 2179 3148 2244; x_wconf 87' lang='lat' dir='ltr'><strong>sit,</strong></span> <span class='ocrx_word' id='word_1_562' title='bbox 3180 2180 3319 2236; x_wconf 86' lang='lat' dir='ltr'><strong>inest</strong></span> <span class='ocrx_word' id='word_1_563' title='bbox 3345 2183 3394 2237; x_wconf 85' lang='lat' dir='ltr'><strong>ei</strong></span> <span class='ocrx_word' id='word_1_564' title='bbox 3420 2183 3495 2238; x_wconf 75' lang='lat' dir='ltr'><strong>la~</strong></span> 
     </span>
    </p>
   </div>
   <div class='ocr_carea' id='block_1_82' title="bbox 1893 2253 3498 2334">
    <p class='ocr_par' dir='ltr' id='par_1_82' title="bbox 1893 2253 3498 2334">
     <span class='ocr_line' id='line_1_82' title="bbox 1893 2253 3498 2334; baseline 0.015 -25"><span class='ocrx_word' id='word_1_565' title='bbox 1893 2253 2026 2311; x_wconf 57' lang='lat' dir='ltr'><strong>&#39;tens</strong></span> <span class='ocrx_word' id='word_1_566' title='bbox 2054 2256 2297 2326; x_wconf 65' lang='lat' dir='ltr'><strong>quaedam</strong></span> <span class='ocrx_word' id='word_1_567' title='bbox 2341 2261 2628 2330; x_wconf 83' lang='lat' dir='ltr'><strong>permixtio</strong></span> <span class='ocrx_word' id='word_1_568' title='bbox 2659 2269 3004 2334; x_wconf 87' lang='lat' dir='ltr'><strong>quamnunc</strong></span> <span class='ocrx_word' id='word_1_569' title='bbox 3033 2268 3232 2326; x_wconf 88' lang='lat' dir='ltr'><strong>habent</strong></span> <span class='ocrx_word' id='word_1_570' title='bbox 3269 2273 3498 2333; x_wconf 79' lang='lat' dir='ltr'><strong>invicem</strong></span> 
     </span>
    </p>
   </div>
   <div class='ocr_carea' id='block_1_83' title="bbox 1902 2344 3498 2436">
    <p class='ocr_par' dir='ltr' id='par_1_83' title="bbox 1902 2344 3498 2436">
     <span class='ocr_line' id='line_1_83' title="bbox 1902 2344 3498 2436; baseline 0.014 -38"><span class='ocrx_word' id='word_1_571' title='bbox 1902 2344 2117 2402; x_wconf 73' lang='lat' dir='ltr'><strong>affectio</strong></span> <span class='ocrx_word' id='word_1_572' title='bbox 2145 2348 2388 2419; x_wconf 72' lang='lat' dir='ltr'><strong>qnmdam</strong></span> <span class='ocrx_word' id='word_1_573' title='bbox 2434 2347 2879 2424; x_wconf 55' lang='lat' dir='ltr'><strong>atque&#39;cognitio,</strong></span> <span class='ocrx_word' id='word_1_574' title='bbox 2909 2358 3073 2414; x_wconf 84' lang='lat' dir='ltr'><strong>veluti</strong></span> <span class='ocrx_word' id='word_1_575' title='bbox 3102 2375 3133 2414; x_wconf 89' lang='lat' dir='ltr'><strong>a</strong></span> <span class='ocrx_word' id='word_1_576' title='bbox 3163 2370 3351 2419; x_wconf 86' lang='lat' dir='ltr'><strong>natura</strong></span> <span class='ocrx_word' id='word_1_577' title='bbox 3379 2361 3498 2436; x_wconf 65' lang='lat' dir='ltr'><strong>qui.</strong></span> 
     </span>
    </p>
   </div>
   <div class='ocr_carea' id='block_1_84' title="bbox 1899 2436 3497 2517">
    <p class='ocr_par' dir='ltr' id='par_1_84' title="bbox 1899 2436 3497 2517">
     <span class='ocr_line' id='line_1_84' title="bbox 1899 2436 3497 2517; baseline 0.012 -25"><span class='ocrx_word' id='word_1_578' title='bbox 1899 2436 2127 2494; x_wconf 85' lang='lat' dir='ltr'><strong>busdam</strong></span> <span class='ocrx_word' id='word_1_579' title='bbox 2161 2439 2325 2509; x_wconf 80' lang='lat' dir='ltr'><strong>signis</strong></span> <span class='ocrx_word' id='word_1_580' title='bbox 2353 2439 2638 2512; x_wconf 82' lang='lat' dir='ltr'><strong>impositis,</strong></span> <span class='ocrx_word' id='word_1_581' title='bbox 2664 2455 2763 2516; x_wconf 88' lang='lat' dir='ltr'><strong>per</strong></span> <span class='ocrx_word' id='word_1_582' title='bbox 2785 2455 2904 2517; x_wconf 68' lang='lat' dir='ltr'><strong>qua:</strong></span> <span class='ocrx_word' id='word_1_583' title='bbox 2927 2453 3284 2509; x_wconf 84' lang='lat' dir='ltr'><strong>ceinmnnitas</strong></span> <span class='ocrx_word' id='word_1_584' title='bbox 3311 2454 3497 2512; x_wconf 70' lang='lat' dir='ltr'><strong>incon~</strong></span> 
     </span>
    </p>
   </div>
   <div class='ocr_carea' id='block_1_85' title="bbox 1889 2527 3498 2617">
    <p class='ocr_par' dir='ltr' id='par_1_85' title="bbox 1889 2527 3498 2617">
     <span class='ocr_line' id='line_1_85' title="bbox 1889 2527 3498 2617; baseline 0.014 -36"><span class='ocrx_word' id='word_1_585' title='bbox 1889 2527 2018 2583; x_wconf 81' lang='lat' dir='ltr'><strong>&quot;fusa</strong></span> <span class='ocrx_word' id='word_1_586' title='bbox 2061 2545 2385 2601; x_wconf 85' lang='lat' dir='ltr'><strong>permanens</strong></span> <span class='ocrx_word' id='word_1_587' title='bbox 2428 2534 2764 2592; x_wconf 79' lang='lat' dir='ltr'><strong>discernatur</strong></span> <span class='ocrx_word' id='word_1_588' title='bbox 2807 2541 3226 2610; x_wconf 70' lang='lat' dir='ltr'><strong>proprietatibUs</strong></span> <span class='ocrx_word' id='word_1_589' title='bbox 3257 2545 3498 2617; x_wconf 80' lang='lat' dir='ltr'><strong>singulo-</strong></span> 
     </span>
    </p>
   </div>
   <div class='ocr_carea' id='block_1_86' title="bbox 1893 2621 3496 2709">
    <p class='ocr_par' dir='ltr' id='par_1_86' title="bbox 1893 2621 3496 2709">
     <span class='ocr_line' id='line_1_86' title="bbox 1893 2621 3496 2709; baseline 0.014 -33"><span class='ocrx_word' id='word_1_590' title='bbox 1893 2635 2041 2676; x_wconf 82' lang='lat' dir='ltr'><strong>rum.</strong></span> <span class='ocrx_word' id='word_1_591' title='bbox 2087 2621 2220 2677; x_wconf 89' lang='lat' dir='ltr'><strong>Cum</strong></span> <span class='ocrx_word' id='word_1_592' title='bbox 2277 2624 2438 2692; x_wconf 77' lang='lat' dir='ltr'><strong>igitur</strong></span> <span class='ocrx_word' id='word_1_593' title='bbox 2484 2626 2661 2680; x_wconf 86' lang='lat' dir='ltr'><strong>anima</strong></span> <span class='ocrx_word' id='word_1_594' title='bbox 2697 2638 2979 2698; x_wconf 80' lang='lat' dir='ltr'><strong>cognatam</strong></span> <span class='ocrx_word' id='word_1_595' title='bbox 3035 2641 3198 2704; x_wconf 83' lang='lat' dir='ltr'><strong>atque</strong></span> <span class='ocrx_word' id='word_1_596' title='bbox 3227 2641 3496 2709; x_wconf 85' lang='lat' dir='ltr'><strong>propriam</strong></span> 
     </span>
    </p>
   </div>
   <div class='ocr_carea' id='block_1_87' title="bbox 1902 2711 3498 2796">
    <p class='ocr_par' dir='ltr' id='par_1_87' title="bbox 1902 2711 3498 2796">
     <span class='ocr_line' id='line_1_87' title="bbox 1902 2711 3498 2796; baseline 0.014 -28"><span class='ocrx_word' id='word_1_597' title='bbox 1902 2727 2014 2768; x_wconf 87' lang='lat' dir='ltr'><strong>rem</strong></span> <span class='ocrx_word' id='word_1_598' title='bbox 2039 2713 2104 2769; x_wconf 87' lang='lat' dir='ltr'><strong>ad</strong></span> <span class='ocrx_word' id='word_1_599' title='bbox 2125 2711 2471 2786; x_wconf 74' lang='lat' dir='ltr'><strong>semetipsum</strong></span> <span class='ocrx_word' id='word_1_600' title='bbox 2493 2728 2676 2776; x_wconf 81' lang='lat' dir='ltr'><strong>l‘ill&#39;SUS</strong></span> <span class='ocrx_word' id='word_1_601' title='bbox 2696 2711 2998 2793; x_wconf 82' lang='lat' dir='ltr'><strong>attraxerit,</strong></span> <span class='ocrx_word' id='word_1_602' title='bbox 3024 2727 3163 2794; x_wconf 81' lang='lat' dir='ltr'><strong>quis,</strong></span> <span class='ocrx_word' id='word_1_603' title='bbox 3191 2729 3311 2796; x_wconf 86' lang='lat' dir='ltr'><strong>oro,</strong></span> <span class='ocrx_word' id='word_1_604' title='bbox 3344 2730 3498 2790; x_wconf 81' lang='lat' dir='ltr'><strong>labor</strong></span> 
     </span>
    </p>
   </div>
   <div class='ocr_carea' id='block_1_88' title="bbox 1901 2802 3492 2883">
    <p class='ocr_par' dir='ltr' id='par_1_88' title="bbox 1901 2802 3492 2883">
     <span class='ocr_line' id='line_1_88' title="bbox 1901 2802 3492 2883; baseline 0.014 -26"><span class='ocrx_word' id='word_1_605' title='bbox 1901 2802 2081 2859; x_wconf 81' lang='lat' dir='ltr'><strong>divina</strong></span> <span class='ocrx_word' id='word_1_606' title='bbox 2145 2809 2443 2876; x_wconf 67' lang='lat' dir='ltr'><strong>priesertim</strong></span> <span class='ocrx_word' id='word_1_607' title='bbox 2509 2823 2618 2867; x_wconf 91' lang='lat' dir='ltr'><strong>non</strong></span> <span class='ocrx_word' id='word_1_608' title='bbox 2687 2813 3256 2883; x_wconf 75' lang='lat' dir='ltr'><strong>prohibente&#39;natura</strong></span> <span class='ocrx_word' id='word_1_609' title='bbox 3322 2823 3492 2880; x_wconf 84' lang='lat' dir='ltr'><strong>virtu-</strong></span> 
     </span>
    </p>
   </div>
   <div class='ocr_carea' id='block_1_89' title="bbox 1900 2902 3495 2976">
    <p class='ocr_par' dir='ltr' id='par_1_89' title="bbox 1900 2902 3495 2976">
     <span class='ocr_line' id='line_1_89' title="bbox 1900 2902 3495 2976; baseline 0.016 -28"><span class='ocrx_word' id='word_1_610' title='bbox 1900 2902 2043 2963; x_wconf 82' lang='lat' dir='ltr'><strong>tem,</strong></span> <span class='ocrx_word' id='word_1_611' title='bbox 2085 2905 2143 2951; x_wconf 89' lang='lat' dir='ltr'><strong>ut</strong></span> <span class='ocrx_word' id='word_1_612' title='bbox 2181 2913 2278 2953; x_wconf 88' lang='lat' dir='ltr'><strong>sua</strong></span> <span class='ocrx_word' id='word_1_613' title='bbox 2317 2913 2504 2957; x_wconf 90' lang='lat' dir='ltr'><strong>rursus</strong></span> <span class='ocrx_word' id='word_1_614' title='bbox 2551 2902 2606 2957; x_wconf 88' lang='lat' dir='ltr'><strong>in</strong></span> <span class='ocrx_word' id='word_1_615' title='bbox 2644 2913 2704 2959; x_wconf 84' lang='lat' dir='ltr'><strong>se</strong></span> <span class='ocrx_word' id='word_1_616' title='bbox 2747 2909 3098 2976; x_wconf 82' lang='lat' dir='ltr'><strong>conveniant,</strong></span> <span class='ocrx_word' id='word_1_617' title='bbox 3143 2914 3199 2966; x_wconf 85' lang='lat' dir='ltr'><strong>et</strong></span> <span class='ocrx_word' id='word_1_618' title='bbox 3240 2911 3495 2976; x_wconf 75' lang='lat' dir='ltr'><strong>ineffabili</strong></span> 
     </span>
    </p>
   </div>
   <div class='ocr_carea' id='block_1_90' title="bbox 1899 2989 3496 3076">
    <p class='ocr_par' dir='ltr' id='par_1_90' title="bbox 1899 2989 3496 3076">
     <span class='ocr_line' id='line_1_90' title="bbox 1899 2989 3496 3076; baseline 0.013 -33"><span class='ocrx_word' id='word_1_619' title='bbox 1899 2989 2130 3060; x_wconf 85' lang='lat' dir='ltr'><strong>quadam</strong></span> <span class='ocrx_word' id='word_1_620' title='bbox 2159 3000 2361 3048; x_wconf 73' lang='lat' dir='ltr'><strong>natum</strong></span> <span class='ocrx_word' id='word_1_621' title='bbox 2387 2996 2740 3052; x_wconf 86' lang='lat' dir='ltr'><strong>concursione</strong></span> <span class='ocrx_word' id='word_1_622' title='bbox 2766 2999 2831 3053; x_wconf 90' lang='lat' dir='ltr'><strong>ad</strong></span> <span class='ocrx_word' id='word_1_623' title='bbox 2855 3002 3068 3072; x_wconf 76' lang='lat' dir='ltr'><strong>propria</strong></span> <span class='ocrx_word' id='word_1_624' title='bbox 3111 3011 3338 3076; x_wconf 58' lang='lat' dir='ltr'><strong>itumque</strong></span> <span class='ocrx_word' id='word_1_625' title='bbox 3367 3024 3496 3064; x_wconf 74' lang='lat' dir='ltr'><strong>cou-</strong></span> 
     </span>
    </p>
   </div>
   <div class='ocr_carea' id='block_1_91' title="bbox 1902 3077 3495 3163">
    <p class='ocr_par' dir='ltr' id='par_1_91' title="bbox 1902 3077 3495 3163">
     <span class='ocr_line' id='line_1_91' title="bbox 1902 3077 3495 3163; baseline 0.012 -28"><span class='ocrx_word' id='word_1_626' title='bbox 1902 3077 2167 3138; x_wconf 83' lang='lat' dir='ltr'><strong>tendant?</strong></span> <span class='ocrx_word' id='word_1_627' title='bbox 2198 3082 2351 3152; x_wconf 88' lang='lat' dir='ltr'><strong>Quod</strong></span> <span class='ocrx_word' id='word_1_628' title='bbox 2396 3095 2579 3141; x_wconf 89' lang='lat' dir='ltr'><strong>autem</strong></span> <span class='ocrx_word' id='word_1_629' title='bbox 2610 3088 2800 3144; x_wconf 77' lang='lat' dir='ltr'><strong>anima:</strong></span> <span class='ocrx_word' id='word_1_630' title='bbox 2845 3098 2902 3145; x_wconf 91' lang='lat' dir='ltr'><strong>et</strong></span> <span class='ocrx_word' id='word_1_631' title='bbox 2943 3101 3066 3163; x_wconf 87' lang='lat' dir='ltr'><strong>post</strong></span> <span class='ocrx_word' id='word_1_632' title='bbox 3111 3093 3495 3154; x_wconf 78' lang='lat' dir='ltr'><strong>reSolutioncm</strong></span> 
     </span>
    </p>
   </div>
   <div class='ocr_carea' id='block_1_92' title="bbox 1897 3171 3488 3258">
    <p class='ocr_par' dir='ltr' id='par_1_92' title="bbox 1897 3171 3488 3258">
     <span class='ocr_line' id='line_1_92' title="bbox 1897 3171 3488 3258; baseline 0.009 -30"><span class='ocrx_word' id='word_1_633' title='bbox 1897 3171 2051 3241; x_wconf 80' lang='lat' dir='ltr'><strong>signa</strong></span> <span class='ocrx_word' id='word_1_634' title='bbox 2097 3175 2341 3244; x_wconf 62' lang='lat' dir='ltr'><strong>quaedam</strong></span> <span class='ocrx_word' id='word_1_635' title='bbox 2391 3178 2836 3235; x_wconf 89' lang='lat' dir='ltr'><strong>conformationis</strong></span> <span class='ocrx_word' id='word_1_636' title='bbox 2877 3190 3071 3238; x_wconf 66' lang='lat' dir='ltr'><strong>nostra:</strong></span> <span class='ocrx_word' id='word_1_637' title='bbox 3107 3198 3488 3258; x_wconf 87' lang='lat' dir='ltr'><strong>permaneant,</strong></span> 
     </span>
    </p>
   </div>
   <div class='ocr_carea' id='block_1_93' title="bbox 1900 3264 3494 3348">
    <p class='ocr_par' dir='ltr' id='par_1_93' title="bbox 1900 3264 3494 3348">
     <span class='ocr_line' id='line_1_93' title="bbox 1900 3264 3494 3348; baseline 0.009 -30"><span class='ocrx_word' id='word_1_638' title='bbox 1900 3264 2136 3320; x_wconf 86' lang='lat' dir='ltr'><strong>ostendit</strong></span> <span class='ocrx_word' id='word_1_639' title='bbox 2165 3265 2252 3320; x_wconf 87' lang='lat' dir='ltr'><strong>illa</strong></span> <span class='ocrx_word' id='word_1_640' title='bbox 2299 3265 2592 3337; x_wconf 80' lang='lat' dir='ltr'><strong>diSputatio</strong></span> <span class='ocrx_word' id='word_1_641' title='bbox 2639 3277 2758 3341; x_wconf 68' lang='lat' dir='ltr'><strong>mire</strong></span> <span class='ocrx_word' id='word_1_642' title='bbox 2799 3270 2940 3342; x_wconf 88' lang='lat' dir='ltr'><strong>apud</strong></span> <span class='ocrx_word' id='word_1_643' title='bbox 2981 3273 3179 3330; x_wconf 78' lang='lat' dir='ltr'><strong>inferos</strong></span> <span class='ocrx_word' id='word_1_644' title='bbox 3210 3273 3350 3331; x_wconf 85' lang='lat' dir='ltr'><strong>facta</strong></span> <span class='ocrx_word' id='word_1_645' title='bbox 3381 3271 3494 3348; x_wconf 77' lang='lat' dir='ltr'><strong>est,</strong></span> 
     </span>
    </p>
   </div>
   <div class='ocr_carea' id='block_1_94' title="bbox 1891 3356 3494 3434">
    <p class='ocr_par' dir='ltr' id='par_1_94' title="bbox 1891 3356 3494 3434">
     <span class='ocr_line' id='line_1_94' title="bbox 1891 3356 3494 3434; baseline 0.008 -24"><span class='ocrx_word' id='word_1_646' title='bbox 1891 3356 2113 3427; x_wconf 87' lang='lat' dir='ltr'><strong>quando</strong></span> <span class='ocrx_word' id='word_1_647' title='bbox 2143 3358 2462 3428; x_wconf 85' lang='lat' dir='ltr'><strong>corporibus</strong></span> <span class='ocrx_word' id='word_1_648' title='bbox 2483 3357 2593 3430; x_wconf 86' lang='lat' dir='ltr'><strong>jam</strong></span> <span class='ocrx_word' id='word_1_649' title='bbox 2623 3361 2914 3434; x_wconf 78' lang='lat' dir='ltr'><strong>sepultura:</strong></span> <span class='ocrx_word' id='word_1_650' title='bbox 2955 3365 3181 3432; x_wconf 82' lang='lat' dir='ltr'><strong>traditis,</strong></span> <span class='ocrx_word' id='word_1_651' title='bbox 3214 3367 3494 3424; x_wconf 76' lang='lat' dir='ltr'><strong>animabus</strong></span> 
     </span>
    </p>
   </div>
   <div class='ocr_carea' id='block_1_95' title="bbox 1889 3449 3493 3529">
    <p class='ocr_par' dir='ltr' id='par_1_95' title="bbox 1889 3449 3493 3529">
     <span class='ocr_line' id='line_1_95' title="bbox 1889 3449 3493 3529; baseline 0.007 -25"><span class='ocrx_word' id='word_1_652' title='bbox 1889 3449 2450 3522; x_wconf 72' lang='lat' dir='ltr'><strong>inliteserat‘qutedam</strong></span> <span class='ocrx_word' id='word_1_653' title='bbox 2500 3453 2688 3508; x_wconf 91' lang='lat' dir='ltr'><strong>notitia</strong></span> <span class='ocrx_word' id='word_1_654' title='bbox 2736 3457 3062 3526; x_wconf 87' lang='lat' dir='ltr'><strong>corporalis,</strong></span> <span class='ocrx_word' id='word_1_655' title='bbox 3109 3471 3206 3528; x_wconf 86' lang='lat' dir='ltr'><strong>per</strong></span> <span class='ocrx_word' id='word_1_656' title='bbox 3248 3472 3408 3529; x_wconf 87' lang='lat' dir='ltr'><strong>quam</strong></span> <span class='ocrx_word' id='word_1_657' title='bbox 3439 3471 3493 3521; x_wconf 86' lang='lat' dir='ltr'><strong>ct</strong></span> 
     </span>
    </p>
   </div>
   <div class='ocr_carea' id='block_1_96' title="bbox 1898 3541 3492 3622">
    <p class='ocr_par' dir='ltr' id='par_1_96' title="bbox 1898 3541 3492 3622">
     <span class='ocr_line' id='line_1_96' title="bbox 1898 3541 3492 3622; baseline 0.007 -24"><span class='ocrx_word' id='word_1_658' title='bbox 1898 3541 2132 3598; x_wconf 85' lang='lat' dir='ltr'><strong>Lazarus</strong></span> <span class='ocrx_word' id='word_1_659' title='bbox 2157 3543 2394 3612; x_wconf 80' lang='lat' dir='ltr'><strong>agnosci,</strong></span> <span class='ocrx_word' id='word_1_660' title='bbox 2419 3556 2517 3599; x_wconf 88' lang='lat' dir='ltr'><strong>nec</strong></span> <span class='ocrx_word' id='word_1_661' title='bbox 2537 3545 2686 3622; x_wconf 86' lang='lat' dir='ltr'><strong>dives</strong></span> <span class='ocrx_word' id='word_1_662' title='bbox 2712 3545 2887 3616; x_wconf 88' lang='lat' dir='ltr'><strong>potuit</strong></span> <span class='ocrx_word' id='word_1_663' title='bbox 2913 3547 3168 3616; x_wconf 83' lang='lat' dir='ltr'><strong>ignorari.</strong></span> <span class='ocrx_word' id='word_1_664' title='bbox 3192 3545 3333 3606; x_wconf 80' lang='lat' dir='ltr'><strong>Nihil</strong></span> <span class='ocrx_word' id='word_1_665' title='bbox 3362 3565 3492 3620; x_wconf 81' lang='lat' dir='ltr'><strong>ergo</strong></span> 
     </span>
    </p>
   </div>
   <div class='ocr_carea' id='block_1_97' title="bbox 1896 3639 3492 3718">
    <p class='ocr_par' dir='ltr' id='par_1_97' title="bbox 1896 3639 3492 3718">
     <span class='ocr_line' id='line_1_97' title="bbox 1896 3639 3492 3718; baseline 0.005 -23"><span class='ocrx_word' id='word_1_666' title='bbox 1896 3648 2047 3696; x_wconf 87' lang='lat' dir='ltr'><strong>extra</strong></span> <span class='ocrx_word' id='word_1_667' title='bbox 2069 3641 2333 3696; x_wconf 86' lang='lat' dir='ltr'><strong>rationem</strong></span> <span class='ocrx_word' id='word_1_668' title='bbox 2364 3647 2464 3706; x_wconf 83' lang='lat' dir='ltr'><strong>est.</strong></span> <span class='ocrx_word' id='word_1_669' title='bbox 2498 3639 2542 3696; x_wconf 88' lang='lat' dir='ltr'><strong>si</strong></span> <span class='ocrx_word' id='word_1_670' title='bbox 2566 3640 2818 3695; x_wconf 85' lang='lat' dir='ltr'><strong>credatur</strong></span> <span class='ocrx_word' id='word_1_671' title='bbox 2844 3651 2911 3696; x_wconf 75' lang='lat' dir='ltr'><strong>ex</strong></span> <span class='ocrx_word' id='word_1_672' title='bbox 2937 3644 3208 3699; x_wconf 90' lang='lat' dir='ltr'><strong>communi</strong></span> <span class='ocrx_word' id='word_1_673' title='bbox 3248 3647 3492 3718; x_wconf 89' lang='lat' dir='ltr'><strong>proprie-</strong></span> 
     </span>
    </p>
   </div>
   <div class='ocr_carea' id='block_1_98' title="bbox 1897 3730 3492 3805">
    <p class='ocr_par' dir='ltr' id='par_1_98' title="bbox 1897 3730 3492 3805">
     <span class='ocr_line' id='line_1_98' title="bbox 1897 3730 3492 3805; baseline 0.006 -21"><span class='ocrx_word' id='word_1_674' title='bbox 1897 3739 2008 3786; x_wconf 88' lang='lat' dir='ltr'><strong>tate</strong></span> <span class='ocrx_word' id='word_1_675' title='bbox 2039 3731 2442 3801; x_wconf 80' lang='lat' dir='ltr'><strong>resurgentibus</strong></span> <span class='ocrx_word' id='word_1_676' title='bbox 2485 3730 2661 3787; x_wconf 89' lang='lat' dir='ltr'><strong>redire</strong></span> <span class='ocrx_word' id='word_1_677' title='bbox 2689 3731 3040 3805; x_wconf 85' lang='lat' dir='ltr'><strong>corporibus,</strong></span> <span class='ocrx_word' id='word_1_678' title='bbox 3072 3741 3127 3788; x_wconf 89' lang='lat' dir='ltr'><strong>et</strong></span> <span class='ocrx_word' id='word_1_679' title='bbox 3162 3737 3396 3794; x_wconf 82' lang='lat' dir='ltr'><strong>maxime</strong></span> <span class='ocrx_word' id='word_1_680' title='bbox 3438 3739 3492 3795; x_wconf 87' lang='lat' dir='ltr'><strong>id</strong></span> 
     </span>
    </p>
   </div>
   <div class='ocr_carea' id='block_1_99' title="bbox 1895 3820 3492 3896">
    <p class='ocr_par' dir='ltr' id='par_1_99' title="bbox 1895 3820 3492 3896">
     <span class='ocr_line' id='line_1_99' title="bbox 1895 3820 3492 3896; baseline 0.006 -21"><span class='ocrx_word' id='word_1_681' title='bbox 1895 3821 2273 3877; x_wconf 81' lang='lat' dir='ltr'><strong>animadvertit</strong></span> <span class='ocrx_word' id='word_1_682' title='bbox 2317 3820 2407 3892; x_wconf 87' lang='lat' dir='ltr'><strong>qui</strong></span> <span class='ocrx_word' id='word_1_683' title='bbox 2450 3830 2697 3877; x_wconf 89' lang='lat' dir='ltr'><strong>naturam</strong></span> <span class='ocrx_word' id='word_1_684' title='bbox 2726 3822 3015 3879; x_wconf 83' lang='lat' dir='ltr'><strong>studiosius</strong></span> <span class='ocrx_word' id='word_1_685' title='bbox 3047 3825 3367 3896; x_wconf 76' lang='lat' dir='ltr'><strong>investigare</strong></span> <span class='ocrx_word' id='word_1_686' title='bbox 3396 3845 3492 3884; x_wconf 92' lang='lat' dir='ltr'><strong>cu-</strong></span> 
     </span>
    </p>
   </div>
   <div class='ocr_carea' id='block_1_100' title="bbox 1894 3911 3492 3988">
    <p class='ocr_par' dir='ltr' id='par_1_100' title="bbox 1894 3911 3492 3988">
     <span class='ocr_line' id='line_1_100' title="bbox 1894 3911 3492 3988; baseline 0.008 -22"><span class='ocrx_word' id='word_1_687' title='bbox 1894 3913 2050 3966; x_wconf 82' lang='lat' dir='ltr'><strong>ravit.</strong></span> <span class='ocrx_word' id='word_1_688' title='bbox 2076 3911 2192 3966; x_wconf 84' lang='lat' dir='ltr'><strong>Non</strong></span> <span class='ocrx_word' id='word_1_689' title='bbox 2215 3913 2357 3967; x_wconf 89' lang='lat' dir='ltr'><strong>enim</strong></span> <span class='ocrx_word' id='word_1_690' title='bbox 2382 3922 2479 3986; x_wconf 81' lang='lat' dir='ltr'><strong>per</strong></span> <span class='ocrx_word' id='word_1_691' title='bbox 2506 3915 2686 3970; x_wconf 84' lang='lat' dir='ltr'><strong>Omnia</strong></span> <span class='ocrx_word' id='word_1_692' title='bbox 2713 3915 2882 3970; x_wconf 75' lang='lat' dir='ltr'><strong>fluunt</strong></span> <span class='ocrx_word' id='word_1_693' title='bbox 2909 3924 3068 3988; x_wconf 84' lang='lat' dir='ltr'><strong>atque</strong></span> <span class='ocrx_word' id='word_1_694' title='bbox 3091 3925 3492 3978; x_wconf 86' lang='lat' dir='ltr'><strong>commutantur</strong></span> 
     </span>
    </p>
   </div>
   <div class='ocr_carea' id='block_1_101' title="bbox 1895 4005 3490 4081">
    <p class='ocr_par' dir='ltr' id='par_1_101' title="bbox 1895 4005 3490 4081">
     <span class='ocr_line' id='line_1_101' title="bbox 1895 4005 3490 4081; baseline 0.009 -25"><span class='ocrx_word' id='word_1_695' title='bbox 1895 4010 1958 4057; x_wconf 80' lang='lat' dir='ltr'><strong>ea</strong></span> <span class='ocrx_word' id='word_1_696' title='bbox 2013 4017 2132 4072; x_wconf 77' lang='lat' dir='ltr'><strong>qua:</strong></span> <span class='ocrx_word' id='word_1_697' title='bbox 2180 4011 2362 4058; x_wconf 82' lang='lat' dir='ltr'><strong>nostra</strong></span> <span class='ocrx_word' id='word_1_698' title='bbox 2410 4014 2568 4072; x_wconf 86' lang='lat' dir='ltr'><strong>sunt;</strong></span> <span class='ocrx_word' id='word_1_699' title='bbox 2639 4005 2876 4078; x_wconf 87' lang='lat' dir='ltr'><strong>alioquin</strong></span> <span class='ocrx_word' id='word_1_700' title='bbox 2927 4005 3490 4081; x_wconf 77' lang='lat' dir='ltr'><strong>incomprehensibilia</strong></span> 
     </span>
    </p>
   </div>
   <div class='ocr_carea' id='block_1_102' title="bbox 1887 4093 3490 4177">
    <p class='ocr_par' dir='ltr' id='par_1_102' title="bbox 1887 4093 3490 4177">
     <span class='ocr_line' id='line_1_102' title="bbox 1887 4093 3490 4177; baseline 0.009 -30"><span class='ocrx_word' id='word_1_701' title='bbox 1887 4093 2116 4166; x_wconf 72' lang='lat' dir='ltr'><strong>‘prorsus</strong></span> <span class='ocrx_word' id='word_1_702' title='bbox 2161 4096 2481 4166; x_wconf 79' lang='lat' dir='ltr'><strong>existerent,</strong></span> <span class='ocrx_word' id='word_1_703' title='bbox 2533 4098 2732 4153; x_wconf 85' lang='lat' dir='ltr'><strong>nullam</strong></span> <span class='ocrx_word' id='word_1_704' title='bbox 2786 4100 3074 4158; x_wconf 88' lang='lat' dir='ltr'><strong>stationem</strong></span> <span class='ocrx_word' id='word_1_705' title='bbox 3114 4103 3364 4160; x_wconf 86' lang='lat' dir='ltr'><strong>habentia</strong></span> <span class='ocrx_word' id='word_1_706' title='bbox 3393 4121 3490 4177; x_wconf 86' lang='lat' dir='ltr'><strong>per</strong></span> 
     </span>
    </p>
   </div>
   <div class='ocr_carea' id='block_1_103' title="bbox 1894 4187 3490 4261">
    <p class='ocr_par' dir='ltr' id='par_1_103' title="bbox 1894 4187 3490 4261">
     <span class='ocr_line' id='line_1_103' title="bbox 1894 4187 3490 4261; baseline 0.008 -21"><span class='ocrx_word' id='word_1_707' title='bbox 1894 4195 2164 4242; x_wconf 88' lang='lat' dir='ltr'><strong>naturam.</strong></span> <span class='ocrx_word' id='word_1_708' title='bbox 2197 4187 2304 4242; x_wconf 90' lang='lat' dir='ltr'><strong>Sed</strong></span> <span class='ocrx_word' id='word_1_709' title='bbox 2351 4187 2658 4258; x_wconf 77' lang='lat' dir='ltr'><strong>diligentius</strong></span> <span class='ocrx_word' id='word_1_710' title='bbox 2705 4191 2985 4261; x_wconf 61' lang='lat' dir='ltr'><strong>eripiorata</strong></span> <span class='ocrx_word' id='word_1_711' title='bbox 3016 4194 3248 4260; x_wconf 89' lang='lat' dir='ltr'><strong>ratione,</strong></span> <span class='ocrx_word' id='word_1_712' title='bbox 3278 4196 3490 4253; x_wconf 89' lang='lat' dir='ltr'><strong>videtur</strong></span> 
     </span>
    </p>
   </div>
   <div class='ocr_carea' id='block_1_104' title="bbox 1894 4282 3488 4354">
    <p class='ocr_par' dir='ltr' id='par_1_104' title="bbox 1894 4282 3488 4354">
     <span class='ocr_line' id='line_1_104' title="bbox 1894 4282 3488 4354; baseline 0.006 -19"><span class='ocrx_word' id='word_1_713' title='bbox 1894 4294 2080 4335; x_wconf 89' lang='lat' dir='ltr'><strong>eorum</strong></span> <span class='ocrx_word' id='word_1_714' title='bbox 2110 4295 2228 4350; x_wconf 72' lang='lat' dir='ltr'><strong>qua:</strong></span> <span class='ocrx_word' id='word_1_715' title='bbox 2273 4282 2326 4336; x_wconf 86' lang='lat' dir='ltr'><strong>in</strong></span> <span class='ocrx_word' id='word_1_716' title='bbox 2373 4283 2528 4338; x_wconf 85' lang='lat' dir='ltr'><strong>nobis</strong></span> <span class='ocrx_word' id='word_1_717' title='bbox 2572 4288 2696 4338; x_wconf 89' lang='lat' dir='ltr'><strong>stmt</strong></span> <span class='ocrx_word' id='word_1_718' title='bbox 2740 4284 2940 4354; x_wconf 88' lang='lat' dir='ltr'><strong>aliquid</strong></span> <span class='ocrx_word' id='word_1_719' title='bbox 2978 4295 3152 4353; x_wconf 85' lang='lat' dir='ltr'><strong>stare,</strong></span> <span class='ocrx_word' id='word_1_720' title='bbox 3185 4288 3328 4342; x_wconf 89' lang='lat' dir='ltr'><strong>aliud</strong></span> <span class='ocrx_word' id='word_1_721' title='bbox 3359 4305 3488 4345; x_wconf 89' lang='lat' dir='ltr'><strong>vero</strong></span> 
     </span>
    </p>
   </div>
   <div class='ocr_carea' id='block_1_105' title="bbox 1893 4365 3485 4446">
    <p class='ocr_par' dir='ltr' id='par_1_105' title="bbox 1893 4365 3485 4446">
     <span class='ocr_line' id='line_1_105' title="bbox 1893 4365 3485 4446; baseline 0.008 -21"><span class='ocrx_word' id='word_1_722' title='bbox 1893 4365 2194 4426; x_wconf 85' lang='lat' dir='ltr'><strong>mutaIiOne</strong></span> <span class='ocrx_word' id='word_1_723' title='bbox 2215 4371 2472 4428; x_wconf 81' lang='lat' dir='ltr'><strong>deﬂuere.</strong></span> <span class='ocrx_word' id='word_1_724' title='bbox 2502 4372 2711 4445; x_wconf 89' lang='lat' dir='ltr'><strong>Corpus</strong></span> <span class='ocrx_word' id='word_1_725' title='bbox 2732 4376 2874 4430; x_wconf 88' lang='lat' dir='ltr'><strong>enim</strong></span> <span class='ocrx_word' id='word_1_726' title='bbox 2903 4391 3000 4446; x_wconf 84' lang='lat' dir='ltr'><strong>per</strong></span> <span class='ocrx_word' id='word_1_727' title='bbox 3026 4378 3357 4434; x_wconf 89' lang='lat' dir='ltr'><strong>incrementa</strong></span> <span class='ocrx_word' id='word_1_728' title='bbox 3388 4380 3485 4438; x_wconf 83' lang='lat' dir='ltr'><strong>de-</strong></span> 
     </span>
    </p>
   </div>
   <div class='ocr_carea' id='block_1_106' title="bbox 1893 4467 3488 4545">
    <p class='ocr_par' dir='ltr' id='par_1_106' title="bbox 1893 4467 3488 4545">
     <span class='ocr_line' id='line_1_106' title="bbox 1893 4467 3488 4545; baseline 0.007 -26"><span class='ocrx_word' id='word_1_729' title='bbox 1893 4467 2253 4536; x_wconf 85' lang='lat' dir='ltr'><strong>trimentaque</strong></span> <span class='ocrx_word' id='word_1_730' title='bbox 2279 4473 2535 4533; x_wconf 89' lang='lat' dir='ltr'><strong>mutatur,</strong></span> <span class='ocrx_word' id='word_1_731' title='bbox 2563 4467 2726 4523; x_wconf 86' lang='lat' dir='ltr'><strong>veluti</strong></span> <span class='ocrx_word' id='word_1_732' title='bbox 2747 4479 2924 4526; x_wconf 82' lang='lat' dir='ltr'><strong>vestes</strong></span> <span class='ocrx_word' id='word_1_733' title='bbox 2954 4469 3211 4541; x_wconf 87' lang='lat' dir='ltr'><strong>quasdam</strong></span> <span class='ocrx_word' id='word_1_734' title='bbox 3233 4489 3331 4545; x_wconf 88' lang='lat' dir='ltr'><strong>per</strong></span> <span class='ocrx_word' id='word_1_735' title='bbox 3358 4483 3488 4530; x_wconf 77' lang='lat' dir='ltr'><strong>tcta-</strong></span> 
     </span>
    </p>
   </div>
   <div class='ocr_carea' id='block_1_107' title="bbox 1891 4557 3487 4630">
    <p class='ocr_par' dir='ltr' id='par_1_107' title="bbox 1891 4557 3487 4630">
     <span class='ocr_line' id='line_1_107' title="bbox 1891 4557 3487 4630; baseline 0.006 -18"><span class='ocrx_word' id='word_1_736' title='bbox 1891 4568 1970 4614; x_wconf 89' lang='lat' dir='ltr'><strong>tes</strong></span> <span class='ocrx_word' id='word_1_737' title='bbox 1998 4559 2257 4628; x_wconf 87' lang='lat' dir='ltr'><strong>quasdam</strong></span> <span class='ocrx_word' id='word_1_738' title='bbox 2292 4573 2351 4615; x_wconf 88' lang='lat' dir='ltr'><strong>se</strong></span> <span class='ocrx_word' id='word_1_739' title='bbox 2399 4557 2629 4616; x_wconf 87' lang='lat' dir='ltr'><strong>iuduens</strong></span> <span class='ocrx_word' id='word_1_740' title='bbox 2677 4572 3102 4630; x_wconf 81' lang='lat' dir='ltr'><strong>consequentes;</strong></span> <span class='ocrx_word' id='word_1_741' title='bbox 3151 4573 3260 4618; x_wconf 88' lang='lat' dir='ltr'><strong>stat</strong></span> <span class='ocrx_word' id='word_1_742' title='bbox 3303 4576 3487 4622; x_wconf 84' lang='lat' dir='ltr'><strong>autem</strong></span> 
     </span>
    </p>
   </div>
   <div class='ocr_carea' id='block_1_108' title="bbox 1889 4641 3487 4729">
    <p class='ocr_par' dir='ltr' id='par_1_108' title="bbox 1889 4641 3487 4729">
     <span class='ocr_line' id='line_1_108' title="bbox 1889 4641 3487 4729; baseline 0.004 -24"><span class='ocrx_word' id='word_1_743' title='bbox 1889 4665 1986 4722; x_wconf 89' lang='lat' dir='ltr'><strong>per</strong></span> <span class='ocrx_word' id='word_1_744' title='bbox 2016 4667 2205 4706; x_wconf 89' lang='lat' dir='ltr'><strong>omnes</strong></span> <span class='ocrx_word' id='word_1_745' title='bbox 2233 4651 2330 4706; x_wconf 82' lang='lat' dir='ltr'><strong>ltas</strong></span> <span class='ocrx_word' id='word_1_746' title='bbox 2373 4653 2698 4708; x_wconf 85' lang='lat' dir='ltr'><strong>mutationes</strong></span> <span class='ocrx_word' id='word_1_747' title='bbox 2745 4641 2954 4724; x_wconf 87' lang='lat' dir='ltr'><strong>species</strong></span> <span class='ocrx_word' id='word_1_748' title='bbox 2981 4654 3487 4729; x_wconf 81' lang='lat' dir='ltr'><strong>inconvertibiliter,</strong></span> 
     </span>
    </p>
   </div>
   <div class='ocr_carea' id='block_1_109' title="bbox 1889 4741 3486 4821">
    <p class='ocr_par' dir='ltr' id='par_1_109' title="bbox 1889 4741 3486 4821">
     <span class='ocr_line' id='line_1_109' title="bbox 1889 4741 3486 4821; baseline 0.005 -22"><span class='ocrx_word' id='word_1_749' title='bbox 1889 4741 1942 4799; x_wconf 87' lang='lat' dir='ltr'><strong>in</strong></span> <span class='ocrx_word' id='word_1_750' title='bbox 1973 4757 2031 4799; x_wconf 89' lang='lat' dir='ltr'><strong>se</strong></span> <span class='ocrx_word' id='word_1_751' title='bbox 2060 4743 2208 4813; x_wconf 73' lang='lat' dir='ltr'><strong>signa</strong></span> <span class='ocrx_word' id='word_1_752' title='bbox 2240 4760 2360 4814; x_wconf 76' lang='lat' dir='ltr'><strong>quae</strong></span> <span class='ocrx_word' id='word_1_753' title='bbox 2403 4744 2506 4799; x_wconf 89' lang='lat' dir='ltr'><strong>sibi</strong></span> <span class='ocrx_word' id='word_1_754' title='bbox 2532 4745 2700 4800; x_wconf 85' lang='lat' dir='ltr'><strong>semel</strong></span> <span class='ocrx_word' id='word_1_755' title='bbox 2751 4761 2782 4800; x_wconf 90' lang='lat' dir='ltr'><strong>a</strong></span> <span class='ocrx_word' id='word_1_756' title='bbox 2828 4755 3014 4801; x_wconf 88' lang='lat' dir='ltr'><strong>natura</strong></span> <span class='ocrx_word' id='word_1_757' title='bbox 3053 4756 3178 4803; x_wconf 83' lang='lat' dir='ltr'><strong>sunt</strong></span> <span class='ocrx_word' id='word_1_758' title='bbox 3224 4747 3486 4821; x_wconf 82' lang='lat' dir='ltr'><strong>impressa</strong></span> 
     </span>
    </p>
   </div>
   <div class='ocr_carea' id='block_1_110' title="bbox 1892 4835 3487 4910">
    <p class='ocr_par' dir='ltr' id='par_1_110' title="bbox 1892 4835 3487 4910">
     <span class='ocr_line' id='line_1_110' title="bbox 1892 4835 3487 4910; baseline 0.005 -21"><span class='ocrx_word' id='word_1_759' title='bbox 1892 4851 1998 4890; x_wconf 91' lang='lat' dir='ltr'><strong>non</strong></span> <span class='ocrx_word' id='word_1_760' title='bbox 2026 4835 2308 4901; x_wconf 88' lang='lat' dir='ltr'><strong>deserens,</strong></span> <span class='ocrx_word' id='word_1_761' title='bbox 2356 4835 2551 4906; x_wconf 90' lang='lat' dir='ltr'><strong>quibus</strong></span> <span class='ocrx_word' id='word_1_762' title='bbox 2597 4852 2694 4907; x_wconf 89' lang='lat' dir='ltr'><strong>per</strong></span> <span class='ocrx_word' id='word_1_763' title='bbox 2722 4837 2996 4892; x_wconf 83' lang='lat' dir='ltr'><strong>universas</strong></span> <span class='ocrx_word' id='word_1_764' title='bbox 3024 4837 3268 4910; x_wconf 90' lang='lat' dir='ltr'><strong>corporis</strong></span> <span class='ocrx_word' id='word_1_765' title='bbox 3310 4851 3487 4898; x_wconf 52' lang='lat' dir='ltr'><strong>muta,-</strong></span> 
     </span>
    </p>
   </div>
   <div class='ocr_carea' id='block_1_111' title="bbox 1890 4928 3488 4994">
    <p class='ocr_par' dir='ltr' id='par_1_111' title="bbox 1890 4928 3488 4994">
     <span class='ocr_line' id='line_1_111' title="bbox 1890 4928 3488 4994; baseline 0.007 -12"><span class='ocrx_word' id='word_1_766' title='bbox 1890 4929 2068 4985; x_wconf 89' lang='lat' dir='ltr'><strong>tiones</strong></span> <span class='ocrx_word' id='word_1_767' title='bbox 2095 4944 2247 4982; x_wconf 89' lang='lat' dir='ltr'><strong>suam</strong></span> <span class='ocrx_word' id='word_1_768' title='bbox 2278 4929 2522 4983; x_wconf 87' lang='lat' dir='ltr'><strong>notitiam</strong></span> <span class='ocrx_word' id='word_1_769' title='bbox 2550 4929 2767 4985; x_wconf 87' lang='lat' dir='ltr'><strong>retinet.</strong></span> <span class='ocrx_word' id='word_1_770' title='bbox 2796 4928 3168 4986; x_wconf 85' lang='lat' dir='ltr'><strong>Subtrabenda</strong></span> <span class='ocrx_word' id='word_1_771' title='bbox 3197 4943 3278 4988; x_wconf 83' lang='lat' dir='ltr'><strong>est</strong></span> <span class='ocrx_word' id='word_1_772' title='bbox 3303 4942 3488 4994; x_wconf 84' lang='lat' dir='ltr'><strong>autem</strong></span> 
     </span>
    </p>
   </div>
   <div class='ocr_carea' id='block_1_112' title="bbox 1889 5021 3486 5097">
    <p class='ocr_par' dir='ltr' id='par_1_112' title="bbox 1889 5021 3486 5097">
     <span class='ocr_line' id='line_1_112' title="bbox 1889 5021 3486 5097; baseline 0.003 -19"><span class='ocrx_word' id='word_1_773' title='bbox 1889 5021 2013 5078; x_wconf 89' lang='lat' dir='ltr'><strong>huic</strong></span> <span class='ocrx_word' id='word_1_774' title='bbox 2043 5024 2235 5078; x_wconf 88' lang='lat' dir='ltr'><strong>rationi</strong></span> <span class='ocrx_word' id='word_1_775' title='bbox 2283 5023 2371 5076; x_wconf 85' lang='lat' dir='ltr'><strong>illa</strong></span> <span class='ocrx_word' id='word_1_776' title='bbox 2428 5024 2752 5094; x_wconf 86' lang='lat' dir='ltr'><strong>permutatio</strong></span> <span class='ocrx_word' id='word_1_777' title='bbox 2779 5039 2899 5094; x_wconf 66' lang='lat' dir='ltr'><strong>qua:</strong></span> <span class='ocrx_word' id='word_1_778' title='bbox 2944 5025 3142 5095; x_wconf 87' lang='lat' dir='ltr'><strong>speciei</strong></span> <span class='ocrx_word' id='word_1_779' title='bbox 3173 5026 3351 5097; x_wconf 84' lang='lat' dir='ltr'><strong>aliqua</strong></span> <span class='ocrx_word' id='word_1_780' title='bbox 3392 5044 3486 5083; x_wconf 80' lang='lat' dir='ltr'><strong>oc-</strong></span> 
     </span>
    </p>
   </div>
   <div class='ocr_carea' id='block_1_113' title="bbox 1889 5115 3486 5188">
    <p class='ocr_par' dir='ltr' id='par_1_113' title="bbox 1889 5115 3486 5188">
     <span class='ocr_line' id='line_1_113' title="bbox 1889 5115 3486 5188; baseline 0.003 -18"><span class='ocrx_word' id='word_1_781' title='bbox 1889 5117 2108 5170; x_wconf 82' lang='lat' dir='ltr'><strong>casione</strong></span> <span class='ocrx_word' id='word_1_782' title='bbox 2146 5115 2523 5186; x_wconf 82' lang='lat' dir='ltr'><strong>conjungitur;</strong></span> <span class='ocrx_word' id='word_1_783' title='bbox 2573 5132 2696 5172; x_wconf 88' lang='lat' dir='ltr'><strong>nam</strong></span> <span class='ocrx_word' id='word_1_784' title='bbox 2726 5115 2887 5172; x_wconf 87' lang='lat' dir='ltr'><strong>veluti</strong></span> <span class='ocrx_word' id='word_1_785' title='bbox 2926 5116 3156 5171; x_wconf 89' lang='lat' dir='ltr'><strong>alienam</strong></span> <span class='ocrx_word' id='word_1_786' title='bbox 3198 5117 3486 5188; x_wconf 88' lang='lat' dir='ltr'><strong>quamdam</strong></span> 
     </span>
    </p>
   </div>
   <div class='ocr_carea' id='block_1_114' title="bbox 1890 5207 3483 5284">
    <p class='ocr_par' dir='ltr' id='par_1_114' title="bbox 1890 5207 3483 5284">
     <span class='ocr_line' id='line_1_114' title="bbox 1890 5207 3483 5284; baseline 0.003 -22"><span class='ocrx_word' id='word_1_787' title='bbox 1890 5224 2178 5279; x_wconf 87' lang='lat' dir='ltr'><strong>personam</strong></span> <span class='ocrx_word' id='word_1_788' title='bbox 2210 5207 2506 5265; x_wconf 75' lang='lat' dir='ltr'><strong>fmditatem</strong></span> <span class='ocrx_word' id='word_1_789' title='bbox 2549 5209 2713 5264; x_wconf 88' lang='lat' dir='ltr'><strong>sumit</strong></span> <span class='ocrx_word' id='word_1_790' title='bbox 2760 5209 2995 5282; x_wconf 68' lang='lat' dir='ltr'><strong>species,</strong></span> <span class='ocrx_word' id='word_1_791' title='bbox 3037 5227 3197 5282; x_wconf 87' lang='lat' dir='ltr'><strong>quam</strong></span> <span class='ocrx_word' id='word_1_792' title='bbox 3231 5227 3326 5284; x_wconf 87' lang='lat' dir='ltr'><strong>per</strong></span> <span class='ocrx_word' id='word_1_793' title='bbox 3369 5211 3483 5267; x_wconf 83' lang='lat' dir='ltr'><strong>Ian-</strong></span> 
     </span>
    </p>
   </div>
   <div class='ocr_carea' id='block_1_115' title="bbox 1888 5299 3483 5374">
    <p class='ocr_par' dir='ltr' id='par_1_115' title="bbox 1888 5299 3483 5374">
     <span class='ocr_line' id='line_1_115' title="bbox 1888 5299 3483 5374; baseline 0.004 -22"><span class='ocrx_word' id='word_1_794' title='bbox 1888 5299 2071 5368; x_wconf 77' lang='lat' dir='ltr'><strong>gnaris</strong></span> <span class='ocrx_word' id='word_1_795' title='bbox 2098 5299 2438 5355; x_wconf 87' lang='lat' dir='ltr'><strong>incommoda</strong></span> <span class='ocrx_word' id='word_1_796' title='bbox 2458 5301 2706 5367; x_wconf 87' lang='lat' dir='ltr'><strong>sustinet,</strong></span> <span class='ocrx_word' id='word_1_797' title='bbox 2727 5316 2830 5370; x_wconf 87' lang='lat' dir='ltr'><strong>qua</strong></span> <span class='ocrx_word' id='word_1_798' title='bbox 2860 5303 3070 5358; x_wconf 89' lang='lat' dir='ltr'><strong>ratione</strong></span> <span class='ocrx_word' id='word_1_799' title='bbox 3097 5303 3325 5374; x_wconf 83' lang='lat' dir='ltr'><strong>quadam</strong></span> <span class='ocrx_word' id='word_1_800' title='bbox 3356 5305 3483 5358; x_wconf 87' lang='lat' dir='ltr'><strong>sub-</strong></span> 
     </span>
    </p>
   </div>
   <div class='ocr_carea' id='block_1_116' title="bbox 1889 5391 3481 5466">
    <p class='ocr_par' dir='ltr' id='par_1_116' title="bbox 1889 5391 3481 5466">
     <span class='ocr_line' id='line_1_116' title="bbox 1889 5391 3481 5466; baseline 0.004 -22"><span class='ocrx_word' id='word_1_801' title='bbox 1889 5391 2019 5457; x_wconf 80' lang='lat' dir='ltr'><strong>lata,</strong></span> <span class='ocrx_word' id='word_1_802' title='bbox 2046 5392 2185 5447; x_wconf 91' lang='lat' dir='ltr'><strong>sicut</strong></span> <span class='ocrx_word' id='word_1_803' title='bbox 2207 5409 2236 5447; x_wconf 86' lang='lat' dir='ltr'><strong>a</strong></span> <span class='ocrx_word' id='word_1_804' title='bbox 2263 5392 2503 5448; x_wconf 84' lang='lat' dir='ltr'><strong>Naaman</strong></span> <span class='ocrx_word' id='word_1_805' title='bbox 2534 5392 2692 5466; x_wconf 88' lang='lat' dir='ltr'><strong>Syro,</strong></span> <span class='ocrx_word' id='word_1_806' title='bbox 2725 5394 2810 5448; x_wconf 80' lang='lat' dir='ltr'><strong>vel</strong></span> <span class='ocrx_word' id='word_1_807' title='bbox 2840 5394 2906 5449; x_wconf 88' lang='lat' dir='ltr'><strong>ab</strong></span> <span class='ocrx_word' id='word_1_808' title='bbox 2933 5394 3015 5450; x_wconf 89' lang='lat' dir='ltr'><strong>his</strong></span> <span class='ocrx_word' id='word_1_809' title='bbox 3057 5410 3192 5464; x_wconf 88' lang='lat' dir='ltr'><strong>quos</strong></span> <span class='ocrx_word' id='word_1_810' title='bbox 3235 5395 3481 5465; x_wconf 80' lang='lat' dir='ltr'><strong>Evange-</strong></span> 
     </span>
    </p>
   </div>
   <div class='ocr_carea' id='block_1_117' title="bbox 1891 5485 3481 5561">
    <p class='ocr_par' dir='ltr' id='par_1_117' title="bbox 1891 5485 3481 5561">
     <span class='ocr_line' id='line_1_117' title="bbox 1891 5485 3481 5561; baseline 0.004 -22"><span class='ocrx_word' id='word_1_811' title='bbox 1891 5485 1958 5539; x_wconf 87' lang='lat' dir='ltr'><strong>lia</strong></span> <span class='ocrx_word' id='word_1_812' title='bbox 1989 5485 2250 5553; x_wconf 88' lang='lat' dir='ltr'><strong>referunt,</strong></span> <span class='ocrx_word' id='word_1_813' title='bbox 2280 5503 2465 5542; x_wconf 88' lang='lat' dir='ltr'><strong>rursus</strong></span> <span class='ocrx_word' id='word_1_814' title='bbox 2493 5488 2702 5559; x_wconf 88' lang='lat' dir='ltr'><strong>species</strong></span> <span class='ocrx_word' id='word_1_815' title='bbox 2717 5503 2836 5559; x_wconf 74' lang='lat' dir='ltr'><strong>qua:</strong></span> <span class='ocrx_word' id='word_1_816' title='bbox 2856 5489 2954 5543; x_wconf 91' lang='lat' dir='ltr'><strong>sub</strong></span> <span class='ocrx_word' id='word_1_817' title='bbox 2980 5488 3226 5556; x_wconf 75' lang='lat' dir='ltr'><strong>passione</strong></span> <span class='ocrx_word' id='word_1_818' title='bbox 3257 5489 3481 5561; x_wconf 78' lang='lat' dir='ltr'><strong>latebat,</strong></span> 
     </span>
    </p>
   </div>
   <div class='ocr_carea' id='block_1_118' title="bbox 1890 5576 3484 5649">
    <p class='ocr_par' dir='ltr' id='par_1_118' title="bbox 1890 5576 3484 5649">
     <span class='ocr_line' id='line_1_118' title="bbox 1890 5576 3484 5649; baseline 0.002 -16"><span class='ocrx_word' id='word_1_819' title='bbox 1890 5578 1942 5633; x_wconf 89' lang='lat' dir='ltr'><strong>in</strong></span> <span class='ocrx_word' id='word_1_820' title='bbox 1973 5592 2124 5632; x_wconf 89' lang='lat' dir='ltr'><strong>suam</strong></span> <span class='ocrx_word' id='word_1_821' title='bbox 2151 5580 2394 5634; x_wconf 89' lang='lat' dir='ltr'><strong>notitiam</strong></span> <span class='ocrx_word' id='word_1_822' title='bbox 2426 5580 2717 5636; x_wconf 87' lang='lat' dir='ltr'><strong>revertitur</strong></span> <span class='ocrx_word' id='word_1_823' title='bbox 2741 5577 3018 5649; x_wconf 81' lang='lat' dir='ltr'><strong>sospitate.</strong></span> <span class='ocrx_word' id='word_1_824' title='bbox 3051 5576 3232 5644; x_wconf 70' lang='lat' dir='ltr'><strong>Igitur,</strong></span> <span class='ocrx_word' id='word_1_825' title='bbox 3251 5578 3404 5648; x_wconf 81' lang='lat' dir='ltr'><strong>juxta</strong></span> <span class='ocrx_word' id='word_1_826' title='bbox 3430 5584 3484 5644; x_wconf 85' lang='lat' dir='ltr'><strong>id</strong></span> 
     </span>
    </p>
   </div>
   <div class='ocr_carea' id='block_1_119' title="bbox 1889 5655 3481 5742">
    <p class='ocr_par' dir='ltr' id='par_1_119' title="bbox 1889 5655 3481 5742">
     <span class='ocr_line' id='line_1_119' title="bbox 1889 5655 3481 5742; baseline 0.003 -23"><span class='ocrx_word' id='word_1_827' title='bbox 1889 5666 2032 5738; x_wconf 89' lang='lat' dir='ltr'><strong>quod</strong></span> <span class='ocrx_word' id='word_1_828' title='bbox 2061 5669 2170 5724; x_wconf 77' lang='lat' dir='ltr'><strong>Deo</strong></span> <span class='ocrx_word' id='word_1_829' title='bbox 2200 5679 2281 5724; x_wconf 89' lang='lat' dir='ltr'><strong>est</strong></span> <span class='ocrx_word' id='word_1_830' title='bbox 2303 5667 2510 5736; x_wconf 79' lang='lat' dir='ltr'><strong>similis,</strong></span> <span class='ocrx_word' id='word_1_831' title='bbox 2535 5670 2677 5726; x_wconf 88' lang='lat' dir='ltr'><strong>nulla</strong></span> <span class='ocrx_word' id='word_1_832' title='bbox 2705 5667 3002 5724; x_wconf 86' lang='lat' dir='ltr'><strong>mutatione</strong></span> <span class='ocrx_word' id='word_1_833' title='bbox 3031 5655 3142 5723; x_wconf 85' lang='lat' dir='ltr'><strong>fluit</strong></span> <span class='ocrx_word' id='word_1_834' title='bbox 3165 5678 3325 5742; x_wconf 67' lang='lat' dir='ltr'><strong>atque</strong></span> <span class='ocrx_word' id='word_1_835' title='bbox 3350 5690 3481 5736; x_wconf 72' lang='lat' dir='ltr'><strong>con.</strong></span> 
     </span>
    </p>
   </div>
   <div class='ocr_carea' id='block_1_120' title="bbox 1891 5757 3481 5844">
    <p class='ocr_par' dir='ltr' id='par_1_120' title="bbox 1891 5757 3481 5844">
     <span class='ocr_line' id='line_1_120' title="bbox 1891 5757 3481 5844; baseline 0.005 -30"><span class='ocrx_word' id='word_1_836' title='bbox 1891 5758 2136 5831; x_wconf 80' lang='lat' dir='ltr'><strong>vertitur,</strong></span> <span class='ocrx_word' id='word_1_837' title='bbox 2152 5759 2244 5816; x_wconf 89' lang='lat' dir='ltr'><strong>sed</strong></span> <span class='ocrx_word' id='word_1_838' title='bbox 2277 5757 2381 5816; x_wconf 84' lang='lat' dir='ltr'><strong>fixa</strong></span> <span class='ocrx_word' id='word_1_839' title='bbox 2411 5769 2708 5831; x_wconf 84' lang='lat' dir='ltr'><strong>permanet,</strong></span> <span class='ocrx_word' id='word_1_840' title='bbox 2733 5758 2962 5830; x_wconf 84' lang='lat' dir='ltr'><strong>idipsuin</strong></span> <span class='ocrx_word' id='word_1_841' title='bbox 2986 5772 3197 5829; x_wconf 79' lang='lat' dir='ltr'><strong>semper</strong></span> <span class='ocrx_word' id='word_1_842' title='bbox 3220 5760 3481 5844; x_wconf 65' lang='lat' dir='ltr'><strong>existens,</strong></span> 
     </span>
    </p>
   </div>
   <div class='ocr_carea' id='block_1_121' title="bbox 2960 5858 3033 5915">
    <p class='ocr_par' dir='ltr' id='par_1_121' title="bbox 2960 5858 3033 5915">
     <span class='ocr_line' id='line_1_121' title="bbox 2960 5858 3033 5915; baseline 0.027 -2"><span class='ocrx_word' id='word_1_843' title='bbox 2960 5858 3033 5915; x_wconf 74' lang='lat' dir='ltr'><strong>l3</strong></span> 
     </span>
    </p>
   </div>
  </div>
