4000 6344
448 355 565 414 195

1746 348 1952 409 DIONY
1952 350 2105 410 Silis
2143 351 2474 413 εχιουυεξ

3631 356 3718 418 $93

444 468 752 529 secundum
779 483 939 540 quam
970 464 1282 523 refurmatio
1314 474 1499 522 nostra
1529 464 1765 521 dixinam
1805 466 2052 523 similitu-
2082 472 2129 532 Α
2157 469 2501 540 perquiratur
2543 483 2575 524 a
2602 470 2757 527 nobis
2793 470 2940 544 quod
2982 470 3041 527 in
3066 471 3314 529 ccclesiis
3354 474 3634 547 ainbigitur
3667 478 3727 535 de

443 567 636 624 'dincm
664 564 932 630 continet;
964 569 1018 617 et
1047 562 1303 631 quoniam
1332 559 1665 616 differentias
1690 561 1891 632 speciei
1921 569 2056 616 tem-

446 664 894 733 peramentorum
944 652 1235 725 qualitates
1289 667 1411 725 qua:
1456 662 1733 709 mutantur
1782 651 2054 717 efficiunt,

448 749 778 822 temperatio
805 762 938 803 vero
986 745 1117 800 nihil
1147 744 1295 800 aliud
1333 760 1497 815 quam
1549 744 1948 802 elementorum
1970 749 2062 801 est

445 843 691 909 habitus,
725 840 993 901 elementa
1024 847 1205 901 autem
1228 838 1461 897 dicimus
1494 852 1615 907 qua:
1642 836 1905 895 universas
1932 850 2062 891 con-

450 932 649 988 ditioni
676 931 921 1002 subjecta
949 937 1097 1000 sunt,
1126 943 1194 991 ex
1223 929 1418 998 quibus
1447 935 1502 984 et
1538 927 1833 983 humanum
1862 939 2062 999 corpus

455 1024 752 1081 subsistere
781 1020 1116 1093 profitemur,
1159 1018 1470 1077 necessario
1513 1018 1724 1089 species
1768 1017 1934 1074 veluti
1962 1017 2078 1098 ἰωῇ

456 1131 645 1197 pressa
673 1113 951 1185 signaculo
974 1119 1257 1184 permanet
1280 1113 1494 1177 animm,
1526 1108 1868 1178 formamque
1888 1108 2063 1197 ipsam

458 1196 811 1278 expressione
882 1211 1189 1275 susceptam
1252 1200 1557 1258 nullatenus
1619 1200 1852 1273 ignorat.
1909 1196 2065 1255 Unde

455 1308 705 1371 tempore
726 1295 1145 1353 resurrectionis
1188 1309 1254 1350 ea
1282 1293 1512 1366 recipiat
1538 1308 1723 1349 rursus
1751 1293 1804 1347 in
1834 1306 1913 1357 se,
1943 1304 2064 1361 qua:

450 1390 645 1447 (unum
691 1390 790 1464 ipsi
832 1389 1215 1460 congruerint,
1256 1397 1560 1458 congruunt
1588 1396 1769 1447 autem
1799 1387 1888 1442 illa
1917 1400 2066 1456 qua:—

452 1497 674 1555 cunque
701 1482 769 1537 ab
798 1482 953 1537 initio
976 1481 1179 1553 speciei
1208 1481 1507 1552 probantur
1526 1494 1647 1539 esse
1674 1479 1910 1547 inserta;
1934 1491 2064 1551 ergo

463 1575 595 1631 nihil
624 1583 778 1631 extra
808 1575 1075 1629 rationem
1124 1572 1356 1641 videtur,
1381 1588 1569 1628 rursus
1597 1586 1664 1627 ex
1696 1571 1968 1627 communi
1997 1569 2065 1625 ad

462 1667 704 1741 singulos
755 1665 933 1721 redire
972 1663 1117 1736 quod
1165 1679 1321 1720 suum
1369 1671 1473 1719 est.
1522 1662 1727 1719 Dicitur
1774 1672 1953 1717 autem
2009 1668 2065 1716 et

460 1758 838 1834 ὖδραργύριον,
878 1755 1035 1829 quod
1064 1764 1348 1826 argentum
1378 1755 1559 1817 vivum
1585 1755 1776 1826 vulgus
1804 1754 2061 1824 appellnt,

2160 564 2355 619 animae
2383 564 2771 621 constitutione
2798 565 2882 620 vel
2902 566 3171 637 corporis.
3201 565 3527 634 Quibusdam
3552 572 3726 627 etenim

2162 656 2333 712 visum
2362 665 2466 725 est,
2508 658 2602 728 qui
2632 667 2762 713 ante
2793 673 2893 713 nos
2920 657 2988 714 de
3012 659 3729 734 pﬁneipatibusdisputautes

2157 749 2327 805 veluti
2373 749 2661 821 mulam
2706 748 3070 821 pestilentiam
3094 750 3464 821 pmienmt,
3510 754 3641 824 quid
3684 754 3731 811 in

2158 844 2576 899 conversatione
2601 842 2836 913 propria:
2874 841 3068 897 enim
3098 850 3228 897 ante
3267 843 3578 899 subsistant.
3598 842 3730 900 Sint-

2160 949 2271 1005 qee
2308 936 2417 992 illic
2450 943 2563 990 tam
2588 935 2814 990 malitia:
2838 949 3001 1005 quam
3028 936 3243 992 virtutis
3286 938 3533 1009 exempla
3563 952 3736 1008 propo-

2160 1028 2266 1083 sita
2283 1045 2295 1080 :
2314 1036 2369 1083 et
2388 1036 2829 1100 perseverantem
2853 1027 3071 1097 quidem
3098 1030 3151 1083 in
3173 1028 3331 1085 bonis
3354 1030 3586 1085 animam
3610 1030 3733 1084 milia

2161 1119 2465 1191 corporalis
2486 1119 2883 1191 eonjunctionis
2906 1120 3281 1192 experimenta
3304 1122 3538 1187 sentire;
3555 1124 3601 1177 si
3620 1138 3736 1178 vero

2162 1211 2294 1267 boni
2323 1211 2737 1282 participatione
2760 1209 3064 1280 defluxerit,
3088 1220 3218 1269 tunc
3237 1212 3304 1268 ad
3327 1212 3471 1270 banc
3483 1214 3645 1269 vitam
3664 1232 3740 1269 rc-

2164 1303 2381 1369 cedere,
2410 1312 2577 1376 atque
2602 1304 2655 1359 in
2676 1319 2911 1376 corpore
2930 1305 3278 1362 commorari.
3305 1304 3409 1362 Alii
3431 1322 3560 1362 vero
3585 1308 3739 1363 tradi-

2162 1400 2279 1448 tum
2309 1409 2339 1448 a
2370 1392 2555 1466 Moyse
2580 1392 2828 1449 ordinem
2856 1392 2924 1449 de
2944 1392 3257 1450 conditione
3286 1395 3519 1451 hominis
3545 1396 3741 1452 innuen-

2165 1491 2281 1552 tes,
2310 1484 2552 1540 secundo
2580 1484 2736 1551 loco,
2768 1484 2822 1539 id
2847 1492 2931 1540 est
2962 1485 3087 1555 post
3117 1500 3319 1557 corpus
3348 1487 3580 1543 annnam
3603 1487 3743 1559 juxta

2163 1582 2380 1644 tempus
2405 1570 2696 1643 affirmant,
2724 1589 2847 1630 cum
2871 1574 3103 1645 primum
3126 1575 3399 1647 accipiens
3418 1576 3560 1633 Deus
3576 1578 3745 1635 l‘nnnm

2164 1664 2235 1721 de
2264 1673 2407 1720 terra
2435 1663 2686 1721 formavit
2712 1660 3008 1733 hominem,
3037 1675 3093 1722 et
3117 1665 3191 1721 ita
3219 1682 3317 1738 per
3346 1667 3745 1725 insufﬂationun

2164 1755 2426 1827 deinceps
2467 1756 2745 1811 animavit.
2779 1755 2891 1813 liae
2939 1766 3119 1813 autem
3167 1760 3381 1815 ratione
3423 1765 3749 1831 prmstantim

461 1852 507 1906 si
537 1867 632 1922 per
659 1866 829 1923 prona
868 1865 932 1905 ac
973 1849 1350 1922 pulverulenta
1394 1847 1516 1905 loca
1550 1846 1803 1903 fundatur
1832 1848 1886 1902 in
1927 1847 2065 1917 pilas
2101 1848 2140 1907 Β
2168 1846 2459 1901 ostendunt
2477 1861 2677 1917 corpus
2700 1860 2820 1902 esse
2840 1861 3003 1919 quam
3047 1848 3279 1903 animam
3310 1865 3429 1921 qua:
3453 1857 3537 1907 est
3562 1853 3610 1908 ei
3629 1871 3749 1910 cono

454 1942 846 1998 minutissimas
875 1956 974 2013 per
993 1949 1199 1997 terram
1228 1940 1412 2007 dividi,
1444 1954 1548 1999 nec
1568 1939 1676 1997 illis
1696 1938 2068 2001 concurrenti-

458 2031 566 2088 bus
593 2032 825 2089 invicem
883 2047 1043 2104 posse
1074 2031 1308 2087 misceri.
1339 2029 1399 2087 Si
1437 2031 1559 2102 quis
1585 2039 1763 2091 autem
1792 2045 1978 2088 rursus
2013 2028 2069 2087 id

461 2124 607 2196 quod
636 2123 1006 2195 multipliciter
1033 2121 1338 2193 dispersum
1391 2130 1475 2183 est
1527 2122 1582 2177 in
1623 2138 1790 2181 unum
1836 2122 2064 2197 redigat,

464 2215 687 2287 preprio
711 2213 898 2286 generi
914 2211 1128 2280 fontem
1153 2212 1436 2287 conjungi,
1465 2212 1628 2273 nullis
1648 2214 1716 2273 ad
1734 2214 2073 2273 commixtio-

462 2296 585 2362 nem
614 2321 768 2363 suam
815 2303 1284 2377 interjectioaibus
1327 2304 1618 2369 irretitum,
1647 2303 1779 2363 Tale
1825 2305 1955 2376 quid
1981 2320 2068 2360 ar-

463 2396 635 2454 bitror
703 2406 980 2469 oportere,
1026 2405 1085 2461 et
1135 2398 1283 2459 circa
1335 2397 1786 2471 compositionem
1837 2397 2070 2459 hominis

464 2489 911 2553 animadvertere,
943 2488 1069 2547 Mox
1090 2490 1243 2553 enim
1273 2498 1390 2547 uta
1418 2489 1531 2548 Deo
1552 2489 1779 2548 facultas
1803 2490 1961 2555 fuerit
1986 2498 2071 2550 at-

463 2581 664 2636 tributa
681 2621 700 2650 ,
742 2579 885 2637 ultro
910 2580 1014 2638 sibi
1042 2589 1225 2653 partes
1267 2582 1475 2639 similes
1504 2582 1738 2653 propriis
1766 2582 2071 2642 miscebun-

467 2684 557 2730 tur
585 2673 863 2745 partibus,
911 2673 1030 2730 sine
1058 2674 1165 2735 ulla
1193 2673 1511 2733 difﬁcultate
1538 2673 1656 2745 ejus
1695 2675 1789 2744 qui
1816 2683 2069 2733 naturam

468 2762 772 2821 reformare
808 2764 1077 2834 dignatur.
1116 2762 1256 2821 Nam
1281 2771 1347 2827 et
1373 2764 1431 2823 in
1456 2763 1543 2819 his
1568 2778 1690 2834 qua
1718 2771 2011 2823 nascuntur
2037 2776 2070 2819 e

471 2866 615 2911 terra
643 2854 849 2925 nullum
871 2854 1113 2913 laborem
1136 2862 1343 2913 natura:
1369 2855 1758 2927 conspicimus,
1779 2870 1903 2913 cum
1932 2853 2072 2912 triti-

467 2964 614 3016 cum,
648 2947 734 3003 vel
756 2946 1009 3015 milioem,
1035 2946 1124 3004 vel
1150 2946 1281 3019 quid
1300 2944 1449 3007 aliud
1471 2946 1691 3009 seminis
1710 2944 1963 3007 frumenti
1987 2946 2071 3003 vel

465 3038 750 3112 leguminis
778 3039 833 3103 in
859 3038 1114 3106 culmum,
1138 3038 1332 3097 aristas
1352 3038 1637 3119 spicasque
1664 3036 1934 3099 convertit
1953 3037 2071 3095 sine

466 3130 813 3198 difﬁcultate;
843 3143 1078 3201 namque
1126 3128 1269 3185 ultro
1306 3143 1613 3201 congruens
1656 3142 1780 3189 esca
1827 3128 1895 3191 de
1921 3144 2071 3187 com-

2168 1942 2348 2002 serta,
2396 1948 2466 1989 eo
2513 1935 2661 2004 quod
2706 1943 2835 1989 ante
2880 1936 3167 1992 formatum
3224 1945 3328 1993 est.
3383 1938 3570 1996 Dicunt
3615 1944 3749 1998 enim

2169 2034 2394 2098 propter
2430 2039 2630 2096 corpus
2657 2026 2891 2081 animam
2926 2027 3123 2083 factam
3142 2069 3157 2094 ,
3188 2044 3259 2085 ne
3284 2030 3404 2086 sine
3426 2034 3613 2104 spiritu
3644 2034 3752 2090 for-

2169 2119 2337 2173 matio
2365 2117 2652 2173 immobilis
2685 2127 3045 2189 permaneret.
3076 2117 3251 2176 Omne
3287 2136 3420 2178 vero
3445 2124 3588 2194 quod
3631 2142 3754 2197 pro-

2169 2216 2291 2279 pter
2337 2208 2480 2262 aliud
2527 2207 2778 2276 efficitur,
2823 2209 2981 2266 vilius
3028 2219 3112 2267 est
3156 2212 3399 2282 profecto
3440 2229 3508 2271 eo
3544 2225 3754 2289 propter

2169 2301 2315 2373 quod
2370 2300 2657 2367 efficitur,
2693 2301 2833 2358 sicut
2887 2300 3179 2373 Evangelia
3237 2305 3577 2376 profitentur,
3638 2324 3755 2367 cum

2170 2395 2348 2448 anima
2376 2394 2491 2465 plus
2520 2402 2598 2448 est
2642 2412 2797 2467 quam
2825 2412 2963 2461 esca,
3006 2402 3059 2450 ef
3085 2413 3271 2469 corpus
3313 2416 3466 2471 quam
3495 2401 3758 2456 restim

2171 2490 2301 2551 tum,
2339 2482 2466 2554 quia
2493 2491 2715 2554 propter
2734 2483 2849 2539 luce
2884 2483 2985 2541 ista
3011 2500 3268 2542 concessa
3296 2496 3454 2555 sunt;
3485 2504 3591 2544 non
3617 2490 3758 2546 enim

2170 2580 2393 2644 propter
2429 2588 2608 2628 escam
2648 2572 2789 2629 facta
2827 2581 2911 2630 est
2952 2574 3164 2646 anima,
3200 2592 3299 2633 nec
3325 2580 3761 2639 vestimentorum

2166 2664 2340 2739 gratia
2378 2672 2592 2721 constat
2635 2679 2756 2721 esse
2784 2672 3013 2736 corpora
3038 2664 3305 2736 formata;
3353 2669 3447 2725 sed
3489 2686 3610 2727 cum
3651 2673 3763 2729 bac

2169 2755 2486 2822 existerent,
2516 2756 2605 2813 illa
2630 2763 2853 2829 propter
2873 2773 3026 2815 usum
3048 2760 3349 2816 necemria
3376 2771 3502 2817 sunt
3522 2764 3764 2834 provisa.

2169 2846 2437 2915 Quoniam
2480 2848 2646 2921 igitur
2673 2850 2900 2905 assertio
2945 2851 3223 2922 utriusque
3554 2855 3769 2929 vitupe-

2130 3006 2147 3013 _
2169 2937 2381 2999 ratione
2406 2954 2515 2994 non
2546 2947 2719 3009 caret,
2748 2947 2802 2995 et
2830 2954 3020 2995 eorum
3046 2941 3138 3012 qui
3169 2942 3315 3014 prius
3341 2944 3528 3002 vivere
3560 2946 3770 3003 animas

2170 3025 2225 3087 in
2248 3041 2349 3085 suo
2377 3026 2611 3098 quodam
2638 3035 2780 3083 statu
2812 3035 2975 3099 atque
3014 3029 3204 3085 ordine
3237 3031 3546 3102 epinantur,
3587 3043 3646 3091 et
3674 3050 3772 3090 eo-

2170 3134 2290 3177 rum
2316 3118 2409 3193 qui
2433 3134 2527 3175 eas
2554 3127 2678 3191 post
2703 3134 2934 3191 corpora
2974 3129 3185 3177 creatas
3221 3122 3553 3193 existimant,
3583 3140 3774 3182 neces-

466 3223 616 3279 muui
643 3222 710 3278 ad
741 3221 1158 3295 uniuscujusque
1185 3222 1577 3294 proprietatem
1600 3221 1822 3283 seminis
1849 3221 2063 3280 unus“,
2092 3226 2139 3289 ο
2169 3209 2368 3270 sarium
2414 3224 2537 3293 esse
2581 3224 2707 3265 reor
2745 3225 2811 3267 ea
2837 3225 2958 3281 quae
3001 3211 3053 3267 in
3083 3227 3270 3268 eorum
3311 3212 3657 3285 dogmatibus
3685 3231 3774 3273 as-

464 3314 522 3373 Si
569 3315 735 3387 igitur
778 3314 1029 3375 omnibus
1072 3328 1105 3376 e
1158 3321 1302 3377 terra
1336 3312 1668 3385 germinibus
1702 3311 2073 3373 communiter

466 3406 666 3464 humor
692 3406 1001 3481 exponitur,
1022 3414 1078 3469 et
1098 3404 1518 3485 unumquodque
1546 3420 1645 3477 per
1664 3420 1790 3465 eum
1815 3404 2068 3470 nutritur,

468 3498 699 3572 etquod
741 3499 844 3557 sibi
884 3499 1162 3570 competit,
1202 3498 1270 3559 ad
1289 3498 1513 3577 propria
1539 3498 1707 3557 trahit
1752 3505 2068 3573 augmenta,

468 3597 595 3667 quid
614 3610 812 3655 novum
822 3593 868 3653 si
880 3593 998 3651 etin
1010 3593 1354 3669 reparatione
1369 3600 1565 3651 nostrae
1578 3592 1936 3664 reparationis
1953 3592 2069 3662 (sic)

470 3695 575 3742 hoc
606 3687 724 3752 fiat,
766 3700 887 3749 eum
934 3700 964 3739 a
996 3672 1231 3759 Singulis
1270 3684 1675 3759 rCSUrgentibus
1719 3682 1773 3738 id
1804 3681 1951 3755 quod
1985 3690 2073 3738 est

468 3776 766 3850 proprium,
794 3776 932 3836 sicut
961 3774 1014 3828 in
1044 3775 1339 3839 seminibus
1369 3773 1585 3843 accidit,
1608 3775 1943 3833 attrahatur?
1960 3772 2069 3846 lgi-

473 3875 562 3921 tur
585 3882 655 3921 ex
682 3866 934 3931 omnibus
962 3865 1218 3940 possibile
1246 3874 1330 3921 est
1353 3866 1630 3927 addiscere
1665 3865 1798 3927 nihil
1826 3875 1977 3929 extra
2007 3881 2071 3921 ea

470 3973 592 4029 quae
622 3958 778 4014 nobis
805 3958 1140 4030 experientia
1169 3958 1283 4026 ipsa
1315 3966 1441 4017 nota
1479 3966 1605 4014 sunt
1633 3957 2070 4029 prmdicationem

473 4049 889 4105 resurrectionis
916 4047 1170 4105 existere.
1198 4044 1270 4101 Et
1295 4047 1513 4115 quidem
1540 4047 1608 4107 de
1636 4048 1859 4135 hislqute
1888 4059 2071 4104 nostra

473 4147 631 4207 sunt,
662 4137 715 4192 id
748 4140 892 4211 quod
923 4146 1007 4192 est
1048 4139 1386 4195 notissimum
1417 4139 1632 4196 silentio
1675 4155 1814 4213 pene
1845 4141 2071 4199 transie-

475 4246 626 4297 ram,
659 4231 834 4300 ipsum
863 4229 983 4285 dico
1010 4238 1209 4295 nosu-a;
1246 4227 1583 4291 formationis
1612 4230 1910 4289 exordium.
1940 4230 2072 4297 Quis

473 4326 619 4389 enim
661 4325 868 4380 nesciat
895 4322 1287 4381 mirificentiam
1317 4334 1554 4394 naturze,
1602 4324 1812 4396 etquid
1841 4325 2074 4395 accipiat

469 4424 713 4485 materna
737 4415 917 4486 vulva,
939 4415 1135 4487 quidve
1156 4415 1430 4487 perficiat?
1451 4412 1643 4474 Cernis
1664 4431 1826 4495 quam
1843 4416 2073 4488 simplex

467 4508 869 4591 quodammodo
900 4518 984 4564 est
1012 4518 1066 4566 et
1105 4511 1358 4579 exiguum
1400 4509 1544 4578 quod
1574 4509 1870 4565 visceribus
1897 4510 1950 4564 in
1980 4524 2072 4565 oc-

471 4603 746 4665 casionem
794 4601 1191 4661 constitutionis
1237 4601 1409 4655 nostri
1457 4600 1702 4671 corporis
1747 4599 2062 4670 deponitur;
2090 4615 2143 4677 θ

467 4700 789 4757 varietatem
818 4712 948 4753 vero
978 4695 1229 4766 perfecta:
1254 4694 1569 4754 substantia:
1593 4695 1713 4764 quis
1739 4695 1939 4765 poterit
1966 4708 2063 4748 ex-

468 4790 672 4861 plicare
700 4789 985 4845 sermone?
1031 4786 1162 4854 Quis
1188 4794 1371 4841 autem
1401 4794 1605 4840 naturae
1633 4787 1937 4841 communis
1964 4785 2065 4840 itu—-

467 4880 762 4958 juscemodi
788 4894 925 4949 opus
948 4895 1065 4935 esse
1095 4893 1459 4948 cognoscens,
1496 4895 1602 4935 non
1633 4879 1888 4950 possibile
1908 4886 2064 4949 putet

467 4986 589 5027 esse
629 4969 775 5039 quod
800 4970 1039 5037 geritur?
1079 4968 1233 5036 Quod
1271 4970 1316 5024 si
1366 4967 1496 5023 illud
1540 4984 1787 5041 parvum,
1819 4977 1875 5023 et
1917 4966 2061 5040 quod

468 5077 609 5133 pene
636 5075 737 5131 pro
778 5060 946 5113 nihilo
968 5059 1203 5128 ducitur,
1233 5059 1393 5130 hujus
1437 5068 1600 5114 tanta:
1631 5060 1706 5115 rei
1739 5059 2060 5130 principium

467 5168 589 5213 esse
611 5160 884 5219 noscatur,
918 5165 1165 5220 magnum
1189 5160 1369 5206 autem
1391 5151 1515 5207 dico
1538 5167 1643 5206 non
1666 5151 1839 5206 solum
1862 5151 1928 5205 ad
1954 5151 2065 5205 for-

468 5245 764 5300 motionem
819 5242 1114 5313 respiciens
1164 5242 1436 5316 corporis,
1485 5242 1579 5298 sed
1632 5243 1780 5315 prius
1829 5244 2062 5298 animam

468 5343 639 5413 ipsam
663 5354 882 5412 prorsus
906 5337 1262 5399 admiratione
1284 5337 1497 5409 dignam
1528 5353 1648 5395 esse
1671 5338 1982 5409 pronuntio,
2010 5342 2064 5392 et

466 5450 529 5490 ea
560 5447 682 5513 quae
704 5431 845 5497 circa
875 5430 1042 5502 ipsam
1073 5437 1311 5491 mentem
1340 5438 1653 5484 cernuntur.

1032 5539 1261 5601 CAPUT
1299 5538 1491 5601 XXIX.

465 5634 660 5715 Contra
687 5651 776 5693 eos
794 5633 1076 5715 qui‘dicunf
1100 5638 1305 5715 exstare
1332 5631 1536 5687 animus
1560 5638 1680 5715 ante
1702 5646 1920 5712 corpora
1944 5646 2061 5694 sua,

535 5708 613 5762 uel
640 5706 931 5761 econtrario
958 5713 1078 5758 ante
1104 5706 1309 5757 animos
1337 5718 1565 5772 corpora
1586 5706 1833 5772 formari,
1876 5706 1930 5754 in
1961 5716 2061 5771 quo

538 5778 775 5848 quadam
804 5774 1043 5847 fabulosa
1071 5774 1246 5844 opinio
1274 5772 1338 5827 de
1366 5766 1659 5826 animabus.

476 5890 479 5899 ε
542 5865 679 5927 Puto
708 5881 939 5939 namque
964 5874 1117 5927 extra
1164 5866 1500 5941 propositum
1546 5879 1665 5924 esse
1705 5864 1980 5939 negotium
2008 5872 2069 5920 ut

2172 3308 2427 3355 seruntur
2482 3300 2819 3370 aliquatenus
2881 3301 3185 3372 explorare.
3242 3301 3375 3357 Nam
3429 3304 3473 3358 si
3526 3305 3776 3361 volumus

2173 3398 2525 3461 utrorumque
2550 3390 2858 3461 diligentius
2885 3392 3208 3463 investigare
3236 3410 3542 3463 sermones,
3572 3406 3629 3452 et
3655 3398 3777 3453 uni-

2175 3497 2358 3537 versas
2388 3481 2615 3553 ineptias
2644 3482 2953 3552 patefacere
2990 3498 3108 3553 quae
3145 3486 3383 3558 ipsorum
3427 3487 3779 3558 opinionibus

2172 3574 2469 3646 probantur
2497 3588 2743 3639 annexm,
2775 3573 2949 3649 spatio
2978 3574 3121 3645 longi
3165 3577 3421 3648 temporis
3446 3576 3778 3648 indigemus,

2174 3676 2230 3721 et
2251 3663 2371 3721 ideo
2394 3665 2598 3745 paucis,
2628 3668 2765 3720 sicut
2783 3675 2865 3721 est
2886 3666 3159 3736 possibile,
3187 3682 3250 3721 ea
3280 3682 3398 3739 qua:
3425 3668 3493 3723 ab
3522 3669 3604 3725 eis
3635 3669 3781 3725 dicta

2175 3766 2301 3811 sunt
2330 3756 2621 3824 intuentes,
2645 3771 2708 3809 ea
2728 3755 2974 3811 refellere
3003 3771 3109 3811 non
3133 3772 3425 3813 moremur.
3452 3755 3555 3826 Qui
3588 3760 3783 3829 prima:

2175 3846 2494 3920 professioni
2548 3847 2903 3920 patrocinium
2954 3855 3243 3918 pnnstant,
3300 3857 3356 3904 et
3410 3850 3785 3919 antiquiorem

2174 3941 2475 3996 animarum
2512 3938 2977 3995 conversationem
3016 3948 3237 4011 propter
3277 3941 3415 3998 hanc
3452 3941 3629 3995 vitam
3662 3959 3786 3998 eor-

2174 4034 2323 4104 poris
2360 4040 2638 4100 asserunt,
2666 4047 2774 4087 non
2804 4029 2936 4087 mihi
2964 4030 3210 4087 videntur
3237 4032 3517 4105 gentilium
3544 4032 3789 4104 dogma-

2176 4135 2288 4181 tum
2312 4125 2587 4180 erroribus
2608 4140 2815 4194 carere,
2840 4125 2931 4197 qui
2960 4125 3126 4180 multa
3148 4120 3217 4180 de
3240 4125 3540 4181 animarum
3576 4125 3637 4181 in
3665 4143 3793 4182 cor-

2174 4233 2308 4289 pora
2358 4214 2829 4273 transformatione
2878 4214 3119 4271 fabulosa
3177 4215 3468 4271 finxerunt.
3525 4215 3694 4283 Quos
3747 4217 3793 4273 si

2174 4309 2295 4380 quis
2333 4307 2619 4379 diligenter
2659 4306 2951 4374 examinet,
2986 4306 3051 4361 ad
3083 4307 3186 4361 hoc
3215 4305 3542 4362 assertiones
3589 4322 3797 4362 eorum

2176 4398 2395 4473 perduci
2441 4398 2555 4470 ipsa
2604 4396 2926 4453 necessitate
2970 4395 3354 4471 deprehendet.
3388 4395 3546 4464 Quod
3598 4406 3798 4452 autem

2174 4492 2461 4562 quemdam
2491 4489 2738 4545 retulisse
2765 4488 2856 4559 qui
2900 4487 3043 4560 apud
3085 4504 3181 4544 eos
3207 4488 3420 4561 sapiens
3450 4503 3579 4543 esse
3624 4497 3799 4559 puta-

2176 4584 2356 4645 batur,
2388 4580 2544 4652 quod
2588 4589 2643 4635 et
2670 4581 2753 4638 vir
2779 4579 2939 4635 fuerit
2966 4589 3022 4634 et
3051 4577 3245 4635 femina
3264 4619 3279 4645 ,
3309 4578 3506 4635 deinde
3536 4579 3599 4634 in
3634 4580 3800 4635 volu-

2172 4690 2292 4730 cres
2312 4675 2637 4739 evolaverit;
2660 4672 2895 4743 itemque
2918 4673 3058 4727 idem
3089 4671 3351 4727 interdum
3375 4668 3717 4734 efflorucrit,
3744 4681 3797 4726 et

2171 4767 2237 4822 ad
2275 4775 2607 4836 postremum
2635 4764 2803 4819 vitam
2832 4765 2900 4819 sit
2948 4764 3001 4819 in
3049 4764 3331 4820 humorem
3370 4764 3642 4830 sortitus,
3695 4779 3800 4818 nec

2168 4857 2360 4931 procul
2400 4856 2564 4912 distat
2605 4871 2635 4910 a
2666 4871 2817 4921 vero,
2866 4863 2922 4911 et
2950 4855 3163 4925 quidem
3188 4854 3339 4927 juxta
3364 4854 3642 4925 judicium
3674 4854 3803 4924 ejus

2169 4965 2329 5023 quem
2364 4949 2490 5002 talia
2526 4946 2771 5019 proferre
2799 4963 2905 5002 non
2934 4946 3142 5017 puduit.
3168 4945 3307 5002 Vere
3350 4962 3596 5018 namque
3627 4961 3803 5000 rana-

2172 5056 2289 5096 rum
2333 5053 2727 5107 corvorumque
2755 5037 3158 5106 garrulitatibus
3201 5045 3255 5092 et
3299 5038 3804 5093 irrationabilitate

2174 5131 2419 5202 piscium,
2449 5136 2504 5184 et
2533 5128 2789 5184 arborum
2813 5127 3224 5183 insensibilitate
3251 5127 3411 5198 digna
3439 5128 3567 5184 haec
3588 5144 3803 5183 eorum

2170 5220 2421 5290 dogmata
2464 5219 2903 5291 comprobantur,
2935 5232 3054 5288 qua:
3086 5233 3244 5271 unam
3272 5218 3509 5273 animam
3562 5234 3669 5289 per
3716 5227 3810 5271 tot

2170 5327 2257 5367 res
2286 5311 2612 5381 pertransire
2639 5308 2983 5365 confirmant.
3027 5308 3246 5379 [neptim
3274 5307 3433 5377 hujus
3461 5309 3586 5364 haec
3616 5322 3811 5364 carm:

2172 5412 2275 5474 est,
2307 5403 2449 5474 quod
2478 5411 2604 5456 ante
2632 5401 2925 5456 subsistere
2954 5400 3161 5457 animas
3185 5399 3539 5456 arbitrantur.
3566 5398 3813 5455 Consc-

2172 5504 2400 5566 quenter
2436 5495 2577 5548 enim
2621 5492 2937 5565 principium
2981 5492 3245 5562 dogmatis
3286 5508 3475 5548 eorum
3523 5492 3582 5547 in
3628 5499 3821 5545 ante-

2171 5591 2314 5645 riora
2346 5588 2572 5644 tendens
2599 5602 2664 5642 ac
2693 5601 3046 5659 promovens,
3080 5600 3250 5655 usque
3278 5584 3346 5639 ad
3374 5584 3493 5641 haec
3532 5593 3822 5639 monstra

2171 5681 2456 5739 delabitur.
2490 5681 2549 5735 Si
2587 5679 2729 5737 enim
2771 5686 2991 5749 propter
3035 5675 3296 5731 malitiam
3338 5677 3581 5747 aliquam
3634 5691 3676 5731 a
3712 5691 3824 5731 su-

2170 5773 2419 5829 blimiore
2446 5778 2591 5828 statu
2613 5770 2870 5826 decidens
2896 5769 3094 5833 anima,
3125 5767 3263 5821 sicut
3285 5777 3572 5830 asserunt,
3603 5769 3827 5822 effici-

2174 5874 2262 5921 tur
2289 5865 2484 5933 homo,
2515 5862 2761 5920 vitiosior
2787 5867 2970 5918 autem
3016 5856 3259 5931 profecw
3300 5864 3383 5917 est
3428 5858 3830 5915 conversatio
