4000 6344
494 307 609 365 399

1751 316 2109 374 DIONYSIUS
2150 316 2472 374 EXIGUUS.
3669 317 3753 373 ω)

503 424 785 495 proﬁcere.
814 428 944 484 Nam
974 430 1096 500 quia
1125 447 1233 486 non
1263 446 1291 484 a
1322 438 1534 486 mortuo
1567 447 1815 501 corpore,
1848 432 1942 485 sed
1969 449 1997 486 a
2024 432 2091 485 vi-
2126 434 2169 492 Α
2200 448 2338 487 rare.
2373 431 2503 498 Quis
2532 432 2675 487 enim
2722 447 2781 485 se
2829 432 3043 486 intuens
3072 431 3251 487 verbis
3296 431 3558 500 indigeat,
3595 431 3755 499 quibus

505 525 668 571 vente
690 526 850 587 atque
872 530 1129 589 Spirante,
1160 522 1329 575 virtus
1351 521 1403 575 in
1426 523 1786 592 conceptione
1808 523 2101 594 peragitur.

504 604 705 662 ideirco
732 606 957 664 dicimus
978 612 1203 666 rationis
1222 627 1362 677 esse,
1387 619 1446 666 ut
1472 622 1745 667 mortuum
1775 622 1830 668 et
1853 614 2104 668 exanime

504 711 612 749 non
638 706 872 767 putetur,
902 702 1044 770 quod
1072 719 1101 757 a
1128 704 1343 758 vivente
1372 705 1424 758 in
1456 706 1796 761 occasionem
1826 707 1949 761 vitae
1975 706 2106 761 diri-

503 788 663 852 gitur.
714 787 855 846 Caro
902 807 1135 863 namque
1186 794 1448 850 exanimis
1497 795 1682 864 utique
1733 803 1947 850 mortua
1998 804 2100 850 est.

503 876 651 934 Mors
680 881 832 934 enim
860 882 1159 952 privatione
1186 883 1247 938 ﬁt
1274 885 1485 940 animm.
1516 885 1705 941 Nullus
1732 893 1915 941 autem
1941 901 2105 956 super

503 969 609 1025 hoc
635 972 992 1043 antiquiorem
1035 977 1391 1045 privationem
1419 994 1581 1048 quam
1611 978 1849 1033 habitum
1885 978 2100 1043 dixerit,

503 1061 549 1114 si
579 1070 757 1118 tamen
779 1065 1035 1122 exanime
1054 1066 1199 1135 quod
1220 1075 1302 1123 est
1326 1076 1596 1123 mortuum
1620 1068 1899 1137 quisquam
1923 1068 2101 1121 anima

504 1153 775 1222 antiquius
802 1164 1092 1212 asseveret.
1142 1157 1197 1213 Si
1227 1158 1347 1227 quis
1375 1166 1554 1212 autem
1603 1156 1908 1212 evidentius
1936 1156 2102 1225 exigit

504 1254 875 1314 argumentum
905 1249 1049 1318 quod
1090 1251 1234 1304 vivat
1267 1249 1355 1304 illa
1403 1249 1580 1320 portio
1628 1258 1748 1319 qum
1777 1247 2100 1318 principium

504 1336 769 1392 formandi
800 1340 1044 1394 animalis
1088 1341 1338 1406 efficitur,
1385 1341 1641 1411 possibile
1675 1348 1731 1395 et
1768 1355 1835 1395 ex
1882 1339 2001 1395 aliis
2029 1338 2102 1393 si-

503 1428 642 1493 gnis,
668 1431 859 1500 quibus
889 1432 1185 1487 animatum
1217 1433 1538 1488 discernitur
1568 1441 1730 1501 atque
1761 1438 2040 1500 separatur
2067 1444 2098 1484 a

503 1531 736 1591 mortuo,
766 1540 929 1594 super
977 1527 1077 1581 hac
1122 1535 1274 1597 parte
1331 1526 1659 1596 conspicere.
1710 1524 2098 1592 Argumentum

503 1627 737 1682 namque
766 1616 943 1672 vitalis
961 1617 1039 1671 rei
1069 1617 1136 1672 dc
1159 1617 1463 1671 hominibus
1491 1617 1782 1679 sumimus,
1828 1613 1971 1684 quod
2001 1612 2094 1668 ali-

504 1704 624 1769 quis
644 1705 833 1770 caleat,
866 1707 1006 1776 quod
1039 1716 1334 1773 moveatur,
1359 1708 1500 1779 quod
1531 1716 1823 1777 operetur;
1851 1704 2097 1772 frigidum

2208 530 2410 576 natmte
2434 521 2557 591 jura
2604 524 2928 591 cognoscat?
2977 521 3073 576 Est
3119 525 3316 592 quippe
3365 521 3682 587 facillimum,
3711 531 3757 582 ut

2205 616 2325 685 quis
2371 616 2587 671 modum
2624 616 2899 685 viuesurc
2941 617 3320 679 considerans,
3370 626 3426 672 et
3470 619 3678 688 qualiter
3701 620 3757 673 ad

2205 704 2628 773 omnemvitalis
2656 705 2987 774 operationis
3010 704 3259 759 eifectunt
3283 715 3635 775 opportunum
3657 723 3759 761 cor-

2204 810 2302 863 pus
2333 803 2503 862 gerat,
2536 794 2845 864 expendens
2873 794 3287 857 animadvertat,
3324 807 3449 862 erga
3476 794 3599 863 quid
3626 811 3760 851 oecu-

2203 894 2327 955 pata
2358 885 2427 939 sit
2454 886 2646 940 animae
2674 885 3037 955 primordialis
3064 900 3160 940 seu
3187 886 3365 956 potius
3393 886 3681 955 germinalis
3704 904 3761 945 ex

2202 976 2417 1032 vivente
2438 992 2667 1048 corpore
2698 977 2993 1034 detractum
3021 975 3237 1047 opiﬁeio
3257 986 3460 1033 natura:
3479 978 3759 1048 deponitur;

2203 1086 2329 1125 nam
2371 1080 2425 1125 et
2455 1069 2726 1127 fructuum
2756 1070 3011 1127 interiora
3057 1081 3113 1126 et
3142 1072 3378 1127 radicum
3410 1072 3762 1142 pullulamenta

2204 1164 2439 1219 nondum
2469 1164 2676 1233 privata
2700 1164 3038 1220 vivacissimo
3062 1165 3264 1233 vigore,
3289 1179 3408 1233 qua:
3436 1173 3519 1220 est
3536 1167 3611 1223 eis
3629 1166 3764 1222 insita

2201 1270 2301 1323 per
2330 1263 2596 1320 naturam,
2644 1270 2764 1310 cum
2796 1263 2952 1309 terra:
2977 1255 3403 1322 committuntur,
3432 1256 3662 1325 quamvis
3685 1271 3766 1312 oc-

2202 1346 2420 1412 eultam,
2440 1354 2615 1400 tamen
2639 1347 2889 1401 mundam
2916 1346 3231 1416 qualitatem
3254 1355 3599 1413 conservant;
3626 1347 3767 1402 talem

2203 1452 2331 1492 vero
2360 1439 2465 1491 vim
2518 1446 2680 1507 atque
2723 1437 3019 1508 potentiam
3074 1454 3183 1494 non
3230 1440 3439 1494 confert
3486 1448 3621 1495 terra
3662 1456 3769 1510 Quae

2202 1529 2465 1594 continet,
2498 1538 2642 1583 terra
2679 1530 2826 1585 velut
2865 1544 2896 1583 a
2939 1537 3107 1585 semel
3156 1530 3488 1585 extrinsecus
3530 1530 3766 1596 largiens;

2201 1620 2439 1690 alioquin
2465 1632 2519 1675 et
2548 1628 2757 1676 mortua
2778 1619 2919 1692 ligna
2951 1620 3154 1681 faceret
3181 1624 3513 1690 germinare:
3536 1624 3624 1679 sed
3642 1626 3771 1694 quod

2201 1721 2284 1770 est
2312 1713 2527 1767 insitum
2558 1713 2806 1784 producit
2834 1714 2901 1768 ad
2930 1714 3102 1770 lucem
3143 1730 3327 1770 amore
3353 1732 3451 1771 suo
3490 1717 3545 1771 in
3575 1717 3772 1772 modum

502 1804 633 1847 vero
663 1802 823 1864 atque
870 1797 1143 1852 immobile
1193 1799 1245 1852 in
1286 1798 1604 1868 corporibus
1653 1796 1782 1851 nihil
1829 1805 1911 1851 est
1953 1794 2097 1850 aliud
2131 1813 2174 1873 Β
2201 1802 2422 1856 nutricis
2442 1801 2586 1871 quod
2614 1801 2910 1871 plantatum
2937 1812 3018 1857 est
3048 1802 3101 1856 in
3132 1803 3314 1858 radice
3338 1804 3402 1858 ad
3425 1805 3697 1860 medullam
3723 1815 3773 1861 et

504 1898 662 1951 quam
695 1885 807 1954 ipsa
838 1887 1156 1942 mortalitas.
1198 1887 1332 1955 Quia
1376 1889 1535 1957 igitur
1582 1887 1810 1941 calidum
1853 1885 1997 1955 quod
2041 1892 2097 1939 et

503 1988 736 2044 operans
775 1978 1005 2033 vidimus
1040 1994 1159 2034 esse
1198 1979 1265 2034 de
1294 1995 1399 2050 quo
1426 1979 1714 2049 loquimur,
1760 1977 1886 2033 hinc
1930 1976 2093 2032 etiam

504 2064 649 2131 quod
694 2068 944 2123 exanime
988 2084 1097 2124 non
1143 2069 1212 2124 sit
1258 2077 1576 2141 argumenta
1623 2069 1943 2138 colligimus.
1985 2067 2094 2122 Sed

503 2156 958 2222 quemadmodum
993 2158 1147 2228 juxta
1191 2158 1435 2229 corporis
1465 2159 1768 2229 portionem
1811 2173 1919 2213 non
1962 2158 2094 2213 illud

502 2244 730 2300 dicimus
758 2261 973 2302 carnem
997 2256 1053 2303 et
1077 2264 1198 2304 ossa
1231 2249 1315 2303 vel
1343 2249 1585 2319 capillos,
1618 2250 1707 2305 vel
1735 2249 2096 2321 quodcunque

502 2336 866 2405 conspicimus
894 2338 946 2392 in
976 2337 1214 2404 homine,
1238 2338 1335 2394 sed
1356 2339 1405 2393 vi
1428 2340 1641 2408 quidem
1663 2349 1824 2410 atque
1853 2340 2093 2410 potentia

502 2438 623 2480 esse
664 2428 857 2481 horum
895 2426 1134 2496 singula,
1178 2427 1415 2483 nondum
1460 2443 1589 2484 vero
1626 2429 1909 2484 visibiliter
1936 2445 2095 2500 appa-

502 2529 670 2572 rere:
712 2517 791 2573 sic
834 2518 995 2573 etiam
1039 2518 1192 2588 juxta
1240 2518 1431 2573 animat
1478 2520 1814 2588 portionem,
1866 2520 2094 2574 necdum

502 2607 717 2676 quidem
752 2609 1016 2665 rationale
1044 2609 1160 2678 ejus
1188 2617 1241 2665 et
1272 2610 1537 2666 irascibile
1572 2617 1629 2664 et
1657 2625 1989 2680 qumounque
2026 2610 2095 2665 de

501 2702 682 2755 anima
711 2702 1140 2772 considerantur,
1176 2703 1352 2758 locum
1384 2704 1438 2758 in
1479 2702 1571 2758 illo
1599 2702 1798 2757 habere
1827 2716 2094 2757 memora-

500 2806 653 2858 mus,
686 2792 1093 2863 proportionem
1122 2809 1251 2849 vero
1295 2792 1510 2849 formati
1549 2792 1820 2863 corporis,
1865 2800 1921 2847 et
1963 2807 2093 2848 con-

500 2884 913 2939 summationem
954 2885 1118 2941 etiam
1156 2885 1312 2939 simul
1351 2883 1802 2955 enectus/animm
1834 2884 2090 2951 dicimus,

498 2989 623 3029 cum
652 2974 893 3044 subjecto
931 2973 1256 3045 proﬁcimus.
1302 2974 1392 3031 Sic
1438 2974 1580 3030 enim
1625 2974 1895 3046 perfectus
1932 2975 2094 3029 homo

501 3067 646 3122 inter
672 3067 904 3137 majores
930 3068 1138 3124 obtinet
1162 3069 1356 3122 animae
1383 3067 1727 3138 operationes
1745 3065 2016 3130 effectum,
2040 3064 2093 3119 in

2198 1893 2456 1949 corticem
2488 1908 2774 1964 ramosque
2806 1892 3090 1963 periiciens
3122 1912 3135 1948 :
3169 1893 3313 1964 quod
3343 1896 3611 1963 nequisset
3649 1896 3773 1959 fieri.

2196 1983 2300 2039 nisi
2329 1985 2505 2053 aliqua
2537 1992 2786 2039 conserta
2818 1993 2960 2039 esset
2988 1985 3229 2054 potentia
3260 1986 3536 2051 naturalis,
3558 2001 3668 2055 qua:
3690 2004 3775 2042 co-

2197 2080 2411 2144 gnatam
2440 2083 2495 2129 et
2523 2089 2815 2143 congruam
2845 2090 2911 2130 ex
2944 2075 3311 2144 adjacentibus
3338 2078 3641 2133 alimoniam
3670 2086 3776 2135 tra-

2198 2163 2352 2229 hens,
2384 2161 2671 2231 virgultum
2703 2172 2797 2217 aut
2836 2165 3081 2219 arborem
3113 2174 3207 2219 aut
3233 2166 3432 2237 spicam
3464 2167 3550 2223 vel
3589 2168 3777 2239 aliquid

2197 2268 2264 2309 cx
2294 2252 2597 2325 bujusmoli
2624 2254 2783 2308 rebus
2811 2253 3005 2309 eileeit.

2767 2386 2997 2443 CAPUT
3037 2389 3224 2446 XXXL

2196 2497 2573 2571 Contemplatio
2613 2500 2849 2571 qua'dmn
2888 2501 3239 2575 medicinalis,
3283 2504 3547 2575 potiusque
3585 2504 3647 2559 de
3673 2520 3784 2559 cor-

2428 2586 2609 2639 porum
2632 2572 3034 2635 constructione,
3060 2574 3238 2642 paucis
3260 2572 3556 2628 absolvitur.

2266 2699 2372 2756 Sed
2399 2701 2645 2771 quamvis
2667 2701 2964 2757 certissima
2995 2705 3237 2774 corporis
3265 2704 3433 2759 nostri
3474 2705 3790 2764 formatione

2200 2794 2567 2863 unusquisque
2587 2808 2618 2847 a
2647 2794 2936 2866 semetipso
2960 2795 3238 2865 doceatur,
3280 2811 3343 2851 ex
3375 2797 3565 2867 quibus
3595 2798 3792 2853 intelli-

2200 2882 2277 2951 git
2302 2892 2357 2938 et
2384 2882 2514 2938 vivit
2542 2892 2597 2938 et
2619 2884 2811 2951 sentit,
2846 2896 3091 2940 naturam
3128 2885 3399 2957 propriam
3446 2885 3649 2943 habens
3682 2905 3793 2943 ma-

2195 2975 2417 3043 gistram
2441 3017 2456 3041 ,
2487 2982 2668 3028 tamen
2708 2983 2764 3029 et
2793 2990 2860 3029 ex
2891 2975 3038 3030 libris
3061 2976 3362 3045 sapientum
3385 3019 3400 3044 ,
3430 2978 3519 3045 qui
3551 2978 3651 3032 ista
3683 2989 3795 3032 stn-

2196 3062 2399 3119 diosius
2421 3064 2645 3118 scrutati
2668 3072 2811 3129 sunt,
2830 3063 2909 3119 fas
2924 3074 3006 3120 est
3028 3064 3311 3135 diligenter
3329 3066 3631 3123 addiscere.
3651 3067 3799 3124 Non-

498 3158 727 3215 exordio
777 3174 887 3215 sua:
934 3160 1331 3215 constitutionis
1372 3167 1527 3230 aptos
1551 3167 1608 3214 et
1657 3172 1924 3227 congruos
1956 3157 2009 3212 in
2034 3171 2094 3213 se
2122 3187 2169 3253 ο
2198 3155 2330 3210 nulli
2362 3170 2591 3224 namque
2622 3156 2852 3224 qualiter
2879 3156 3162 3227 positionis
3185 3158 3419 3213 habeant
3448 3158 3658 3228 singula
3680 3174 3799 3229 quat

502 3251 753 3320 prtesenti
782 3252 898 3308 usui
928 3254 1117 3307 anima:
1144 3253 1480 3308 demonstrat
1500 3252 1746 3315 adnisus,
1779 3260 1839 3305 ut
1865 3251 1967 3306 sibi
2000 3265 2097 3323 per

496 3342 736 3397 infusam
783 3344 1063 3398 materiam
1112 3344 1445 3415 aptissimum
1501 3343 1829 3399 domicilium
1882 3341 2095 3397 formet.

504 3432 614 3492 Nec
635 3436 780 3491 enim
808 3437 1062 3507 possibile
1089 3453 1210 3493 esse
1252 3437 1518 3492 credimus
1563 3437 1615 3492 in
1648 3437 1834 3491 alienis
1862 3435 2100 3491 aediliciis

503 3528 738 3583 animam
768 3538 1139 3600 competenter
1164 3528 1347 3595 inseri,
1377 3528 1513 3583 sicut
1536 3541 1643 3581 non
1673 3535 1849 3597 pefest
1875 3526 2101 3596 impres-

504 3635 625 3674 sum
667 3636 805 3675 cene
832 3622 1161 3691 signaculum
1193 3620 1626 3690 alieme‘prorsus
1653 3618 1939 3688 sculpturte
1964 3632 2097 3672 con-

504 3720 759 3780 gruenter
781 3714 972 3783 aptari.
996 3712 1458 3780 Quemadmodum
1483 3727 1611 3768 vero
1630 3727 1825 3781 corpus
1845 3726 1910 3765 ex
1933 3723 2100 3779 parvo

504 3801 750 3872 procedit
776 3802 846 3857 ad
877 3804 927 3858 id
956 3805 1099 3873 quod
1123 3811 1207 3860 est
1236 3802 1552 3874 perfectum,
1582 3804 1660 3857 sic
1680 3810 1735 3858 et
1759 3804 2101 3873 operationes

505 3902 771 3949 conserta:
817 3895 1010 3949 animae
1055 3895 1311 3963 subjecta:
1351 3894 1600 3949 similiter
1648 3901 2004 3949 concrescunt
2046 3900 2103 3947 et

506 3982 814 4056 proﬁciunt.
836 3984 1087 4040 Procedit
1105 3985 1323 4054 quidem
1339 4001 1401 4039 ca
1426 3985 1478 4040 in
1501 3985 1670 4053 prima
1693 3983 2096 4049 constitutione,

506 4075 671 4129 veluti
714 4075 962 4144 quaedam
1000 4076 1156 4130 radix
1196 4076 1376 4130 abdita
1405 4076 1549 4131 cavis
1581 4076 1953 4131 tantummodo
1981 4092 2101 4147 qua:

507 4168 850 4223 nutrimentis
879 4184 944 4223 ac
986 4169 1329 4226 incrementis
1352 4179 1435 4225 est
1473 4170 1757 4225 distributa
1793 4172 1928 4239 (nec
1956 4172 2098 4226 enim

508 4257 744 4328 parvitas
773 4260 1033 4314 sumentis
1083 4260 1311 4329 amplius
1352 4259 1595 4330 recipit),
1647 4259 1844 4315 deinde
1880 4275 2001 4315 eam
2032 4261 2099 4315 ad

505 4355 681 4401 ιιι-σθω
715 4349 977 4418 prodierit
997 4350 1046 4403 id
1069 4351 1210 4420 quod
1241 4351 1497 4405 insertum
1522 4359 1605 4405 est
1622 4363 1951 4421 germenun
1975 4367 2101 4421 pro-

508 4439 689 4494 tulerit
721 4458 732 4491 :
769 4451 894 4494 tunc
920 4440 975 4495 in
1002 4456 1069 4497 eo
1096 4443 1267 4510 gratia
1297 4441 1563 4497 sensibilis
1591 4441 1907 4506 elllorcseit,
1953 4442 2095 4511 jam-

2202 3247 2255 3302 in
2298 3247 2455 3303 nobis
2482 3255 2638 3315 sunt,
2669 3261 2768 3316 per
2794 3262 2913 3301 eam
2955 3261 3114 3317 quam
3134 3247 3337 3304 medici
3377 3248 3559 3304 dicunt
3600 3259 3800 3306 anato-

2201 3341 2386 3409 miam,
2418 3339 2471 3394 id
2514 3348 2596 3396 est
2624 3340 2936 3395 incisionem
2966 3340 3294 3408 singulorum
3338 3341 3603 3395 nodorum
3638 3351 3801 3411 atque

2199 3445 2478 3493 venarum,
2512 3440 2734 3501 propter
2769 3430 2913 3501 quod
2942 3431 3160 3485 eiTectus
3190 3432 3242 3485 in
3275 3432 3521 3487 universa
3552 3434 3801 3503 corporis

2201 3525 2568 3581 membrorum
2595 3524 2821 3578 interius
2849 3531 2904 3579 et
2933 3523 3170 3579 exterius
3199 3523 3547 3595 contemplati
3570 3533 3726 3594 sunt,
3750 3534 3803 3580 et

2202 3617 2321 3673 aliis
2348 3616 2676 3683 retulerunt,
2727 3616 2799 3670 ita
2832 3624 2890 3669 ut
2918 3612 3189 3670 sufficiens
3219 3614 3347 3670 huic
3372 3614 3621 3669 humana:
3654 3616 3805 3681 insti-

2196 3704 2394 3761 ’tutioni
2421 3705 2656 3775 cognitio
2681 3704 2970 3760 studiosius
2997 3704 3272 3759 existeret.
3296 3704 3350 3760 Si
3376 3705 3495 3773 quis
3522 3715 3712 3760 autem
3744 3706 3808 3763 de

2204 3798 2285 3850 his
2312 3796 2573 3866 perquirit
2602 3794 2670 3849 de
2700 3793 2882 3859 nobis,
2913 3794 3157 3864 profecto
3186 3794 3235 3848 ei
3265 3794 3635 3863 magisterium
3665 3809 3809 3865 pne-

2202 3889 2351 3944 bebit
2377 3888 2637 3943 Ecclesia.
2672 3886 2797 3942 llaec
2816 3886 2960 3941 enim
2984 3887 3337 3957 spiritualium
3368 3887 3451 3941 lex
3480 3894 3568 3943 est
3590 3890 3810 3956 ovium,

2202 3981 2339 4037 sicut
2370 3981 2625 4037 Dominus
2664 3980 2767 4045 ait,
2797 3988 2855 4034 ut
2883 3979 3179 4035 alienorum
3202 3992 3388 4034 vocem
3421 3994 3530 4034 non
3555 3979 3809 4035 audiant.

2205 4072 2358 4129 Unde
2382 4089 2687 4129 sermonem
2714 4072 2951 4127 breviter
2977 4071 3280 4130 alieramus.
3312 4071 3436 4127 Tria
3459 4073 3720 4141 quaedam
3745 4073 3818 4129 de

2196 4171 2393 4238 natura
2447 4162 2693 4231 corporis
2746 4160 3093 4231 intelligenda
3138 4160 3514 4230 percepimus,
3564 4176 3819 4230 quorum

2203 4254 2373 4324 gratia
2399 4254 2606 4321 singula
2633 4268 2754 4322 qua:
2782 4252 2834 4307 in
2868 4253 3022 4307 nobis
3050 4260 3175 4307 sunt
3200 4252 3492 4307 constituta
3522 4266 3657 4309 esse
3688 4269 3822 4309 eer-

2203 4351 2421 4399 nuntur.
2455 4342 2707 4410 Quaedam
2759 4356 2989 4411 namque
3035 4334 3257 4412 propter
3304 4341 3507 4406 vitam,
3549 4344 3823 4413 quautam

2201 4453 2332 4491 vero
2360 4444 2580 4507 propter
2606 4435 2804 4490 bonam
2836 4434 3020 4500 vitam,
3042 4431 3285 4501 qumdam
3305 4431 3373 4486 ad
3395 4434 3827 4487 successionem

506 4549 610 4603 que
651 4533 963 4588 coalescens
986 4542 1040 4589 et
1072 4535 1123 4589 in
1164 4535 1556 4605 magnitudines
1596 4544 1966 4605 competenter
1995 4550 2093 4588 ex-

2203 4528 2534 4599 posteritatis
2562 4533 2867 4596 opportune
2898 4522 3128 4580 formata
3148 4532 3292 4579 sunt.
3323 4523 3685 4594 Quaecunque
3714 4526 3829 4593 igi-

505 4638 756 4687 eurrens,
789 4622 953 4678 veluti
981 4621 1184 4679 fructus
1212 4624 1426 4694 quidam
1454 4624 1729 4679 rationalis
1758 4624 1925 4678 virtus
1960 4624 2095 4679 inci-

506 4715 584 4782 pit
612 4713 845 4768 elucere.
876 4711 991 4766 Non
1020 4713 1162 4767 enini
1192 4712 1368 4767 onmis
1397 4713 1554 4767 simul
1587 4727 1870 4784 apparens,
1902 4713 1946 4768 si
1976 4728 2095 4767 cum

505 4801 845 4857 instrumenti
892 4801 975 4856 sui
1029 4800 1359 4871 pet-feetione
1405 4802 1691 4871 diligenter
1742 4818 2091 4867 exet-caecas,

506 4898 824 4960 tantumque
851 4907 1067 4963 semper
1103 4893 1462 4960 fructificaus,
1493 4904 1752 4963 quantum
1799 4911 1969 4965 capax
2015 4903 2098 4950 est

503 4978 731 5047 subjecti
759 4980 1023 5048 potentia.
1050 4979 1106 5034 Si
1127 4996 1256 5036 vero
1280 4981 1331 5035 in
1360 4984 1461 5038 hac
1489 4983 1811 5038 iortnatione
1831 4984 2092 5054 rorporis,

507 5071 855 5141 operationes
883 5072 1077 5127 animat
1105 5072 1350 5128 fortassis
1378 5066 1623 5144 inquiris,
1652 5072 1872 5129 attende
1902 5082 2094 5129 temet-

482 5163 680 5233 ipsum
698 5202 713 5227 ,
745 5161 885 5216 sicut
909 5162 985 5217 ait
1013 5160 1257 5233 Moyses,
1289 5172 1345 5217 et
1363 5165 1515 5233 quasi
1546 5165 1598 5218 in
1629 5164 1787 5232 libro,
1816 5166 1896 5219 sic
1924 5165 2094 5219 histo-

503 5255 639 5308 riam
670 5253 999 5323 operationis
1025 5254 1217 5309 anith
1246 5254 1520 5324 perleges;
1555 5256 1669 5324 ipsa
1699 5255 1842 5309 coitu
1874 5255 1965 5309 tibi
1996 5271 2097 5309 na»

503 5355 624 5401 tttra
675 5343 1074 5415 quodammodo
1118 5345 1444 5400 fabulahitur
1492 5346 1641 5401 omni
1687 5362 1787 5401 usu
1833 5348 2097 5402 sermonis

472 5436 793 5505 .el'licacius,
825 5436 999 5491 varias
1024 5436 1077 5492 in
1104 5451 1334 5507 corpore
1358 5438 1741 5508 occupationes
1766 5438 1957 5492 anima:
1982 5438 2095 5492 sive

508 5539 564 5592 in
592 5540 798 5604 anima,
848 5540 965 5595 sive
1002 5539 1055 5594 in
1094 5540 1426 5602 universali,
1470 5543 1589 5593 sive
1638 5540 1699 5594 in
1753 5541 2087 5609 particulari

480 5632 826 5687 .conditionc
849 5633 1252 5688 demonstrans.
1297 5632 1402 5687 Sed
1439 5632 1508 5686 de
1553 5631 1711 5687 nobis
1736 5633 2083 5700 superﬂuum

509 5731 643 5790 puto
663 5724 1013 5779 sermonibus
1042 5724 1223 5794 agere,
1257 5734 1311 5778 et
1338 5724 1506 5780 veluti
1527 5724 1865 5795 quihusdam
1897 5727 2082 5796 procul

508 5822 565 5871 et
585 5825 737 5871 extra
756 5817 1023 5875 terminos
1044 5818 1359 5877 constitutis
1380 5817 1641 5874 miracula
1673 5827 1934 5878 consueta
1960 5833 2087 5874 nar-

2207 4631 2291 4675 tur
2314 4623 2364 4675 in
2389 4620 2542 4675 nobis
2567 4618 2695 4673 talia
2715 4617 2927 4683 dentur,
2958 4616 3074 4671 sine
3094 4615 3287 4685 quibus
3306 4615 3537 4670 humana
3568 4623 3833 4685 nequeat

2203 4714 2310 4767 vita
2341 4711 2654 4776 subsistere,
2684 4708 2800 4763 haec
2828 4707 2880 4761 in
2910 4706 3081 4763 tribus
3110 4706 3237 4760 item
3264 4706 3507 4777 partibus
3526 4720 3665 4761 esse
3692 4720 3834 4759 sen-

2206 4806 2386 4870 timus,
2420 4803 2473 4859 id
2501 4810 2584 4855 est
2610 4801 2663 4855 in
2692 4800 2918 4855 cerebro
2947 4805 3001 4853 et
3028 4796 3192 4853 corde
3217 4805 3274 4852 et
3295 4795 3513 4866 iecore;
3543 4811 3837 4865 quaecun-

2204 4914 2310 4970 que
2339 4911 2468 4950 vero
2493 4895 2547 4949 in
2570 4900 2914 4962 augmentum
2936 4890 3201 4944 honorum
3230 4888 3476 4956 largitate
3504 4894 3737 4941 natura:
3763 4886 3838 4941 ad

2205 4992 2344 5046 bene
2384 4986 2668 5042 vivendum
2698 4982 2903 5038 homini
2940 4980 3135 5035 collata
3172 4986 3326 5045 sunt,
3380 4979 3842 5033 instrumentum

2204 5096 2457 5136 sensuum
2489 5095 2606 5135 esse
2645 5078 3006 5134 declarantur.
3038 5070 3352 5142 "ejusmodi
3396 5073 3609 5143 quippe
3648 5075 3842 5127 vitam

2205 5173 2421 5242 quidem
2453 5178 2690 5225 nostram
2718 5184 2826 5223 non
2853 5166 3149 5230 continent,
3184 5165 3306 5235 quia
3344 5172 3400 5220 et
3426 5163 3849 5219 deﬁcientibus

2204 5280 2269 5320 ex
2313 5264 2396 5319 his
2447 5276 2816 5332 smpenumero
2848 5259 3196 5329 quihusdam,
3239 5256 3596 5312 nihilominus
3624 5256 3853 5310 subest

2205 5354 2440 5419 homini;
2465 5352 2559 5408 sed
2590 5350 2920 5423 impossibile
2946 5357 3027 5405 est
3054 5350 3170 5404 sine
3196 5348 3311 5403 istis
3338 5345 3629 5404 effectibus
3653 5347 3855 5400 vitam

2202 5445 2572 5501 suavissimam
2602 5442 2889 5499 contineri.
2930 5440 3109 5495 Tertia
3139 5455 3355 5510 quoque
3395 5438 3702 5495 divisionis
3757 5439 3860 5491 in-

2181 5538 2374 5591 -tentio
2402 5543 2795 5605 consequenter
2833 5535 3051 5601 respicit
3091 5533 3157 5588 ad
3196 5531 3561 5588 successionis
3609 5530 3859 5586 ofﬁcia.

2200 5625 2339 5681 Sunt
2364 5634 2543 5679 autem
2573 5631 2626 5679 et
2654 5625 2758 5679 alia
2784 5625 3029 5693 quaedam
3059 5632 3254 5694 praeter
3281 5624 3411 5688 lucc,
3444 5637 3571 5693 qua:
3592 5621 3675 5677 ad
3712 5636 3865 5692 per-

2200 5719 2554 5775 sevcrantiam
2585 5721 2830 5789 corporis
2871 5722 3226 5774 communiter
3265 5718 3525 5773 membris
3564 5717 3871 5784 subjecta

2199 5821 2323 5871 sunt
2351 5810 2623 5876 omnibus,
2648 5810 2991 5876 operatioues
3022 5826 3086 5868 ex
3109 5825 3167 5866 se
3190 5823 3458 5876 congruas
3487 5808 3877 5870 afferentes.
