4000 6344
208 280 307 339 ιοι

1007 277 1183 336 uani
1225 278 1310 334 ne
1342 277 1731 335 CREATIONE
1771 249 2050 336 uestitus
2088 273 2660 333 INTERPRETATIO.

3397 281 3509 337 402

205 404 345 458 sicut
367 408 557 456 venter
579 406 635 456 et
655 397 860 471 pulmo,
880 395 969 453 hic
992 397 1206 468 quidem
1228 396 1438 467 spiritu,
1461 412 1622 468 quem
1646 396 1811 450 sumit
1839 433 1848 457 λ

1938 415 2131 469 Iuriore
2160 413 2499 484 superficiem
2523 428 2643 485 quae
2685 411 2968 485 passiones
2996 411 3162 469 ferret
3203 412 3521 471 involvens._

208 511 272 550 ac
299 492 473 547 reddit
502 491 673 557 cordi,
707 490 1041 558 signaculum
1088 487 1343 558 perllans,
1377 488 1467 542 ille
1494 502 1626 541 vero
1661 485 1812 541 cibos

208 584 505 642 visceribus
555 584 607 637 in
654 597 941 637 commune
985 580 1305 649 suscipiens.
1348 579 1488 633 Cum
1530 577 1609 632 sic
1652 575 1814 645 igitur

210 677 462 733 formatio
487 683 671 730 nostra
699 672 985 737 dividatur,
1017 670 1323 739 diligentius
1354 669 1666 724 intuendum
1697 676 1811 732 est,

207 768 354 838 quod
392 784 499 823 non
546 765 864 836 simpliciter
910 778 1007 834 per
1038 778 1203 817 unum
1250 760 1469 831 aliquod
1515 759 1814 814 membrum

208 858 291 911 vis
318 857 407 911 illa
447 872 567 927 qua:
608 852 675 909 ad
707 854 870 907 vitam
920 859 1158 906 nostram
1192 851 1427 922 pertinet
1468 850 1814 919 transigatur,

208 949 302 1003 sed
327 948 571 1021 plurimis
594 946 833 1016 partibus
854 944 1169 999 occasiones
1190 942 1345 997 nobis
1366 942 1432 995 ad
1452 940 1818 996 conservatio-

209 1055 337 1094 nem
366 1047 606 1093 nostram
638 1045 829 1091 natura
858 1034 1147 1089 distribuat
1175 1030 1476 1088 necessaria
1506 1030 1573 1085 ad
1604 1029 1821 1084 univer-

211 1144 331 1182 sum
363 1142 592 1198 corpus,
629 1126 700 1179 ita
742 1133 803 1179 ut
842 1137 1178 1193 quacunque
1203 1120 1270 1175 ad
1297 1120 1563 1177 cautelam
1605 1120 1729 1173 vita:
1755 1131 1820 1173 ac

212 1217 671 1288 pulchritudinem
696 1215 885 1271 eadem
910 1222 1101 1268 natura
1124 1220 1208 1267 est
1230 1211 1441 1279 molita,
1467 1210 1581 1265 ιιωο
1603 1209 1820 1264 videan-

213 1320 302 1364 tur
330 1325 455 1365 esse
481 1325 641 1379 quam
672 1307 933 1379 plurima,
970 1306 1193 1362 multam
1222 1304 1521 1360 adinvicem
1564 1303 1817 1358 dili‘eren-

213 1404 347 1456 tiam
395 1416 615 1471 prorsus
662 1400 941 1455 habentia.
984 1397 1091 1453 Sed
1132 1397 1366 1452 arbitror
1394 1395 1635 1452 dividere
1678 1394 1823 1464 prius

214 1500 475 1561 Oportere
504 1490 740 1547 breviter
769 1490 943 1561 prima
992 1488 1252 1560 principia
1297 1503 1418 1557 quae
1456 1487 1521 1541 ad
1563 1487 1824 1543 constitu—

216 1582 423 1637 tionem
451 1581 575 1636 vita:
603 1589 802 1636 nostra:
832 1581 1102 1652 pertinere
1150 1587 1546 1645 monstrantur;
1600 1579 1824 1633 materia

217 1687 353 1729 vero
383 1672 547 1727 totius
585 1672 834 1742 corporis
863 1686 983 1741 qua:
1024 1669 1385 1726 communiter
1428 1668 1683 1723 membris
1711 1668 1825 1723 sin-

1914 504 2050 559 Huic
2080 503 2242 572 igitur
2271 503 2472 558 ossium
2502 512 2706 557 natura:
2726 502 3082 570 solidissima,
3104 503 3267 559 veluti
3288 506 3507 577 quibus.

1912 596 2035 650 dam
2074 595 2340 651 columnis
2382 595 2580 650 molem
2627 594 3016 651 sustinentibus
3057 595 3221 652 totius
3263 598 3513 665 corporis

1913 703 2051 741 onus
2096 686 2370 756 imposuit.
2400 683 2512 739 Nec
2547 678 2775 742 indivisa
2831 694 2926 741 aut
2973 686 3262 742 indiscreta
3311 687 3513 755 abique

1915 775 2102 830 eadem
2151 790 2273 830 ossa
2320 776 2620 845 compegit,
2669 775 2909 845 alioquin
2960 776 3250 833 immobilis
3294 785 3351 832 et
3392 777 3513 831 sine

1915 866 2232 936 operatione
2258 866 2568 931 mansisset,
2595 875 2650 921 et
2670 868 2713 922 si
2732 866 2803 921 ita
2831 864 3022 921 fuisset
3042 866 3205 921 homo
3226 866 3512 933 formatus,

1918 956 2083 1010 veluti
2106 956 2351 1026 quasdam
2378 956 2541 1011 arbor
2563 957 2615 1011 in
2643 972 2751 1013 uno
2771 956 2894 1012 loco
2922 957 3243 1024 consistens,
3266 972 3387 1013 cum
3414 972 3515 1012 nec

1918 1044 2124 1100 alterna
2152 1062 2368 1101 crurum
2401 1046 2642 1102 motione
2672 1047 2724 1101 in
2748 1047 3018 1102 anteriora
3048 1047 3385 1117 procederet,
3418 1062 3518 1103 nec

1921 1149 2176 1187 manuum
2203 1133 2502 1188 ministerio
2528 1134 2649 1188 vita:
2670 1135 2787 1204 ejus
2810 1135 3168 1191 commoditas
3208 1144 3518 1207 appareret.

1922 1220 2073 1278 Nunc
2105 1231 2283 1277 autem
2310 1236 2590 1291 gressuum
2617 1233 2672 1279 et
2693 1233 2908 1281 actuum
2940 1227 3041 1281 hac
3070 1227 3378 1298 provisione
3411 1224 3521 1282 for-

1923 1325 2129 1371 matum
2158 1325 2241 1371 est
2270 1317 2705 1383 instrumentum,
2745 1328 2804 1374 ut
2846 1328 3148 1390 Spontanro
3193 1320 3383 1390 spiritu
3428 1320 3518 1389 qui

1928 1411 2107 1467 nervis
2145 1411 2377 1466 insertus
2403 1419 2506 1477 est,
2536 1411 2772 1467 ultronei
2818 1422 2996 1467 motus
3038 1411 3285 1481 corporei
3334 1410 3520 1466 confe—

1926 1512 2134 1558 rantur.
2166 1502 2300 1559 Hinc
2326 1504 2720 1559 administratio
2750 1520 3000 1559 manuum
3029 1504 3178 1558 varia
3203 1511 3365 1575 atque
3386 1504 3524 1558 mul-

1928 1593 2094 1663 tiplex
2124 1602 2180 1648 et
2223 1594 2778 1649 accommodatissima
2818 1594 2885 1649 ad
2922 1610 3083 1649 omne
3116 1611 3334 1665 prorsus
3363 1611 3519 1650 exco-

1930 1684 2147 1753 gitantis
2188 1684 2447 1749 oﬂlcium,
2489 1684 2615 1740 hinc
2664 1686 2895 1741 cervicis
2941 1685 3179 1750 inﬂexio,
3228 1694 3283 1739 ct
3332 1685 3526 1754 capitis

220 1766 363 1836 ευιίε
391 1765 657 1834 subiacet.
689 1780 831 1819 nunc
861 1779 893 1818 3
923 1763 1077 1818 ῐιοῦίδ
1101 1771 1185 1818 εει
1214 1761 1510 1827 reticenda,
1540 1777 1658 1816 cum
1690 1761 1821 1816 nihil
1856 1766 1898 1826 Β
1927 1777 2203 1832 inclinatio
2233 1786 2393 1846 atque
2424 1778 2644 1843 erectio,
2672 1787 2726 1830 et
2771 1778 2912 1833 circa
2958 1786 3197 1831 mentum
3242 1775 3527 1834 efficientia

221 1856 290 1910 ad
317 1871 553 1927 pra-scus
580 1855 940 1925 prepositum,
964 1852 1031 1907 ad
1065 1850 1442 1923 particularcm
1484 1848 1823 1920 contempla-

223 1932 433 2005 tionem
478 1946 795 2003 universalis
825 1953 1027 2000 natura:
1056 1943 1348 2015 disputatio
1373 1950 1619 2012 spectare
1646 1942 1826 1997 vidca-

223 2048 334 2094 tur.
377 2020 603 2095 Cunctis
656 2052 786 2107 ergo
830 2036 1123 2091 fatentibus
1168 2034 1406 2089 omnium
1434 2033 1826 2087 elementorum

225 2150 347 2205 qua:
378 2135 433 2189 in
465 2134 570 2188 hoc
597 2132 795 2188 mundo
822 2140 949 2185 sunt
978 2131 1028 2185 in
1057 2130 1211 2185 nobis
1238 2131 1470 2183 existere
1499 2128 1823 2198 portionem,

225 2226 386 2283 calidi
418 2226 627 2282 scilicet
655 2241 721 2281 ac
749 2223 952 2295 frigidi,
984 2239 1193 2279 necnon
1236 2231 1290 2277 et
1318 2222 1540 2277 alterius
1567 2222 1827 2290 coniuga-

227 2320 410 2387 tionis,
443 2335 560 2391 qua:
592 2320 643 2374 in
678 2320 904 2373 humore
936 2333 997 2373 ac
1025 2317 1265 2372 siccitate
1296 2315 1574 2381 consistit,
1618 2313 1685 2368 de
1713 2314 1826 2369 sin-

226 2412 365 2480 gulis
396 2427 427 2465 a
470 2410 625 2465 nobis
664 2417 747 2465 est
793 2408 977 2479 utique
1023 2406 1415 2461 disserendum.
1468 2404 1829 2474 Pcrspicimus

228 2503 414 2571 itaque
447 2512 556 2557 tres
599 2516 720 2555 esse
749 2496 1169 2568 dispensatorias
1201 2496 1320 2551 vita:
1351 2492 1648 2566 potentias,
1697 2508 1833 2564 qua-

229 2608 347 2647 rum
378 2608 480 2646 una
512 2590 726 2660 quidem
772 2589 1077 2644 universum
1110 2588 1364 2643 mundum
1394 2585 1576 2641 calore
1615 2583 1832 2655 prolirio

230 2682 477 2748 refovet,
534 2681 701 2736 altera
731 2698 860 2735 vero
890 2680 1184 2733 madefacta
1215 2678 1440 2732 humore
1469 2674 1612 2746 quod
1653 2674 1834 2730 calore

230 2774 543 2831 confectum
570 2783 673 2838 est,
706 2774 778 2827 ita
808 2781 864 2828 ut
891 2788 1042 2842 mqua
1068 2771 1329 2842 temperie
1354 2770 1550 2839 animal
1581 2770 1632 2823 in
1656 2769 1834 2823 medio

231 2886 297 2926 ex
330 2869 603 2925 contraria
626 2869 885 2939 qualitate
915 2874 1179 2934 servetur,
1209 2874 1474 2937 quatenus
1505 2882 1605 2920 nec
1644 2866 1836 2920 humo-

231 2978 346 3017 rem
376 2960 604 3030 desngat
644 2961 838 3015 caloris
868 2959 1227 3022 abundantia,
1276 2976 1375 3014 nec
1404 2959 1639 3013 calorem
1684 2959 1837 3028 cepia

232 3051 476 3107 humoris
506 3051 831 3121 exstinguat.
865 3049 955 3106 Vis
982 3062 1157 3105 autem
1192 3052 1348 3104 tertia
1374 3066 1469 3120 per
1488 3049 1835 3121 semetipsam

1928 1871 2194 1937 quanlam,
2226 1870 2603 1939 palpebrarum
2645 1885 2861 1939 quoque
2901 1870 3173 1933 collectio,
3206 1870 3365 1925 simul
3405 1886 3529 1949 cuni

1931 1959 2209 2013 intellectu
2268 1961 2591 2030 proveniens
2637 1970 2978 2015 cacterorum.
3040 1960 3305 2027 Quoniam
3366 1961 3533 2019 etiam

1933 2058 2112 2104 motus
2141 2051 2252 2119 ipse
2283 2050 2648 2103 membrorum
2681 2048 2859 2104 nervis
2889 2048 3306 2104 cxtendentibus
3344 2064 3409 2104 ac
3446 2065 3527 2102 re-

1932 2141 2255 2204 laxantibus,
2285 2142 2448 2195 veluti
2476 2141 2796 2210 quibusdam
2828 2142 3089 2197 machinis
3138 2150 3393 2212 Operatur
3434 2140 3526 2195 im-

1932 2232 2139 2303 pulsus,
2169 2240 2408 2301 potestas
2437 2242 2615 2286 autem
2648 2248 2743 2301 per
2771 2233 2883 2287 haec
2910 2234 2958 2285 vi
3003 2248 3097 2286 sua
3144 2232 3320 2287 nitens
3364 2247 3527 2303 spon-

1935 2335 2151 2381 taneuui
2183 2328 2322 2398 gerit
2370 2326 2669 2396 imperium,
2713 2343 2777 2382 ac
2805 2328 3111 2383 voluntario
3142 2329 3331 2399 spiritu
3376 2327 3529 2397 juxta

1933 2415 2219 2487 quamdam
2239 2426 2441 2473 natura:
2462 2419 2918 2489 dispensationem
2943 2421 2993 2474 in
3011 2420 3234 2489 singulis
3254 2421 3529 2491 proprium

1934 2509 2270 2564 demonstrat
2312 2509 2580 2565 cﬂ'ectum.
2617 2510 2871 2565 Radicem
2919 2513 3080 2581 igitur
3126 2521 3289 2581 atque
3328 2511 3529 2583 princi-

1936 2602 2080 2674 pium
2106 2602 2342 2657 onmium
2377 2611 2619 2656 motuum
2651 2602 2739 2673 qui
2771 2618 2867 2673 per
2909 2618 3102 2658 nervos
3131 2602 3273 2657 cliici
3303 2602 3530 2659 credun-

1937 2699 2044 2755 tur,
2070 2692 2433 2747 membranam
2462 2691 2607 2746 illam
2628 2708 2731 2762 qua
2753 2692 3035 2747 cerebrum
3063 2693 3371 2759 continetur
3390 2707 3531 2745 com.

1936 2794 2154 2857 pactum
2184 2784 2363 2841 nervis
2394 2800 2513 2841 esse
2543 2785 2853 2854 perclaruit.
2881 2784 2998 2839 Non
3024 2785 3183 2853 igitur
3211 2784 3533 2839 arbitramur

1940 2875 2052 2948 jam
2081 2875 2347 2931 curiosius
2378 2892 2476 2929 nos
2507 2875 2704 2931 debere
2732 2876 3045 2950 perqpirere
3066 2874 3131 2930 de
3149 2874 3342 2929 ell'ectu
3366 2890 3537 2929 memo

1939 2966 2159 3020 brorum
2198 2964 2464 3030 animalis,
2496 2981 2617 3020 cum
2651 2965 3023 3033 hujuscemodi
3048 2974 3225 3023 motus
3255 2965 3326 3019 sit
3369 2964 3429 3025 in_
3450 2979 3538 3019 ce-

1943 3055 2088 3111 rebri
2131 3056 2453 3111 formatione
2495 3055 2823 3115 declaratus.
2852 3054 3025 3125 Quod,
3054 3066 3234 3110 autem
3275 3056 3539 3115 maximus

233 3138 383 3211 juxta
411 3140 699 3210 quamdam
750 3140 1155 3209 congruentiam
1203 3149 1366 3209 atque
1412 3139 1835 3195 modulat7oncm
1869 3136 1911 3196 (ἒ
1944 3147 2097 3216 vigor
2118 3147 2185 3202 ad
2215 3146 2468 3201 tuendam
2492 3146 2657 3201 vitam
2690 3146 2843 3201 nobis
2875 3163 2904 3201 a
2950 3147 3174 3202 cerebro
3211 3145 3549 3219 conferatur,

234 3233 477 3287 membra
516 3246 635 3300 qua:
677 3230 928 3284 distincta
977 3238 1102 3283 sunt
1149 3230 1420 3293 continet,
1472 3230 1583 3286 suis
1629 3244 1691 3284 ea
1739 3242 1835 3284 co-

236 3336 434 3398 eptans
481 3325 740 3390 vinculis,
791 3335 847 3381 et
893 3325 1144 3381 omnibus
1208 3340 1514 3395 praerogans
1574 3340 1670 3394 per
1720 3339 1839 3379 sese

236 3419 498 3475 mobilem
548 3427 1010 3487 spontaizcamque
1059 3417 1340 3481 virtutem,
1398 3432 1518 3484 qua:
1572 3417 1617 3471 si
1665 3415 1837 3480 desit,

235 3511 477 3567 solutum
550 3517 607 3566 et
680 3508 957 3565 inunobile
1033 3523 1231 3577 corpus
1305 3508 1522 3571 exis1it,
1594 3508 1836 3562 uitronea

235 3600 459 3671 spiritus
539 3598 824 3655 vivacitate
892 3606 1053 3666 atque
1128 3594 1415 3653 efﬁcientia
1484 3597 1839 3665 destitutum,

236 3691 516 3759 magisque
564 3688 714 3759 prius
775 3687 1061 3743 artiﬁcium
1116 3698 1278 3757 atque
1335 3687 1589 3742 molimen
1645 3696 1841 3742 nostra:

236 3791 446 3836 natura:
477 3781 529 3834 in
575 3782 685 3851 ipsa
730 3781 974 3852 corporis
1024 3781 1332 3836 conditione
1378 3781 1594 3850 dignum
1645 3790 1727 3836 est
1763 3782 1843 3835 in-

235 3874 401 3929 tueri.
433 3872 568 3942 Quia
613 3874 754 3928 enim
802 3890 964 3929 omne
1012 3874 1155 3945 qupd
1202 3874 1393 3929 durum
1436 3883 1519 3930 est
1562 3875 1843 3931 sensibiles

236 3965 559 4021 eflieientias
584 3965 803 4020 omnino
828 3981 935 4021 non
956 3966 1166 4035 recipit,
1194 3966 1351 4020 sicuti
1374 3965 1616 4022 videmus
1641 3967 1691 4021 in
1715 3966 1845 4022 ossi-

236 4055 341 4112 bus
364 4058 563 4112 nostris
586 4066 640 4111 et
667 4056 719 4111 in
749 4054 960 4113 frutetis
990 4066 1153 4129 atque
1190 4059 1491 4123 arboribus,
1542 4060 1595 4114 in
1648 4060 1843 4129 quibus

240 4149 366 4202 vita:
389 4146 614 4217 quidem
658 4148 870 4217 Species
915 4148 1157 4219 quiedam
1189 4150 1445 4217 cernitur,
1490 4150 1541 4203 in
1592 4167 1658 4205 eo
1698 4150 1842 4220 quod

239 4239 480 4293 nutritur
508 4248 563 4293 et
590 4239 810 4308 crescit,
834 4256 934 4294 nec
966 4249 1144 4295 tamen
1173 4241 1410 4296 admittit
1438 4242 1603 4295 ullum
1626 4257 1841 4295 sensum

240 4328 475 4395 subjecti
506 4326 751 4382 durities.
794 4326 963 4397 llujus
1002 4330 1079 4383 rei
1119 4329 1288 4398 gratia
1328 4330 1616 4398 oportebat
1660 4346 1843 4401 quam-

239 4419 369 4475 dam
416 4404 795 4474 formationem
843 4421 1010 4474 instar
1061 4436 1198 4475 certe
1255 4420 1431 4475 mollis
1481 4421 1532 4475 in
1587 4435 1840 4475 sensuum

1945 3252 2011 3292 cx
2036 3238 2309 3292 contrario
2340 3236 2609 3293 accidenti
2657 3238 2935 3293 evidenter
2962 3238 3292 3306 agnoscitur.
3322 3236 3455 3291 Nam
3496 3236 3539 3293 si

1944 3328 2136 3385 vulnus
2148 3328 2364 3400 aliquod
2382 3328 2461 3385 vel
2482 3328 2767 3383 scissuram
2792 3330 3100 3383 membrana
3120 3330 3229 3399 ipsa
3242 3328 3541 3399 pertulerit,

1948 3420 2096 3475 illico
2137 3437 2284 3475 mors
2323 3421 2648 3489 insequitur.
2695 3419 2937 3474 l‘assioni
2980 3418 3177 3488 quippe
3224 3434 3347 3474 cum
3397 3418 3541 3474 illam

1944 3510 2152 3564 vulneri
2183 3526 2283 3565 nec
2314 3510 2380 3564 ad
2403 3519 2659 3579 punctum
2693 3509 2952 3577 temporis
3001 3520 3191 3562 natura
3233 3508 3405 3577 possit
3446 3508 3543 3561 Oll-

1943 3602 2175 3666 sistere,
2230 3598 2326 3654 sed
2388 3599 2552 3653 veluti
2610 3598 2956 3652 fundamento
3006 3600 3235 3668 quodam
3284 3598 3543 3668 subrnpto

1942 3699 2116 3747 totum
2143 3690 2300 3746 simul
2324 3690 2606 3745 :edilicium
2636 3708 2757 3744 cum
2784 3702 2935 3760 parte
2962 3691 3226 3761 dejicitur,
3261 3694 3377 3761 ejus
3410 3706 3541 3760 ergo

1944 3782 2253 3853 passionem
2286 3781 2452 3835 totius
2480 3781 2725 3852 corporis
2747 3782 2989 3851 sequitur
3036 3782 3318 3836 manifesta
3366 3784 3546 3853 perni-

1944 3874 2088 3930 cies:
2110 3874 2161 3929 in
2193 3873 2298 3930 hoc
2327 3872 2556 3945 propria:
2577 3874 2698 3928 vitae
2727 3890 2941 3929 causam
2965 3874 3184 3928 subes<e
3216 3874 3360 3931 nullo
3386 3883 3548 3942 pacto

1945 3968 2249 4038 negandum
2281 3975 2383 4021 est.
2417 3965 2550 4021 Cum
2576 3982 2703 4022 vero
2734 3976 2787 4021 et
2813 3982 2998 4021 eorum
3040 3982 3159 4036 «pne
3189 3966 3439 4022 desinunt
3470 3968 3547 4019 \i—

1943 4076 2096 4126 vere,
2120 4060 2463 4127 restringitur
2503 4067 2707 4113 natura:
2758 4058 2948 4113 insitus
2986 4059 3154 4123 calor,
3188 4068 3243 4113 et
3283 4059 3354 4111 ita
3401 4059 3546 4129 quod

1945 4165 2215 4208 mortuum
2240 4164 2322 4208 est
2342 4153 2593 4221 frigescit,
2619 4170 2840 4209 necesse
2867 4164 2950 4209 est
2975 4156 3134 4209 talem
3154 4172 3367 4211 causam
3395 4155 3549 4210 nobis

1944 4246 2107 4299 etiam
2162 4245 2213 4299 in
2264 4245 2443 4299 calore
2486 4244 2801 4307 subsistere,
2834 4244 2923 4314 qui
2964 4261 3086 4299 cum
3117 4244 3256 4299 desit
3302 4244 3550 4316 profecto

1945 4340 2093 4389 mors
2114 4336 2377 4405 sequitur,
2406 4344 2458 4389 et
2480 4335 2601 4390 ideo
2623 4335 2819 4391 caloris
2841 4337 3123 4405 praesentia
3146 4336 3344 4390 animal
3366 4337 3549 4392 vivere

1945 4427 2308 4483 conﬁtendum
2352 4435 2454 4482 esl.
2508 4426 2678 4496 llujus
2725 4439 2906 4483 autem
2941 4429 3019 4482 vis
3066 4438 3227 4499 atque
3268 4429 3545 4499 potentiae,

241 4513 564 4585 operatione
592 4514 842 4585 supponi,
874 4528 994 4582 qua:
1021 4523 1203 4583 posset
1225 4514 1628 4569 occurrentibus
1657 4512 1843 4568 formis
1878 4509 1920 4566 1)
1948 4528 2202 4589 tanquam
2236 4517 2435 4572 fontem
2464 4520 2750 4587 quemdam
2780 4528 2941 4588 atque
2971 4519 3292 4589 principium
3316 4538 3409 4575 cor
3430 4538 3551 4580 esse

243 4603 508 4673 imprimi,
543 4620 717 4675 neque
745 4606 910 4659 nimio
940 4604 1165 4659 humore
1194 4606 1408 4659 resolvi.
1444 4604 1559 4659 Non
1585 4605 1727 4659 enim
1753 4621 1844 4675 po-

243 4705 355 4752 test
398 4697 449 4750 in
490 4696 710 4752 humido
754 4697 897 4767 quod
947 4698 1268 4768 imprimitur
1315 4695 1626 4766 perdurare,
1666 4711 1844 4767 neque

244 4787 450 4844 duritia
482 4792 638 4847 nimis
666 4793 836 4862 rigida
869 4794 1014 4865 (quia
1041 4795 1182 4865 quod
1214 4795 1384 4849 nescit
1416 4795 1631 4861 cedere,
1666 4793 1847 4862 imagi-

246 4896 376 4936 nem
431 4884 614 4952 nequit
657 4885 1007 4955 inipreSsionc
1054 4888 1358 4955 excipere).
1411 4885 1515 4940 Sed
1552 4886 1691 4939 inter
1749 4886 1845 4941 has

248 4975 406 5029 bzcsit
434 4974 605 5030 media
634 4978 877 5044 QUthtllll
910 4979 1049 5033 inter
1073 4976 1505 5045 ﬂaccescentcm,
1536 4977 1646 5032 sive
1675 4993 1738 5031 ac
1768 4977 1845 5031 ri-

247 5076 491 5138 gentem,
524 5082 592 5123 ne
620 5069 838 5138 Optimis
869 5071 1126 5139 potentia:
1156 5069 1409 5137 motibus,
1433 5068 1555 5123 dico
1582 5066 1849 5123 sensibili-

250 5159 375 5223 bus,
394 5159 591 5214 animal
618 5160 920 5217 orbaretur.
949 5161 1213 5228 Quoniam
1245 5162 1403 5231 igitur
1422 5159 1566 5229 quod
1590 5157 1749 5214 molle
1771 5168 1852 5214 est

250 5259 307 5304 et
331 5248 510 5317 facile,
538 5251 636 5306 nisi
661 5267 841 5306 rerum
869 5251 1161 5307 solidarum
1180 5244 1566 5321 c00peralione
1589 5252 1849 5317 lirmetur,

250 5342 497 5416 profecto
534 5342 808 5401 immobile
846 5355 1008 5416 atque
1055 5345 1418 5401 indistinctum
1450 5354 1552 5410 cst,
1577 5346 1729 5415 juxta
1756 5360 1853 5401 eos

251 5452 394 5509 quos
418 5437 697 5506 pulmones
721 5440 957 5493 marinos
989 5447 1201 5502 vocant,
1230 5437 1429 5492 idcirco
1459 5437 1625 5492 robur
1648 5436 1847 5491 ossium

250 5528 472 5598 corpori
501 5539 687 5584 natura
718 5531 1053 5600 perm'scuit,
1082 5546 1199 5601 qua:
1244 5532 1469 5587 invicem
1502 5546 1596 5601 per
1624 5546 1852 5586 concor-

252 5617 380 5673 dom
406 5618 827 5674 modulationem
849 5621 1125 5688 copulatis,
1155 5625 1371 5695 penitus
1393 5637 1680 5676 nervorum
1704 5623 1854 5678 nexi-

252 5708 361 5765 hos
389 5724 676 5778 compages
699 5726 884 5765 eorum
909 5710 1292 5790 juncturasque
1326 5712 1670 5778 constrinxit,
1698 5723 1752 5769 et
1777 5714 1849 5768 ita

251 5802 339 5857 eis
368 5801 588 5857 modum
626 5803 861 5859 sensibili
895 5802 1073 5869 vigore
1118 5806 1429 5875 immiscuit,
1482 5822 1643 5864 carne
1688 5809 1850 5876 paulo

1952 4610 2344 4683 perspeximus,
2374 4625 2439 4664 ex
2471 4624 2577 4676 quo
2616 4608 2667 4662 in
2697 4608 2914 4662 modum
2957 4608 3253 4662 listularum
3297 4611 3551 4680 multipli-

1951 4720 2042 4759 ces
2072 4718 2218 4757 vena:
2246 4719 2342 4773 per
2372 4719 2530 4757 omne
2560 4717 2756 4772 corpus
2784 4701 3015 4756 calidum
3056 4701 3303 4771 spiritum
3334 4701 3549 4757 ferveti-

1952 4800 2169 4864 temque
2223 4792 2542 4848 dillundunt.
2594 4790 2664 4846 Et
2715 4792 2969 4861 quoniam
3023 4793 3310 4868 oportebat
3373 4794 3552 4849 cibum

1952 4899 2060 4953 quo
2084 4900 2168 4951 iue
2190 4882 2475 4953 quemdam
2506 4882 2673 4938 calori
2706 4898 2920 4953 semper
2941 4899 2969 4937 a
2991 4893 3178 4939 natura
3207 4885 3406 4953 largiri,
3429 4888 3553 4955 quia

1953 4976 2032 5030 fas
2062 4993 2167 5031 non
2191 4987 2272 5031 est
2295 4977 2469 5046 ignem
2494 4976 2560 5031 ad
2582 4992 2701 5032 sese
2719 4975 2935 5041 durare,
2968 4977 3066 5031 nisi
3099 4978 3347 5047 congruis
3369 4996 3554 5049 pasca-

1953 5076 2043 5124 tur
2071 5070 2361 5135 alimentis,
2395 5070 2599 5125 idcirco
2624 5068 2723 5125 rivi
2753 5071 3026 5140 sanguinis
3051 5080 3300 5141 tanquam
3319 5071 3385 5126 de
3408 5071 3554 5126 fonte

1954 5160 2187 5231 quodam
2211 5161 2414 5231 jecoris
2440 5162 2624 5217 calore
2671 5162 2891 5234 spiritus
2920 5164 3244 5230 excitantur,
3275 5174 3330 5221 et
3360 5164 3556 5236 ubique

1954 5251 2114 5305 simul
2144 5268 2243 5323 per
2269 5269 2430 5309 omne
2456 5269 2654 5323 corpus
2694 5262 3007 5320 excurrunt,
3038 5270 3106 5309 ne
3138 5254 3363 5309 alterum
3398 5256 3553 5311 dese-

1954 5346 2098 5402 ietur
2126 5349 2192 5403 ab
2224 5348 2416 5415 altero,
2450 5357 2507 5404 et
2538 5349 2629 5403 tali
2661 5348 2813 5405 initio
2840 5356 3029 5403 natura
3063 5347 3417 5419 depravetur.
3437 5348 3553 5407 Nec

1955 5440 2130 5510 ipsum
2156 5457 2284 5497 vero
2314 5441 2508 5497 doceat
2554 5442 2884 5499 abstinentes
2912 5440 3150 5495 materia:
3182 5441 3343 5508 ipsius
3371 5457 3553 5511 requa-

1952 5530 2106 5585 litate
2137 5530 2415 5597 formatos,
2445 5530 2587 5602 quod
2612 5532 2834 5585 avaritia
2859 5530 3101 5601 quzedam
3130 5530 3434 5598 corruptiva
3485 5534 3553 5587 sit

1954 5624 2156 5694 passio,
2183 5632 2238 5678 et
2258 5625 2380 5695 quia
2412 5624 2529 5679 sine
2552 5623 2656 5677 ulla
2684 5622 2972 5690 indigentia
3004 5626 3087 5675 est
3114 5619 3227 5673 sola
3260 5620 3550 5682 Divinitas;

1955 5729 2078 5768 nam
2110 5724 2401 5784 paupertas
2428 5715 2663 5770 humana
2706 5712 2909 5779 indiget
2937 5712 3018 5765 his
3045 5725 3163 5778 qua:
3191 5726 3341 5767 suam
3367 5713 3554 5769 viden-

1958 5814 2046 5864 tur
2067 5805 2419 5865 substantiam
2446 5804 2743 5865 continere.
2759 5799 2973 5863 ‘ldcirce
2998 5802 3166 5859 tribus
3184 5803 3269 5863 his
3300 5804 3554 5877 potentits
