4000 6344
419 365 523 424 ωτ

1723 363 1875 420 υιοχ
1886 364 2077 421 YSIUS
2116 363 2439 423 EXIGUUS.

3599 366 3704 424 4651

418 482 617 538 factum
645 480 713 537 ab
739 482 943 539 artiilce
975 481 1062 538 fue
1095 482 1151 545 it,
1174 480 1413 550 quiante
1433 482 1708 553 paululum
1737 482 1874 554 lapis
1893 490 2009 538 erat
2041 484 2095 544 A'
2114 495 2245 536 vero
2265 497 2385 553 quae
2412 482 2533 538 vitae
2554 484 2877 556 participant
2905 493 2960 541 ot
3000 486 3227 541 naturali
3269 496 3417 542 metu
3447 497 3703 556 ναξ-ερεξη-

418 574 681 639 informis,
711 592 819 630 non
849 575 990 644 quod
1024 576 1248 630 materia
1287 576 1360 630 sit
1386 575 1697 630 oblitterata
1748 592 1845 645 per
1884 589 2009 645 spe-

415 669 578 733 ciem,
606 667 701 723 sed
728 668 874 739 quod
901 668 1112 738 species
1146 684 1242 739 per
1269 678 1438 723 artem
1482 668 1724 724 materia:
1753 667 2012 737 probetur

417 756 697 826 impressa.
730 756 845 813 Hoc
875 758 1037 813 modo
1065 759 1185 829 quis
1213 760 1358 815 etde
1381 760 1560 814 anima
1594 762 1858 829 cogitans,
1892 760 2006 814 nul-

417 844 628 903 latentis
656 862 686 901 a
715 847 937 904 rationis
966 850 1180 905 tramite
1206 850 1461 912 deviabit,
1492 842 1849 922 naturamque
1871 867 2009 907 cun-

360 962 364 966 Α
414 942 561 990 ctam
590 935 935 992 artificiosius
961 954 1224 1010 operans,
1256 939 1605 1010 ejusdemque
1633 942 1847 1011 generis
1894 958 2011 997 ma-

417 1025 607 1081 teriam
637 1027 739 1082 sibi
766 1042 1005 1095 sumens,
1032 1032 1211 1086 vivam
1235 1040 1469 1087 statuam
1498 1032 1568 1087 de
1616 1034 1851 1091 hominis
1883 1050 2012 1106 por-

416 1118 567 1175 tione
596 1116 871 1176 fumavit.
898 1121 1050 1178 Sicut
1077 1124 1220 1181 enim
1250 1124 1442 1195 lapidis
1470 1128 1840 1197 operationem
1881 1130 2011 1185 sub-

416 1220 602 1266 secuta
631 1221 719 1268 est
737 1215 964 1284 species,
999 1216 1051 1271 in
1081 1218 1268 1288 primis
1292 1218 1508 1289 quidem
1544 1221 1847 1291 obscurior,
1887 1233 2010 1295 post

416 1312 599 1362 autem
627 1306 916 1375 perfectior
961 1324 1082 1365 eum
1123 1311 1296 1381 ipsum
1326 1329 1463 1383 opus
1505 1323 1587 1369 est
1622 1317 2007 1371 terminatum:

415 1393 497 1449 sic
527 1404 581 1450 et
622 1397 676 1451 in
696 1398 971 1469 sculptura
1000 1400 1159 1469 hujus
1189 1404 1530 1461 instrumenti
1571 1407 1780 1476 species
1827 1407 2011 1463 decla-

416 1493 570 1538 ratur
591 1486 786 1542 animm
815 1492 1166 1560 proportione
1212 1493 1438 1562 subjecti
1481 1495 1793 1566 imperfecta
1826 1498 1878 1551 in
1908 1497 2011 1553 int-

416 1574 676 1645 peri'ecto,
696 1587 752 1633 et
767 1579 820 1635 in
841 1581 1080 1651 perfecto
1095 1584 1297 1655 integra
1316 1590 1662 1658 perfectaque
1689 1589 2004 1645 subsistens.

416 1664 523 1721 Sed
550 1666 605 1721 in
627 1668 852 1725 exordio
866 1671 1103 1741 perfecta
1123 1686 1261 1743 erat,
1289 1678 1389 1733 nisi
1418 1694 1516 1749 per
1541 1681 1799 1735 malitiam
1822 1679 2010 1736 fuisset

417 1763 608 1811 natura
637 1758 840 1815 vitiata.
864 1760 1098 1833 Ideoque
1116 1769 1446 1836 communio,
1466 1784 1583 1838 qua:
1603 1770 1671 1824 ad
1701 1773 2008 1841 passibilem

2116 580 2221 635 tur,
2264 572 2568 629 nullatenus
2596 575 2841 629 exanima
2864 591 2984 631 esse
3003 577 3123 645 quis
3144 577 3358 642 dixerit,
3391 596 3494 635 nec
3526 590 3703 637 tamen

2113 663 2252 719 hanc
2277 665 2436 723 talem
2464 666 2629 719 vitam
2660 666 2912 735 perfecta:
2958 667 3149 722 animce
3174 668 3403 724 dicimus
3431 685 3551 726 esse
3581 690 3705 744 par-

2115 756 2352 826 ticipem,
2384 757 2615 828 denique
2644 758 2696 813 in
2723 759 2965 827 virgultis
2990 760 3166 814 vitalis
3184 762 3429 829 quaedam
3458 767 3706 832 operatio

2112 848 2290 904 delata
2323 865 2492 920 usque
2534 850 2602 906 ad
2648 861 2857 907 motum
2905 854 3214 908 sensibilem
3267 858 3551 924 pervenire
3593 875 3703 912 ttmt

2113 945 2320 1014 potuit;
2351 945 2589 1015 itemque
2626 959 2724 1015 per
2770 956 3118 1016 augmentum
3166 948 3414 1004 animalis
3461 952 3703 1020 quzedmn

2113 1036 2357 1105 potentia
2387 1035 2844 1092 irrationabilibus
2872 1039 3115 1105 veniens,
3146 1055 3245 1094 nec
3274 1040 3385 1110 ipsa
3417 1043 3705 1112 perfectio-

2114 1140 2238 1182 nem
2273 1135 2360 1183 est
2385 1135 2678 1183 consecuta
2727 1129 2983 1195 rationis,
3027 1139 3083 1184 et
3120 1129 3422 1187 intellectus
3471 1136 3702 1204 gratiam

2113 1218 2337 1273 omnino
2360 1235 2466 1274 non
2496 1218 2754 1289 capiens:
2782 1218 2981 1276 idcirco
3011 1236 3191 1276 veram
3220 1230 3379 1291 atque
3409 1223 3704 1293 perfectam

2114 1308 2348 1365 hominis
2393 1310 2628 1365 animam
2678 1326 2798 1367 esse
2844 1312 3162 1376 deﬁnimus,
3213 1329 3333 1383 qum
3379 1318 3558 1383 vigere
3608 1334 3706 1387 per

2113 1415 2304 1455 omnes
2330 1398 2554 1457 eifectus
2591 1403 2923 1472 agnoscitur.
2962 1404 3019 1459 Si
3058 1405 3186 1474 quid
3226 1422 3355 1462 vero
3406 1408 3551 1464 aliud
3583 1413 3705 1466 vitta

2114 1492 2415 1561 participat,
2459 1508 2556 1563 per
2608 1494 2924 1549 abusionem
2965 1498 3249 1565 quamdam
3298 1504 3705 1559 consuetudinis

2113 1583 2407 1639 animatum
2438 1599 2557 1640 esse
2585 1584 2918 1655 profitemur,
2944 1603 3052 1642 non
3076 1589 3216 1657 quod
3250 1591 3486 1658 perfecta
3518 1595 3568 1647 iu
3600 1595 3706 1652 hc..-

2112 1674 2185 1729 sit
2208 1675 2405 1740 anima,
2437 1675 2531 1730 sed
2560 1676 2704 1745 quod
2746 1687 2925 1747 partes
2955 1680 3006 1733 in
3058 1696 3122 1734 ea
3166 1683 3407 1750 quaedam
3454 1687 3704 1742 animalis

2115 1768 2448 1837 operationis
2476 1770 2727 1833 existant,
2765 1785 2885 1840 qua:
2914 1773 3077 1827 etiam
3124 1776 3279 1829 nobis
3312 1775 3464 1844 juxta
3509 1781 3703 1849 mysti-

416 1847 813 1920 ttnimalemque
840 1857 1241 1923 generationem
1270 1861 1425 1916 nobis
1452 1864 1701 1932 accessit,
1738 1865 1793 1919 in
1813 1866 2011 1921 coutir-
2047 1864 2089 1923 Β
2113 1871 2230 1912 (κιαι
2260 1857 2582 1927 legisml‘”is
2610 1858 2781 1932 M0353
2810 1862 3145 1929 ΓοΙθιίοηθιην
3171 1880 3331 1933 quam
3358 1867 3427 1921 de
3469 1847 3704 1925 ίωῶίηίε

416 1938 654 1996 matione
702 1952 885 1998 nostra
929 1962 1035 2003 non
1074 1951 1320 2018 protinus
1354 1952 1573 2009 elucere
1601 1956 1836 2012 divinam
1882 1957 2013 2015 facit

417 2028 728 2099 imaginem,
758 2034 855 2090 sed
885 2036 970 2093 via
1000 2039 1233 2106 quadam
1270 2046 1658 2115 consequentia
1700 2062 1799 2116 per
1838 2059 2013 2103 mate-

416 2119 578 2176 riales
629 2123 823 2180 animm
868 2128 1234 2198 proprietates
1288 2132 1451 2189 homo
1499 2133 1567 2189 ad
1620 2136 2009 2206 perfectionem

415 2215 1043 2288 n:unsuumtatiouemque
1084 2221 1409 2291 perdueitur.
1454 2224 1837 2296 Hujuscemodi
1878 2245 2013 2287 vero

416 2301 609 2372 dogma
640 2314 696 2361 et
724 2306 913 2365 beatus
936 2308 1228 2381 Apostolus
1256 2313 1309 2369 iu
1341 2313 1581 2385 Epistula
1608 2319 1675 2374 ad
1699 2319 2012 2378 Corinthios

418 2396 668 2465 insinuat,
717 2398 905 2455 dicens
942 2419 954 2454 :
996 2399 1123 2456 Cum
1167 2420 1330 2460 essem
1356 2409 1621 2477 parvulus,
1671 2421 1727 2465 ut
1765 2413 2010 2483 parvulus

414 2486 679 2558 loquebar,
711 2500 766 2544 ut
782 2492 1027 2562 parvulus
1037 2495 1317 2565 sapiebam,
1342 2508 1398 2554 ut
1414 2500 1660 2570 parvulus
1681 2504 1972 2575 cogitabam
1989 2524 2009 2562 .'

408 2579 621 2649 quando
643 2583 811 2652 [actus
837 2600 950 2637 sum
969 2586 1066 2654 rir,
1096 2591 1332 2644 evacuavi
1355 2607 1471 2662 quae
1489 2602 1638 2647 erant
1656 2596 1878 2664 parvuli,
1902 2612 2010 2652 non

416 2668 559 2740 quod
587 2670 691 2729 alia
723 2671 774 2726 in
809 2673 924 2728 viro
952 2673 1195 2744 perfecto
1216 2678 1485 2737 subintret
1506 2690 1701 2751 prteter
1725 2683 1868 2739 illam
1890 2700 2010 2756 qum

417 2761 817 2832 intelligebatur
842 2765 895 2821 in
929 2768 1172 2837 parvulo,
1205 2778 1266 2825 ut
1299 2772 1518 2841 puerilis
1564 2782 1856 2832 evacuatur
1894 2777 2013 2832 auio

422 2869 553 2918 mus.
596 2862 651 2909 et
681 2854 846 2912 virilis
876 2856 1224 2919 nihilominus
1252 2861 1538 2930 inseratur,
1582 2863 1677 2920 sed
1722 2864 1866 2921 idem
1898 2866 2012 2938 ipse

435 2965 464 3000 ιι
495 2947 589 3004 illo
617 2949 833 3018 quidem
874 2950 1223 3023 imperfectus
1252 2965 1355 3026 est,
1388 2956 1451 3027 ,in
1481 2958 1586 3016 hoc
1613 2968 1795 3017 autem
1841 2962 2014 3032 perfe-

414 3035 610 3093 ctionis
638 3053 749 3093 sua:
769 3038 1102 3098 demonstrat
1126 3044 1375 3102 eti'ectum
1398 3064 1413 3115 ;
1435 3049 1576 3105 sicut
1601 3050 1741 3106 enim
1763 3066 2010 3123 quaecun-

415 3144 525 3200 que
573 3143 864 3187 nascuutur
891 3144 947 3191 et
984 3147 1254 3205 crescunt,
1301 3140 1483 3197 vivere
1526 3142 1776 3205 fatemur,
1828 3147 2009 3202 omnia

2113 1950 2463 2018 generatione
2486 1951 2728 2020 protulit,
2761 1962 2984 2023 propter
3012 1958 3443 2012 communionem
3484 1962 3705 2029 passihio

2113 2038 2280 2095 litatis
2332 2041 2627 2096 accessisse
2679 2043 3075 2112 cognoscimus.
3134 2045 3367 2117 Ideoque
3414 2051 3703 2106 consilium

2112 2132 2359 2203 praebens
2386 2132 2576 2188 beatus
2607 2131 2803 2188 Paulus
2852 2134 2936 2189 his
2977 2136 3157 2205 quise
3201 2137 3386 2194 audire
3429 2150 3701 2209 poterant,

2111 2222 2501 2296 perfectionem
2551 2225 2740 2281 suadet
2769 2227 3027 2297 arripere,
3060 2227 3385 2299 modumque
3428 2247 3537 2300 quo
3587 2251 3706 2304 pro-

2114 2318 2347 2389 positum
2379 2319 2550 2389 possit
2586 2320 2800 2389 assequi
2857 2321 3113 2391 supponit
3142 2331 3199 2377 et
3234 2323 3402 2379 dicit:
3435 2324 3705 2382 Exuentes

2112 2426 2199 2465 vos
2227 2417 2446 2465 veterem
2473 2411 2730 2465 hominem
2767 2427 2884 2466 cum
2920 2412 3119 2467 actibus
3164 2415 3294 2483 suis,
3338 2426 3387 2469 et
3433 2417 3703 2473 induentcs

2113 2517 2297 2556 norum
2312 2504 2396 2574 qui
2420 2514 2694 2559 renovatur
2717 2504 2771 2558 in
2792 2506 3109 2576 agnitionem
3122 2508 3403 2561 secundum
3425 2510 3704 2579 imaginem

2112 2597 2225 2666 ejus
2241 2594 2327 2666 qui
2346 2596 2535 2649 creavit
2550 2612 2687 2649 eum.
2701 2595 2805 2651 Sed
2819 2606 3155 2653 revertamur
3173 2615 3355 2653 rursus
3372 2600 3441 2653 ad
3462 2601 3605 2654 illaut
3619 2602 3704 2657 di—

2112 2685 2291 2739 vinam
2306 2686 2532 2753 gratiam
2563 2702 2668 2756 qua
2689 2688 2896 2742 creavit
2908 2688 2959 2742 in
2974 2688 3237 2759 principio
3248 2689 3391 2745 Deus
3406 2692 3702 2758 hominem,

2111 2778 2202 2848 qui
2215 2777 2378 2832 dixit:
2397 2777 2677 2832 Faciamus
2695 2779 2950 2835 hominem
2970 2781 3040 2834 ad
3063 2783 3333 2854 imaginem
3348 2785 3704 2839 etsimititudi—

2112 2886 2229 2924 neut
2243 2878 2498 2932 nostram,
2520 2870 2602 2923 cui
2620 2880 2699 2926 est
2710 2870 2877 2938 gloria
2898 2871 2948 2925 in
2962 2872 3151 2927 saecula
3163 2874 3703 2929 saeculorumAmeu.

2185 2962 2369 3017 Sancti
2390 2959 2627 3032 Gregorii
2672 2959 2902 3032 Νεμεαηὲ
2939 2965 3168 3034 episwpi
3202 2965 3265 3018 de
3299 2963 3540 3036 Imagine
3584 2965 3707 3021 libri

2114 3054 2425 3108 continentis
2482 3054 2845 3124 subsequentia
2899 3072 3077 3109 eorum
3123 3072 3238 3124 qua:
3282 3073 3313 3109 a
3363 3058 3530 3128 fratre
3591 3056 3707 3129 ejus

2115 3146 2265 3202 beato
2292 3146 2489 3202 Basilio
2517 3148 2571 3202 in
2607 3146 2941 3203 Πετρηίου-οη
2969 3159 3090 3203 sunt
3113 3150 3313 3215 relicta,
3344 3151 3487 3220 finis.

445 3245 3677 3277 Mm

425 3269 2054 3298 mm—

1427 3363 1700 3436 VITA
1759 3364 2155 3456 SANC'lfl
2207 3363 2761 3437 PACHOMII

1550 3520 1583 3560 Δ
1623 3518 1917 3572 ωοηγειο
1953 3517 2184 3563 LATINI!
2220 3517 2590 3563 ADOBNATA.

927 3619 1101 3689 (lianc
1129 3620 1305 3677 Vitam
1331 3622 1491 3679 simul
1518 3638 1583 3679 ac
1621 3623 1767 3679 Vitas
1797 3609 2335 3696 PatruniRosvveydi
2364 3623 2417 3679 in
2450 3622 2555 3679 fine
2581 3622 2719 3679 sexti
2749 3625 2927 3678 seculi
2954 3625 3245 3695 dabimus.)

422 3710 979 3739 υ--α-ν--ῂ-

1715 3786 2368 3852 INTERPRETATIO

1158 3927 1748 4001 ORATIONIS
1808 3925 2202 3999 PROCLI
2257 3926 2397 3998 DE
2451 3924 2982 3999 DEIPARA.

859 4063 1053 4131 (Quam
1081 4063 1274 4131 legesis
1295 4063 1436 4118 inter
1463 4077 1629 4133 opera
1660 4062 1812 4118 Marii
1841 4059 2177 4130 Mercatoris,
2210 4060 2530 4130 Patrologia:
2558 4067 2692 4116 tom.
2720 4058 2949 4125 XLVIII,
2978 4059 3091 4114 col.
3120 4054 3269 4124 775.)

427 4184 3701 4211 MM

934 4254 1213 4308 DIONYSII
1251 4254 1468 4308 EXlGUl
1505 4255 1566 4306 [Ν
1591 4255 1950 4307 EPISTOLAM
1984 4256 2039 4306 S.
2066 4255 2292 4307 PROCLI
2322 4257 2356 4305 Α
2385 4255 2461 4306 SE
2498 4253 2728 4305 LATINE
2761 4253 3185 4305 TBANSLA'HJ

1851 4358 2302 4422 PREFATIO.

1909 4463 2213 4482 .————'-

489 4525 772 4599 Dionysius
800 4523 1035 4594 Exiguus
1061 4523 1356 4589 Romanus,
1386 4522 1660 4579 Feliciano
1686 4519 1915 4578 Pastori.

486 4617 861 4675 Venerationis
877 4614 1320 4685 vestraejussione
1341 4613 1718 4675 commonitus,
1744 4611 1803 4666 Β.
1831 4610 2005 4667 Procli

416 4709 1030 4780 ConstantinOpolitanm
1056 4707 1203 4763 urbis
1230 4706 1467 4777 episcopi
1496 4706 1703 4761 litteras
1729 4702 1796 4758 ad
1825 4702 2009 4760 Arme-

418 4801 539 4855 nios
565 4799 881 4867 destinatas,
927 4797 1118 4853 Latino
1147 4797 1363 4867 eloquio
1394 4796 1585 4852 vestris
1614 4795 1830 4851 auribus
1853 4794 2008 4852 exhi-

417 4891 547 4949 bere
572 4888 778 4955 curavi,
810 4902 920 4951 non
945 4903 1134 4959 parum
1161 4887 1510 4958 praesentibus
1526 4886 1800 4947 aestimans
1833 4884 2010 4955 profu-

418 4990 584 5046 turas,
613 4978 828 5050 quando
853 4992 971 5033 eam
992 4994 1133 5034 nunc
1153 4976 1402 5035 Ecclesiis
1422 4986 1637 5035 moveat
1655 4978 2006 5047 quaestionem

417 5084 547 5127 tunc
574 5071 787 5144 repulsa
831 5070 1125 5138 temeritas,
1162 5084 1284 5141 quae
1325 5070 1426 5127 sub
1472 5070 1657 5125 colore
1694 5068 2009 5140 religionem

416 5165 637 5226 molitur
677 5172 941 5221 evertere.
1000 5163 1354 5235 Temporibus
1403 5163 1657 5218 antistitis
1700 5162 2006 5228 memorati,

417 5255 721 5317 Theodosio
741 5256 1070 5327 imperatore
1088 5262 1311 5325 regente
1328 5269 1499 5324 remp.
1517 5268 1612 5323 per
1626 5252 1835 5325 Syriam
1848 5261 2012 5323 atque

415 5351 753 5417 Armeniam,
784 5348 1030 5420 discipuli
1060 5346 1330 5404 Theodori
1361 5345 1754 5416 Mopsuestenze
1782 5343 2012 5399 civitatis

414 5446 685 5522 episcopi,
722 5459 942 5517 pravam
972 5442 1161 5511 iidem,
1190 5449 1446 5510 corrupto
1475 5437 1745 5512 symbolo,
1790 5436 2009 5491 rudibus

416 5539 628 5608 populis
653 5537 833 5594 exorsi
862 5543 989 5595 sunt
1015 5533 1289 5600 intimare,
1319 5528 1610 5585 calliditate
1638 5525 2005 5591 subtilissima,

416 5628 477 5687 Β.
530 5630 846 5689 Trinitatem
902 5629 982 5685 sic
1026 5625 1185 5682 unius
1237 5622 1484 5680 essentia:
1531 5619 1902 5690 prmdicantes,
1952 5625 2010 5671 ut

415 5719 686 5775 Christum
704 5721 985 5776 Dominum
1005 5725 1248 5773 nostrum
1267 5713 1604 5771 conditorem
1623 5711 1983 5767 universitatis
1996 5753 2011 5780 ,

632 5825 701 5871 ex
742 5809 1003 5871 Trinitate
1048 5808 1351 5885 nullatenus
1383 5803 1679 5883 faterentur
1711 5820 1723 5858 :
1755 5800 1895 5859 unde
1924 5817 1997 5858 se-

2037 4524 2081 4585 (ἶ
2111 4518 2378 4589 quchatur
2401 4517 2516 4573 haec
2561 4518 2739 4587 inepta
2770 4532 2879 4572 sum
2925 4516 3242 4579 temeritatis
3268 4516 3600 4584 ahsurditas,
3651 4527 3713 4572 ut

2111 4609 2235 4679 quia
2252 4607 2523 4665 Christum
2545 4602 2759 4664 constat
2780 4624 2964 4665 verum
2981 4623 3103 4665 esse
3117 4608 3284 4663 Deum
3307 4624 3372 4663 ac
3390 4607 3709 4675 Dominum.

2111 4709 2345 4770 quatuor
2374 4716 2633 4771 personas
2661 4700 2713 4754 in
2748 4701 2916 4756 tribus
2954 4709 3277 4765 astruerent,
3334 4700 3585 4769 duosque
3612 4700 3710 4756 Dei

2113 4789 2252 4847 ﬁlios
2290 4791 2477 4861 procul
2521 4790 2683 4845 dubio
2713 4789 3089 4861 praedicarent.
3139 4790 3246 4846 Sed
3274 4792 3399 4846 huic
3436 4791 3711 4861 impietati

2112 4880 2246 4937 mire
2282 4879 2521 4952 pontifex
2568 4881 2836 4936 antelatus
2877 4881 3165 4947 obsistens,
3212 4882 3397 4938 docuit
3425 4882 3709 4939 Christum

2088 4972 2397 5033 .Domiuuzn
2452 4981 2695 5028 nostrum
2749 4982 2806 5028 et
2854 4975 2905 5028 in
2955 4973 3218 5044 principio
3272 4973 3502 5029 Verbum
3559 4974 3707 5045 apud

2112 5065 2310 5133 Deum,
2360 5065 2529 5125 Deum
2563 5065 2793 5123 Verbum
2831 5082 2995 5120 unum
3021 5065 3089 5121 de
3118 5064 3378 5122 Trinitate
3406 5081 3558 5126 esse;
3607 5081 3709 5134 per

2110 5172 2285 5227 quem
2320 5157 2500 5212 omnia
2528 5156 2667 5211 facta
2710 5166 2869 5223 sunt,
2916 5156 2976 5217 Β.
3026 5155 3193 5215 Paulo
3240 5164 3521 5215 testante:
3555 5156 3706 5213 Unus

2113 5244 2368 5301 Dominus
2416 5243 2571 5301 Jesus
2617 5243 2882 5311 Christus,
2937 5264 3028 5316 per
3054 5263 3202 5317 quem
3241 5248 3449 5312 omnia;
3498 5258 3559 5301 et
3604 5262 3708 5315 pro

2112 5337 2286 5394 salute
2338 5346 2544 5402 nostra,
2610 5337 2859 5393 eumdem
2912 5354 3097 5394 verum
3153 5338 3425 5395 hominem
3477 5337 3707 5405 factum,

2117 5444 2279 5486 unmu
2325 5429 2587 5487 mansisse
2633 5428 2854 5494 Filium;
2903 5445 3005 5485 nec
3047 5437 3290 5499 quartam
3340 5429 3392 5485 in
3440 5428 3711 5483 Triuitate

2117 5522 2352 5577 crevisse
2380 5536 2689 5591 personam.
2724 5519 2789 5573 Et
2818 5520 2942 5589 quia
2987 5536 3127 5579 nunc
3174 5520 3243 5575 ob
3271 5519 3538 5589 aliquibus
3567 5518 3711 5587 inje-

2117 5623 2259 5675 ctum
2286 5613 2620 5683 scrupulum,
2639 5612 2707 5667 de
2736 5629 2861 5669 vera
2886 5612 2985 5668 tide
3012 5614 3328 5683 trepidatur,
3353 5626 3715 5680 unumquem-

2118 5709 2247 5761 libet
2285 5722 2353 5761 ex
2390 5704 2450 5759 Β.
2499 5704 2762 5760 Trinitate
2802 5706 3151 5775 pronuntiare
3189 5703 3499 5773 ditiugiunt;
3542 5712 3599 5757 et
3639 5716 3714 5756 ne

2118 5800 2433 5861 divisionem
2458 5798 2707 5855 Triuitati
2736 5797 3016 5861 videantur
3045 5798 3237 5856 inferre
3263 5807 3386 5860 rost
3415 5795 3716 5852 auctorita-
