3964 6340
150 356 254 412 δυο

879 355 1232 414 EPISTULE
1279 361 1337 417 S.
1382 357 1627 416 PROCLI
1665 357 1758 412 AD

1887 352 2148 411 JIENIOS
2182 353 2759 414 lNTERPRETATlO.

3347 361 3452 418 410

149 485 262 529 tem
295 473 645 544 apostolicam
680 473 907 544 idipsum
935 486 1356 545 exsequentem,
1385 474 1756 547 multipliciter
1781 477 1834 536 Α
1859 473 2101 528 dicamus
2153 475 2297 543 quod
2356 474 2515 530 Pater
2564 475 2811 543 genuerit
2864 473 3131 544 Verbum,
3181 475 3288 532 hoc
3349 485 3456 542 est,

149 566 547 624 veneialiiliuni
575 565 796 620 Patrum
829 568 1157 623 testimoniis
1186 569 1546 639 approbatum
1576 575 1661 623 est
1690 565 1761 620 ob

148 661 555 716 d'stinctionem
573 676 952 730 personarum,
966 677 1085 717 cum
1102 663 1240 717 ratio
1261 662 1571 733 poposcerit
1592 675 1760 717 unum

150 767 218 804 ex
253 751 426 806 tribus
473 750 705 806 fideliter
745 767 905 821 posse
948 751 1228 822 przedicari
1264 770 1278 807 :
1307 753 1542 807 maxime
1571 759 1760 806 contra

150 842 477 906 Sabellium,
505 843 595 912 qui
623 851 866 899 sanctam
894 843 1219 900 Trinitatem
1250 846 1410 900 unius
1439 844 1614 902 credit
1642 857 1764 898 esse

153 949 424 1006 personat,
474 950 706 1005 eamque
734 935 1044 994 nominibus
1073 943 1283 991 tantum
1332 935 1594 992 fateretur
1621 949 1760 1000 esse,

155 1040 268 1080 non
313 1025 507 1090 rebus;
555 1040 721 1096 quam
768 1040 870 1081 nos
917 1026 1074 1082 unius
1123 1036 1446 1082 venerantes
1493 1023 1762 1090 essentia),

154 1131 519 1186 personarum
544 1116 886 1172 solummodo
914 1118 1226 1187 cognitione
1253 1117 1628 1172 discernimus.
1654 1115 1763 1170 Ne-

154 1208 315 1263 storii
360 1223 581 1279 quoque
619 1209 1004 1274 sectatoribus,
1052 1211 1154 1265 hac
1191 1208 1294 1264 ﬁde
1325 1207 1628 1274 salutifera,
1681 1208 1766 1261 nio

155 1299 460 1354 hilominus
484 1299 793 1366 obviamns;
840 1300 932 1371 qui
962 1299 1233 1354 Christum
1265 1299 1550 1353 Dominum
1595 1313 1761 1352 unum

156 1391 228 1446 de
276 1390 540 1446 Trinitate
587 1391 809 1447 minime
847 1390 1200 1456 conﬁtentur,
1245 1389 1372 1445 dum
1420 1396 1614 1456 negant
1670 1387 1766 1442 Dei

161 1481 408 1539 Verbum
427 1497 497 1538 ex
515 1483 675 1538 beata
698 1482 916 1552 Virgine
938 1481 1233 1538 secundum
1259 1495 1478 1536 carnem
1501 1479 1766 1544 genitum,

158 1583 471 1644 ceteraque
517 1589 617 1644 pro
660 1573 1036 1644 redemptione
1101 1571 1323 1627 humani
1375 1571 1591 1639 generis
1648 1585 1680 1626 e
1710 1585 1770 1624 se

159 1680 505 1736 perpessum.
553 1664 948 1722 Nonnullorum
985 1665 1151 1720 etiam
1181 1663 1496 1734 opinionem
1527 1663 1776 1716 auctorio'

161 1767 280 1814 tate
303 1766 532 1828 paterna
560 1759 862 1828 redarguit,
891 1758 982 1830 qui
1011 1771 1180 1813 unum
1221 1772 1290 1812 ex
1322 1757 1493 1811 tribus
1519 1769 1768 1810 asseren-

1865 565 2216 636 sapientiam;
2249 582 2346 637 per
2363 581 2524 636 quem
2555 568 2690 621 facta
2721 574 2848 620 sunt
2875 566 3087 631 omnia;
3120 566 3458 635 unigenitum

1864 658 2078 725 Filium,
2127 675 2264 713 unus
2293 676 2486 723 unum,
2518 669 2820 714 comtcrnus
2849 668 3175 714 comternum
3194 700 3209 726 ,
3250 673 3464 712 summe

1865 753 2038 806 bonus
2064 751 2344 821 aequaliter
2392 750 2614 821 bompn.
2668 749 2734 802 Et
2761 749 2905 818 quod
2937 749 3170 818 Spiritus
3219 758 3464 814 sanctus,

1865 842 2022 898 simul
2051 850 2107 896 et
2148 841 2320 895 Patris
2363 852 2418 895 et
2456 841 2576 896 Filii
2615 841 2684 896 sit
2705 841 2958 910 Spiritus,
3003 848 3058 894 et
3088 841 3201 909 ipse
3231 840 3463 894 consub-

1865 935 2130 989 stantialis
2159 943 2214 990 et
2242 942 2543 989 coaeternus
2588 935 2853 987 ambobus
2886 950 2899 985 :
2930 941 3092 1002 atque
3136 932 3240 986 hoc
3287 940 3463 986 totum

1867 1021 2100 1078 Trinitas
2137 1023 2235 1088 sit,
2287 1033 2505 1095 propter
2555 1023 2944 1093 proprietatem
2976 1036 3362 1090 personarum,
3409 1025 3462 1072 et

1867 1131 2005 1170 unus
2023 1116 2180 1177 Deus,
2210 1125 2431 1184 propter
2452 1115 2863 1184 inseparabilem
2887 1114 3246 1166 divinitatem.
3277 1131 3294 1163 ι
3325 1109 3458 1166 Ecce

1867 1206 2058 1260 doctor
2084 1205 2567 1260 excellentissimus
2598 1214 2758 1274 atque
2785 1204 3071 1268 veridicus,
3117 1217 3231 1256 rem
3262 1201 3327 1256 de
3355 1216 3459 1270 qua

1867 1298 2044 1367 agitur
2064 1305 2250 1367 aperte
2272 1297 2623 1366 distiivgncns,
2649 1294 2969 1349 Trinitatem
2993 1293 3142 1356 dicit,
3180 1308 3289 1346 non
3338 1306 3467 1360 pro-

1867 1397 1992 1460 pter
2030 1388 2420 1451 substantiam,
2453 1387 2545 1441 sed
2577 1396 2801 1457 propter
2830 1399 3089 1458 personas
3133 1383 3469 1438 conﬁdenter

1869 1481 2136 1550 exposuit.
2196 1479 2323 1536 Haec
2369 1487 2550 1534 autem
2603 1479 2874 1535 confessio
2914 1491 3016 1532 nos
3061 1476 3129 1531 ab
3177 1476 3442 1531 h‘JBI‘Clicis

1868 1570 2086 1635 Juilteis,
2119 1570 2517 1640 gentilibusquc
2543 1569 2819 1633 discernit,
2849 1567 2939 1636 qui
2969 1565 3284 1620 Trinitatem
3312 1563 3475 1617 unius

1870 1663 2120 1718 essentia:
2149 1661 2523 1731 priedicamus,
2547 1675 2669 1714 cum
2692 1673 2882 1714 omnes
2905 1656 2981 1711 illi
3005 1664 3098 1710 aut
3121 1669 3257 1725 pene
3277 1667 3470 1707 omnes

1872 1773 2037 1814 unum
2059 1756 2231 1812 Deum
2260 1771 2320 1812 se
2347 1755 2529 1812 colere
2558 1755 2848 1815 fateantur,
2882 1750 2977 1806 sed
3003 1748 3318 1821 mysterium
3351 1745 3473 1799 Tri-

162 1858 267 1915 ιαεν
317 1865 486 1905 unum
522 1864 590 1905 ex
621 1849 888 1905 Trinitate
914 1849 1099 1904 dicere
1125 1847 1268 1908 nulla
1293 1848 1507 1902 ratione
1535 1861 1770 1901 consen-
1807 1845 2061 1912 B'nitatis
2089 1857 2183 1903 aut
2212 1863 2318 1902 non
2349 1856 2498 1902 recte
2527 1845 2903 1917 pronuntiant,
2945 1849 3039 1895 aut
3069 1854 3292 1910 prorsus
3322 1837 3474 1905 igno-

163 1943 310 1998 tiunt
358 1960 373 1997 :
423 1943 517 2014 qui
565 1942 890 1998 vocabulum
937 1940 1215 1997 Trinitatis
1263 1955 1371 1995 non
1416 1952 1766 2010 personarum

161 2051 287 2091 esse
311 2035 725 2104 signiﬁcativum
741 2075 758 2102 ,
781 2035 878 2091 sed
903 2035 1216 2090 substantia:
1242 2033 1607 2102 suspicantur.
1637 2028 1768 2096 Qui—

163 2128 286 2190 bus,
339 2128 469 2184 licet
495 2129 562 2185 ad
593 2128 1031 2184 informationem
1078 2126 1193 2183 veri
1237 2125 1486 2181 debuerit
1513 2121 1769 2178 sufﬁcere

162 2222 464 2293 appellatio
512 2223 627 2292 ipsa
656 2237 778 2292 qua:
815 2221 924 2277 vim
952 2220 1176 2292 pluralis
1222 2217 1433 2272 numeri
1483 2229 1768 2279 resonans,

165 2332 277 2371 non
305 2316 623 2379 essentiam,
656 2315 750 2370 sed
778 2327 1040 2386 personas
1065 2311 1434 2377 indubitanter
1463 2314 1771 2378 expromat,

163 2424 238 2464 ne
267 2419 452 2463 tamen
483 2408 712 2463 ulterius
752 2408 894 2462 inter
921 2404 1222 2461 catholicos
1249 2400 1529 2458 contentio
1555 2396 1773 2452 vitanda

165 2503 445 2558 malescat
476 2493 848 2571 B."Augustini
867 2544 882 2570 ,
912 2513 1076 2554 unum
1103 2497 1172 2553 de
1202 2496 1384 2551 multis
1412 2491 1774 2548 testimonium

165 2595 295 2650 huic
317 2595 621 2666 priefationi
644 2610 831 2649 amore
854 2601 1056 2649 sancta:
1079 2587 1352 2658 religionis
1372 2583 1660 2645 aduexu‘it;
1685 2579 1779 2650 qui

165 2687 220 2740 in
245 2686 540 2740 undecimo
565 2685 634 2740 de
654 2685 884 2740 Civitate
907 2683 1001 2738 Dei
1027 2683 1164 2737 libro
1188 2682 1260 2734 ita
1282 2680 1348 2734 de
1377 2678 1480 2732 hac
1506 2691 1566 2732 re
1591 2673 1779 2746 paucis

166 2779 448 2848 eloquitur
475 2795 490 2832 :
526 2797 544 2830 ι
573 2775 855 2831 Credimus
885 2783 941 2830 et
969 2782 1248 2837 tenemus;
1288 2777 1344 2825 et
1375 2768 1606 2823 ﬁdeliter
1635 2781 1776 2836 pra:-

1874 1950 2017 1997 rant.
2049 1939 2104 1996 Si
2128 1953 2258 2008 ergo
2281 1938 2514 1993 Trinitas
2542 1953 2649 1992 non
2674 1949 2936 2008 personas
2958 1931 3199 2002 exponit.
3230 1928 3326 1982 sed
3347 1929 3476 1980 sub-

1873 2034 2158 2099 stantiam,
2211 2039 2294 2087 est
2331 2039 2511 2085 autem
2547 2044 2655 2084 una
2689 2026 2990 2083 substantia
3028 2020 3326 2081 Trinitatis,
3373 2019 3475 2073 erit

1878 2137 2010 2193 ergo
2020 2121 2314 2178 secundum
2333 2122 2462 2176 istos
2482 2118 2779 2174 substantia
2802 2117 2960 2172 unius
2981 2111 3310 2172 substantiae,
3328 2105 3474 2176 quod

1878 2215 2038 2269 nimis
2069 2212 2326 2283 probatur
2353 2209 2662 2264 absurdum.
2711 2206 2916 2262 Idcirco
2944 2201 3234 2269 colligitur,
3288 2205 3347 2251 ut
3381 2210 3477 2263 ap-

1879 2303 2099 2374 pellatio
2125 2300 2400 2354 Trinitatis
2422 2298 2579 2353 unius
2607 2295 2853 2351 essentia:
2881 2300 2991 2346 tres
3035 2302 3292 2360 personas
3317 2286 3476 2339 unius

1880 2373 2288 2464 olnnipotentiie
2335 2399 2499 2459 atque
2549 2385 2844 2442 divinitatis
2891 2382 3148 2436 insinuet.
3203 2375 3311 2431 Sed
3363 2373 3475 2442 jam

1881 2486 2073 2541 beatus
2103 2482 2321 2537 Prnclus
2351 2479 2404 2534 in
2447 2477 2681 2533 medium
2718 2473 2945 2545 prodeat
2973 2488 2988 2524 :
3019 2471 3221 2523 laturus
3261 2474 3317 2519 et
3364 2464 3478 2531 ipso

1885 2575 2244 2631 testimonium
2273 2570 2515 2630 veritati.
2544 2582 2702 2639 quem
2733 2564 2996 2632 benignis,
3027 2575 3240 2632 precor,
3285 2555 3480 2610 animis

1883 2669 2129 2724 audiatis.
2154 2664 2468 2720 Orationum
2489 2672 2791 2715 vestrarum
2811 2655 3058 2723 sull'ragia
3075 2666 3176 2722 pro
3191 2651 3296 2703 hoc
3313 2659 3481 2717 opt-ro

1884 2759 2013 2814 mihi
2043 2756 2340 2828 rependere
2357 2752 2614 2823 iubeatis.

171 2841 3471 2897 Μ

910 2927 1194 2991 PROCLI
1237 2909 2177 2989 CONSTAN'TINOI‘OLITANI
2226 2909 2330 2968 AD
2377 2901 2784 2966 ARMENIOS

1310 3042 1448 3113 DE
1504 3036 1770 3109 FIDE
1829 3027 2408 3107 EPISTOLA,

1334 3167 1633 3213 DIONYSIO
1665 3162 1906 3206 EXIGUO
1940 3158 2210 3202 INTEBPB
2223 3156 2364 3198 3TB.

247 3259 349 3316 Dei
380 3257 662 3313 amantiss.
689 3265 740 3312 et
765 3255 1160 3312 venerabilibns
1181 3249 1449 3325 episcopis
1471 3257 1527 3305 et
1550 3247 1776 3318 presby-
1807 3244 1856 3309 C
1886 3249 2087 3306 rantes,
2119 3239 2487 3306 habentesque
2509 3248 2724 3290 sensum
2752 3230 2868 3286 sine
2887 3237 3100 3286 rectore
3126 3227 3478 3299 prmcipitem,

171 3354 334 3418 teris,
368 3361 423 3407 et
448 3348 881 3405 archimandritis
910 3345 1226 3402 orthodoxae
1268 3351 1468 3400 sancta:
1498 3356 1595 3412 per
1619 3345 1787 3392 totam

173 3441 498 3500 Armeniam
527 3437 804 3504 Ecclesim,
839 3436 1063 3493 Proclus
1092 3435 1145 3490 in
1178 3432 1404 3490 Domino
1433 3429 1686 3484 salutem.

256 3533 378 3589 Non
425 3530 798 3597 mediocriter,
845 3529 1062 3597 fratres,
1109 3524 1353 3583 confudit
1401 3522 1639 3577 animum
1685 3533 1788 3574 no-

173 3639 356 3686 sti-um
378 3667 394 3693 ,
423 3634 480 3683 ct
499 3642 736 3682 maerore
758 3623 1088 3700 validissimo
1109 3620 1372 3678 sauciavit
1393 3634 1577 3674 rumor
1604 3615 1792 3670 novel-

172 3719 364 3780 lOrum
395 3721 597 3776 erroris
625 3719 953 3774 zizaniorum
982 3733 1103 3789 quae
1146 3730 1318 3785 nuper
1347 3721 1542 3767 vestrae
1578 3706 1788 3778 regioni

175 3813 566 3870 callidissimus
609 3807 819 3864 natura:
866 3806 1232 3863 communium
1283 3802 1531 3861 inimicus
1574 3799 1791 3855 insevit.

175 3901 605 3957 Intolerabiliter
633 3900 774 3955 enim
803 3899 971 3954 tristis
1011 3896 1223 3952 auditus
1251 3891 1533 3950 consuevit
1557 3891 1790 3945 animam

178 3994 502 4058 vulnerare,
544 4005 664 4062 quae
689 3987 996 4058 huiusmodi
1027 3983 1468 4056 meditationibus
1495 3979 1791 4036 exercitata

183 4099 306 4140 non
339 4081 528 4146 fuerit,
563 4086 824 4150 tantoque
852 4076 1210 4149 perniciosius
1233 4073 1506 4144 iaculatur
1535 4069 1592 4125 in
1623 4070 1793 4124 altum

181 4175 298 4231 tela
326 4172 592 4241 deligens,
638 4177 842 4240 quanto
871 4166 1159 4224 discrimen
1203 4182 1312 4220 non
1342 4178 1542 4234 corpus
1567 4159 1795 4232 appetit,

179 4265 286 4323 sed
331 4272 534 4319 statum
584 4262 781 4318 mentis
823 4271 1135 4330 expugnare
1179 4254 1487 4319 contendit,
1541 4251 1796 4324 opinione

183 4356 584 4423 disseminans,
634 4351 1004 4410 venerandum
1060 4348 1186 4405 ﬁdei
1238 4346 1655 4410 vestimentum,
1705 4349 1799 4397 aut

182 4449 475 4506 discissum
500 4444 938 4518 lacrymabiliter,
969 4450 1062 4496 aut
1078 4441 1219 4496 furto
1242 4437 1456 4510 penitus
1477 4450 1597 4491 esse
1619 4433 1798 4490 subla-

187 4552 331 4595 tum.
368 4539 550 4593 Omnis
571 4537 788 4608 quidem
810 4536 981 4590 virtus
1001 4531 1303 4605 expetenda
1317 4574 1332 4600 ,
1358 4531 1424 4586 iis
1444 4529 1638 4601 quibus
1658 4527 1796 4582 ratio

1889 3333 2310 3405 cogitationibus
2365 3329 2608 3384 nituntur
2663 3325 2911 3388 incertis,
2967 3322 3096 3377 nihil
3147 3321 3199 3376 in
3248 3321 3312 3376 iis
3365 3334 3484 3389 quin

1889 3427 2186 3484 decernunt
2203 3431 2398 3495 praeter
2418 3420 2617 3474 ﬂuxam
2634 3427 2688 3474 et
2708 3415 3010 3471 instabilem
3037 3418 3281 3468 naturam
3305 3426 3483 3463 rerum

1889 3517 2175 3596 visibilium
2199 3521 2790 3595 perscrutantes,.ver:e
2813 3515 2991 3560 autem
3015 3499 3486 3571 contemplationis

1892 3591 2142 3667 intuitum
2169 3617 2260 3662 aut
2274 3605 2450 3662 causis
2473 3591 2858 3672 temporalibus
2876 3591 3485 3663 habentesimplicitum,

1892 3709 1986 3757 aut
2005 3697 2279 3754 erroribus
2300 3696 2651 3751 obczecatum.
2679 3690 2840 3743 Aiunt
2864 3687 3004 3742 enim
3022 3691 3254 3755 quatuor
3274 3681 3487 3754 species

1893 3807 2012 3849 esse
2035 3789 2267 3852 virtutis,
2300 3787 2352 3841 id
2379 3793 2481 3851 est,
2509 3783 2792 3852 justitiam,
2822 3777 3189 3850 prudentiam,
3220 3772 3490 3830 fortitudi-

1895 3900 2051 3951 nem,
2103 3878 2550 3950 temperantiam;
2598 3889 2718 3945 qnae
2766 3872 2894 3927 licet
2949 3870 3105 3925 bona:
3147 3867 3285 3934 sint,
3340 3862 3489 3919 humi

1896 3957 2075 4030 tamen
2106 3978 2338 4042 repunt,
2386 3976 2442 4023 et
2469 3981 2594 4036 erga
2624 3973 2838 4020 terrena
2879 3960 3135 4034 projectce
3162 3963 3311 4022 sunt,
3363 3954 3490 4008 dum

1896 4065 2148 4123 inferiora
2165 4061 2370 4119 cmlesti
2392 4059 2603 4129 fastigio
2626 4054 3067 4126 comprobantur.
3097 4045 3491 4105 Fortitudinem

1897 4172 2132 4228 namque
2162 4153 2441 4218 dixerunt,
2482 4151 2684 4206 luctam
2712 4147 2970 4202 adversus
2999 4157 3252 4206 carnem;
3287 4148 3492 4207 tempe-

1897 4252 2154 4320 rantiam,
2192 4264 2313 4318 qua:
2333 4247 2400 4302 de
2422 4245 2711 4300 affectuum
2742 4239 2902 4296 sumit
2932 4235 3304 4306 subjugatione
3327 4231 3494 4285 victo-

1899 4343 2074 4410 riam;
2103 4339 2464 4412 prudentiam,
2496 4351 2614 4406 qua:
2637 4333 2690 4388 in
2713 4329 3128 4387 conversatione
3149 4323 3288 4379 civili
3311 4328 3494 4390 optata

1901 4435 2147 4492 continet
2167 4431 2407 4488 instituta
2427 4446 2442 4496 ;
2462 4426 2726 4497 justitiam
2745 4423 3004 4495 optimam
3027 4415 3493 4488 aequiportioneni.

1903 4525 2059 4604 llunc
2085 4531 2288 4589 autem,
2320 4533 2377 4575 ut
2406 4518 2751 4590 putabantur,
2800 4513 2923 4567 vita:
2950 4508 3192 4565 ordinem
3223 4506 3338 4572 lege
3367 4517 3488 4554 san-

191 4649 306 4687 non
336 4640 420 4686 est
445 4631 603 4687 rebus
633 4629 999 4684 materialibus
1028 4628 1339 4692 obscurata,
1371 4623 1656 4693 omnisque
1683 4635 1800 4674 ma-
1830 4611 1876 4670 D
1903 4598 2130 4681 ierunt,
2178 4611 2592 4670 immoderatum
2635 4615 2798 4676 atque
2849 4601 3092 4656 illicitmu
3141 4595 3497 4665 reprimentes

192 4726 314 4782 lilia
343 4724 484 4779 bene
528 4721 886 4778 sentientibus
917 4736 1027 4775 non
1072 4717 1342 4773 immerito
1375 4714 1623 4786 fugienda
1647 4710 1792 4782 judi-

190 4827 382 4883 Catur,
429 4821 486 4868 ut
533 4819 660 4884 pote
704 4828 824 4882 quae
854 4827 882 4866 e
911 4811 1134 4880 regione
1179 4806 1497 4863 adversetur
1525 4799 1798 4870 essentiaz,

193 4909 312 4978 ipsa
339 4914 530 4960 contra
554 4915 797 4959 naturam
819 4886 1293 4959 siue-dubitatione
1314 4895 1611 4952 subsistens
1634 4912 1648 4948 :
1676 4906 1798 4947 nam

192 5001 342 5054 sicut
360 4996 408 5051 id
422 4995 565 5065 quod
583 5005 632 5049 ut
644 4994 920 5048 ilissimum
938 5000 1020 5048 est
1035 4979 1343 5045 necessarie
1363 4983 1797 5052 custodiendum,

197 5091 269 5147 ἱι..
303 5087 451 5160 quod
481 5106 585 5142 non
617 5087 870 5156 expedit,
926 5082 1018 5154 sed
1050 5082 1307 5154 probatur
1334 5077 1651 5143 adversum,
1708 5081 1804 5130 aut

197 5201 324 5239 cum
373 5190 567 5251 μιωδῑυ
609 5189 718 5244 εει,
770 5175 1168 5247 repellendum,
1223 5179 1315 5226 aut
1358 5170 1404 5226 si
1441 5169 1700 5225 metuitur
1735 5181 1805 5223 no

195 5271 446 5337 accidat,
487 5270 717 5324 sollicite
747 5266 1178 5338 praecavendum.
1212 5261 1436 5319 Virtutis
1463 5261 1645 5331 itaque
1680 5273 1804 5329 spe-

195 5371 314 5420 crs
375 5362 634 5432 plurimm.
693 5358 842 5413 lianc
889 5367 1070 5412 autem
1117 5355 1265 5410 varie
1313 5351 1640 5407 definierunt
1690 5349 1806 5407 sive

197 5453 455 5524 g--ntiles,
486 5468 622 5521 quos
649 5467 803 5505 error
833 5446 1107 5520 praefocat,
1141 5446 1429 5514 lumenque
1456 5440 1806 5498 discretionis

198 5563 399 5602 eorum
426 5541 690 5612 ignnr..tio
719 5542 1016 5595 divinitatis
1046 5541 1332 5605 obscurat;
1365 5553 1462 5592 seu
1487 5531 1800 5597 Christiani,

197 5641 290 5707 qui
347 5635 448 5688 ﬁde
486 5647 630 5689 recta
680 5634 874 5689 mentis
921 5633 1112 5689 oculos
1156 5630 1480 5684 illuminatos
1516 5627 1803 5690 habentes,

199 5730 377 5786 sulem
419 5726 641 5794 iustitiae
689 5740 784 5795 per
829 5721 1224 5778 confessionem
1265 5719 1460 5775 clarius
1506 5717 1800 5772 intuentur.

202 5818 278 5872 iiii
315 5830 548 5891 namque
589 5817 641 5871 in
672 5816 782 5874 suis
812 5813 1052 5873 consiliis
1091 5813 1233 5870 velut
1279 5812 1330 5870 in
1360 5807 1595 5867 tenebris
1639 5807 1800 5864 ober-

1903 4703 2210 4779 hujusmodi
2253 4699 2658 4759 deﬁnitionibus
2705 4695 3024 4765 appetitum.
3059 4688 3237 4743 Altum
3279 4700 3410 4739 vero
3445 4691 3497 4737 et

1900 4775 2154 4874 praiseuti
2185 4797 2292 4852 vita
2321 4792 2623 4859 sublimius,
2675 4799 2849 4855 neque
2886 4783 3150 4852 cogitare,
3199 4793 3371 4848 neque
3401 4775 3498 4830 de-

1906 4866 2156 4965 promere
2184 4887 2487 4949 valuerunt,
2511 4883 2606 4937 sed
2639 4877 2909 4949 insipienti
2936 4886 2990 4932 et
3016 4875 3305 4930 obscurato
3334 4866 3500 4924 corde

1905 4963 2019 5038 nixi
2065 4989 2193 5036 sunt
2217 4979 2502 5040 virtutem,
2553 4980 2811 5044 quantum
2842 4969 2905 5023 ad
2935 4984 3014 5034 se,
3057 4963 3350 5020 visibilibus
3383 4969 3501 5013 tan-

1907 5069 2184 5126 tummodo
2230 5067 2389 5122 rebus
2433 5063 2732 5129 includere,
2780 5059 2910 5114 nihil
2952 5055 3002 5112 ei
3045 5055 3340 5110 tribuentes
3387 5051 3502 5105 exi-

1908 5163 2074 5216 mium
2095 5200 2110 5226 ,
2159 5166 2216 5214 et
2242 5156 2447 5215 cmlesti
2481 5153 2816 5209 habitatione
2847 5148 3192 5215 condignum.
3241 5142 3340 5210 Qui
3372 5155 3502 5195 vero

1907 5269 2006 5326 per
2035 5251 2194 5308 [idem
2222 5249 2551 5304 illuminatos
2581 5245 2782 5300 habent
2821 5241 3008 5296 oculos
3037 5235 3232 5298 cordis,
3273 5247 3502 5304 quorum

1907 5323 2102 5416 priesul
2147 5347 2310 5410 atque
2341 5339 2593 5408 magister
2623 5342 2707 5389 est
2751 5330 3091 5386 beatissimus
3119 5323 3334 5388 Paulus,
3381 5333 3501 5374 eam

1907 5435 2170 5494 deﬁniunt
2198 5447 2318 5488 esse
2357 5432 2608 5487 virtutem
2652 5438 2772 5495 quin
2816 5439 2916 5478 nos
2962 5421 3029 5475 ad
3072 5417 3241 5472 Deum
3289 5424 3503 5480 semper

1909 5528 2148 5590 elevans,
2199 5523 2512 5579 ordinanter
2559 5518 2695 5586 regit
2724 5517 2778 5570 in
2829 5513 3006 5568 terris.
3058 5507 3156 5562 llic
3199 5505 3361 5573 igitur
3403 5515 3504 5571 per

1911 5621 2093 5680 omnia
2119 5616 2442 5674 venerabilis
2486 5610 2775 5682 Apostolus
2808 5606 3000 5660 multas
3028 5599 3170 5670 quidi
3191 5613 3243 5650 ιιι
3291 5595 3503 5666 species

1911 5712 2123 5771 virtutis
2152 5716 2460 5773 enumerat,
2493 5705 2585 5761 sed
2618 5703 2884 5776 prmcipue
2914 5696 3089 5758 ﬁdem,
3121 5707 3292 5762 spem,
3326 5691 3500 5747 chari-

1913 5812 2078 5861 tatcm
2131 5799 2474 5860 commendat
2524 5814 2536 5850 :
2587 5807 2812 5867 «piarum
2860 5785 2989 5843 ﬁdes
3040 5799 3201 5858 supra
3255 5789 3515 5872 naturam‘
