4000 6344
472 342 569 398 HI

1767 339 2132 398 υιοΝῑειυδ.
2161 340 2485 399 Βκκιυυε.

3655 345 3760 400 HS

472 456 662 511 merita
716 454 1026 514 hominibus
1069 454 1219 514 bona.
1261 452 1508 521 largitur,
1561 451 1916 509 invisibilibus
1961 453 2322 522 eosAigitur
2366 453 2750 511 indormltabiii
2798 468 2928 509 cura
2977 466 3279 520 memor,
3321 453 3392 509 ad
3449 454 3756 514 theraurum

473 548 798 612 admiscens,
843 549 935 620 (μή
965 545 1142 602 adhue
1179 546 1568 616 multiplicibus
1595 546 1828 604 obnoxia
1859 547 2070 616 passio-

476 641 632 696 nihus
660 640 968 716 indumenta
995 636 1399 700 circumferunt.
1449 637 1548 706 Qui
1579 638 1722 696 enim
1751 640 2070 710 angelorum

476 731 908 799 reliquarumque
940 729 1610 799 corporesitum-virtutum
1661 738 1906 785 naturam
1939 745 2076 800 pro-

477 823 632 891 positi
657 822 986 877 sublimitate
1007 823 1272 886 Itesciuut,
1308 822 1502 876 horum
1530 821 1866 892 disciplinam
1892 821 2070 878 humi-

475 915 631 968 nibus
658 915 751 983 qui
779 915 1090 981 gradiuntur
1121 915 1267 968 humi
1305 923 1360 968 et
1406 915 1718 969 volutantur
1753 915 1807 971 in
1851 914 2073 984 pulvere

477 1005 608 1060 tides
635 1007 914 1071 attrilmit;
963 1007 1128 1072 regali
1163 1006 1360 1059 throno
1389 1014 1445 1060 et
1477 1005 1728 1059 invisibili
1775 1005 1862 1074 qui
1898 1013 2084 1070 caret,

478 1097 626 1149 omni
661 1097 830 1159 forma
863 1113 959 1149 nos
988 1096 1266 1160 exhibeas,
1317 1104 1628 1166 certamque
1661 1095 2078 1150 illustrationem

477 1195 686 1241 natura:
733 1186 984 1240 iucreata:
1026 1201 1240 1254 semper
1282 1186 1398 1239 sine
1441 1185 1591 1239 initio
1633 1186 1899 1240 manentis
1947 1186 2078 1242 insi-

478 1290 670 1330 nuans.
722 1275 852 1340 Quae
891 1276 1054 1330 etiam
1102 1275 1306 1342 fulgore
1346 1292 1445 1329 suo
1479 1291 1694 1330 sensum
1738 1275 2076 1335 maleritdem

477 1368 789 1432 discutiens,
813 1383 1163 1438 crassumque
1183 1383 1246 1422 ac
1265 1369 1584 1422 nebulosum
1607 1368 1854 1424 intuitum
1878 1377 2076 1426 nostra

480 1459 677 1518 mentis
714 1473 1050 1528 expugnans,
1092 1473 1218 1527 erga
1258 1459 1347 1512 illa
1389 1460 1534 1514 clare
1573 1459 1912 1528 conspicere,
1956 1473 2081 1527 quia

479 1557 607 1610 tunc
646 1565 713 1604 ex
754 1559 910 1620 parte
949 1559 1176 1620 possunt
1203 1549 1373 1604 videri
1411 1557 1852 1606 eumcensentnr
1888 1548 2078 1608 invisi-

479 1641 492 1694 Ι
517 1641 630 1707 ilia.
655 1650 716 1696 et
733 1642 1260 1712 comprehendicum
1292 1642 1678 1702 inaccessibilia
1703 1657 1824 1702 esse
1845 1640 2098 1700 creduit-.

482 1743 589 1791 tur.
639 1735 778 1807 Spes
823 1746 1010 1799 alitem
1055 1755 1168 1798 non
1202 1737 1420 1807 dignata
1469 1738 1714 1804 somniis,
1762 1749 1822 1796 ut
1860 1739 2076 1804 dicitur,

2171 542 2292 599 lidei
2317 543 2516 600 mentis
2537 544 2724 602 oculos
2747 545 2947 614 ing-iter
2973 547 3269 603 elevantes.
3319 547 3464 616 Quid
3489 540 3669 604 autem
3691 549 3766 607 de

2169 633 2465 704 Scripturis
2519 637 2848 708 accepimus,
2899 639 3001 696 nisi
3056 639 3202 710 quod
3259 639 3399 696 Deus
3446 643 3615 696 verbi)
3664 658 3765 698 suo

2171 728 2434 784 mundum
2454 729 2728 795 comiidit,
2782 743 2844 786 et
2866 741 3171 788 creaturam
3199 748 3325 803 qtae
3349 751 3456 791 non
3484 745 3605 791 erat
3633 751 3765 808 pm—

2171 818 2325 877 duxit
2348 836 2413 878 ex
2447 822 2660 876 nihilo?
2687 821 2756 877 Et
2790 825 2916 893 quia
2949 825 3182 879 naturali
3201 827 3328 896 lege
3356 827 3623 883 rationale
3650 831 3768 884 ani-

2173 911 2278 965 mal
2321 910 2638 976 honoravit,
2689 915 2850 969 datur
2887 915 2938 970 ei
2979 916 3321 982 mandatum,
3371 925 3432 973 ut
3457 919 3606 993 quand
3648 927 3770 974 erat

2174 1002 2435 1072 optimm
2487 1019 2598 1059 non
2644 1005 2842 1061 lateret
2878 1009 2996 1076 ejus
3046 1008 3357 1074 arbitrium,
3409 1010 3504 1065 sed
3554 1011 3769 1066 meliori

2175 1094 2456 1164 proposito
2488 1096 2649 1151 noxia
2691 1097 3007 1153 declinaret.
3049 1097 3121 1152 Et
3153 1101 3296 1168 quod
3342 1100 3432 1156 ille
3469 1110 3770 1172 spontanee

2174 1185 2454 1242 voluntate
2479 1187 2532 1242 in
2560 1187 2834 1245 deteriora
2872 1190 3180 1261 prolapsus,
3227 1205 3296 1248 ex
3327 1194 3487 1250 terris
3530 1195 3775 1265 paradisi

2176 1291 2274 1346 per
2289 1276 2707 1334 inobedieutiam
2719 1279 2899 1349 jactus
2912 1289 3013 1345 est,
3036 1282 3429 1354 quoddenique
3443 1301 3542 1356 per
3566 1295 3774 1357 patres,

2176 1370 2529 1441 patriarchas,
2575 1372 2782 1442 legem,
2836 1373 3050 1442 iudices
3077 1384 3134 1429 et
3163 1377 3470 1446 prophetas,
3519 1387 3774 1433 nat-uram

2177 1459 2268 1530 qui
2313 1458 2565 1514 formavit
2603 1460 2884 1525 instruxit,
2940 1471 3001 1516 ut
3037 1472 3254 1533 peccata
3285 1465 3500 1536 quidem
3527 1475 3772 1530 caveret,

2179 1549 2248 1606 ad
2277 1548 2518 1606 facienda
2542 1567 2674 1608 vero
2701 1569 2821 1622 qua:
2849 1563 2996 1608 recta
3021 1564 3148 1609 sunt
3173 1556 3590 1614 solticitndinem
3615 1571 3800 1626 gere-

2180 1649 2283 1704 ret,
2305 1641 2388 1696 sic
2413 1649 2470 1695 ut
2499 1641 2696 1698 delicta
2725 1644 3007 1714 imperium
3037 1661 3254 1716 quoque
3280 1648 3435 1703 nobis
3465 1651 3774 1706 verentibus

2181 1733 2514 1798 obtinerent,
2540 1741 2595 1787 et
2625 1732 2822 1790 horum
2845 1750 3006 1792 musa
3029 1737 3278 1793 diallohis
3295 1739 3576 1794 iit-natura:
3593 1741 3774 1796 alearn

483 1829 769 1890 inhaerere,
793 1830 1116 1890 sedcredita
1144 1830 1628 1897 fortitenretines,
1653 1831 2078 1900 inprassentlbus
2110 1823 2161 1886 Β·
2183 1824 2320 1878 vim!
2359 1825 2627 1881 exilium:
2658 1834 2718 1880 ut
2751 1835 2882 1896 pote
2927 1842 3057 1883 cult-
3092 1829 3179 1884 lex
3228 1831 3485 1886 naturalis
3527 1832 3786 1888 obsoleta

482 1919 596 1974 sibi.
617 1918 792 1979 futura
819 1919 930 1988 iam
961 1930 1250 1990 preparat,
1281 1929 1341 1979 et
1362 1920 1431 1975 ad
1471 1921 1858 1980 excludendam
1887 1920 2094 1978 duliie-.

492 2017 686 2075 uitem.
710 2011 853 2080 quod
877 2026 977 2072 nec
1004 2011 1183 2077 adest,
1207 2020 1460 2081 laetitiam
1493 2027 1732 2082 praesens
1750 2011 2085 2080 cogitatione

483 2100 884 2173 oomplectitur,
934 2101 1043 2162 sub.
1085 2111 1308 2173 aspectu
1347 2117 1492 2173 pene
1534 2117 1656 2171 quae
1703 2101 2084 2172 prmstolantur

482 2190 759 2250 adducens
777 2191 1024 2249 adversa.
1055 2191 1130 2248 De
1149 2192 1351 2262 quibus
1365 2207 1488 2261 spes
1504 2191 1888 2262 impedimenta
1911 2200 2094 2247 θηλει-

481 2279 761 2349 gredions,
817 2281 1213 2352 propemodum
1268 2282 1568 2340 visibilibus
1624 2282 1788 2339 rebus
1839 2298 1910 2338 ea
1961 2299 2094 2353 quas

485 2371 868 2430 desiderantur
905 2372 1176 2438 adnectit,
1220 2371 1422 2431 ﬂuxam
1470 2375 1730 2443 temporis
1766 2374 2082 2431 inanitatem

485 2460 792 2516 futurorum
836 2461 1128 2518 dilectione
1175 2479 1398 2533 prorsus
1434 2479 1787 2533 exsuperans.
1836 2463 2093 2524 Charitas.

485 2565 618 2605 vero
665 2559 878 2610 sanctae,
915 2552 1192 2621 religionis
1221 2561 1420 2609 nostrae
1447 2554 1744 2610 eulmenet
1769 2565 1931 2626 caput
1978 2564 2081 2612 est.

484 2640 591 2696 Per
619 2641 762 2700 hanc
805 2643 948 2699 enim
977 2643 1142 2711 Deus,
1173 2659 1562 2713 cum-prmsens
1602 2642 1804 2713 iugiter
1847 2653 1993 2700 esset
2030 2645 2085 2701 in

483 2735 666 2799 terris,
700 2734 766 2790 ad
794 2734 891 2790 nes
918 2750 1015 2806 per
1040 2752 1257 2792 carnem
1288 2737 1475 2794 venire
1505 2737 1755 2806 dignatus
1783 2745 1886 2793 est.
1921 2735 2085 2794 Utra-

490 2839 598 2893 que
625 2823 792 2893 igitur
811 2826 1006 2881 merito
1031 2825 1131 2881 sibi
1160 2827 1510 2882 consentiunt
1535 2843 1550 2879 :
1581 2827 1711 2882 lidcs
1739 2828 1882 2882 enim
1903 2827 2087 2883 chari-

490 2913 618 2968 tatis
640 2923 723 2970 est
741 2917 1037 2985 speculum,
1067 2925 1124 2972 et
1152 2917 1390 2972 charitas
1416 2917 1536 2973 fidei
1561 2917 1826 2987 probatur
1853 2917 2089 2973 existere

484 3001 902 3061 firmamentum.
928 3005 1208 3063 Credimus
1234 3009 1379 3079 quod
1405 3009 1546 3064 Deus
1579 3008 1816 3066 Verbum
1839 3009 2085 3080 impossi-

484 3095 670 3151 biliter
709 3096 1020 3152 incarnatus
1061 3107 1176 3164 est;
1225 3107 1281 3153 et
1323 3099 1412 3170 pie
1439 3099 1752 3155 credimus:
1785 3099 1900 3155 haec
1943 3099 2085 3154 enim

2184 1913 2544 1977 sordesceret,
2576 1923 2632 1970 et
2655 1917 2856 1986 scripta
2871 1919 3245 1987 prasvaricat‘to
3273 1928 3613 1990 retorperet;
3645 1933 3802 1990 [ιι-οι

2184 2004 2362 2074 pheta:
2382 2020 2598 2074 quoque
2621 2006 2760 2063 sicut
2782 2007 3030 2064 homines
3048 2019 3331 2066 mouerent
3350 2025 3478 2080 que;
3497 2019 3784 2081 oporteret

2187 2094 2301 2151 fieri
2321 2134 2344 2158 ,.
2387 2095 2486 2151 sed
2533 2097 2602 2153 ab
2632 2097 2947 2154 imminente
2977 2100 3217 2169 pernicie
3242 2100 3474 2157 liliemre
3503 2117 3612 2157 non
3658 2119 3784 2172 pos-

2184 2196 2337 2255 sent;
2362 2189 2502 2244 Deus
2524 2188 2694 2247 forma
2718 2205 2930 2258 canens,
2956 2191 3073 2249 sine
3093 2193 3246 2250 initio
3264 2193 3786 2265 incircumscriptus,

2185 2285 2246 2333 et
2265 2279 2610 2349 otnnipotcus
2637 2279 2870 2338 Verbum
2900 2283 2953 2339 in
2981 2297 3150 2339 carne
3178 2284 3404 2340 veniens.
3422 2285 3608 2358 (adest
3636 2287 3784 2342 etum

2185 2368 2262 2424 illi
2305 2384 2466 2440 posse
2509 2370 2657 2440 quod
2700 2372 2867 2440 vult),
2904 2375 3132 2444 sumpsit
3185 2374 3412 2430 formam
3458 2377 3601 2432 servi
3654 2393 3785 2432 caro

2185 2459 2378 2526 factus,
2435 2468 2593 2515 natus
2631 2477 2699 2517 ex
2731 2461 2968 2533 Virgine,
3016 2465 3204 2520 volens
3251 2464 3447 2535 ubique
3478 2477 3805 2522 ιιιοιιειτειτθ.

2186 2549 2313 2619 quia
2360 2551 2652 2607 secundum
2685 2553 2967 2608 veritatem
3015 2551 3130 2609 fieri
3174 2554 3338 2611 homo
3387 2555 3785 2624 dignatusest.

2188 2640 2442 2696 Naturam
2464 2641 2726 2712 siquidem
2751 2660 3095 2715 corpoream,
3119 2656 3172 2702 et
3195 2647 3448 2716 exordia,
3467 2656 3524 2703 et
3544 2648 3784 2712 habitus,

2187 2732 2576 2802 passionesque
2631 2736 2937 2792 necessario
2992 2736 3408 2809 subsequuntur.
3467 2738 3585 2794 Non
3637 2740 3787 2795 enim

2188 2821 2319 2878 dicit
2346 2824 2675 2893 evangelista
2706 2824 2887 2895 (Joan.
2919 2825 2968 2900 ι)
2997 2829 3142 2897 quod
3197 2829 3250 2884 in
3291 2829 3568 2885 hominem
3597 2829 3786 2900 perfe-

2189 2919 2336 2966 ctum
2361 2911 2503 2968 Deus
2525 2912 2796 2982 ingressus
2822 2924 2931 2984 est,
2956 2917 3081 2986 quia
3109 2917 3281 2974 factus
3307 2928 3392 2975 est
3417 2936 3546 2975 caro
3573 2930 3785 2976 natura:

2189 3012 2392 3060 metra:
2419 3005 2712 3075 primordia
2743 3007 2855 3080 ipsa
2886 3011 3225 3080 contingens.
3255 3013 3407 3069 Sicut
3445 3013 3588 3069 enim
3620 3015 3788 3071 homo

2191 3097 2509 3152 naturaliter
2525 3097 2704 3153 editus
2720 3115 2825 3155 non
2848 3102 3030 3156 statim
3055 3103 3298 3173 procedit
3317 3105 3637 3174 operatione
3659 3121 3786 3175 per-

488 3184 620 3244 ﬁdes
658 3187 847 3245 salutis
877 3201 1075 3244 nostrze
1131 3188 1537 3246 fundamentum
1570 3206 1690 3248 esse
1718 3189 2084 3263 cognoscitur.
2113 3199 2161 3265 ς
2193 3183 2383 3252 fectus,
2433 3187 2529 3244 sed
2566 3187 2796 3260 primum
2838 3191 2951 3262 ipsa
2990 3193 3255 3264 depositio
3297 3195 3517 3251 seminis
3556 3195 3787 3253 eﬂicitnr

487 3273 696 3332 Idcirco
725 3292 848 3332 eum
888 3276 980 3347 qui
1011 3287 1233 3351 propter
1261 3295 1360 3335 nos
1396 3280 1633 3349 suscepit
1669 3279 1898 3334 formam
1939 3279 2080 3334 servi

486 3365 780 3435 diligimus,
823 3367 917 3438 qui
961 3385 1074 3424 nec.
1108 3379 1312 3426 naturae
1341 3386 1450 3424 suae
1482 3371 1640 3424 ullam
1671 3370 2082 3428 mutabilitatem

487 3457 772 3523 sustinuit,
823 3473 922 3514 nec
949 3469 1296 3529 augmentum
1327 3459 1576 3514 Trinitati
1605 3461 1853 3515 accessit.
1897 3457 2084 3516 Omnis

488 3546 671 3616 itaque
696 3542 1041 3610 Christianus
1057 3551 1147 3620 qui
1176 3567 1284 3604 non
1314 3559 1398 3604 est
1422 3549 1580 3607 dives
1604 3550 1726 3616 tide,
1755 3566 1870 3621 spe,
1902 3551 2081 3605 chari-

488 3651 618 3707 tate,
652 3643 703 3698 id
727 3643 870 3716 quod
898 3645 1096 3702 dicitur
1120 3662 1228 3707 non
1255 3654 1372 3710 est;
1419 3645 1535 3712 sed,
1567 3646 1667 3702 etsi
1694 3647 1906 3702 videtur
1927 3662 2082 3700 suum

490 3734 762 3804 castigare
795 3735 1176 3806 corpusculum
1224 3745 1282 3792 et
1325 3737 1519 3792 animm
1566 3737 1905 3808 passionibus
1946 3736 2086 3792 liber

490 3839 630 3890 esse,
682 3825 753 3888 in,
779 3827 1038 3886 moralem
1078 3827 1450 3884 tantummodo
1491 3830 1745 3884 virtutem
1777 3829 1880 3884 iste
1917 3827 2083 3898 proli-

489 3916 656 3981 ciens,
707 3934 1044 3992 nequaquam
1071 3936 1332 3976 coronam
1360 3921 1598 3982 victoria:
1626 3921 1994 3990 consequitur,
2027 3931 2088 3980 ut

492 4018 620 4080 pote
648 4009 740 4078 qui
770 4026 891 4068 non.
907 4011 972 4065 ad
1004 4012 1149 4069 illam
1176 4026 1394 4082 semper
1421 4013 1750 4080 agnitionem
1784 4013 2093 4070 Divinitatis

491 4097 825 4163 extendet-it,
871 4114 992 4167 qua:
1021 4115 1254 4154 coronas
1285 4099 1470 4154 tribuit
1512 4101 1576 4156 iis
1621 4101 1712 4170 qui
1743 4099 1954 4158 fortiter
1991 4119 2088 4172 per

489 4187 745 4241 virtutem
773 4188 1065 4244 luctantur.
1093 4188 1327 4260 ideoque
1357 4189 1486 4245 lldes
1508 4205 1629 4261 qua:
1655 4191 1894 4246 omnium
1927 4193 2087 4262 (sicut

492 4275 739 4346 praedixi)
767 4278 1033 4335 bonorum
1062 4289 1225 4351 caput
1253 4290 1364 4348 est,
1410 4291 1657 4338 servetur
1686 4282 1907 4353 intacta,
1956 4284 2088 4338 nihil

491 4367 738 4424 humanis
764 4368 1235 4428 adinventionibus
1263 4372 1541 4430 dissonum
1570 4373 1883 4444 praeferens,
1927 4373 2087 4432 nullis

491 4458 730 4536 profanis
776 4478 971 4518 vocum
1019 4463 1348 4521 novitatibus
1395 4465 1605 4522 turbida
1639 4484 1652 4520 :
1684 4480 1806 4536 qua;
1859 4482 2086 4528 manens

2188 3293 2336 3342 caro,
2376 3277 2570 3334 deinde
2599 3295 2854 3350 processu
2884 3283 3144 3354 temporis
3170 3286 3278 3340 vim
3308 3286 3469 3340 sumit
3495 3301 3618 3356 qua:
3650 3275 3787 3344 cun-

2185 3367 2602 3426 Summationem
2645 3387 2896 3428 sensuum
2938 3377 3422 3448 operationumque
3455 3378 3786 3436 contineat:

2151 3527 2168 3551 ¹
2187 3463 2260 3518 ita
2306 3463 2446 3520 Deus
2477 3464 2710 3522 Verbum
2747 3467 2860 3538 ipsa
2891 3467 3037 3523 initia
3067 3478 3122 3526 et
3149 3469 3382 3526 radii-em
3415 3470 3668 3527 humana:
3699 3473 3785 3528 in-

2185 3553 2479 3610 stitutionis
2523 3558 2810 3626 attingens,
2865 3557 3094 3628 primum
3143 3562 3312 3616 factus
3353 3569 3437 3615 est
3474 3577 3624 3626 caro,
3677 3580 3783 3618 nou

2185 3661 2496 3714 conversus,
2528 3648 2671 3717 quod
2698 3649 2855 3714 absit,
2885 3651 2936 3704 in
2962 3666 3198 3707 carnem.
3241 3650 3435 3707 Mansit
3463 3653 3609 3707 enim
3643 3653 3781 3709 divi-

2186 3736 2328 3794 nitas
2352 3738 2496 3794 ontni
2519 3740 2874 3796 mutabilitate
2894 3742 3159 3811 superior,
3185 3741 3307 3812 quia
3330 3743 3556 3797 mutatio
3581 3752 3788 3798 natura:

2188 3829 2410 3887 fluentis
2424 3839 2507 3886 est
2530 3831 2741 3901 passio;
2774 3831 2914 3888 illius
2941 3841 3118 3888 autem
3144 3833 3397 3903 perennis
3415 3834 3792 3906 sempiterna:-

2186 3937 2292 3992 que
2317 3922 2388 3975 ita
2414 3937 2474 3976 se
2502 3921 2750 3977 habentis
2778 3923 3026 3979 essentia:
3048 3924 3321 3994 proprium
3348 3933 3446 3988 est,
3484 3932 3540 3978 ut
3571 3925 3787 3979 incom-

2188 4013 2460 4067 mutabilis
2477 4023 2803 4082 persevcret.
2833 4013 3083 4084 Utrisque
3101 4016 3261 4084 igitur
3282 4016 3473 4076 divina:
3491 4014 3790 4085 Scriptura:

2187 4111 2400 4158 utentes
2437 4104 2677 4169 vocibus,
2710 4105 2935 4160 dicimus
2962 4106 3086 4176 quia
3113 4114 3168 4160 et
3197 4122 3325 4161 caro
3353 4105 3528 4162 factus
3555 4117 3675 4172 est,
3731 4115 3787 4163 et

2187 4192 2416 4250 formam
2464 4196 2606 4251 servi
2654 4197 2881 4266 accepit.
2939 4196 3016 4254 Ex
3067 4207 3316 4268 utroque,
3370 4197 3457 4269 pie
3511 4199 3791 4254 intellecta

2186 4285 2391 4342 semina
2423 4286 2578 4341 nobis
2604 4287 2792 4341 saluus
2815 4287 3052 4345 existunt
3076 4303 3090 4342 :
3113 4303 3210 4358 per
3233 4287 3286 4342 id
3313 4287 3455 4343 enim
3484 4288 3632 4358 quod
3655 4288 3790 4344 Ver-

2189 4375 2318 4431 bum
2343 4391 2473 4430 caro
2502 4375 2698 4432 factum
2727 4385 2830 4444 est,
2861 4377 3192 4436 individuum
3211 4394 3435 4433 summa:
3456 4379 3627 4447 ipsius
3654 4379 3791 4434 adu-

2189 4467 2424 4523 nationis
2447 4469 2776 4538 evangelista
2799 4469 3057 4526 declarat.
3091 4471 3241 4527 Sicut
3268 4471 3413 4526 enim
3441 4471 3790 4540 singularitas

490 4534 629 4606 infra
657 4553 996 4621 evangelicos
1030 4562 1192 4624 atque
1221 4555 1550 4627 apostolicos
1579 4534 1858 4622 terminos,
1893 4557 2088 4613 nullius
2114 4579 2165 4642 υ
2191 4557 2244 4614 in
2287 4557 2421 4615 duas
2462 4534 2864 4630 singularitates
2908 4562 3083 4620 dirimi
3129 4581 3238 4619 non
3269 4572 3448 4636 potest
3480 4534 3704 4636 (alioqui
3736 4567 3790 4622 in

489 4641 755 4712 pervicaci
785 4641 967 4704 furore
997 4642 1245 4699 violetur.
1299 4645 1528 4715 Propter
1553 4647 1693 4705 hanc
1721 4645 1868 4706 enim
1890 4645 2082 4702 salvati

490 4745 696 4801 sumus,
726 4739 783 4787 et
829 4733 954 4790 huic
984 4733 1037 4789 in
1080 4734 1404 4806 baptismate
1434 4734 1613 4804 lingua
1643 4734 2080 4806 subscripsimus.

489 4819 729 4879 Altitudo
749 4821 1013 4892 siquidem
1037 4823 1159 4882 fidei
1183 4832 1437 4880 cunctam
1460 4823 1784 4892 insurgentis
1798 4823 2092 4879 audaciam-

490 4913 960 4984 temeritatemque
1002 4918 1322 4985 prosternit,
1379 4933 1479 4974 nec
1512 4919 1799 4974 humanam
1849 4927 2078 4986 tantum,

489 5001 584 5058 sed
613 5011 669 5057 et
699 5003 908 5062 illorum
936 5006 1028 5074 qui
1059 5012 1250 5062 natura
1280 5015 1336 5062 et
1363 5007 1679 5078 incorporea
1704 5009 2080 5072 sublimantur,

489 5092 552 5149 Β.
581 5091 751 5154 Paulo.
771 5095 984 5150 dicente
1012 5094 1154 5168 (Gal.
1181 5097 1232 5166 ι)
1264 5114 1278 5150 :
1306 5097 1410 5151 Aut
1436 5099 1481 5153 si
1505 5114 1623 5163 nos,
1653 5104 1746 5152 aut
1769 5098 1992 5167 angelus
2012 5098 2082 5155 de

488 5185 640 5240 caelis
666 5185 1111 5255 evangelizaverit
1139 5188 1291 5243 vobis
1317 5197 1512 5258 pncter
1534 5188 1586 5242 id
1608 5187 1751 5256 quod
1774 5189 2079 5259 accepistis,

489 5277 777 5337 anathema
979 5277 1282 5334 Ministrare
1334 5295 1566 5348 namque
1620 5290 1946 5350 praaceptum
2000 5288 2089 5337 est-

488 5371 704 5440 angelo,
733 5387 840 5426 non
857 5370 1050 5440 dogma
1071 5387 1420 5442 componere.
1452 5370 1520 5426 Et
1542 5372 1902 5441 periculosum
1926 5363 2090 5430 nimis-

488 5471 568 5517 est
599 5462 841 5532 singulis,
871 5478 980 5518 non
1009 5462 1074 5517 iis
1102 5463 1297 5535 quibus
1325 5464 1558 5519 ordinati
1588 5473 1713 5518 sunt
1741 5479 2079 5533 permanere,

486 5553 583 5608 sed
611 5561 868 5624 appetere
899 5553 1038 5609 velle
1065 5569 1229 5622 supra
1258 5569 1562 5612 mensuram
1593 5569 1712 5624 qua:
1739 5554 1957 5608 minime
1989 5571 2084 5610 na-

489 5653 622 5704 tura:
649 5662 906 5702 concessa
937 5654 1080 5703 sunt.
1128 5646 1361 5717 Ideoque
1388 5646 1487 5702 etsi
1511 5647 1806 5702 substantia
1837 5645 2085 5716 pmferat

488 5735 614 5803 quid
647 5735 749 5792 ﬁde
773 5738 996 5815 dignum
1021 5751 1141 5794 esse
1171 5735 1440 5801 videatur,
1492 5752 1598 5790 non
1628 5737 1731 5790 erit
1757 5736 2086 5806 receptibilis

487 5824 776 5887 iumms
799 5827 1200 5908 pndieatiouis
1229 5826 1528 5898 respondit.
1580 5825 1733 5895 Quod
1774 5827 2082 5900 accepimus

2192 4648 2289 4705 has
2332 4650 2523 4714 divisa,
2564 4649 2676 4718 jam
2706 4667 2815 4706 non
2849 4652 2952 4707 erit
2978 4653 3340 4722 singularitas,
3384 4653 3480 4709 sed
3512 4654 3792 4725 dualitas),

2192 4738 2265 4794 ita
2319 4739 2460 4810 quod
2514 4756 2678 4795 unum
2722 4750 2808 4798 est
2857 4742 3010 4812 juxta
3065 4759 3330 4800 summam
3377 4745 3790 4811 adunationem,

2191 4843 2528 4900 nequaquam
2559 4831 2613 4887 in
2641 4831 2749 4886 duo
2775 4832 2978 4903 poterit
3025 4833 3370 4889 ullaratione
3411 4836 3624 4904 partiri.
3680 4836 3786 4891 Per

2194 4919 2245 4975 id
2273 4930 2452 4976 autem
2481 4922 2625 4992 quod
2667 4920 2894 4982 formam
2923 4925 3064 4980 servi
3109 4925 3420 4996 assumpsit,
3472 4937 3679 4981 natura:
3706 4929 3789 4981 di-

2193 5011 2328 5067 vina:
2359 5011 2872 5070 incommutabilitas
2919 5015 3198 5071 intimatur
3229 5033 3248 5071 ι
3276 5017 3401 5087 quia
3450 5034 3616 5073 omne
3643 5020 3791 5090 quod

2192 5103 2280 5169 fit,
2330 5110 2424 5157 aut
2452 5118 2518 5158 ex
2549 5118 2615 5161 eo
2644 5103 2787 5173 quod
2825 5106 3083 5161 existeret
3111 5106 3310 5162 factum
3337 5116 3450 5172 est,
3504 5117 3564 5161 ut
3591 5111 3788 5164 curtum

2189 5192 2333 5266 quod
2381 5202 2508 5247 ante
2538 5209 2645 5248 non
2686 5201 2832 5262 erat;
2876 5204 2968 5249 aut
3013 5212 3076 5251 ex
3119 5213 3186 5252 eo
3213 5199 3355 5268 quod
3387 5207 3492 5264 est,
3543 5200 3594 5253 in
3642 5201 3788 5255 aliud

2188 5285 2539 5352 convertitur,
2598 5294 2656 5340 ut
2702 5285 2900 5341 ﬂuenta
2951 5288 3050 5342 Nili
3092 5289 3322 5346 ﬂuminis
3372 5292 3423 5344 in
3469 5293 3790 5356 sanguinem

2189 5387 2537 5434 commutata.
2562 5377 2665 5433 Sed
2685 5388 2908 5448 uterque
2924 5379 3111 5436 modus
3135 5383 3323 5437 divinae
3345 5385 3657 5438 sub~tantia3
3673 5377 3796 5453 pro-

2187 5466 2345 5525 batur
2371 5467 2695 5536 incongruus
2730 5485 2744 5521 :
2779 5485 2899 5521 nam
2930 5485 3033 5525 nec
3059 5487 3126 5526 ex
3157 5473 3277 5526 ullis
3299 5475 3633 5527 exstantibus
3663 5491 3795 5542 pro-

2187 5559 2376 5620 ccssit,
2410 5574 2627 5628 semper
2658 5560 2774 5614 sine
2807 5561 2958 5615 initio
2986 5578 3343 5631 permanens;
3378 5582 3476 5618 nec
3505 5581 3570 5620 ex
3603 5565 3791 5634 aliqua

2189 5649 2411 5702 materia
2436 5665 2731 5705 conversus
2753 5659 2835 5706 est
2859 5652 2998 5706 Deus
3027 5652 3261 5707 Verbum
3286 5655 3335 5708 in
3363 5672 3456 5709 sua
3485 5656 3795 5712 ἱιιεηιιηιιιι-

2192 5737 2455 5794 tabilitate
2504 5741 2816 5808 persistens.
2874 5741 3081 5800 idcirco
3129 5759 3228 5813 per
3275 5745 3387 5799 lucc
3448 5754 3504 5800 ct
3559 5745 3796 5807 Deitatis

2167 5829 2810 5902 incommutabilitatem,
2835 5839 2888 5890 et
2905 5831 3234 5891 individuum
3249 5838 3573 5894 sacramenti
3598 5837 3796 5898 divina
