4000 6344
463 354 568 413 H5

1733 326 2090 399 Dlti-NYSIUS
2120 335 2448 393 ιειιιαυυε.

3624 336 3731 392 416

465 468 742 541 Verbum),
772 473 1084 527 incernatur
1111 482 1177 521 ex
1201 464 1435 532 Virgine,
1467 470 1519 518 et
1548 461 1732 516 habitu
1772 458 2045 513 invenitur
2075 461 2119 518 Λ
2148 459 2392 522 pretatus
2415 458 2496 506 est
2519 451 2723 516 dicens,
2747 451 3029 507 Nobiscum
3050 451 3191 507 Deus
3220 451 3375 519 (Isai.
3399 468 3505 519 vn;
3537 452 3729 510 Matth.

465 573 522 618 ιιι
533 565 694 618 homo
710 581 723 616 :
739 563 991 632 quoniam
1006 560 1371 615 sicexinanire
1383 573 1441 612 se
1451 558 1643 617 voluit,
1659 556 1886 609 formam
1904 568 2045 621 quo-

466 663 749 718 ilammodo
788 660 925 718 servi
967 660 1263 729 suscipiens
1288 644 1509 731 (Philip.
1532 656 1615 722 ιι),
1647 654 1843 709 nullam
1869 661 2048 707 tamen

466 762 1013 833 circumscriptionem
1042 777 1150 815 sua:
1177 759 1391 815 deitatis
1419 758 1724 823 admittens,
1757 771 1854 825 per
1888 770 2050 826 quam

466 866 627 919 etiam
655 864 883 918 salutem
905 862 1050 918 omni
1091 863 1329 917 humano
1377 859 1560 928 generi
1612 857 1842 913 contulit
1890 869 2053 910 carne

466 981 562 1020 sua
589 965 866 1035 passiones
886 963 1266 1024 exterminans,
1290 961 1543 1016 deitatem
1560 959 1833 1030 propriam
1862 958 2065 1026 impas-v

467 1067 677 1123 sibilem
701 1080 943 1121 servans.
972 1063 1178 1120 Idcirco
1216 1061 1433 1118 Gabriel
1487 1061 1867 1116 auctoritatem
1890 1068 2056 1129 atque

468 1168 767 1239 potentiam
797 1166 1063 1222 nascentis
1088 1164 1390 1227 insinuans,
1417 1160 1676 1217 aiebatad
1704 1162 1945 1227 Mariam,
1973 1163 2059 1216 in-

469 1261 693 1331 quiens:
719 1260 931 1317 Saitmm
953 1260 1108 1330 faciet
1129 1257 1375 1325 populum
1395 1271 1543 1308 suum
1570 1271 1602 1307 a
1630 1255 1857 1323 peccatis
1876 1270 2059 1308 eorum

473 1351 686 1425 (Matth.
718 1353 780 1419 ι).
802 1349 1040 1419 Populus
1067 1356 1249 1402 autem
1280 1361 1385 1400 non
1429 1354 1612 1415 potest
1661 1344 1894 1399 hominis
1914 1360 2058 1410 esse,

470 1443 566 1498 sed
589 1442 715 1507 Dei;
744 1456 847 1496 nec
870 1439 1125 1495 mundum
1155 1438 1224 1492 ab
1246 1435 1617 1504 iniquitatibus
1645 1435 1891 1503 eruitqui
1915 1434 2059 1489 hanc

472 1533 637 1589 vitam
663 1532 865 1602 pariter
890 1546 1010 1587 cum
1039 1528 1389 1598 corruptione
1443 1527 1682 1590 intravit,
1734 1525 2060 1595 inculpabile

472 1639 581 1679 non
603 1623 806 1679 habens
827 1619 1120 1676 nativitatis
1145 1618 1446 1681 exordium,
1470 1617 1566 1673 sed
1587 1617 1889 1672 necessarie
1915 1616 2060 1673 Deus

471 1713 888 1771 simulethomo
917 1726 1025 1767 non
1073 1709 1278 1766 divisus
1306 1709 1360 1763 in
1397 1709 1551 1775 duos,
1599 1708 1694 1764 sed
1734 1723 2069 1778 permanens,

474 1819 632 1870 unus,
664 1818 761 1873 per
788 1802 840 1857 id
861 1802 1002 1872 quod
1034 1818 1103 1857 ex
1126 1801 1352 1856 muliere
1382 1800 1647 1865 nascitur,
1676 1800 1951 1853 hominem
2000 1814 2062 1854 se

474 1896 867 1959 demonstrans,
899 1910 995 1965 per
1018 1895 1071 1949 id
1100 1904 1281 1950 autent
1301 1892 1445 1962 quod
1473 1894 1590 1948 sine
1616 1891 1845 1960 conjuge
1866 1899 1923 1945 et
1949 1906 2063 1945 ma-

475 1997 615 2042 trem
635 1995 815 2042 servat
828 1987 1104 2051 intactam,
1121 1985 1289 2040 Deum
1312 1999 1534 2054 prorsus
1557 1983 1835 2038 insinuans
1852 1982 2063 2038 salvum

476 2080 604 2134 fecit
629 2080 885 2150 populum
914 2094 1090 2134 suum.
1132 2076 1269 2144 Qui?
1296 2074 1453 2131 .lesus
1489 2073 1752 2138 Christus,
1776 2074 1869 2144 qui
1914 2075 2064 2130 venit

475 2169 532 2224 in
557 2160 745 2236 terras,
769 2176 826 2224 et
853 2184 973 2224 cum
988 2167 1294 2225 hominibus
1317 2173 1669 2221 conversatus
1683 2174 1763 2220 est
1791 2165 1940 2235 (Bar.
1960 2169 2059 2229 ut).

474 2261 535 2318 Si
555 2268 733 2316 autem
760 2261 1004 2317 Christus
1048 2275 1215 2330 purus
1250 2260 1417 2314 homo
1439 2266 1542 2321 est,
1567 2267 1623 2313 et
1651 2274 1759 2313 non
1812 2259 1926 2328 ipse
1979 2267 2065 2314 est

475 2350 888 2412 DeusVerbum,
921 2349 1193 2419 quomodo
1214 2349 1267 2403 in
1293 2349 1558 2418 principio
1605 2350 1809 2403 creavit
1858 2349 2060 2416 omnia,

474 2460 598 2499 cum
629 2452 778 2510 tunc,
802 2450 860 2497 ut
888 2442 1035 2512 impii
1076 2449 1345 2506 asserunt,
1399 2456 1509 2497 non
1559 2441 1711 2496 erat?
1761 2440 1893 2497 Nam
1941 2456 2062 2498 cum

476 2538 779 2609 postremus
801 2537 853 2591 in
874 2535 1135 2591 creaturis
1155 2535 1319 2591 homo
1334 2534 1422 2599 sit,
1453 2534 1499 2589 si
1520 2532 1768 2591 Christus
1779 2534 1944 2589 homo
1965 2550 2065 2605 pu-

420 2642 431 2659 '
476 2641 570 2682 rus
598 2635 698 2694 est,
725 2634 939 2682 constat
964 2626 1109 2695 quod
1136 2640 1202 2681 ea
1222 2640 1343 2695 qtae
1370 2632 1497 2680 ante
1534 2640 1596 2680 se
1623 2631 1797 2687 erant,
1856 2639 2063 2693 nequa-

476 2735 638 2789 quam
665 2733 852 2775 creare
907 2718 1141 2787 potuerit
1170 2715 1315 2771 velut
1360 2715 1705 2785 postmodum
1754 2713 1947 2769 factus.
1998 2711 2081 2767 Et:

476 2808 750 2880 quomodo
780 2807 978 2861 Paulus
1006 2807 1205 2870 aiebat,
1239 2804 1387 2860 Unus
1414 2803 1673 2859 Dominus
1717 2802 1870 2859 Jesus
1908 2801 2065 2857 Citri-

476 2910 613 2965 stus,
644 2917 745 2972 per
769 2916 930 2972 quem
957 2900 1174 2957 omnia?
1201 2898 1258 2955 Si
1288 2906 1470 2954 autem
1500 2912 1598 2968 per
1625 2896 1893 2953 Christum
1922 2896 2064 2952 facta

476 3000 605 3049 sunt
627 2992 827 3059 omnia,
851 2990 1193 3046 manifestum
1242 2997 1327 3047 est
1353 2988 1499 3058 quod
1538 2987 1783 3043 Christus
1811 2987 1955 3042 Deus
1980 2994 2065 3044 est

478 3083 735 3151 Verbum,
758 3083 1088 3152 evangelista
1111 3090 1342 3141 testante
1375 3099 1388 3136 :
1420 3079 1488 3135 In
1518 3080 1772 3149 principio
1793 3088 1902 3133 erat
1935 3079 2065 3134 Ver-

2153 564 2199 605 i;
2256 545 2379 598 Luc.
2436 546 2496 614 ι).
2575 544 2685 599 Cur
2742 553 2962 616 propter
3010 545 3279 600 nascentis
3332 546 3735 602 inclinationem

2152 636 2376 705 gloriam
2403 635 2661 705 parientis
2690 639 3015 690 attenuant?
3036 634 3143 690 Sed
3166 636 3269 691 hoc
3298 636 3537 691 fortassis
3566 655 3739 707 oppo-

2155 733 2287 783 nt‘tnt
2316 725 2604 782 dicentes:
2653 725 2825 782 Omne
2873 727 3017 797 quod
3056 728 3293 782 nascitur
3340 730 3619 797 generanti
3666 730 3740 785 si-

2154 817 2282 873 mile
2310 818 2713 887 comprobatur.
2742 818 2801 873 Si
2832 819 2992 887 igitur
3024 818 3188 874 homo
3215 827 3296 873 est
3342 834 3501 887 quem
3531 822 3742 890 genuit,

2156 912 2459 967 necessarie
2477 911 2570 981 qui
2600 926 2669 967 ex
2697 928 2760 967 ea
2791 921 2949 967 natus
2977 921 3061 969 est
3088 913 3250 969 homo
3272 923 3372 969 est.
3406 914 3565 981 Quasi
3596 917 3742 970 veri-

2157 1001 2318 1056 simili
2349 1002 2560 1057 ratione
2584 1018 2680 1057 vos
2700 1004 2801 1058 ista
2849 1004 3187 1073 depromitis.
3228 1003 3334 1058 Sed
3380 1014 3508 1060 tunc
3552 1022 3741 1075 parem

2158 1092 2258 1148 sibi
2290 1107 2389 1161 per
2406 1094 2585 1147 omnia
2608 1094 2914 1163 parturiens
2942 1094 3054 1149 edit
3079 1094 3293 1165 quando
3314 1094 3465 1164 juxta
3497 1107 3763 1152 naturam-

2159 1184 2425 1252 contingit
2460 1192 2517 1239 et
2565 1195 2769 1256 partus.
2827 1186 3099 1241 Naturalis
3146 1196 3325 1242 autem
3375 1191 3747 1258 parturitionis

2160 1274 2440 1330 exordium
2462 1277 2740 1344 corruptio
2770 1284 2871 1337 est,
2898 1276 3020 1344 quia
3061 1285 3117 1331 et
3144 1278 3583 1334 cotmnixtionetn
3608 1296 3749 1350 pra:-

2160 1366 2320 1421 cedit.
2354 1364 2489 1420 Cum
2542 1375 2721 1420 autem
2768 1366 2925 1435 hujus
2984 1366 3195 1435 injuria‘
3218 1383 3317 1422 nec
3357 1370 3591 1440 suSpicio
3637 1381 3745 1443 est,

2161 1471 2321 1525 supra
2407 1456 2698 1511 humanum
2780 1457 3106 1512 intellectum
3186 1467 3398 1514 constat
3468 1477 3591 1517 esse
3642 1464 3747 1517 mi-

2160 1548 2418 1611 raculum,
2467 1548 2565 1601 ubi
2603 1563 2764 1618 supra
2840 1558 3086 1603 naturain
3138 1552 3327 1619 partus
3372 1561 3477 1619 est,
3508 1552 3595 1607 ibi
3653 1556 3747 1623 qui

2166 1640 2429 1704 nescitur,
2454 1640 2595 1694 Deus
2621 1646 2725 1693 est.
2753 1640 3086 1695 Ceniitemur
3112 1641 3273 1709 igitur
3313 1658 3435 1697 eum
3487 1651 3540 1698 et
3592 1660 3748 1698 mun-

2164 1732 2289 1786 dum
2315 1730 2509 1786 fecisse
2555 1730 2625 1785 de
2652 1731 2838 1795 nihilo,
2870 1739 2924 1785 et
2954 1732 3125 1799 legem
3176 1731 3407 1798 dedisse,
3455 1734 3750 1804 prophetas

2095 1831 2137 1889 Β
2165 1837 2380 1892 quoque
2424 1822 2743 1891 inspirasse,
2795 1830 2851 1876 et
2894 1823 3197 1880 novissimis
3256 1824 3590 1879 incarnatqu
3627 1840 3751 1881 esse

2168 1915 2521 1984 temporibus,
2552 1915 2829 1983 apostolos
2856 1916 3017 1968 etiam
3042 1916 3251 1972 misisse
3272 1916 3340 1970 ad
3369 1917 3596 1971 salutem
3619 1932 3749 1986 gen.

2165 2005 2297 2059 titnn
2321 2013 2483 2075 atque
2506 2006 2846 2075 populorum.
2870 2005 3159 2073 Fugiamus
3208 2007 3388 2076 itaque
3414 2009 3637 2064 consilia
3661 2024 3750 2063 se-

2164 2097 2456 2165 ductionis,
2488 2098 2683 2151 lluenta
2714 2098 3088 2153 lueretieorum
3138 2098 3257 2152 dico
3286 2100 3587 2169 perniciosa
3611 2101 3753 2155 Deo-

2164 2202 2270 2257 que
2300 2188 2515 2241 inimica
2544 2189 2813 2257 contagia,
2837 2187 2946 2242 Arii
2974 2189 3269 2255 vesaniam,
3317 2190 3405 2258 qui
3430 2189 3751 2244 Trinitatem

2165 2278 2574 2347 inseparabilem
2596 2279 2912 2334 substantiis
2935 2279 3152 2344 dividit;
3174 2279 3415 2334 Eunomii
3441 2282 3744 2345 audaciam,

2163 2371 2251 2439 qui
2280 2379 2524 2426 naturam
2546 2371 3145 2440 incomprehensibilem
3170 2372 3308 2425 intra
3332 2372 3610 2426 scientiam
3654 2376 3726 2427 hu

2165 2465 2711 2530 manitatisincludit;
2746 2464 3019 2520 Manichzei
3048 2466 3275 2529 rabiem,
3303 2468 3392 2535 qui
3446 2477 3757 2537 sequestrat

2165 2557 2233 2611 ab
2259 2558 2494 2612 essentia
2521 2556 2746 2612 Deitatis
2770 2567 3015 2612 sanctum
3036 2557 3314 2627 Spiritum,
3342 2569 3396 2612 et
3421 2558 3756 2628 inseparabi-

2165 2646 2287 2701 liter
2310 2647 2715 2717 procedentem.
2760 2647 2870 2703 Nec
2899 2663 3005 2703 non
3028 2658 3079 2703 et
3103 2650 3242 2703 hanc
3267 2651 3629 2718 nuperrimam
3657 2667 3757 2703 no-

2168 2754 2398 2809 vamque
2447 2740 2837 2809 blasphemiam
2866 2756 2985 2809 qum
3036 2739 3339 2795 Itala-orum
3422 2743 3757 2812 impietatem

2165 2829 2533 2898 multipliciter
2561 2844 2886 2898 exsuperare
2912 2830 3258 2898 dignoscitur.
3293 2830 3370 2884 Illi
3392 2847 3628 2900 namque
3662 2832 3750 2885 Fi-

2165 2918 2293 2973 lium
2321 2926 2600 2990 negantes,
2623 2935 2831 2973 ramum
2861 2920 3104 2974 nituntur
3132 2936 3159 2974 a
3192 2921 3372 2975 radice
3412 2922 3747 2977 convellere.

2162 3008 2357 3065 Iivero
2380 3010 2505 3065 huic
2526 3010 2617 3080 qui
2646 3019 2748 3072 est,
2780 3010 2945 3064 alium
2968 3011 3459 3080 superinducentes,
3516 3013 3754 3067 inteme-

2164 3099 2389 3154 rabilem
2414 3099 2767 3155 substantiam
2796 3108 3054 3169 tanquam
3103 3100 3155 3155 in
3201 3099 3366 3153 fetum
3398 3102 3755 3169 multiplicem

477 3178 681 3245 bum,et
709 3174 1405 3273 Verbumeratapudlfeum,
1434 3182 1484 3229 et
1498 3173 1640 3273 Datis
1670 3171 2063 3273 erat-Verbum;
2087 3191 2443 3273 cam-amare
2495 3190 2848 3247 contendam.
2917 3191 3169 3245 Dicamus
3215 3205 3345 3260 ergo
3392 3207 3514 3245 cum
3586 3190 3755 3246 [samo

481 3270 577 3325 hoc
591 3278 700 3324 erat
723 3269 779 3323 in
806 3268 1063 3340 principio
1077 3268 1215 3339 apttd
1229 3266 1413 3320 Deum.
1443 3267 1633 3323 Omnia
1659 3283 1751 3336 per
1778 3267 1949 3338 ipsum
1977 3266 2078 3336 fa—._

478 3369 562 3414 cla
588 3368 707 3413 sunt
735 3357 915 3430 (Joan.
947 3359 1007 3429 ι).
1036 3356 1101 3413 Ει
1129 3358 1304 3428 ipsum
1329 3372 1545 3427 quoque
1576 3356 1773 3412 Paulus
1798 3358 2065 3428 interprev

479 3457 600 3504 tans
640 3450 717 3503 ait
747 3466 760 3500 :
797 3447 942 3502 Unus
971 3448 1228 3503 Dominus
1278 3446 1433 3517 Jesus
1463 3448 1726 3512 Christus,
1778 3464 1877 3518 per
1902 3463 2062 3517 quem

479 3539 661 3594 omnia
692 3540 909 3609 (Colon.
937 3543 1071 3611 vni).
1090 3541 1267 3607 Quare
1295 3539 1513 3613 dicitur,
1543 3540 1799 3609 quoniam
1821 3539 2087 3601 Christus

479 3636 562 3684 est
583 3628 724 3685 Deus
747 3631 1000 3686 Verbum.
1027 3630 1081 3687 Si
1113 3640 1293 3689 autem
1318 3628 1445 3687 illas
1468 3631 1749 3702 proferunt
1793 3648 1955 3689 voces
1978 3633 2063 3688 di-

481 3719 617 3774 vinis
633 3717 826 3775 litteris
849 3720 1222 3789 editasquibus
1250 3721 1494 3776 Christus
1521 3722 1683 3778 homo
1713 3729 1796 3777 est
1835 3722 2067 3792 appella.-

483 3818 591 3879 ιιι,
618 3810 831 3867 dicente
858 3812 1019 3867 Petro
1045 3830 1058 3865 :
1087 3811 1268 3868 Jesum
1297 3828 1329 3867 a
1359 3813 1624 3868 Nazaretlt
1654 3814 1823 3868 virum
1871 3829 2064 3883 appro-

483 3905 665 3959 batum
686 3920 717 3967 a
746 3904 857 3960 Deo
886 3906 939 3961 in
968 3906 1122 3973 vobis
1152 3907 1289 3977 (Act.
1324 3908 1405 3975 ιι).
1435 3906 1504 3960 Ει
1534 3906 1701 3965 Paulo
1731 3915 1963 3961 testante
1990 3906 2065 3960 si-

483 3996 718 4052 militer:
751 3996 809 4051 In
851 4000 967 4053 viro
998 3999 1049 4055 in
1100 4014 1207 4068 quo
1251 3998 1536 4068 prmlinivit
1588 3998 1747 4054 ﬁdem
1810 4008 2073 4069 prmstans

483 4089 732 4144 omnibus
765 4085 904 4158 (Act.
953 4105 1064 4145 xvii
1088 4087 1130 4160 ).
1157 4087 1224 4143 Et
1242 4089 1358 4159 ipso
1380 4090 1607 4145 Domino
1629 4091 1697 4147 de
1735 4106 1795 4147 se
1833 4091 2070 4147 claman-

486 4188 538 4233 te
571 4177 746 4244 :Quid
778 4181 1111 4249 mequteritis
1139 4181 1388 4235 occidere
1403 4181 1676 4236 hominem
1702 4180 1882 4253 (Joan.
1913 4186 2069 4253 vui)?

485 4266 741 4322 Noverint
765 4276 940 4323 autem
970 4284 1065 4339 per
1090 4270 1346 4325 incuriam
1380 4286 1439 4325 se
1461 4270 1753 4340 Scriptura:
1769 4282 1969 4329 sancta:
1990 4275 2071 4330 in-

486 4362 777 4430 telligentia
805 4363 1029 4432 privari,
1054 4372 1145 4416 aut
1172 4372 1317 4418 certe
1342 4380 1438 4433 per
1455 4365 1711 4419 malitiam
1734 4364 1927 4431 deseri,
1944 4367 2069 4436 quia

486 4452 652 4507 velint
681 4468 800 4523 qua:
828 4454 965 4508 bene
987 4455 1289 4529 conscripta
1319 4464 1462 4519 sunt,
1513 4455 1581 4510 ad
1609 4458 1882 4527 propriam
1913 4457 2072 4521 rene-,-

2163 3280 2380 3353 (Ephes.
2406 3281 2463 3348 tt)
2484 3299 2496 3333 ι
2514 3278 2760 3335 Christus
2782 3288 2866 3336 est
2894 3295 2997 3350 pax
3028 3290 3231 3345 nostra,
3264 3282 3355 3350 qui
3379 3280 3501 3335 fecit
3527 3290 3756 3350 utraque

2164 3386 2349 3425 unum.
2378 3369 2620 3425 Judteum
2651 3384 2886 3440 namque
2913 3378 2968 3423 et
2987 3370 3243 3438 gentilem
3292 3386 3388 3440 per
3427 3370 3753 3439 baptismum

2164 3460 2220 3515 in
2244 3474 2439 3515 novum
2480 3458 2757 3514 hominem
2804 3456 3136 3520 reformavit,
3184 3458 3517 3528 conjungens
3556 3460 3759 3515 virtute

2165 3565 2302 3621 quos
2319 3550 2660 3605 conversatio
2680 3550 3075 3619 sequestrabat.
3106 3550 3313 3606 Idcirco
3337 3560 3645 3622 repertores
3671 3568 3762 3608 no-

2164 3656 2245 3694 vae
2271 3640 2584 3710 impietatis,
2608 3639 3011 3695 damnationem
3058 3655 3177 3709 qua:
3200 3641 3301 3695 sibi
3332 3642 3574 3696 imminet
3625 3659 3761 3698 con-

2167 3734 2498 3797 tremiscam,
2530 3732 2747 3801 quando
2776 3733 2827 3787 in
2860 3748 3022 3787 unam
3053 3743 3353 3805 separatam
3382 3734 3594 3790 rediere
3621 3752 3757 3791 con-

2168 3826 2427 3891 cordiam,
2450 3834 2507 3881 et
2531 3826 2622 3894 qni
2653 3825 2827 3880 nnivit
2853 3826 2904 3880 in
2933 3825 3062 3890 duo,
3091 3835 3350 3895 quantum
3381 3827 3447 3880 ad
3476 3829 3597 3882 illos
3627 3831 3761 3885 atti-

2170 3927 2291 3987 net,
2317 3918 2608 3973 derivatur.
2640 3916 2745 3973 Sed
2777 3918 2974 3972 omissa
3001 3917 3104 3986 iam
3136 3918 3441 3988 proiixitate
3465 3922 3759 3985 sermonis,

2170 4010 2235 4067 ad
2259 4008 2634 4078 compendium
2666 4009 2798 4065 ret-ti
2830 4008 3093 4078 dogmatis
3131 4009 3363 4063 veniant.
3396 4010 3450 4064 Si
3496 4013 3619 4082 quis
3650 4014 3763 4067 vult

2172 4116 2332 4156 nosse
2363 4100 2626 4154 veraciter
2653 4099 2925 4167 quomodo
2982 4098 3126 4153 idetn
3156 4100 3272 4167 ipse
3300 4101 3369 4153 sit
3398 4117 3534 4155 unus
3564 4112 3623 4156 et
3654 4120 3763 4157 non

2169 4192 2342 4253 solum
2370 4190 2534 4245 Filius
2564 4190 2788 4247 Abraha:
2819 4204 3062 4255 manens,
3088 4190 3216 4243 etin
3243 4191 3547 4246 n0vissitnis
3575 4209 3767 4247 seruu-

2172 4281 2298 4335 dunt
2324 4296 2537 4335 carnem
2568 4280 2829 4348 sapientia
2853 4288 2909 4334 et
2935 4290 3094 4333 mtate
3124 4280 3428 4349 proﬁciens,
3489 4299 3613 4336 nam
3645 4284 3766 4337 dei-

2173 4381 2257 4428 tas
2277 4373 2393 4439 ejus
2420 4388 2637 4442 semper
2667 4371 2723 4429 id
2748 4372 2890 4440 quod
2917 4373 3213 4441 perfectum
3258 4381 3343 4429 est
3365 4375 3629 4445 possidet,
3680 4378 3768 4430 in—

2176 4472 2412 4531 terroget
2442 4462 2686 4528 Paulum,
2718 4471 2774 4517 et
2804 4463 2917 4532 ipse
2945 4464 3166 4532 pietatis
3192 4476 3591 4521 sacramentum
3646 4484 3768 4538 pro-

483 4554 631 4601 ctere
660 4547 1000 4616 pravitatem.
1021 4547 1151 4600 Nam
1175 4556 1231 4601 et
1252 4548 1415 4604 homo
1451 4549 1744 4604 secundum
1786 4551 2068 4606 veritatem
2105 4580 2147 4636 υ
2174 4555 2313 4609 ιίιιιιε
2336 4554 2621 4619 intonabit,
2653 4554 2942 4610 ostendens
2970 4555 3115 4622 quod
3137 4557 3301 4611 etiam
3338 4573 3409 4612 ex
3436 4557 3639 4615 Judreis
3669 4574 3767 4613 or-

482 4637 678 4691 dicitnr
706 4638 965 4702 Christus,
997 4637 1090 4693 sed
1122 4639 1224 4693 hoc
1241 4639 1412 4695 lactus
1440 4648 1539 4705 est,
1567 4643 1710 4709 quod
1762 4642 1910 4711 prius
1959 4659 2068 4698 non

482 4739 618 4793 erat,
652 4728 753 4783 nisi
784 4737 959 4783 tamen
992 4728 1149 4782 modo
1195 4729 1335 4783 Deus
1368 4746 1380 4779 ε
1413 4730 1550 4784 sicut
1594 4732 1740 4786 enim
1796 4731 1938 4787 Deus
1988 4733 2068 4787 in-

484 4828 697 4875 creatus
726 4829 827 4884 est,
858 4821 935 4875 sic
952 4821 1089 4874 idem
1121 4822 1233 4891 ipse
1252 4822 1414 4876 homo
1444 4823 1711 4891 perfectus
1732 4832 1834 4889 est,
1867 4826 2068 4882 nullam

483 4910 840 4979 su5picionem
871 4911 1169 4979 phantasia:
1193 4928 1413 4981 prorsus
1442 4912 1749 4968 admittens.
1782 4914 1848 4969 Et
1875 4931 2069 4985 quem-

484 5001 769 5055 admodum
811 5011 895 5056 est
930 5000 1073 5056 Patri
1101 5004 1399 5059 secundum
1428 5005 1684 5065 deitatem
1715 5009 2072 5064 consubstan-

486 5090 645 5155 tialis,
667 5091 743 5147 sic
773 5091 912 5147 idem
935 5101 1138 5148 sanctae
1160 5093 1361 5164 Virgini
1381 5097 1676 5153 secundum
1698 5114 1915 5163 carnem
1937 5117 2069 5171 pro-

482 5181 640 5235 batur
668 5197 787 5237 esse
807 5183 1122 5249 consimilis,
1146 5185 1344 5254 ubique
1364 5186 1595 5243 veritate
1622 5189 1900 5247 relucente
1952 5208 2069 5265 my-

480 5272 651 5335 sterii,
677 5274 929 5345 omnique
958 5284 1164 5330 remota
1197 5277 1412 5346 penitus
1470 5278 1724 5336 falsitate.
1773 5280 1829 5335 Si
1884 5291 2067 5337 autem

480 5364 647 5420 Deum
675 5366 825 5436 virgo
844 5382 949 5421 non
978 5368 1184 5436 genuit,
1208 5383 1309 5423 nec
1335 5381 1531 5437 magno
1586 5370 1908 5425 censebatur
1928 5372 2069 5426 inta-

479 5471 563 5515 cta
591 5462 849 5517 miraculo
882 5480 895 5515 :
930 5464 1110 5518 multa:
1140 5464 1405 5534 siquidem
1454 5472 1509 5519 et
1538 5464 1659 5518 alite
1712 5463 1964 5518 mulieres
1980 5465 2068 5533 ju-

478 5561 592 5607 stos
620 5555 817 5608 saeculo
867 5556 1225 5624 protulerunt.
1280 5554 1415 5610 Nam
1473 5556 1669 5624 lingua:
1718 5556 2063 5626 prophetiae,

478 5641 898 5700 inellabilitatem
916 5647 1069 5716 hujus
1079 5648 1404 5702 sacramenti
1421 5648 1795 5717 pratcinentes,
1817 5649 2031 5702 aiebant
2050 5668 2061 5701 :

477 5730 615 5784 Ecce
638 5735 787 5802 virgo
816 5738 864 5789 in
890 5745 1045 5792 utero
1072 5737 1359 5806 concipiet,
1385 5744 1441 5791 et
1468 5736 1641 5806 pariet
1663 5735 1879 5802 Filium,
1898 5746 1949 5789 et
1972 5753 2068 5792 v0-

2177 4656 2260 4699 tus
2280 4645 2577 4704 secundum
2602 4661 2820 4700 carnem
2849 4645 2993 4700 Deus
3022 4648 3380 4715 sempiternus
3401 4651 3603 4704 existat
3639 4670 3653 4704 :
3688 4652 3768 4706 lo~

2173 4752 2346 4806 quens
2372 4738 2517 4793 enim
2547 4738 2615 4793 de
2634 4737 2875 4795 Ilebrmis
2913 4750 2971 4795 et
2997 4740 3251 4795 rebellem
3282 4744 3557 4799 nationem
3588 4747 3769 4813 ingra-

2177 4839 2391 4898 tamque
2411 4830 2748 4897 collaudatis,
2781 4840 3002 4901 propter
3031 4832 3267 4888 radicem
3297 4834 3547 4890 videlicet
3587 4839 3767 4893 Abra-

2174 4920 2320 4985 bam,
2346 4930 2405 4977 et
2459 4931 2683 4991 propter
2729 4938 2913 4978 semen
2931 4923 3222 4989 Christum,
3272 4926 3345 4979 ita
3402 4930 3766 4994 pronuntiat:

2176 5009 2437 5080 Quorum,
2462 5011 2633 5080 inquit
2658 5012 2833 5083 (licet.
2867 5013 2967 5082 ix).
2986 5023 3069 5068 est
3092 5015 3311 5085 adoptio
3361 5014 3609 5072 ﬁliorum.
3633 5018 3767 5073 Cleo

2139 5111 2288 5170 ,mat
2316 5104 2458 5160 enim
2509 5105 2560 5160 in
2594 5105 2873 5175 prOphetis
2901 5123 2914 5158 :
2945 5105 3113 5162 Filius
3167 5122 3319 5163 meus
3373 5110 3768 5179 primogenitns

2173 5192 2337 5250 Israel
2366 5203 2421 5249 et
2459 5196 2651 5264 gloria.
2708 5195 2975 5253 Inﬁnitam
3022 5213 3254 5268 namque
3291 5199 3523 5267 gloriam
3562 5203 3639 5256 eis
3670 5206 3764 5270 qui

2172 5284 2389 5355 probati
2412 5294 2541 5341 tunc
2569 5293 2726 5341 erant
2751 5287 3012 5353 moribus,
3044 5287 3225 5343 divina
3278 5290 3537 5346 miracula
3585 5296 3768 5347 confe-

2172 5374 2390 5443 rebant,
2419 5382 2475 5428 et
2503 5384 2823 5432 testamenta
2855 5391 2951 5445 per
2975 5391 3097 5444 qua:
3136 5379 3363 5433 Abraha:
3386 5380 3767 5450 multiplicatio

2171 5465 2391 5521 seminis
2420 5473 2496 5519 est
2531 5466 2813 5534 promissa,
2844 5474 2900 5520 et
2922 5466 3183 5534 legislatio
3213 5482 3333 5536 qua:
3380 5468 3430 5521 in
3464 5479 3647 5523 monte
3679 5474 3768 5527 di~

2170 5556 2282 5624 gito
2305 5557 2398 5611 Dei
2428 5558 2734 5627 conscripta
2760 5566 2863 5621 est,
2895 5567 2949 5613 et
2977 5559 3294 5627 obsequium
3317 5576 3425 5628 quo
3445 5560 3623 5615 divino
3647 5565 3771 5619 cul-

2172 5647 2247 5700 tui
2275 5646 2602 5712 serviebant,
2635 5656 2689 5700 et
2720 5648 2981 5715 promissa
3009 5649 3204 5716 quibus
3232 5650 3313 5703 vel
3344 5660 3488 5704 terra
3520 5651 3772 5708 Palaesti—

2171 5754 2238 5793 na
2260 5739 2342 5793 vel
2372 5747 2519 5793 certe
2540 5738 2843 5793 benedictio
2872 5740 2923 5794 in
2970 5741 3179 5796 semine
3225 5743 3451 5797 Abrabm
3508 5748 3770 5812 gentib..-s

476 5822 682 5879 cabitur
712 5841 907 5881 nomen
925 5828 1039 5887 eius
1058 5827 1391 5885 Emmanuel.
1443 5826 1599 5893 Quod
1655 5825 1869 5885 Gabriel
1895 5828 2061 5886 inter-
2166 5833 2360 5890 collata
2407 5839 2497 5905 est
2534 5832 2797 5889 universis
2831 5850 2844 5886 :
2878 5847 3106 5903 quorum
3157 5833 3342 5893 Patres
3397 5838 3488 5906 qui
3545 5836 3598 5893 in
3662 5845 3769 5897 hac

2794 5942 2897 5971 κει
