4000 6344
200 297 311 351 417

1005 300 1091 356 DE
1120 297 1536 356 INVENTIONE
1576 297 1845 358 CAPlTlS
1884 301 1942 358 S.
1981 302 2266 362 .lGANNlS
2306 304 2688 364 PROLOGUS.

3400 307 3509 365 “8

198 416 520 483 ignorantiae
568 424 727 472 nocte
776 415 924 472 velut
985 416 1273 473 luminaria
1328 417 1449 474 ﬁdei
1504 418 1802 489 probantur
1827 422 1875 479 Α
1906 427 1963 473 ut
1988 420 2322 476 demonstret
2345 430 2403 475 ut
2427 423 2471 477 is
2497 423 2587 491 qui
2618 438 2715 477 nos
2755 422 2922 477 verbo
2949 425 3152 479 creavit
3174 440 3273 496 pro
3298 442 3389 482 sua
3423 428 3510 481 di-

196 510 397 575 cxorti,
421 517 476 563 et
503 525 572 564 ex
608 509 802 579 quibus
825 507 1093 564 Christus.
1128 509 1235 565 Nec
1256 512 1308 565 in
1333 511 1396 566 iis
1424 511 1575 565 stetit
1599 508 1804 563 beatis-

194 600 371 654 simus
396 602 608 654 Paulus.
642 599 750 656 Nec
778 602 920 655 enim
950 615 1017 655 ex
1042 616 1151 670 quo
1194 610 1380 672 partus
1408 602 1477 656 de
1517 600 1683 656 Maria
1738 616 1807 655 ex

194 705 269 745 eo
299 698 379 744 est
402 688 564 745 Verbi
594 690 711 747 sine
736 690 893 745 initio
949 691 1213 746 exstantis
1243 692 1493 747 essentia.
1518 690 1624 747 Sed
1680 706 1807 745 mox

195 783 383 838 intulit
397 782 691 838 secundum
704 791 1010 848 carnem,ut
1025 782 1513 838 manifestationem
1534 798 1653 852 qure
1669 782 1806 837 facta

194 882 283 928 est
310 874 364 927 in
389 888 571 936 carne,
599 889 707 928 non
736 872 881 927 illam
906 873 1245 927 nativitatem
1273 874 1507 927 divinam
1524 881 1808 927 mternam-

193 980 307 1036 que
334 966 619 1035 signiticet.
651 965 784 1032 Quis
813 965 976 1035 igitur
1004 975 1149 1021 esset
1172 965 1260 1020 hic
1287 965 1554 1034 Christus,
1585 966 1673 1036 qui
1706 980 1805 1019 na-

196 1068 286 1113 tus
308 1068 391 1114 est
420 1075 486 1113 ex
520 1058 754 1127 Virgine,
782 1073 941 1129 quem
964 1058 1222 1130 spelunca
1248 1060 1393 1129 cepit
1437 1067 1497 1113 ut
1524 1074 1638 1113 rem
1688 1057 1808 1112 nul-

193 1152 304 1207 lius
332 1153 509 1222 pretii,
542 1152 632 1220 qui
664 1152 717 1205 in
743 1153 970 1222 prmsepi
995 1152 1186 1222 jacuit,
1211 1153 1303 1222 qui
1333 1152 1629 1208 secandum
1686 1167 1806 1207 car-

194 1258 324 1297 nem
383 1242 716 1313 temporibns
755 1243 944 1309 crevit,
987 1244 1187 1314 quique
1233 1244 1301 1298 ad
1349 1242 1601 1299 inferiora
1648 1252 1807 1298 terrae

192 1333 556 1401 descendens,
589 1338 769 1390 omnia
797 1351 918 1406 quae
948 1336 1130 1391 carnis
1159 1343 1285 1389 sunt
1338 1335 1569 1390 mirabili
1621 1336 1807 1404 digna-

192 1429 349 1483 tione
373 1428 651 1496 sustinuit,
683 1435 739 1481 ut
771 1425 932 1482 tidem
963 1426 1167 1482 faceret
1196 1427 1321 1497 quia
1347 1428 1614 1481 veraciter
1643 1428 1806 1483 homo

193 1520 374 1575 factus
403 1529 509 1584 est,
540 1535 641 1575 nec
669 1519 826 1573 aliter
846 1534 963 1574 esse
993 1527 1190 1589 prtcter
1218 1534 1339 1575 eum
1371 1518 1463 1588 qui
1510 1517 1805 1585 descendit,

193 1613 293 1668 sed
314 1612 454 1667 idem
480 1611 571 1681 qui
592 1609 870 1666 descendit
889 1610 1001 1680 ipse
1026 1617 1109 1665 est
1129 1610 1220 1681 qui
1238 1609 1509 1665 ascendit:
1535 1626 1643 1665 non
1664 1611 1804 1665 enim

195 1705 349 1775 prius
378 1703 638 1766 ascendit,
664 1701 759 1756 sed
780 1701 1058 1777 descendit
1081 1717 1095 1754 :
1124 1710 1180 1755 ut
1212 1709 1339 1771 pote
1360 1702 1449 1771 qui
1469 1717 1573 1755 non
1601 1715 1665 1755 ex
1681 1718 1808 1771 pro—

194 1798 443 1853 motioue
473 1794 614 1850 Deus
641 1804 744 1863 est,
775 1794 870 1849 sed
892 1804 1113 1865 propter
1142 1794 1565 1849 misericordiam
1590 1808 1695 1863 qua
1723 1794 1805 1848 ir.-

195 1890 535 1960 digebamus,
564 1889 727 1944 homo
754 1889 1040 1958 dignanter
1074 1888 1298 1945 ell’ectus
1324 1889 1591 1958 estiquis
1646 1897 1744 1954 est,
1778 1905 1807 1944 a

196 2000 287 2038 me
315 1983 397 2038 vel
422 1999 451 2036 a
485 1982 729 2053 quolibet
759 1982 866 2038 alio
897 2000 1004 2037 non
1029 1983 1287 2053 requirat,
1318 1982 1413 2037 sed
1435 1982 1503 2038 ab
1528 1981 1804 2053 Apostolo,

196 2076 291 2145 qui
320 2073 511 2129 Filium
536 2091 632 2145 per
658 2074 1043 2129 revelationem
1080 2074 1209 2129 dicit
1254 2071 1458 2140 Patris,
1510 2089 1632 2127 cum
1682 2073 1810 2128 dicit

199 2165 346 2237 (Gal.
382 2169 421 2232 ι)
457 2185 469 2219 :
503 2163 635 2221 Cum
667 2166 847 2219 autem
903 2163 1102 2235 placuit
1150 2164 1199 2219 ei
1240 2163 1332 2234 qui
1376 2179 1463 2219 me
1509 2164 1810 2232 segregavit

197 2259 269 2313 de
295 2268 449 2312 utero
479 2257 666 2311 matris
688 2273 841 2324 mete,
863 2266 919 2312 et
939 2257 1152 2312 vocavit
1182 2273 1278 2328 per
1298 2257 1529 2326 gratiam
1553 2270 1725 2320 suam,
1751 2264 1811 2309 ut

199 2351 475 2406 revelaret
502 2349 695 2405 Filium
726 2366 882 2404 suum
913 2349 966 2404 in
994 2350 1119 2404 me?
1150 2347 1247 2404 Hic
1278 2363 1509 2418 namque
1543 2349 1663 2419 quis
1705 2356 1806 2413 est,

199 2441 362 2496 Jesus
395 2438 643 2495 Christus
682 2440 950 2497 veraciter
992 2439 1259 2505 edocebit,
1300 2439 1805 2511 exclamansmom.

197 2533 281 2604 Ix)
304 2552 314 2562 ·
338 2532 416 2587 Ex
430 2533 627 2601 quibus
637 2530 882 2587 Christus
899 2531 1188 2587 secundum
1202 2531 1535 2601 carnem,qni
1553 2539 1633 2588 est
1648 2546 1811 2602 super

195 2640 329 2679 oum
355 2639 386 2677 a
414 2622 555 2678 Deus
578 2621 897 2691 benedictus
921 2621 972 2676 in
1002 2622 1219 2677 saecula.
1271 2620 1396 2677 llzec
1426 2621 1575 2676 Pauli
1625 2622 1809 2688 verba,

195 2731 364 2786 quam
395 2715 794 2787 subreptionem
825 2714 1105 2770 calumnia:
1136 2729 1323 2768 eorum
1349 2713 1439 2783 qui
1488 2728 1651 2785 prava
1692 2712 1813 2768 dili-

196 2818 337 2877 gunt
366 2807 568 2861 habere
622 2806 986 2878 permittunt?
1040 2804 1185 2859 Dixit
1231 2805 1373 2858 enim
1408 2804 1703 2873 Christum,
1756 2812 1814 2857 ut

197 2900 458 2957 ostendat
481 2898 738 2971 quoniam
779 2896 1077 2953 secundum
1133 2896 1416 2950 veritatem
1460 2894 1603 2950 Deus
1642 2895 1815 2950 factus

198 3000 292 3048 est
318 2991 525 3056 homo;
558 2986 692 3043 dixit
720 3004 842 3044 eum
886 3004 954 3044 ex
1005 2985 1203 3042 Judaeis
1254 2986 1547 3044 secundum
1570 3001 1812 3055 carnem,

199 3090 265 3134 nt
295 3080 535 3135 insinuet
562 3080 688 3149 quia
720 3094 826 3133 non
857 3093 921 3133 ex
948 3077 1039 3132 illo
1069 3086 1314 3149 tempore
1342 3092 1448 3146 quo
1466 3085 1547 3131 est
1565 3076 1813 3131 incarna-

1907 512 2151 579 vinitate,
2185 514 2299 582 jugi
2356 530 2385 568 a
2438 515 2594 568 nobis
2624 515 2831 569 honore
2855 515 3179 571 celebretur.
3239 517 3513 575 Habentes

1908 602 2095 674 itaque
2121 603 2396 658 Christum
2429 614 2481 658 et
2512 606 2853 667 cxistentem,
2904 614 2957 660 ct
2989 604 3179 676 Deum,
3212 617 3266 662 et
3286 608 3510 664 benedi-

1908 704 2051 752 ctum
2077 698 2126 751 in
2154 699 2369 763 smcula,
2402 714 2722 753 veneremur
2751 714 2870 753 eum
2904 708 2960 752 ut
2989 699 3294 768 Dominum,
3323 701 3509 757 dicen-

1908 795 1989 841 tes
2013 789 2370 843 assertoribus
2396 796 2704 842 cxterorum
2729 788 3039 857 dogmatum
3068 808 3078 842 :
3110 789 3166 845 Si
3213 792 3332 861 quis
3351 792 3508 861 spiri-

1908 887 2019 931 tum
2046 878 2243 933 Christi
2270 896 2374 933 non
2399 881 2579 941 habet,
2606 880 2693 932 hic
2724 895 2827 933 non
2870 888 2953 933 est
2982 895 3097 949 ejus
3141 880 3317 951 (Rom.
3351 886 3465 951 rm)
3494 904 3505 937 :

1908 987 2008 1027 nos
2030 981 2207 1026 autem
2235 988 2449 1028 sensum
2491 972 2687 1026 Christi
2717 973 2977 1027 habemus
3009 990 3022 1027 :
3056 975 3259 1029 idcirco
3314 987 3368 1029 et
3416 992 3508 1030 ex—

1908 1074 2214 1132 spectamus
2243 1064 2532 1117 adventum
2560 1064 2742 1131 glorim
2773 1065 2950 1131 magni
3010 1065 3101 1119 Dei
3132 1074 3187 1119 et
3215 1064 3508 1121 Salvatoris

1908 1155 2079 1209 nostri
2107 1151 2234 1209 Jesu
2265 1154 2479 1219 Christi,
2514 1160 2603 1225 qui
2636 1157 2719 1225 pie
2748 1156 2963 1226 quidem
2994 1157 3299 1212 viventibus
3325 1158 3509 1226 gloria)

1907 1245 2097 1301 redxlet
2123 1261 2416 1312 coronam;
2452 1246 2517 1299 iis
2546 1255 2726 1299 autem
2750 1246 2839 1315 qui
2877 1247 3212 1301 exacerbant
3240 1262 3383 1313 eum,
3415 1265 3508 1303 au-

1910 1337 2078 1392 dacia:
2100 1354 2288 1392 eorum
2307 1338 2567 1406 condigna
2604 1339 2867 1394 restituet.
2900 1337 3023 1393 Haec
3046 1349 3237 1393 vestra:
3258 1339 3508 1396 charitati

1908 1429 2186 1496 dirigimus
2215 1446 2312 1499 pro
2329 1430 2525 1487 libellis
2547 1430 2754 1495 vestris,
2775 1446 2908 1500 quos
2926 1430 2989 1485 ad
3014 1447 3113 1484 nos
3130 1431 3401 1501 destinare
3423 1448 3499 1485 cu-

1908 1522 2087 1584 rastis,
2117 1530 2488 1577 asseverantes
2515 1522 2774 1591 quosdam
2806 1522 3089 1593 pestiferos
3113 1521 3356 1576 homines
3386 1537 3505 1575 vcr-

1911 1611 2101 1666 borum
2126 1621 2375 1683 portenta
2406 1613 2947 1683 promentesirruisse
2977 1623 3167 1667 vestra:
3197 1610 3513 1681 provinciae.

1912 1702 2151 1757 volentes
2181 1702 2499 1772 quibusdam
2556 1704 2769 1773 scriptis
2798 1712 2854 1758 et
2910 1701 3343 1773 oppositionibus
3390 1699 3509 1755 falsi

1843 1793 1884 1851 Β
1915 1794 2145 1851 nominis
2173 1796 2411 1850 scientiae
2442 1795 2739 1865 simplicem
2769 1803 2825 1849 et
2852 1793 3141 1849 infucatam
3170 1802 3331 1849 rectae
3389 1789 3509 1845 ﬁdei

1913 1887 2367 1957 pulchritmlinem
2398 1888 2867 1955 constantiamque
2895 1893 3226 1956 pervertere.
3285 1884 3389 1937 Sed
3408 1898 3507 1951 ego

1911 1991 2009 2030 vos
2038 1977 2228 2032 iterum
2257 1977 2315 2029 Β.
2349 1976 2499 2032 Pauli
2541 1977 2716 2031 verbis
2741 1977 3005 2033 admoneo
3062 1976 3285 2043 tColoss.
3320 1994 3373 2036 ιι.
3401 1980 3461 2045 8)
3491 2018 3503 2029 .

1911 2066 2103 2121 Videte
2135 2083 2200 2121 ne
2231 2069 2349 2138 quis
2376 2083 2472 2121 vos
2498 2067 2729 2137 decipiat
2764 2082 2859 2135 per
2890 2068 3281 2138 philosophiam
3315 2077 3370 2123 et
3394 2069 3506 2121 ina-

1911 2173 2033 2211 nem
2064 2157 2328 2213 fallaciam
2359 2159 2654 2213 secundum
2686 2158 3024 2212 traditionem
3059 2160 3333 2213 hominum
3373 2175 3506 2213 vana

1911 2250 2348 2314 consultantium,
2381 2259 2437 2304 et
2466 2265 2573 2304 non
2610 2248 2903 2304 secundum
2954 2247 3248 2304 Christum.
3295 2248 3507 2303 Funda-

1912 2349 2150 2394 mentum
2180 2348 2361 2395 autem
2392 2339 2535 2393 aliud
2570 2348 2770 2395 sancta}
2817 2338 2938 2394 fidei
2964 2356 3121 2395 nemo
3143 2349 3319 2410 potest
3342 2342 3507 2411 pone-

1911 2446 1970 2485 re
2001 2439 2196 2501 praeter
2224 2429 2277 2485 id
2308 2429 2451 2499 quod
2475 2430 2705 2499 positum
2737 2438 2841 2497 est,
2872 2430 3013 2500 quod
3045 2438 3128 2485 est
3153 2430 3396 2485 Christus
3420 2428 3507 2483 Je-

1912 2540 2023 2579 sus.
2055 2521 2207 2577 State
2250 2523 2411 2589 igitur
2451 2522 2505 2576 in
2540 2538 2647 2577 uno
2682 2522 2873 2592 spiritu
2921 2522 3223 2586 unanimes,
3270 2521 3507 2575 collabo-

1912 2621 2095 2670 rantcs
2143 2613 2263 2667 tidei
2316 2611 2622 2681 Evangelii,
2674 2621 2729 2666 et
2779 2613 2831 2666 lu
2886 2612 3033 2666 nullo
3079 2611 3387 2665 terreamiui
3443 2612 3508 2665 ah

1913 2707 2238 2762 adversariis
2262 2703 2484 2778 (Philip.
2514 2706 2573 2777 ι),
2619 2705 2985 2760 custodientes
3017 2706 3332 2759 traditiones
3377 2721 3508 2777 quas

1913 2799 2221 2870 accepistis,
2252 2798 2365 2853 sive
2395 2813 2425 2851 a
2456 2797 2657 2853 sanctis
2686 2805 2741 2852 et
2767 2797 3091 2852 beatissimis
3116 2794 3384 2862 Patribus,
3416 2797 3509 2867 qui

1914 2893 2057 2964 apud
2101 2893 2333 2947 Nicmam
2368 2891 2523 2946 [idem
2566 2890 2933 2961 promulgasse
2989 2900 3303 2959 noscuntur,
3358 2906 3451 2945 seu
3480 2907 3508 2944 a

1913 2985 2115 3041 sanctis
2142 2993 2199 3039 et
2226 2982 2545 3039 venerandis
2574 2983 2792 3049 Basilio,
2833 2982 3114 3053 Gregorio,
3178 2999 3241 3038 ac
3292 2983 3509 3055 reliquis

1914 3076 2104 3131 eadem
2156 3076 2511 3131 sentientibus
2540 3092 2553 3128 :
2585 3089 2817 3143 quorum
2860 3074 3075 3129 nomina
3104 3073 3154 3127 in
3204 3072 3342 3129 libro
3391 3074 3511 3129 vitae

194 3180 313 3237 ius,
335 3172 575 3236 existat;
606 3170 742 3226 dixit
762 3185 886 3225 eum
915 3169 1005 3238 qui
1029 3177 1132 3232 est,
1158 3178 1218 3223 ut
1246 3185 1369 3224 eum
1394 3168 1511 3224 sine
1537 3168 1690 3223 initio
1710 3168 1807 3223 de-
1836 3180 1881 3241 (ζ
1913 3168 2112 3239 scripta
2133 3176 2278 3223 sunt.
2308 3164 2534 3222 Omnem
2557 3165 2950 3221 fraternitatem
3001 3180 3122 3235 qua:
3157 3165 3434 3220 vobiscum
3458 3164 3510 3222 in

203 3267 423 3330 claret;
454 3263 590 3318 dixit
618 3277 741 3317 eum
770 3276 933 3331 super
964 3260 1169 3328 omnia,
1226 3268 1284 3313 ut
1342 3260 1507 3317 totius
1550 3267 1813 3314 creatum)

200 3353 498 3411 Dominum
530 3353 815 3433 praedicet;
841 3350 975 3407 dixit
1000 3364 1121 3405 eum
1156 3350 1462 3416 Dominum,
1507 3365 1575 3405 ne
1606 3350 1814 3419 passio-

203 3446 368 3502 Itibus
397 3444 691 3513 habituque
720 3442 951 3498 traducti
1006 3442 1382 3497 intemeratam
1413 3440 1530 3510 ejus
1556 3439 1816 3494 audemus

203 3552 413 3609 negare
441 3537 797 3592 substantiam
826 3551 842 3601 ;
872 3534 1009 3589 dixit
1035 3532 1405 3600 benedictum,
1449 3540 1509 3586 ut
1531 3530 1817 3585 adoremus

204 3646 334 3686 eum
360 3640 614 3701 tanquam
645 3630 1072 3700 omnipotentem
1103 3626 1436 3696 suppliciter,
1472 3640 1571 3678 nec
1601 3632 1658 3677 ut
1686 3638 1817 3677 con-

203 3723 729 3779 servumcalumniis
751 3719 1259 3792 appetamus;dixit
1306 3735 1431 3775 eum
1489 3719 1541 3773 in
1594 3717 1813 3780 srecula,

1276 3858 1673 3867 _—.—_—.—_—_

1914 3262 2129 3318 Christo
2152 3270 2256 3329 est,
2307 3274 2407 3329 ego
2429 3268 2486 3317 et
2512 3259 2604 3331 qui
2656 3275 2869 3316 mecum
2902 3268 3024 3317 sunt
3064 3260 3351 3331 plurimum
3378 3261 3511 3315 salu-

1915 3360 2095 3411 tamus

1990 3446 2145 3518 [llazc
2166 3446 2350 3500 desunt
2374 3448 2424 3500 in
2443 3442 2671 3515 Crist-0.]
2701 3444 2831 3498 Data
2853 3443 3348 3513 Constantinopol..
3378 3459 3509 3497 con-

1915 3538 2094 3593 sulatu
2125 3537 2485 3607 piissimorum
2508 3536 2797 3592 Theodosii
2826 3537 3051 3605 August.
3096 3552 3129 3591 v
3177 3544 3233 3591 et
3275 3535 3515 3591 Valenti'

1922 3646 2066 3684 llialll
2098 3644 2168 3685 IV.

220 3873 626 3877 is,

618 3966 907 4024 DlONYSll
946 3963 1184 4021 EXIGUI
1224 3964 1313 4019 DE
1349 3960 1763 4019 lNVEN'I‘IUNE
1802 3957 2073 4015 CAPITIS
2112 3956 2359 4014 SANCTI
2399 3955 2684 4012 J0.\NNlS
2727 3952 3089 4009 DAPTISTIE

1566 4114 2121 4187 PROLOGUS
2137 4165 2160 4188 .

285 4279 520 4336 Domino
561 4271 869 4331 venerando
916 4270 1046 4326 mihi
1072 4267 1377 4323 Gaulcntio
1404 4265 1586 4321 abbati
1615 4264 1817 4337 Diony-

206 4373 742 4517 mCharissimorum
771 4454 1017 4517 fratrum,
1068 4464 1208 4520 quos
1235 4463 1332 4517 per
1359 4447 1585 4515 gratiam
1616 4444 1815 4499 Christi

1920 4263 2181 4330 tulerunt,
2216 4260 2341 4317 dein
2368 4260 2609 4315 ablatum
2638 4257 2936 4325 Emesente,
2970 4258 3037 4314 de
3084 4260 3266 4316 multis
3298 4260 3514 4330 ignora-

1922 4366 2036 4410 tum
2083 4352 2437 4423 temporibus,
2465 4353 2594 4407 item
2634 4352 2915 4407 monachis
2969 4367 3030 4408 se
3072 4352 3396 4419 declaravit;
3441 4355 3512 4413 ita

1921 4462 2065 4502 nunc
2090 4444 2273 4501 ofﬁcio
2309 4446 2718 4511 monachorum,
2747 4444 2995 4513 quamvis
3042 4445 3344 4513 humilium,
3372 4446 3512 4505 hanc

212 4549 427 4621 regitis,
477 4562 609 4605 cura
640 4546 995 4615 studiumque
1044 4540 1306 4611 compulit
1352 4545 1411 4592 ut
1455 4537 1648 4593 relatio
1698 4552 1816 4606 qua:
1852 4580 1897 4637 υ
1922 4539 1990 4593 de
2034 4553 2094 4592 se
2123 4536 2383 4591 Romanis
2413 4536 2690 4590 historiam
2732 4536 3080 4589 manifestare
3120 4535 3370 4607 dignatus
3406 4545 3512 4591 est.

211 4642 286 4697 de
314 4639 631 4697 inventione
665 4636 859 4707 capitis
884 4634 943 4688 Β.
970 4631 1195 4688 Joannis
1218 4630 1469 4699 Baptista:
1490 4626 1678 4682 Graeco
1701 4642 1817 4681 ser-

214 4747 386 4789 mone
412 4729 718 4799 conscripta
749 4735 851 4790 est,
883 4723 1074 4778 Latino
1116 4737 1214 4793 per
1241 4735 1327 4775 me
1358 4718 1672 4773 redderetur
1704 4716 1819 4771 elo-

207 4826 349 4894 quio
376 4842 391 4876 :
416 4821 747 4878 conveniens
774 4833 896 4873 esse
923 4816 1185 4879 dicentes,
1213 4822 1271 4866 ut
1300 4813 1353 4866 in
1377 4810 1543 4864 natali
1572 4808 1620 4878 ej
1648 4825 1688 4863 ιε
1710 4823 1818 4878 quo

211 4917 398 4982 major
424 4915 477 4967 in
508 4913 647 4966 uatis
677 4911 962 4964 mulierum
1006 4921 1168 4961 nemo
1195 4904 1447 4967 surrexit,
1484 4902 1597 4955 haec
1624 4900 1816 4954 relatio

208 5022 337 5075 qua:
385 5006 454 5059 de
502 5003 595 5058 illo
647 5002 893 5064 traditur,
945 4996 1157 5069 populis
1217 4994 1462 5061 ﬁdelibus
1516 4992 1812 5045 intimetur.

214 5097 497 5167 Promptis
510 5095 671 5163 igitur
696 5091 891 5146 animis
919 5091 973 5143 in
1003 5105 1047 5158 s;
1068 5087 1178 5140 atio
1219 5085 1343 5139 licet
1368 5082 1515 5136 brevi
1547 5078 1693 5149 quod
1718 5095 1816 5148 po-

208 5193 478 5248 scelntttr
504 5186 760 5257 explicui,
787 5183 1023 5238 maxime
1057 5188 1114 5234 et
1141 5179 1267 5247 quia
1304 5174 1645 5229 sanctitatem
1673 5182 1817 5226 tuam

210 5288 325 5339 hoc
366 5282 509 5336 idem
551 5279 666 5334 lteri
700 5277 840 5332 velle
886 5273 1137 5343 cognovi.
1176 5269 1286 5324 Nec
1332 5269 1435 5323 hoc
1481 5267 1599 5321 sine
1638 5266 1820 5320 divino

209 5384 355 5431 nutu
388 5382 599 5441 gestum
641 5384 762 5423 esse
799 5363 1108 5437 perspicio:
1134 5369 1191 5417 et
1230 5359 1372 5414 idem
1408 5367 1627 5413 sanctus
1654 5353 1820 5410 Joan-

210 5481 318 5521 nes
360 5463 591 5535 pnevius
640 5460 853 5515 Domini
890 5455 1135 5512 veritatis
1179 5466 1375 5524 prteco,
1432 5449 1819 5519 prephetarum

208 5559 441 5613 ctrinren
468 5555 729 5618 omnium,
784 5552 1169 5623 institutorque
1219 5544 1633 5607 monachorum,
1682 5541 1823 5596 sicut

212 5651 477 5722 primitus
522 5663 582 5703 se
630 5644 909 5701 monachis
958 5639 1214 5702 ostendit,
1256 5640 1347 5711 qui
1394 5634 1821 5693 sacratissimum

211 5749 390 5809 caput
413 5740 529 5807 ejus
548 5739 615 5794 de
638 5738 802 5793 domo
826 5732 1057 5791 Herodis
1072 5730 1337 5792 quondam
1366 5726 1512 5797 regis
1535 5726 1682 5795 impii
1706 5744 1824 5781 sus-

1924 4629 2258 4694 Venerandi,
2306 4629 2503 4695 credo,
2558 4627 2819 4697 propositi
2874 4625 3180 4681 delectatur
3220 4627 3514 4697 obsequio,

1923 4729 2189 4789 quatenus
2236 4735 2332 4788 per
2377 4732 2473 4773 eos
2518 4719 2609 4787 qui
2652 4717 2977 4785 singularem
3008 4726 3287 4773 sectantur
3326 4718 3511 4785 vitam,

1923 4828 2078 4868 suam
2109 4812 2161 4867 in
2203 4810 2417 4867 Christo
2444 4809 2708 4880 panderet
2737 4809 2985 4879 gloriam.
3015 4808 3081 4863 Et
3121 4810 3225 4866 hoc
3262 4810 3512 4879 dicimus,

1924 4920 2034 4958 non
2062 4902 2206 4973 quod
2247 4902 2404 4957 nobis
2432 4900 2660 4969 alicujus
2700 4900 2973 4971 praeclara:
3011 4903 3207 4957 mentis
3243 4904 3515 4959 conscien-

1926 4998 2057 5051 tiam
2089 4997 2378 5051 insolenter
2410 5009 2742 5065 arrogemus,
2774 4996 2867 5050 sed
2898 4996 3041 5065 quod
3069 5012 3166 5067 per
3189 5012 3250 5054 se
3272 4998 3356 5069 pia
3379 5014 3517 5069 pra-

1928 5088 2063 5142 ferat
2086 5088 2351 5157 professio
2380 5099 2623 5143 sanctum
2655 5090 2911 5155 studium,
2943 5090 3067 5145 licet
3111 5090 3284 5146 eidem
3332 5101 3515 5148 nostra

1926 5180 2194 5236 desidiosa
2251 5182 2595 5237 conversatio
2637 5197 2746 5236 non
2800 5190 3061 5251 aequetur.
3115 5181 3342 5249 Qualem
3387 5198 3517 5237 vero

1929 5279 2055 5328 tunc
2086 5270 2227 5325 idem
2254 5272 2598 5327 beatissimus
2625 5274 2868 5341 exegerit
2893 5274 3015 5327 vita:
3047 5272 3292 5339 modum,
3312 5279 3369 5327 et
3397 5272 3518 5342 quis

1928 5362 2128 5431 paterit
2171 5362 2417 5430 ignorare
2461 5360 2738 5417 fidelium?
2769 5362 2897 5416 Nam
2940 5374 3132 5433 praeter
3179 5362 3329 5416 illam
3352 5361 3518 5418 divini

1927 5452 2165 5509 muneris
2209 5452 2462 5508 eximiam
2493 5454 2817 5521 largitatem,
2851 5469 2956 5524 qua
2987 5453 3058 5508 de
3100 5450 3519 5521 repromissione

1925 5549 2222 5611 conceptus
2241 5549 2346 5608 est,
2376 5550 2433 5595 et
2461 5542 2637 5598 adhuc
2676 5544 2814 5596 intra
2844 5552 3087 5596 materna
3126 5539 3414 5593 conclusus
3441 5542 3518 5594 vi-

1925 5645 2100 5694 scera,
2144 5630 2213 5682 de
2246 5637 2401 5683 utero
2428 5644 2590 5697 quem
2622 5630 2930 5685 fecundavit
2979 5626 3236 5689 sterilem,
3269 5626 3320 5679 in
3368 5637 3519 5684 utero

1927 5728 2129 5780 sancta
2151 5717 2385 5787 Virginis
2405 5722 2627 5789 agnovit
2647 5722 3012 5777 universitatis
3039 5720 3353 5777 Auctorem.
3386 5721 3519 5774 ?r.e~
