3964 6340
292 334 402 386 425
862 339 1209 398 ιΙῐΞΤΟηΙίΕ
1253 326 1680 407 ΙΝΥΕΝΤΙΟΝΙέ
1719 352 1987 413 CAPITIS
2026 357 2082 414 S.
2125 359 2402 423 JOANNIS
2450 369 3022 443 IN'IERPRE'I‘ATIO.

289 446 466 501 sionis
496 446 858 518 inspectorem
889 469 1008 510 esse
1036 456 1286 525 dignatus
1313 471 1415 516 est.
1446 463 1561 519 Vidi
1592 481 1822 537 namque
1848 471 1899 524 in
1931 473 1977 532 A

3494 399 3598 461 126

2007 497 2054 549 ἐν
2077 499 2276 572 θορύϐῳ
2305 508 2469 581 πολλῷ
2496 514 2718 586 γενόμενε
2729 539 2773 580 ς,
2803 524 3041 582 κατῆλθον
3066 536 3158 584 τοῦ
3187 533 3481 595 ἀποκλεῖσαι
3502 545 3597 597 αὖ·

290 538 503 595 visione
530 543 728 611 noctis,
757 553 813 600 et
841 560 968 615 ecce
991 550 1128 606 ostia
1161 556 1472 610 monasterii
1512 560 1679 614 nostri
1709 573 1895 632 aperta

287 640 436 697 sunt,
472 642 526 688 et
553 635 605 688 in
635 649 830 704 magno
875 649 1024 696 metu
1072 644 1298 712 positus,
1327 650 1539 704 cucurri
1572 659 1628 706 ut
1656 668 1718 707 ea
1747 655 1894 711 clau-

287 723 493 778 derem.
529 723 596 778 Et
623 742 806 783 rursus
832 730 1058 800 inspicio
1083 733 1280 791 flumen
1303 737 1369 790 ad
1394 740 1528 795 ostia
1558 751 1739 798 nostra
1767 761 1892 815 pro-

287 833 560 888 rumpere.
595 821 708 876 Hoc
739 833 919 879 autem
949 841 1070 882 cum
1111 829 1382 896 vidissem,
1423 836 1754 904 stupefactus
1792 856 1888 896 co-

283 909 525 975 gitabam
555 913 694 966 unde
721 922 868 969 tanta
890 932 1149 987 aquarum
1179 931 1323 977 esset
1342 925 1703 986 immensitas.
1729 932 1886 988 Dum-

283 1015 394 1069 que
437 1002 486 1056 id
536 1019 748 1058 mecum
799 1007 911 1078 ipse
956 1019 1248 1079 pertracto,
1285 1014 1469 1072 levans
1506 1020 1696 1076 oculos
1736 1037 1888 1080 meos

278 1182 610 1240 Maxentium
641 1188 1136 1261 archimandritam,
1176 1211 1209 1273 a_
1244 1199 1541 1256 meridiana
1584 1213 1739 1273 parte
1765 1182 1884 1261 Vllu-

278 1277 441 1330 minis
475 1279 802 1342 venientem,
853 1292 908 1342 et
951 1271 1237 1340 multarum
1284 1297 1580 1347 turmarum
1621 1309 1785 1350 voces
1813 1297 1882 1352 ab

276 1367 527 1422 orientali
557 1369 711 1438 plaga
750 1371 985 1428 basilica:
1023 1374 1208 1433 Sancti
1247 1377 1446 1436 Juliani
1493 1386 1743 1455 martyris
1785 1403 1881 1443 au-

274 1455 578 1515 diebamus.
611 1460 848 1527 Quarum
873 1465 938 1518 ad
968 1482 1068 1522 nos
1098 1469 1284 1538 ingens
1311 1488 1476 1530 sonus
1512 1476 1874 1549 deferebatur,

272 1557 331 1602 et
378 1564 477 1618 per
521 1566 691 1620 aquas
741 1554 885 1624 ipsas
930 1559 1114 1627 populi
1151 1576 1272 1616 cum
1321 1564 1551 1636 impetus
1597 1571 1877 1628 alacritate

272 1642 660 1710 properabant.
689 1644 1003 1703 Admirante
1031 1659 1210 1706 autem
1236 1669 1326 1709 me
1350 1659 1624 1726 quomodo
1666 1662 1721 1716 in
1760 1678 1875 1718 me-

269 1730 377 1786 diis
405 1733 561 1802 aquis
594 1735 935 1793 ambulantes
970 1739 1038 1794 ad
1069 1757 1168 1797 nos
1196 1747 1391 1800 conciti
1421 1752 1785 1820 pervenirent,
1817 1763 1872 1809 et

271 1839 610 1894 unaquaeque
632 1834 805 1882 turma
828 1829 1004 1898 lingua
1028 1835 1244 1904 propria
1266 1839 1536 1908 psalleret,
1563 1844 1742 1900 subito
1764 1862 1869 1902 vox
1902 1841 1948 1901 B

271 1913 458 1969 audita
496 1924 582 1972 est
629 1930 817 1972 eorum
859 1922 950 1989 qui
996 1924 1064 1977 ab
1113 1927 1321 1984 oriente
1360 1930 1704 1989 clamabant:
1734 1935 1870 1994 Ecce

269 2019 490 2062 sanctus
521 2010 753 2064 Joannes
783 2009 1018 2080 Baptista
1055 2016 1335 2076 descendit.
1362 2020 1607 2093 Cumque
1641 2027 1712 2080 ad
1751 2045 1868 2085 me-

269 2091 544 2146 ridianum
572 2100 767 2152 ostium
796 2111 1014 2169 starem,
1042 2119 1244 2179 apertae
1269 2124 1396 2170 sunt
1416 2115 1596 2184 ianua:
1627 2121 1866 2178 orienta-

268 2184 394 2249 les,
456 2197 510 2242 et
564 2188 902 2256 psallentium
963 2204 1150 2255 turmae
1208 2207 1452 2272 protinus
1503 2209 1861 2270 intraverunt.

265 2266 540 2327 Omittens
571 2273 731 2341 igitur
757 2285 1122 2350 spectacule
1169 2266 1421 2360 fluminis,
1450 2304 1506 2352 et
1547 2298 1600 2356 in
1636 2303 1860 2360 exordio

259 2359 424 2465 scala:
463 2367 796 2454 consistens,
838 2376 1044 2465 aspeiti
1073 2385 1600 2465 sanetum_uffieium
1646 2412 1854 2465 eorum,

269 2444 422 2512 quod
461 2444 515 2497 in
553 2453 886 2504 monasterio
913 2451 1281 2512 celebrabant.
1318 2458 1384 2511 Et
1406 2444 1848 2520 stansinvea'deii:

268 2536 441 2598 scala.
469 2536 730 2592 vidiatria
756 2541 1068 2608 duo,unum
1093 2548 1391 2617 respiciens
1405 2551 1470 2606 ad
1484 2553 1848 2623 occidentem,

263 2635 322 2678 et
357 2627 589 2682 alterum
617 2629 684 2684 ad
709 2632 1028 2700 meridiem;
1056 2644 1110 2690 et
1134 2637 1277 2693 inter
1318 2650 1614 2715 utrumque
1644 2647 1847 2703 atrium

262 2717 531 2786 templum
549 2721 1116 2796 grande,singulaaque
1130 2736 1318 2786 turmae
1333 2733 1775 2803 ingrediebantur
1793 2743 1846 2798 in

263 2807 468 2860 atrium
493 2809 640 2878 quod
669 2811 944 2880 respiebat
967 2814 1034 2867 ad
1067 2816 1355 2882 orientem,
1378 2821 1679 2879 adorabant
1715 2824 1840 2898 [al.,

257 2902 317 2946 et
335 2893 654 2969 adorantes]
678 2897 742 2950 ad
765 2899 1335 2968 templumflntrantes
1362 2917 1544 2964 autem
1571 2911 1624 2966 in
1644 2893 1843 2968 atrium

260 2981 649 3049 meridianum,
683 2984 826 3039 illico
855 2988 1234 3057 quiescebant.
1286 2993 1534 3069 Cumque
1558 2999 1842 3057 siluissent

260 3079 479 3136 turmae,
522 3072 901 3140 praecedebant
933 3075 1025 3130 alii
1059 3086 1113 3132 et
1143 3079 1493 3138 clamabant:
1535 3083 1670 3141 Ecce
1709 3105 1838 3146 sau-

253 3173 371 3215 ctua
387 3161 619 3218 Joannes
639 3165 872 3220 advenit.
899 3168 1143 3238 Cumque
1160 3181 1359 3228 starem
1387 3175 1437 3228 in
1463 3179 1653 3232 eodem
1681 3181 1843 3236 scalae

255 3255 401 3316 loco,
427 3256 578 3309 venit
611 3268 834 3313 sanctus
877 3257 1140 3323 Joannes.
1186 3263 1394 3320 Domini
1429 3283 1750 3338 prtecursor,
1784 3282 1840 3329 et

254 3346 367 3401 vidi
399 3363 522 3402 eum
557 3349 610 3402 in
645 3351 842 3420 templo
859 3355 1003 3422 quod
1033 3355 1167 3409 mihi
1197 3364 1476 3413 ostensum
1503 3370 1615 3429 est;
1641 3374 1838 3419 etecee

255 3449 397 3490 unus
428 3445 599 3491 erata
627 3439 834 3495 dextris
861 3443 998 3508 ejus,
1026 3451 1079 3496 et
1104 3459 1244 3499 unus
1277 3461 1306 3500 a
1340 3447 1602 3505 sinistris.
1641 3451 1834 3508 Stante

249 3535 436 3581 autem
466 3527 563 3584 illo
594 3529 648 3583 in
689 3533 911 3602 templo,
961 3546 1250 3606 coeperunt
1305 3540 1488 3607 populi
1527 3547 1830 3599 turmarum

247 3617 318 3672 ad
356 3630 480 3672 eum
521 3631 922 3690 consequenter
951 3627 1211 3681 accedere
1238 3635 1292 3682 et
1322 3630 1390 3684 ab
1434 3643 1498 3684 eo
1530 3631 1777 3689 benedici
1811 3650 1828 3690 :

247 3713 488 3783 itemque
521 3712 818 3784 psallentes
862 3716 1348 3786 proficiscebantur
1396 3722 1463 3776 ad
1503 3724 1830 3782 basilicam"

244 3801 435 3858 Sancti
468 3804 733 3875 Stephani
757 3807 1013 3878 martyris
1030 3811 1678 3884 contgregatidi.0uriique
1713 3826 1831 3870 tur-

242 3910 433 3951 mzese
458 3897 873 3966 explicuissent,
908 3899 1144 3970 cogitavi
1175 3909 1232 3956 et
1259 3915 1363 3971 ego
1397 3905 1550 3960 adire
1574 3921 1722 3973 eum,
1768 3918 1826 3962 ut

242 3988 602 4044 benedicerer
615 3991 684 4045 ab
700 4004 783 4047 eo.
807 3989 1102 4061 Vismnque
1133 4005 1215 4049 est
1232 3996 1365 4050 mihi
1390 3997 1596 4053 intrare
1622 3997 1746 4071 [al.,
1769 4009 1829 4055 ut

237 4079 530 4154 intrarem]
556 4097 654 4152 per
670 4098 732 4138 ea
753 4087 890 4138 ostia
923 4100 1018 4153 per
1047 4101 1166 4156 quae
1195 4096 1386 4142 turma:
1417 4087 1635 4146 fuerant
1659 4091 1824 4147 intro-

231 4189 469 4246 gressaz.
513 4174 576 4228 Et
607 4176 735 4245 quia
769 4193 873 4233 non
897 4180 1139 4234 videram
1185 4181 1327 4250 quod
1353 4179 1517 4237 alicui
1547 4183 1822 4241 dedissent

231 4265 365 4338 [al.,
393 4265 657 4339 dedisset]
691 4269 936 4324 osculum
969 4272 1140 4340 pacis,
1176 4273 1281 4330 nisi
1315 4285 1523 4333 tantum
1562 4281 1626 4333 ad
1654 4285 1821 4351 pedes

230 4358 368 4432 [at.,
411 4359 476 4411 ad
522 4358 738 4432 pectus]
771 4362 890 4432 ejus
933 4363 1166 4417 osculati
1211 4379 1418 4435 essent,
1455 4373 1723 4426 accedens
1753 4377 1818 4428 ad

228 4464 364 4504 eum
397 4450 463 4503 ab
495 4452 758 4506 anteriori
791 4449 915 4521 [at.,
952 4456 1226 4529 interiori]
1254 4471 1408 4528 parte
1434 4477 1556 4515 cum
1591 4473 1735 4518 metu
1767 4475 1820 4520 et

229 4544 569 4610 reverentia,
627 4544 863 4600 dimisso
903 4547 1083 4616 capite
1129 4551 1181 4602 in
1230 4559 1432 4605 terram
1475 4556 1713 4621 cucurri,
1765 4568 1819 4612 ct

230 4632 384 4686 tenui
413 4634 577 4701 pedes
609 4636 750 4702 ejus.
805 4634 927 4704 Ipse
959 4652 1085 4691 vero
1117 4642 1536 4708 apprehendens
1570 4657 1814 4701 mentum

232 4738 418 4776 meum
449 4724 730 4780 osculatus
758 4737 840 4779 cst
862 4744 968 4782 me.
993 4727 1143 4794 Quod
1169 4747 1289 4785 cum
1311 4737 1656 4801 meruissem,
1691 4753 1817 4807 pro-

227 4808 383 4862 tinus
398 4810 812 4880 expergefactus
845 4828 985 4872 sum.
1013 4815 1208 4873 Paucis
1226 4830 1406 4875 autem
1427 4823 1617 4881 diebus
1639 4835 1816 4881 trans-

225 4897 555 4963 actis,video
574 4910 628 4953 et
645 4915 772 4956 ecce
789 4905 926 4958 ostia
950 4911 1266 4964 monasterii
1287 4926 1314 4962 a
1334 4922 1484 4980 parte
1507 4916 1807 4972 meridiana

224 5004 424 5044 rursus
445 5001 636 5060 aperta
661 5003 806 5060 sunt,
833 5006 888 5050 et
909 4996 1075 5052 veluti
1108 4999 1176 5053 ad
1206 5001 1403 5058 fratres
1430 5008 1802 5064 vociferabam

224 5082 356 5154 [ατη
377 5083 762 5157 vociferabar],
783 5102 881 5140 cur
898 5090 998 5143 ista
1014 5090 1142 5161 [al.,
1162 5092 1256 5166 ita]
1279 5098 1416 5150 ostia
1439 5099 1805 5172 reliquissent;

221 5183 280 5227 et
303 5174 466 5226 celeri
484 5177 651 5243 gradu
672 5182 887 5243 perrexi
915 5191 1051 5237 utea
1076 5185 1407 5256 clauderem,
1437 5202 1487 5246 et
1507 5209 1632 5250 ecce
1655 5197 1808 5252 video

220 5271 484 5318 sanctum
524 5262 788 5321 Joannem
835 5278 1073 5325 stantem
1114 5275 1181 5329 ad
1218 5280 1456 5334 exterius
1491 5282 1713 5350 ostium,
1749 5295 1803 5339 et

219 5370 356 5408 cum
387 5369 452 5409 eo
481 5357 614 5412 duos
643 5359 765 5414 illos
792 5375 932 5432 quos
964 5369 1114 5433 prius
1143 5369 1402 5436 videram,
1434 5382 1485 5427 et
1512 5378 1716 5433 accessi
1747 5389 1803 5433 ut

223 5447 580 5502 benedicerer
600 5451 666 5504 ab
696 5467 782 5516 eo,
811 5463 866 5508 et
900 5471 1088 5512 rursus
1113 5461 1331 5518 elevans
1362 5481 1466 5531 me,
1494 5468 1641 5523 dedit
1666 5470 1798 5526 mihi

217 5552 442 5608 pacem.
505 5539 840 5599 Vesﬁmcnta
878 5559 1060 5603 autem
1095 5552 1216 5620 ejus
1245 5567 1401 5609 erant
1428 5562 1696 5631 candida;
1747 5572 1801 5619 et

217 5643 351 5682 mox
385 5633 608 5689 trahens
646 5651 812 5690 unum
838 5655 933 5695 vas
964 5642 1031 5696 de
1060 5645 1183 5698 sinu
1218 5662 1316 5701 suo
1349 5650 1565 5718 plenum
1605 5656 1801 5724 mellis,

210 5721 366 5776 dedit
404 5724 540 5777 mihi
579 5727 768 5782 dicens
803 5747 817 5795 ;
859 5734 1048 5803 Accipe
1097 5736 1503 5795 benedictionem
1552 5750 1708 5810 hunc,
1751 5757 1807 5803 et

283 5848 304 5868 '
332 5839 446 5904 AL,
471 5841 542 5894 ad
569 5843 949 5900 occidentale»:
979 5849 1212 5921 plagam,
1247 5854 1404 5910 veluti
1434 5860 1501 5912 ad
1537 5861 1696 5916 basit.

589 5941 864 6005 PATROL.
916 5945 1168 6020 LXVII.

2000 593 2112 652 τάς.
2141 600 2239 650 Καί
2266 601 2414 655 πάλιν
2437 604 2718 679 ἐθεασάμην
2736 620 2968 686 ποταμὸν
2987 621 3190 680 ἕλκοντα
3218 629 3300 683 ἐπὶ
3325 637 3418 691 τήν
3437 636 3592 711 θύραν

3497 695 3507 711 .

1997 695 2086 748 τῆς
2115 700 2289 758 μονῆς.
2322 699 2408 749 Καὶ
2433 706 2596 754 ταῦτα
2625 701 2771 773 ἰδών,
2797 709 2954 771 ἐννεὰς
2983 715 3246 788 ἐγενόμην,
3286 724 3462 781 ἐννοῶν
3495 733 3591 785 πό-

1994 778 2073 831 θεν
2102 782 2160 836 τὸ
2186 783 2373 846 πλῆθος
2409 796 2507 843 τῶν
2533 794 2794 851 τοσούτων
2823 799 3042 860 ὑδάτων.
3083 813 3185 864 Καί
3215 813 3264 866 ἐν
3287 825 3360 884 τῷ
3387 839 3449 886 με
3476 819 3590 876 διαί-

1994 868 2008 886 ,ι
2087 875 2128 886 ,μ
2196 877 2216 886 ,
2336 878 2356 886 _

3298 868 3309 870 _
3333 874 3340 884 ,
3387 868 3394 886 ,
3417 868 3446 873 ν-
3480 868 3560 876 η..

1990 868 2293 943 λογίζεσθαι,
2323 878 2501 937 ἤκουον
2521 891 2682 953 φωνην
2704 890 2894 946 πολλῶν
2929 901 3198 968 ταγμάτων
3217 946 3228 962 .
3270 907 3374 964 άπὸ
3415 913 3588 969 ἀνατο-

1989 961 2085 1016 λῶν
2113 962 2246 1038 ἦχον
2269 971 2382 1039 ἡμῖν
2413 973 2679 1050 φερόντων,
2709 987 2794 1037 καὶ
2814 983 2886 1056 ἐφ’
2911 989 3044 1060 ἡμᾶς
3065 994 3354 1070 ἐρχομένων
3385 1005 3586 1063 ἐπὶτῶν

2000 1058 2010 1070 1
2028 1051 2052 1070 ᾗ
2069 1057 2078 1070 Ι
2328 1067 2336 1070 ⁸
2374 1065 2385 1070 ⁸

2845 1051 2856 1056 -
2943 1051 2952 1060 ,
3091 1051 3202 1070 μ..
3241 1051 3249 1052 κ
3385 1051 3465 1060 η..
3494 1051 3583 1063 ...η

1987 1051 2194 1112 ὑδάτων
2211 1099 2225 1124 ν
2254 1067 2337 1117 καὶ
2365 1065 2486 1135 ἐμοῦ
2512 1071 2856 1142 θαυμάζοντος
2879 1088 2988 1140 πῶς
3017 1085 3067 1150 ἐν
3090 1089 3231 1155 μέση,
3261 1100 3360 1147 τῶν
3382 1096 3583 1154 ὑδάτων

1988 1148 2290 1224 ἐπορεύοντο
2322 1157 2391 1228 ἐφ’
2423 1161 2578 1229 ἡμᾶς.
2608 1169 2693 1219 καί
2721 1168 2939 1227 ἕκαστον
2966 1178 3136 1250 τάγμα
3181 1182 3312 1238 ἰδίαν
3339 1189 3582 1261 γλῶσσαν

2010 1237 2033 1252 ν
2192 1248 2200 1261 .
2241 1245 2288 1261 κ.
2338 1251 2380 1261 ..
2583 1259 2589 1261 .
2647 1258 2652 1261 -

3038 1237 3071 1250 .-
3212 1237 3218 1238 ί
3260 1237 3263 1238 ν
3295 1237 3299 1238 ν
3346 1237 3384 1261 ι’
3409 1237 3580 1248 """"'

1985 1237 2102 1311 εἶχε
2123 1248 2202 1298 καί
2233 1245 2462 1318 ἔψαλλεν,
2511 1259 2591 1310 καί
2633 1258 2824 1316 ἰκουσα
2867 1274 3026 1337 φωνην
3061 1272 3318 1340 βοώντων
3351 1299 3368 1330 ι
3399 1282 3526 1338 Ἰδοὺ
3555 1287 3581 1339 ὁ

1984 1330 2126 1404 ἅγιος
2165 1334 2392 1401 Ἰωάννης
2433 1344 2460 1396 ὁ
2505 1345 2796 1414 βαπτιστὴς
2839 1363 2931 1410 τοῦ
2965 1369 3188 1438 Σωτῆρος
3231 1370 3369 1438 ἡμῶν
3411 1371 3576 1432 Ἰησοῦ

1981 1431 2205 1497 Χριστοῦ
2227 1430 2593 1491 ἀναδείκνυται.
2633 1457 2651 1490 t
2684 1445 2784 1497 Καί
2809 1446 2858 1499 ἐν
2883 1457 2955 1522 τῷ
2985 1452 3196 1510 ἑστάναι
3229 1483 3293 1530 με
3321 1469 3458 1538 πρὸς
3481 1478 3571 1530 τήν

1988 1534 2011 1538 γ-
2026 1536 2036 1538 μ
2159 1520 2188 1538 ο
2288 1526 2298 1538 ¹
2367 1525 2389 1538 λ
2408 1527 2418 1538 ⁵

3103 1645 3112 1692 ἶ
3151 1645 3288 1715 ἀφεὶς
3326 1655 3416 1706 τήν
3455 1655 3569 1708 θέαν

1973 1708 2062 1754 τοῦ
2089 1713 2356 1776 ποταμοῦ,
2399 1712 2622 1769 εἰσῆλθον
2657 1721 2882 1793 τρέχων,
2916 1730 2998 1779 καί
3035 1727 3189 1789 ἔστην
3217 1736 3266 1787 ἓν
3294 1739 3439 1813 άργῆ
3478 1753 3570 1798 τοῦ

2005 1792 2023 1814 π
2166 1798 2176 1811 ν
2376 1804 2384 1814 ι
2431 1798 2481 1814 ’⁸
2607 1811 2616 1814 -
2687 1809 2698 1814 ·

2691 1792 2694 1793 ,
3327 1792 3338 1813 ε
3365 1792 3437 1814 I-i'
3486 1792 3564 1798 "'

1975 1792 2237 1863 κλιμακίου
2256 1815 2268 1827 ·
2303 1804 2385 1854 καὶ
2407 1798 2537 1857 εἶδον
2559 1811 2648 1864 τὴν
2679 1809 2826 1881 ἁγίαν
2852 1817 3018 1870 αὑτῶν
3047 1821 3328 1894 ὑπηρεσίαν
3366 1839 3570 1903 γενομέ-

2091 1887 2102 1903 ν
2153 1891 2162 1903 ι
2235 1895 2243 1903 -
2411 1897 2420 1903 ·
2563 1901 2572 1903 “
2613 1899 2623 1903 ’
2803 1901 2812 1903 “

3155 1887 3164 1894 .
3373 1887 3386 1903 .
3482 1887 3486 1894 .
3524 1887 3538 1890 ν

1973 1907 2058 1943 νην
2082 1887 2164 1942 ἐπὶ
2187 1895 2275 1947 τήν
2300 1897 2470 1964 μονήν
2489 1901 2575 1951 καί
2603 1899 2767 1962 ἑστώς
2792 1901 2842 1959 ἔν
2865 1915 2936 1980 τῷ
2966 1913 3105 1985 αὐτῷ
3137 1916 3395 1991 κλιμακίῳ,
3422 1926 3534 1982 ἐθεα
3557 1957 3569 1967 ·

1973 1977 2142 2046 σάμην
2174 1977 2330 2042 αὖλάς
2359 1983 2470 2039 δύο’
2501 1992 2621 2057 μίμν
2648 1994 2740 2062 μέν
2762 1996 3154 2060 ἀποϐλέπουσαν
3183 2012 3251 2070 εἰς
3281 2010 3447 2073 δύσιν.
3472 2024 3563 2078 τήν

1970 2065 2024 2122 δὲ
2053 2067 2310 2135 ἄλληνβπί
2340 2082 2428 2135 τήν
2457 2086 2806 2159 μεσημϐρίαν
2858 2095 2942 2144 καί
2983 2096 3096 2148 ναὸν
3149 2103 3311 2172 μέγαν
3340 2107 3387 2159 ἐν
3419 2111 3559 2178 μέσω

2013 2163 2026 2176 .
2078 2172 2100 2179 _
2187 2163 2249 2179 ._
2521 2177 2526 2179 _

1967 2163 2153 2219 αὐτῶν.
2187 2163 2442 2226 Ἐκαστον
2471 2177 2640 2247 τάγμα
2663 2182 2804 2237 eia-isi
2831 2186 2900 2246 εἷς
2922 2193 3011 2247 τήν
3034 2191 3189 2252 αὐλὴν
3212 2201 3300 2254 τήν
3332 2201 3558 2258 ἀποϐλέ-

1965 2275 2167 2311 πουσαν
2195 2260 2266 2321 εἰς
2289 2258 2456 2328 δύσιν,
2486 2271 2571 2320 καὶ
2593 2273 2894 2345 προσεκύνει
2939 2280 3020 2335 ἐπὶ
3053 2283 3136 2338 τὸν
3163 2287 3302 2342 ναόν
3348 2297 3435 2347 καί
3473 2297 3556 2352 ἐπι

1961 2349 2051 2403 τήν
2071 2350 2416 2427 μεσημϐρινὴν
2447 2355 2624 2436 attalum
2653 2365 2737 2416 καί
2760 2381 3092 2446 παραχρῆμα
3119 2375 3389 2435 ἐπαύοντο.
3420 2387 3554 2440 Μετὰ

1957 2441 2008 2496 δὲ
2034 2446 2088 2497 τὸ
2114 2448 2418 2505 παύσασθαι
2456 2458 2527 2514 τὰ
2546 2459 2798 2530 τάγματα,
2829 2466 2989 2537 ἕτεροι
3019 2465 3191 2530 ἐϐόων,
3227 2472 3310 2523 καί
3339 2471 3530 2546 £7.qu-

2007 2529 2077 2546 .-α
2119 2535 2128 2546 .
2181 2533 2192 2546 .
2234 2533 2256 2546 ..
2385 2537 2396 2546 .
2483 2542 2490 2546 .

2646 2529 2649 2530 ,
2910 2529 2920 2537 .
3179 2529 3184 2530 γ
3429 2529 3444 2546 .
3467 2529 3477 2531 -

1961 2549 1978 2579 ι
2007 2529 2137 2585 Ἰδοὺ
2173 2533 2198 2588 ὁ
2224 2533 2366 2606 ἅγιος
2385 2537 2640 2602 Ἰωάννης.
2671 2563 2688 2594 ι
2728 2551 2816 2601 Καὶ
2847 2550 3126 2626 ἐθεασάμην
3149 2561 3300 2616 αὐτὸν
3331 2564 3415 2618 ἐπὶ
3444 2574 3532 2622 τοῦ

1951 2621 2215 2694 ὁραθέντος
2238 2648 2324 2696 μοι
2345 2638 2496 2685 ναοῦ·
2534 2637 2617 2688 καί
2646 2633 2716 2698 εἷς
2753 2640 2802 2703 ἐξ
2833 2639 3004 2706 δεξιῶν
3030 2650 3206 2712 αὐτοῦ,
3255 2659 3338 2709 καί
3367 2654 3438 2718 εἷς
3481 2661 3532 2725 ἐξ

1950 2717 2233 2786 εὐωνύμων.
2266 2726 2560 2794 Παραυτίκα
2581 2723 2666 2782 οὖν
2694 2729 2908 2799 ἤρξαντο
2938 2742 3004 2793 τὰ
3043 2739 3284 2814 τάγματα
3328 2750 3532 2806 άκολοΰυ

1949 2803 2046 2863 θως
2073 2807 2432 2882 εἰσερχὸμενα,
2466 2811 2535 2880 ἐν,
2566 2815 2635 2874 ἓν.
2682 2820 2990 2893 εὐλογεῖσθαι
3032 2803 3157 2903 παρ’
3194 2833 3366 2890 αὐτοῦ.
3405 2840 3530 2899 Πλη·

1947 2897 2201 2968 ρωθέντων
2249 2898 2304 2954 δὲ
2359 2910 2458 2957 τῶν
2504 2910 2800 2979 ταγμάτων,
2838 2915 3143 2990 ἐλογισάμην
3197 2927 3335 2997 κάγώ
3377 2931 3526 2991 αὐτὸς

1948 2987 2258 3054 προσελθεῖν,
2289 2995 2373 3045 καί
2397 2994 2719 3065 εὖλογηθῆναι
2742 3001 2866 3076 παρ’
2893 3002 3048 3060 αὑτοῦ
3083 3027 3094 3037 ·
3128 3015 3209 3065 καί
3237 3014 3528 3089 ἐσκεψάμην

1945 3079 2177 3134 εἰσελθεῖν
2207 3077 2292 3137 διά
2314 3090 2414 3138 τῶν
2443 3086 2628 3158 θυρῶν,
2658 3087 2723 3143 ὧν
2753 3089 2974 3152 εῗσῆλθον
2994 3101 3056 3152 τά
3083 3103 3335 3173 τάγματα.
3363 3110 3450 3162 Διὰ
3471 3113 3528 3165 τὸ

1944 3173 2016 3238 μή
2041 3171 2323 3227 θεάσασθαί
2349 3177 2410 3245 μέ
2432 3199 2543 3232 τινα
2565 3177 2716 3236 δόντα
2738 3184 2875 3258 αὐτῷ
2901 3191 3098 3260 εἰρήνην
3141 3197 3184 3247 εί
3230 3203 3300 3264 μή
3353 3201 3404 3253 ἐν
3449 3211 3524 3275 τῷ

1944 3263 2119 3320 στήθει
2177 3267 2361 3329 αὐτοῦ,
2410 3269 2508 3339 ἐγώ
2555 3268 2607 3325 δὲ
2659 3279 2944 3346 προσελθών
2994 3281 3133 3355 αὐτῷ
3172 3288 3527 3364 ὶπὲμπροσθεν

1941 3353 2072 3417 μετά
2095 3353 2248 3425 φίϐου
2279 3358 2362 3409 καί
2382 3360 2590 3431 τρόμου,
2619 3369 2756 3433 εχων
2778 3387 2876 3434 μου
2914 3375 3003 3428 τήν
3047 3353 3279 3445 κεραλήνί
3305 3353 3386 3435 ἐπὶ
3434 3390 3524 3441 τήν

1937 3447 2052 3510 γῆν,
2095 3443 2299 3513 ἡψάμην
2331 3447 2467 3517 αὐτῷ
2488 3457 2588 3504 τῶν
2613 3449 2797 3507 ποδῶν.
2822 3457 2978 3517 Αὐτὸς
3002 3457 3055 3514 δέ
3081 3443 3178 3530 μου
3218 3465 3381 3534 ἥψατο
3428 3477 3522 3523 ni}

1938 3535 2197 3604 πώγωνος,
2227 3540 2314 3590 καί
2349 3536 2493 3593 [δωκέ
2521 3563 2604 3610 μοι
2631 3546 2828 3617 εἰρήνην
2857 3550 2906 3602 ἐν
2935 3558 3005 3618 τῷ
3036 3551 3162 3623 ἁγίῳ
3190 3558 3350 3611 αὐτοῦ
3393 3564 3488 3618 στό
3506 3595 3522 3605 -

1938 3643 2062 3691 ματι
2086 3640 2100 3654 ⁸
2133 3630 2217 3679 καί
2240 3632 2479 3698 παραυτά
2509 3633 2732 3688 ἐκϐαλὼν
2755 3639 2808 3690 ἐκ
2828 3645 2916 3693 τοῦ
2941 3642 3127 3697 κόλπου
3155 3649 3309 3702 αὐτοῦ
3332 3659 3519 3716 σκεῦος

1933 3721 2081 3787 γέμον
2105 3719 2322 3787 μέλιτος,
2357 3721 2504 3776 ἔδωκέ
2529 3745 2633 3794 μοι,
2690 3727 2874 3800 λέγων’
2941 3752 2958 3784 t
2998 3737 3136 3793 Λάϐε
3177 3743 3372 3803 ταύτην
3428 3753 3517 3807 τήν

1934 3807 2184 3878 εὐλογίαν.
2219 3828 2238 3858 ι
2271 3815 2362 3865 Καί
2376 3813 2694 3888 ἐπορευόμην
2714 3823 2813 3894 πρὸ
2838 3826 2999 3879 αὐτοῦ
3023 3844 3036 3858 ⁸
3068 3834 3148 3885 καί
3173 3836 3349 3902 αυτὸς,
3375 3841 3516 3894 καἱοὶ

1932 3899 2044 3968 μετ’
2067 3901 2225 3956 αὐτοῦ
2254 3901 2550 3977 εἰσήλθομεν
2572 3908 2644 3971 εἰς
2671 3919 2762 3972 τήν
2796 3918 3043 3991 ἡμετέραν
3071 3928 3219 3991 μονήν
3252 3942 3264 3955 ⁶
3295 3932 3376 3982 καί
3405 3929 3515 3985 ἰδοὺ

1930 3992 2210 4062 ἐθεασάμην
2237 3998 2428 4053 στύλον
2459 4003 2625 4074 πυρὸς
2660 4006 2958 4080 προάγοντα
2987 4014 3156 4074 αὐτὸν,
3187 4027 3264 4072 καὶ
3299 4017 3515 4092 ἔμφοϐος

1929 4086 2194 4155 γενόμενος
2219 4087 2537 4152 διϋπνίσθην.
2583 4099 2718 4152 Μετὰ
2751 4097 2804 4153 δὲ
2837 4107 3004 4158 ταῦτα
3033 4113 3094 4177 τῇ
3155 4086 3381 4185 ἐσπέρά
3413 4121 3512 4168 τῶν

1927 4179 2082 4251 ἁγίων
2102 4193 2369 4249 νηστειῶν,
2394 4187 2510 4259 ἔφην
2527 4193 2658 4262 πρὸς
2687 4196 2803 4255 τοὺς
2844 4195 3078 4270 ἀδελφοὺς
3105 4217 3117 4230 ·
3157 4201 3242 4256 «Ὀ
3271 4205 3374 4260 καθ’
3426 4214 3514 4264 ἕνα

1928 4279 2061 4341 ὑμῶν
2093 4277 2178 4330 τὸν
2208 4277 2393 4332 ἑαυτοῦ
2427 4281 2624 4353 ψαλμὸν
2649 4283 3039 4360 δευτερωσάτω.
3069 4313 3084 4342 ι
3117 4295 3285 4349 Αὐτῶν
3312 4296 3364 4352 δὲ
3393 4305 3511 4354 καθ-

1927 4372 2138 4432 ημένων,
2181 4371 2266 4421 καὶ
2319 4367 2687 4445 δευτεροὺντων
2735 4381 2854 4440 τοὺς
2917 4381 3172 4452 ψαλμοὺς.
3223 4387 3247 4440 ὁ
3301 4388 3510 4464 ἁδελφὸς

1924 4453 2179 4518 Ἰσαάκιος
2203 4456 2290 4536 ἦρε
2313 4465 2429 4522 τούς
2470 4465 2745 4537 ὀφθαλμοὺς
2792 4471 2972 4534 αὐτοῦ,
2997 4477 3076 4526 καί
3119 4477 3362 4534 ἐθεάσατο
3403 4490 3507 4558 πῦρ

1923 4546 2184 4616 καιόμενον
2209 4550 2257 4601 ἐν
2275 4558 2384 4608 τοῖς
2404 4561 2572 4612 ναιοῖς
2600 4558 2722 4624 (sic)
2740 4567 2831 4618 τῆς
2857 4561 3062 4635 θυρίδος
3087 4573 3177 4619 τοῦ
3205 4566 3350 4638 ἁγίου
3375 4593 3508 4629 σπη-

1919 4635 2060 4690 λαίου
2093 4636 2224 4692 ὅπου
2253 4639 2310 4698 ἧν
2341 4643 2369 4699 ἡ
2398 4651 2586 4715 κορυφή
2624 4654 2712 4702 τοῦ
2733 4649 2876 4722 ἁγίου
2908 4651 3161 4707 Ἰωάννου.
3209 4656 3263 4711 Ὀ
3295 4658 3507 4734 ἀδελφὸς

1920 4725 2004 4783 οὖν
2034 4734 2342 4803 θεασάμενος
2369 4739 2632 4803 ἀνεϐόησε,
2665 4743 2818 4814 λέγων
2846 4761 2857 4773 ·
2903 4765 2918 4795 ι
2947 4753 3087 4821 [ti-pia
3144 4752 3266 4821 ἐμοῦ
3317 4762 3505 4831 πάτερ,

1919 4820 2028 4876 ἰδοὺ
2056 4829 2163 4898 πῦρ
2185 4829 2386 4881 καίεται
2411 4830 2460 4882 ἐν
2488 4839 2549 4905 τῇ
2575 4833 2741 4908 θυρίδι
2774 4843 2862 4890 τοῦ
2883 4840 3187 4896 σπηλαίου.»
3213 4847 3354 4916 Κάγώ
3376 4851 3504 4920 πρὸς

1916 4917 2068 4971 αὐτὸν
2096 4924 2212 4989 ἔφην
2248 4937 2258 4946 ⁸
2308 4939 2325 4971 ι
2368 4927 2443 4980 Μή
2474 4925 2654 4994 φοϐοῦ.
2693 4925 2887 5003 άδελφὲ,
2924 4932 3047 4986 ἀλλά
3090 4917 3502 5010 σφραγισάμενος

1917 5011 2217 5079 ἡσύχασον.
2261 5033 2277 5064 ε
2323 5013 2448 5087 Ἐγώ
2477 5015 2524 5072 δὲ
2553 5018 2700 5080 εἰδὼς
2731 5023 2789 5078 τὸ
2841 5030 3145 5101 μυστήριον,
3181 5031 3230 5083 ὲν
3269 5033 3500 5090 ἐκστάσει

1917 5101 2074 5176 πολλῇ
2091 5104 2346 5176 ἐγενόμην.

1987 5202 2084 5252 Καὶ
2118 5202 2185 5260 ὡς
2215 5203 2323 5271 μεθ’
2353 5209 2562 5280 ἡμέραν,
2594 5209 2644 5261 ἐν
2679 5218 2750 5280 τῷ
2791 5211 3037 5268 καθεύδειν
3065 5237 3127 5286 με
3183 5220 3230 5271 ἐν
3279 5228 3340 5294 τῇ
3369 5223 3496 5298 αὐτῇ

1915 5296 2077 5357 νυκτί,
2109 5298 2240 5362 μετὰ
2295 5299 2352 5354 ἡν
2381 5307 2479 5352 τῶν
2515 5303 2896 5376 νυκτοφυλάκων
2930 5307 3086 5380 ὥραν,
3143 5315 3224 5365 καί
3276 5313 3384 5368 ἰδοὺ
3427 5317 3493 5373 ὡς

1912 5388 2035 5461 χείρ
2059 5387 2323 5459 ἀνθρώπου
2355 5389 2495 5455 ἐνυξέ
2529 5414 2592 5464 με
2613 5399 2783 5470 τρίτον
2807 5400 2907 5452 άπὸ
2972 5409 3059 5456 τοῦ
3095 5402 3254 5469 δεξιοῦ
3285 5414 3489 5481 μξρους.

1915 5481 2002 5532 καί
2027 5478 2136 5534 ἰδιὺ
2160 5487 2290 5552 φωνὴ
2324 5486 2454 5559 πρὸς
2488 5495 2546 5556 μὲ
2584 5487 2834 5563 λέγουσα·
2871 5511 2888 5542 ι
2921 5492 3046 5549 Ἰδοὺ
3071 5478 3488 5570 ἐδωρήθη-ύμῖν.

1915 5567 1965 5623 Ἀ
1978 5573 2162 5631 ιαστάς
2190 5575 2421 5646 εὑρήσεις
2444 5578 2639 5654 ἀστέρα
2685 5587 3002 5654 προηγοῦντά
3029 5606 3108 5638 σε.
3137 5590 3230 5639 Καὶ
3264 5585 3393 5664 ὅπου
3426 5585 3489 5644 άν

1915 5663 2241 5736 καταπαυθῇ.
2267 5665 2602 5735 ἐκεῑσκάψον,
2632 5672 2714 5722 καί
2735 5671 2966 5745 εὑρήσεις
2990 5693 3073 5741 με.
3099 5691 3117 5724 ε
3148 5673 3269 5744 ἐγώ
3296 5673 3489 5746 δὲμετά

1917 5752 2072 5822 φόϐου
2097 5754 2302 5822 ἐξῆλθον,
2348 5761 2432 5810 καί
2460 5755 2587 5812 εἶδον
2618 5762 2809 5838 άστίρα
2830 5764 2992 5837 πυρὸς
3033 5764 3230 5824 ἑστῶτα
3265 5769 3346 5826 ἐπί
3398 5783 3489 5830 τήν

2963 5927 3074 6034 ἰιι
