3964 6340
370 413 383 428 .
426 367 531 422 427

1761 353 2114 413 DIONYSIUS
2153 320 2475 412 exrcitos.

3606 349 3712 405 428

382 458 614 545 ⁵Ϊιιίῐιιιιὶι.
648 496 743 540 vas
771 495 941 552 ipsum
969 478 1142 534 mellis
1165 492 1327 548 super
1352 492 1540 531 manus
1572 490 1737 540 meas,
1768 485 1822 530 ct
1861 474 2026 527 inter—

2143 471 2292 545 ὶὺραν
2317 466 2378 525 οὗ
2407 470 2558 541 ἥμην.
2590 472 2675 526 Καὶ
2695 467 2913 543 ἔμφοϐος
2941 470 3227 542 γενόμενος,
3253 473 3536 547 ἐσφράγισα
3566 486 3730 547 ἔμαυ-
3788 486 3799 492 ’

408 562 613 645 ’τοεδνὶ
660 588 781 627 eum
812 571 994 626 dicens
1024 587 1037 621 :
1076 587 1094 620 ι
1133 568 1358 623 Domine
1386 575 1572 622 sancte
1597 565 1855 634 Joannes,
1886 564 2029 619 unde

430 664 501 718 ad
532 681 633 723 nos
657 663 885 722 venisti?
913 682 932 716 ι
968 662 1070 730 Qui
1100 660 1413 731 respondit:
1444 680 1462 713 ι
1493 660 1567 715 De
1594 659 1822 715 Sebastc
1845 658 2020 713 veni.»

442 755 697 818 Praztbam
726 753 885 822 igitur
912 767 1055 819 eum,
1084 760 1140 807 et
1170 759 1278 805 tam
1320 750 1435 820 ipse
1477 764 1639 818 quam
1674 749 1764 820 qui
1801 764 1921 803 cum
1962 763 2029 802 eo

438 844 826 915 erantingressi
842 851 968 899 sunt
989 842 1040 896 in
1066 840 1453 897 monasterium
1478 848 1742 905 nostrum,
1757 848 1812 894 et
1833 838 2027 892 iterum

438 951 532 991 vas
562 935 737 990 mellis
772 933 905 989 fudit
929 948 1094 1003 super
1119 948 1309 987 manus
1339 947 1507 987 meas.
1539 931 1781 999 Cumque
1807 943 1911 999 ego
1936 928 2032 984 dc-

438 1026 681 1081 tulissem
719 1023 1148 1079 benedictionem
1197 1023 1313 1093 ejus
1364 1022 1431 1077 ad
1478 1022 1755 1092 superiora
1795 1021 2031 1086 triclinii,

440 1113 555 1185 ipse
583 1114 804 1169 intravit
842 1114 894 1168 in
932 1113 1260 1176 oratorium;
1292 1120 1350 1168 et
1387 1127 1510 1168 eum
1539 1111 1935 1168 descendissem
1966 1112 2035 1167 ad

440 1206 735 1261 oratorium
771 1205 861 1260 ubi
899 1212 1033 1269 erat,
1062 1218 1192 1260 ecce
1218 1204 1375 1258 video
1405 1203 1714 1259 columnam
1743 1203 1879 1272 ignis
1912 1212 2036 1258 ante

442 1310 585 1349 eum.
647 1292 713 1347 Et
769 1293 932 1347 nimio
984 1308 1185 1363 pavore
1229 1298 1536 1360 correptus,
1584 1284 1852 1345 excitatus
1898 1306 2035 1347 sunt.

442 1386 569 1441 l’ost
597 1385 713 1440 hmo
750 1391 952 1451 autem,
981 1384 1293 1457 priusquam
1328 1382 1485 1437 nobis
1528 1383 1724 1437 ostium
1766 1390 2038 1438 monaste-

443 1464 538 1535 rii.
564 1480 653 1536 ubi
698 1488 815 1535 erat
866 1488 1111 1535 sanctum
1172 1478 1476 1549 depositum
1533 1478 1689 1534 nobis
1735 1476 2039 1533 traderetur

444 1571 498 1626 in
549 1570 752 1627 sanctis
791 1570 1119 1641 jejuniorum
1169 1569 1387 1636 diebus,
1443 1569 1531 1624 ubi
1585 1570 1764 1624 cibum
1815 1582 2040 1638 vespere

442 1663 790 1733 sumpsimus,
820 1671 876 1717 et
912 1662 1022 1717 dixi
1068 1661 1137 1717 ad
1170 1663 1361 1718 fratres
1398 1670 1631 1724 nostros,
1663 1658 2041 1729 Unusquisque

444 1760 684 1808 vestrum
713 1752 951 1823 psalmos
979 1766 1106 1806 suos
1132 1754 1329 1807 iterare
1355 1767 1464 1806 non
1495 1749 1749 1820 negligat.
1777 1747 1846 1803 Et
1872 1748 2038 1804 relin-

2130 565 2238 619 τόν.
2284 566 2384 619 Καί
2434 563 2539 620 ida":
2580 572 2855 640 προηγεῖτο
2903 562 2930 618 ό
2974 564 3123 623 αὐτὸς
3153 566 3337 642 ἀστήρ,
3380 568 3464 620 καί
3508 569 3735 625 sicinio-ru

2132 656 2413 712 ἀκολουθῶν
2441 658 2602 728 αὑτῷ,
2645 657 2837 729 μέχρις
2860 650 2921 707 οὗ
2967 651 3098 712 ἔστη
3141 656 3227 708 ἐπὶ
3254 664 3345 715 τῆς
3390 656 3590 726 κόγχης
3634 666 3732 711 τοῦ

2132 748 2404 813 σπηλαίου,
2431 746 2489 802 οὗ
2514 745 2572 807 ἦν
2599 749 2629 806 ἡ
2658 747 2779 819 ἁγία
2809 752 2996 820 κορυφὴ
3032 754 3123 799 τοι)
3153 745 3446 824 Προόρόμου
3474 753 3557 802 καί
3589 758 3735 805 Βαττ-

2134 847 2310 895 τιστοῦ
2342 836 2592 893 Ἰωάννου.
2617 837 2740 910 Ἐγώ
2769 836 2822 892 δέ
2861 845 3027 893 ταῦτα
3064 841 3237 894 πάντα
3266 842 3590 914 ϐιασάμενος.
3621 868 3735 900 πα-

2135 939 2386 1006 ραχρῆμα
2414 930 2775 1005 προσεκύνησα
2799 936 2871 998 τῷ
2903 936 3097 1004 Κυριῷ,
3126 933 3299 984 πεσὼν
3328 933 3413 984 ἐπὶ
3441 932 3623 986 κοιλίη
3648 937 3736 989 ἐπὶ

2134 1023 2318 1083 πολλάς
2349 1023 2487 1098 ὧρας
2504 1038 2516 1049 ⁸
2540 1021 2707 1074 λαϐὼν
2733 1018 2786 1074 ὁὶ
2811 1022 3063 1091 θυμίαμα,
3087 1024 3168 1075 καί
3189 1022 3377 1092 βαλὼν,
3408 1021 3629 1093 δεόμενος
3649 1040 3734 1082 καί

2137 1112 2462 1186 παρακαλῶν,
2484 1116 2744 1186 κρατοόσας
2774 1112 2972 1187 ὀρὺγιον
2992 1114 3213 1188 ἠρξάμην
3240 1122 3501 1169 σκάπτειν.
3531 1119 3619 1169 Καί
3649 1113 3739 1169 εὖ·

2136 1227 2225 1280 ρον
2256 1208 2334 1261 τὸν
2358 1206 2512 1261 τόπον
2554 1202 2929 1278 ᾠκοδομημένον
2969 1206 3073 1260 άπὸ
3113 1204 3306 1279 δαρτῆς
3343 1207 3620 1267 ἁσδέστου,
3647 1214 3742 1265 καὶ

2137 1297 2605 1362 πενταπαλαίστου,
2632 1300 2717 1351 καί
2753 1293 2873 1351 ὅσον
2899 1298 2997 1369 ἐγὼ
3030 1294 3302 1359 ἔσκαπτον,
3343 1294 3479 1368 ἦχος
3502 1301 3586 1351 καί
3609 1304 3740 1352 τιτὺ-

2138 1408 2234 1447 πος
2263 1384 2537 1442 ἀπεδίδοτο
2562 1387 2740 1459 μέγας,
2773 1388 2842 1447 ὡς
2862 1387 2963 1440 ἀπὸ
2987 1384 3187 1461 ὑδρίας.

2213 1480 2311 1529 Καί
2337 1476 2466 1548 μετά
2485 1476 2543 1532 τὸ
2572 1475 2771 1545 σκάψαι
2797 1495 2882 1545 με,
2928 1478 3012 1530 καί
3061 1476 3311 1530 καθιλθείν
3335 1473 3447 1530 ἴσον
3488 1483 3578 1531 τοῦ
3617 1476 3739 1533 ἐδά-

2140 1588 2283 1635 φους,
2316 1563 2460 1643 εὖρον
2496 1568 2842 1637 ἐκκεχυμένον
2883 1568 2952 1627 ὡς
2989 1562 3156 1637 ἄμμον
3181 1567 3431 1638 χαλκοῦν.
3466 1573 3552 1623 Καὶ
3601 1573 3738 1640 μετὰ

2141 1665 2309 1713 ταῦτα
2332 1660 2503 1729 καμὼν
2530 1658 2688 1713 πολλὰ
2714 1657 2855 1728 μόλις
2877 1656 3114 1717 ἐδυνήθην
3135 1667 3489 1734 ἀποχωρῆσαι
3514 1665 3604 1719 τὴν
3625 1660 3739 1733 ἅμα·

2142 1768 2254 1816 μον.
2276 1750 2369 1803 Καὶ
2395 1748 2527 1817 μετὰ
2552 1752 2722 1802 ταῦτα
2749 1747 2913 1811 ἐξῆλθε
2951 1750 3046 1802 σὺν
3083 1755 3148 1822 τῇ
3190 1745 3344 1820 ἅμμῳ
3371 1752 3582 1825 κεραμὶς
3616 1752 3738 1821 μία.

445 1851 676 1911 quentes
724 1858 809 1897 me
855 1843 907 1897 in
957 1842 1228 1908 triclinio,
1270 1841 1668 1897 descenderunt
1715 1840 1783 1895 ad
1830 1841 2036 1895 initium

2144 1844 2237 1894 Καὶ
2261 1841 2500 1897 ὑποκάτω
2545 1848 2639 1903 τῆς
2684 1840 2965 1916 κεραμίδος,
3008 1839 3141 1903 πλάξ
3169 1841 3468 1915 μαρμάρου.
3505 1845 3596 1896 ttai
3622 1862 3741 1916 γρε-

444 1933 603 1988 scala:
638 1948 759 2004 qua:
796 1932 861 1987 ad
899 1941 1126 2002 utraque
1172 1931 1496 1987 monasteria
1525 1929 1762 2000 respicit.
1794 1927 2038 1999 Cumque

444 2023 816 2079 consedissent
854 2031 916 2078 ut
955 2024 1214 2079 iterarent
1250 2021 1508 2092 psalmos,
1541 2020 1608 2075 ad
1647 2018 1926 2075 dexteram
1961 2020 2039 2075 le~

444 2131 580 2172 vans
608 2116 795 2171 oculos
838 2131 967 2171 suos
996 2115 1162 2169 frater
1201 2113 1419 2171 lsaacus
1458 2113 1634 2182 ignem
1675 2110 1807 2166 vidit
1847 2110 2038 2166 ardere

446 2208 500 2261 in
530 2206 726 2262 tabulis
754 2207 877 2261 ostii
916 2206 1185 2276 spelunca:
1223 2205 1314 2260 ubi
1342 2211 1460 2260 erat
1488 2203 1849 2259 venerandum
1878 2210 2039 2273 caput

444 2298 617 2355 sancti
645 2296 869 2353 Joannis
908 2296 1160 2367 Baptista:
1199 2295 1515 2366 repositum.
1546 2294 1701 2361 Quod
1731 2309 1852 2350 cum
1882 2294 2038 2349 vidis«

445 2396 532 2445 set
564 2388 745 2453 frater,
769 2387 1089 2442 exclamavit
1116 2393 1171 2441 et
1196 2386 1331 2440 dixit
1356 2404 1368 2439 :
1401 2405 1419 2438 ι
1451 2385 1677 2441 Domine
1701 2386 1795 2451 mi,
1820 2384 2039 2441 domine

446 2480 547 2550 mi,
584 2480 637 2535 in
682 2479 823 2535 ostio
863 2478 1135 2549 spelunca:
1184 2478 1321 2546 ignis
1362 2492 1619 2532 accensus
1647 2484 1748 2532 est.
1787 2495 1805 2528 ι
1841 2474 1907 2530 Ει
1937 2489 2039 2545 ego

444 2571 700 2642 respondi
727 2588 740 2626 :
774 2590 792 2622 ι
826 2570 903 2625 Ne
933 2571 1142 2636 timeas,
1177 2568 1366 2639 frater,
1392 2569 1488 2626 sed
1517 2570 1762 2625 muniens
1793 2577 1845 2624 te
1868 2569 2039 2639 signa-

444 2661 569 2718 culo
598 2659 816 2726 Christi,
846 2662 1039 2716 ibidem
1070 2676 1375 2732 persevera.
1416 2679 1435 2713 ι
1471 2660 1689 2717 Fratres
1715 2670 1899 2717 autem
1928 2676 2039 2732 pne

448 2756 647 2811 timore
692 2744 1007 2811 claudentes
1056 2756 1271 2820 ostium,
1304 2756 1371 2810 ad
1408 2770 1495 2811 me
1529 2757 1729 2812 conciti
1770 2773 2036 2828 pervene-

445 2857 590 2903 runt.
622 2846 738 2917 Ego
766 2862 896 2904 vero
940 2847 1253 2919 mysterium
1283 2862 1681 2917 recognoscens
1712 2864 1777 2904 ex
1820 2850 2039 2905 visioni-

440 2939 548 2994 bus
569 2937 701 2993 mihi
729 2946 855 2993 ante
881 2939 1213 3003 monstratis,
1239 2937 1349 2994 dixi
1380 2938 1445 2995 ad
1468 2954 1562 2995 eos
1588 2957 1601 2993 :
1631 2957 1650 2991 ι
1679 2939 1758 2996 Ne
1784 2940 2034 3005 timeatis,

446 3030 642 3085 fratres
669 3014 797 3095 mei,
824 3029 949 3098 quia
979 3028 1083 3085 hoc
1120 3030 1275 3084 nobis
1314 3045 1631 3101 prosperum
1666 3028 1828 3086 faciet
1855 3030 2038 3085 Domi-

446 3141 569 3183 nus.
600 3146 619 3180 ι
650 3126 777 3183 Post
801 3128 914 3184 dies
940 3136 1120 3184 autem
1141 3128 1379 3199 quinque
1403 3129 1706 3186 Maxentius
1734 3138 1790 3185 et
1817 3128 2038 3201 Stepha-

2142 1934 2316 2002 μάσας
2337 1938 2427 1992 τὴν
2445 1933 2633 1994 πλάκα,
2659 1929 2807 2003 εὗρον
2832 1938 2920 1992 τήν
2954 1931 3153 2004 ὑδρίαν.
3184 1938 3272 1989 Καὶ
3293 1938 3425 2005 μετὰ
3460 1937 3615 2009 φόϐου
3655 1940 3737 1993 καί

2140 2025 2330 2099 τρόμου
2362 2025 2543 2086 εὐθέως
2580 2025 2746 2079 λαϐὼν
2770 2026 2959 2095 λύχνον
2980 2029 3062 2080 καί
3090 2028 3340 2099 θυμίαμα,
3382 2032 3467 2083 καί
3506 2050 3738 2102 προσκυ-

2140 2119 2295 2175 νήσας
2322 2115 2488 2177 πάλιν,
2517 2116 2648 2187 μετά
2673 2122 2840 2171 ταῦτα
2866 2116 3097 2186 ἐκάλυψα
3127 2123 3215 2176 τήν
3238 2119 3390 2178 αὑτήν
3414 2117 3610 2192 ὑδρίαν.
3643 2116 3739 2177 καί

2139 2208 2387 2281 παραυτά
2414 2212 2740 2283 παρεγίνοντο
2762 2207 2888 2282 πρὸς
2910 2209 3044 2278 ἡμᾶς
3070 2210 3114 2262 οἱ
3140 2213 3258 2284 περὶ
3283 2210 3368 2264 τόν
3395 2210 3741 2288 ἀρχιμανδρί·

2140 2321 2231 2357 την
2257 2302 2343 2353 καί
2370 2298 2591 2355 διάκονον
2646 2298 2919 2355 Γεννάδιον.
2964 2302 3063 2354 Καί
3093 2305 3373 2372 συντυχὼν
3400 2324 3485 2371 μοι
3521 2302 3605 2356 ἐπὶ
3638 2306 3739 2357 θὺ-

2139 2410 2234 2462 ραν
2273 2396 2363 2445 τοῦ
2394 2391 2643 2448 σπηλαίου
2664 2430 2680 2456 ,
2711 2386 2823 2445 εἶπέ
2849 2412 2935 2462 μοι
2963 2408 2975 2421 ’
3011 2408 3029 2440 t
3069 2398 3247 2466 Δεῦρο,
3289 2394 3586 2465 εἰσέλθωμεν
3625 2394 3738 2450 ἔσω

2141 2483 2427 2555 ἀμφότεροι.
2444 2499 2463 2534 t
2491 2485 2576 2537 καί
2602 2484 2731 2554 μετὰ
2756 2484 2815 2539 τό
2846 2481 3106 2547 εὖξατθαι,
3136 2483 3290 2540 ἴδωκέ
3311 2508 3397 2557 μοι
3419 2491 3501 2542 τὸν
3525 2490 3739 2545 ἀσπασ-

2140 2574 2234 2642 μὸν
2258 2576 2339 2627 καί
2368 2569 2479 2627 εἷπέ
2504 2594 2592 2643 μοι
2619 2589 2633 2603 ⁸
2669 2591 2687 2623 ι
2722 2570 2928 2649 Ὀραμα
2962 2570 3091 2629 εἶδον
3123 2576 3306 2641 ἐκεῖσε,
3350 2581 3419 2637 ὡς
3446 2577 3522 2634 ὅτι
3561 2580 3659 2653 ἐγὼ
3679 2603 3736 2638 τε

2141 2667 2223 2718 καί
2251 2667 2315 2718 σὺ
2340 2664 2622 2735 ἑστήκαμεν
2655 2667 2707 2718 ἐν
2743 2673 2817 2737 τῷ
2860 2665 3071 2720 ἐνταῦθα
3114 2668 3372 2739 σπηλαίῳ,
3401 2674 3483 2724 καί
3501 2712 3514 2736 ,
3544 2675 3697 2743 φησίν
3719 2715 3736 2739 ,

2142 2752 2307 2831 ἄρτων
2334 2756 2515 2815 πλῆθος
2542 2757 2774 2811 ἀπέκειτο
2805 2756 2851 2809 ἐν
2877 2764 2949 2826 τῷ
2986 2758 3202 2812 ἐνταῦθα
3231 2760 3466 2832 σπηλαίῳ
3496 2764 3740 2836 καθαρῶν

2142 2856 2205 2908 ὡς
2233 2848 2258 2903 ό
2284 2849 2439 2909 ἥλιος.
2490 2851 2582 2905 Καί
2626 2853 2763 2927 μερὶς
2812 2851 2976 2904 ἐπάνω
3025 2852 3207 2904 αὐτῶν.
3256 2856 3343 2906 Καὶ
3374 2852 3482 2908 ἰδοὺ
3515 2852 3739 2927 divam.-

2141 2942 2334 2995 πολλῶν
2364 2943 2638 3012 ἀνθρώπων
2668 2944 3055 3014 κατερχομένων
3100 2944 3147 2996 ἐν
3194 2952 3267 3016 τῷ
3307 2946 3444 3017 αὑτῷ
3492 2947 3736 3018 σπηλαίῳ

2142 3036 2227 3087 καί
2251 3032 2526 3103 ἐλάμϐανον
2554 3032 2675 3107 παρ’
2702 3035 2838 3105 ἡμῶν
2865 3035 2967 3087 άπὸ
3010 3041 3109 3087 τῶν
3140 3039 3511 3110 προειρημένων
3538 3034 3735 3112 ὖρτων.

2143 3126 2245 3177 Καί
2275 3124 2436 3184 οὕτως
2463 3125 2552 3177 οὐκ
2586 3124 2841 3196 ἐξέλειψαν
2860 3165 2874 3188 ,
2915 3128 2999 3179 καί
3036 3126 3080 3180 οί
3106 3123 3356 3204 ἅνθρωποι
3394 3129 3737 3200 λαμϐάνοντες

447 3239 551 3280 ttus
587 3225 923 3280 venerabiles
948 3226 1249 3297 presbyteri
1277 3226 1731 3292 archimandritas,
1762 3229 2036 3285 venientes

2145 3217 2233 3270 οὐκ
2262 3216 2581 3279 ἐπαύσαντο,
2610 3218 2697 3269 καί
2725 3217 2863 3285 ἡμῶν
2904 3217 3212 3274 ἡττηθέντων
3245 3220 3347 3273 ἀπὸ
3395 3227 3494 3273 τῶν
3534 3222 3740 3278 πολλῶν

447 3316 515 3371 ad
558 3323 805 3372 sanctum
847 3317 1160 3386 episcopum
1197 3317 1469 3373 dominico
1506 3317 1594 3373 die
1635 3333 1881 3389 vespere,
1912 3333 2041 3389 sug-

446 3414 729 3475 gesseruut
770 3406 821 3463 ei
870 3408 1052 3462 omnia
1091 3407 1158 3463 de
1203 3409 1317 3478 ipsa
1372 3409 1660 3479 spelunca,
1700 3425 1820 3480 qua:
1860 3412 2042 3467 cohae-

447 3499 602 3555 rebat
648 3499 976 3555 monasterio
1025 3508 1231 3565 nostro,
1276 3508 1335 3555 ut
1371 3511 1659 3569 utrumque
1686 3504 1886 3573 pariter
1913 3504 2042 3574 jun-

446 3599 692 3659 geretur;
752 3589 1019 3660 iussitque
1068 3592 1171 3669 boc
1219 3591 1506 3663 episcopus
1558 3592 1692 3649 ﬁeri.
1763 3594 1863 3651 Cui
1910 3596 2045 3650 dixit

446 3678 757 3750 Stephanus
796 3681 1121 3752 presbyter:
1174 3700 1192 3734 ι
1245 3681 1325 3738 Ex
1371 3692 1642 3755 prtecepto
1687 3694 1875 3741 nostro
1924 3701 2045 3742 cras

448 3779 660 3827 mature
697 3774 851 3828 trado
885 3775 1196 3844 speluncam
1234 3776 1387 3831 fratri
1432 3776 1704 3835 Marcello.
1742 3799 1761 3831 ›
1794 3778 1861 3833 Et
1887 3796 2046 3837 mane

448 3864 770 3930 perveniens
811 3864 1033 3919 tradidit
1076 3866 1233 3922 nobis
1284 3867 1461 3937 ipsum
1508 3870 1895 3925 monasterium
1944 3871 2045 3924 sub

448 3954 729 4021 prasentia
772 3955 1215 4025 presbyterorum
1260 3955 1504 4024 Palladii,
1550 3958 1714 4025 Petri,
1755 3958 2043 4025 Gennadii,

448 4051 506 4095 et
530 4041 825 4111 Stephani,
853 4044 1287 4099 archimandritas
1314 4048 1628 4102 monasterii
1665 4047 2044 4117 Bethgalorum

449 4132 567 4205 [al.,
584 4132 1039 4205 Bethgaalorum].
1059 4133 1125 4188 Et
1138 4136 1388 4205 aperiens
1399 4138 1596 4192 ostium
1608 4139 1753 4208 quod
1764 4142 2047 4197 eratobse-

448 4234 644 4291 ratum,
672 4226 831 4281 simul
872 4227 1097 4295 ingressi
1133 4243 1318 4284 sumus
1365 4236 1421 4284 et
1461 4229 1803 4287 adoravimus
1846 4233 2047 4305 [oravi-

447 4316 609 4389 mus].
647 4315 847 4372 Videns
892 4325 1074 4372 autem
1123 4318 1303 4374 locum
1352 4321 1513 4377 nimis
1552 4336 1673 4377 esse
1716 4323 2041 4392 neglectum,

446 4407 782 4462 commonuit
810 4415 868 4461 ut
891 4406 1220 4475 diligentiam
1253 4410 1421 4479 ipsius
1449 4409 1793 4467 haberemus.
1822 4411 1888 4467 Et
1919 4430 2045 4484 pro-

445 4500 615 4556 fectus
653 4512 739 4555 est
779 4501 919 4556 idem
964 4500 1273 4571 Stephanus
1317 4504 1623 4575 presbyter,
1662 4505 1730 4559 ad
1778 4506 2041 4562 visitanda

2146 3303 2335 3376 ὄχλων,
2364 3305 2577 3380 ἤρξαντο
2598 3307 2641 3360 οἱ
2661 3303 2804 3381 ἄρτοι
2833 3308 3068 3361 πέτεσθαι
3097 3311 3180 3362 ἐπί
3204 3311 3295 3371 τὰς
3316 3313 3455 3382 ἡμῶν
3482 3323 3731 3388 χεῖρας.»

2146 3403 2238 3454 Καί
2289 3402 2417 3469 μετά
2462 3401 2521 3454 τὸ
2569 3397 2908 3468 διηγήσασθαι
2953 3400 3105 3455 αὑτὸν
3147 3407 3237 3461 τήν
3285 3402 3464 3477 ὅρασιν
3502 3408 3693 3473 ταὺτςν
3717 3449 3733 3472 ,

2148 3493 2290 3567 ἔφην’
2326 3512 2345 3545 t
2384 3492 2537 3548 Καλόν
2565 3513 2659 3548 σου
2687 3496 2744 3547 τὸ
2774 3492 2961 3568 ὅραμα.
2998 3512 3015 3545 t
3054 3498 3141 3549 καί
3167 3494 3499 3569 λογισάμενος
3522 3540 3536 3564 ,
3566 3497 3733 3564 εἶπον,

2154 3604 2171 3633 t
2204 3588 2263 3639 Τί
2290 3585 2426 3639 τελεῖ
2445 3591 2595 3639 τοῦτο
2623 3586 2682 3639 τὸ
2712 3583 2899 3661 ὅραμα;
2934 3603 2952 3635 ι
2982 3588 3071 3639 Καί
3115 3588 3265 3643 πάλιν
3286 3589 3637 3663 λογισάμενος,
3666 3588 3740 3646 εἷ-

2147 3697 2264 3741 πον,
2300 3694 2318 3725 t
2347 3672 2463 3730 Ὀτι
2491 3677 2546 3729 ἐκ
2578 3682 2668 3730 τοῦ
2699 3681 2827 3729 Θεοῦ
2868 3678 2984 3732 ἐστι
3025 3683 3178 3733 τοῦτο
3230 3682 3288 3735 τό
3344 3679 3534 3755 ὅραμα.
3577 3700 3596 3733 t
3636 3688 3741 3739 Καί

2146 3770 2299 3838 γνοὺς
2333 3764 2412 3823 ὅτι
2438 3769 2492 3820 ἐκ
2513 3772 2607 3821 τοῦ
2641 3773 2768 3821 Θεοῦ
2797 3770 3071 3842 ὑπάρχει,
3127 3769 3432 3842 cinnami-,3“
3473 3774 3607 3843 αὖτῷ
3645 3781 3742 3835 τὸν

2147 3858 2431 3929 ἐπιφάνειαν
2466 3862 2557 3911 τοῦ
2606 3855 2752 3929 ἁγίου
2778 3854 3029 3913 Ἰωάννου.
3084 3863 3174 3913 Καί
3222 3865 3466 3932 παραυτά
3512 3865 3743 3927 ἀκοῦσαί

2148 3946 2311 4008 ἕννεὸς
2342 3946 2532 4019 ἔμεινε.
2563 3952 2651 4001 Καὶ
2670 3949 2855 4021 ἤρξατο
2875 3948 3208 4022 παρακαλεῖν,
3238 3969 3256 4002 t
3290 3959 3384 4006 Ποῦ
3416 3954 3553 4010 ἐστιν
3596 3955 3624 4009 ὁ
3653 3954 3745 4012 τό-

2150 4056 2273 4105 πος;
2314 4058 2332 4090 ι
2369 4038 2498 4110 Ἐγὼ
2537 4037 2591 4094 δὲ
2628 4050 2959 4117 παραχρῆμα
2989 4041 3229 4107 ὑπέδειξα
3274 4047 3431 4118 αὑτῷ.
3481 4052 3568 4103 Καὶ
3609 4052 3746 4119 μετὰ

2148 4137 2316 4186 ταῦτα
2344 4132 2602 4203 ἐξήλθομεν
2640 4133 2933 4208 ἀμφότεροι,
2965 4136 3050 4188 καί
3088 4134 3374 4209 ἐλογιζόμην
3402 4142 3453 4193 τί
3487 4142 3748 4213 ὀφείλομεν

2148 4234 2383 4284 ποιῆσαι.
2418 4230 2507 4281 Καὶ
2534 4228 2802 4284 ἐσκόπησα
2841 4227 3087 4303 πρότερον
3116 4230 3343 4284 ἀπελθεῖν
3366 4275 3379 4296 ,
3422 4237 3505 4287 καί
3540 4236 3749 4289 ἀποκα-

2149 4316 2306 4388 λύψαι
2335 4326 2407 4391 τῷ
2437 4320 2609 4392 πλπία
2628 4320 2877 4387 Στεφάνω,
2911 4326 2983 4390 τῷ
3014 4320 3396 4395 άρχιμανδρίτη
3444 4329 3535 4377 τοῦ
3566 4336 3744 4400 Λαρω-

2149 4416 2287 4480 μίου,
2314 4413 2394 4465 ἶνα
2415 4412 2563 4471 αὑτός
2600 4414 2826 4484 γνωρίσῃ
2862 4419 2934 4479 τῷ
2966 4410 3250 4485 ἐπισκόπῳ.
3300 4416 3387 4467 lteri
3440 4416 3750 4479 ἀπελθόντες

2150 4504 2200 4561 ἔν
2220 4514 2293 4577 τῷ
2323 4508 2636 4580 μοναστηρίῳ
2664 4507 2833 4567 αὐτοῦ,
2866 4510 2957 4558 οὐκ
2980 4505 3191 4577 εὕρομεν
3219 4507 3369 4560 αὑτὸν
3391 4505 3475 4561 διὰ
3502 4508 3557 4561 τὸ
3586 4510 3752 4563 άπελ·

449 4594 775 4651 tuonasteria
801 4608 923 4664 qua:
948 4602 1103 4649 erant
1130 4595 1183 4649 in
1214 4596 1409 4651 villulis
1435 4598 1749 4652 constituta.
1775 4597 1889 4669 Ego
1913 4615 2036 4654 vero

2145 4600 2242 4651 θεῖν
2268 4598 2415 4651 αὑτόν
2443 4597 2492 4649 ἐν
2522 4604 2633 4656 τοῖς
2678 4597 2979 4670 ἐπιχωρίοις
3026 4600 3405 4672 μοναστηρίοις.
3452 4602 3538 4651 Καί
3578 4601 3628 4652 ἐν
3668 4609 3750 4673 τῷ

450 4686 751 4755 Marcellus,
784 4702 1063 4743 assumens
1098 4686 1313 4757 fratres,
1361 4690 1501 4759 cmpi
1544 4689 1877 4760 diligentiam
1924 4708 2042 4747 mo-

444 4776 684 4832 nasterio
702 4777 847 4845 quod
858 4778 1019 4833 nobis
1037 4777 1219 4832 datqu
1241 4778 1420 4835 fuerat
1434 4780 1745 4850 impendere
1770 4782 1892 4855 [al.,
1914 4781 2038 4836 dili-

445 4874 637 4936 genter
679 4867 1033 4938 impendere].
1082 4869 1325 4938 Dumque
1374 4870 1493 4927 loca
1539 4871 1652 4941 ipsa
1697 4871 2034 4936 mundamus,

448 4958 668 5012 veniens
679 4956 887 5023 Petrus,
902 4961 1183 5031 presbyter
1203 4961 1308 5015 loci
1336 4961 1740 5031 Betltmamatis,
1771 4963 1844 5016 ait
1869 4964 2033 5017 mihi:

452 5070 470 5098 c
506 5046 829 5118 Stephanus,
871 5051 1283 5105 areltimandrita
1323 5051 1754 5119 Bethgaalorttm,
1786 5063 2039 5124 precatu:

445 5152 503 5194 nt
548 5152 771 5211 propter
800 5143 1080 5197 Dominum
1130 5140 1407 5202 nobiscum
1438 5149 1621 5204 venias
1656 5149 1723 5205 ad
1753 5160 2042 5207 monaste~~

442 5231 587 5287 rium
632 5232 776 5287 beati
816 5231 1062 5288 Carterii.
1103 5254 1121 5286 ι
1164 5235 1229 5290 Et
1273 5238 1524 5307 respondi
1570 5256 1657 5295 me
1696 5243 1882 5298 venire
1925 5260 2027 5304 net.

442 5336 627 5393 posse,
653 5323 778 5393 quia
809 5323 1137 5392 diligentiam
1180 5326 1303 5382 loco
1348 5328 1478 5383 mihi
1513 5330 1801 5387 commisso
1830 5333 2021 5403 depen.

454 5418 625 5473 lerem
653 5434 669 5472 :
697 5418 789 5487 qui
825 5419 1086 5487 compulit
1121 5434 1209 5474 me
1246 5434 1430 5476 secum
1466 5422 1756 5491 proficisci.
1793 5426 2023 5496 Cumqut

442 5525 794 5581 pergeremus
843 5509 1063 5579 pariter,
1095 5510 1182 5563 aio
1224 5509 1292 5563 ad
1331 5526 1493 5565 eum:
1531 5530 1550 5564 ι
1587 5512 1954 5570 Ascendamus
1981 5527 2024 5573 et

443 5600 740 5656 salutemus
760 5599 1065 5672 Cyriaeum,
1095 5601 1375 5658 diaeonem
1400 5612 1455 5659 et
1484 5604 1978 5663 arebiutandritatn.
2011 5629 2025 5661 ι

448 5690 920 5762 Ascendentesque
939 5700 993 5747 et
1017 5692 1313 5749 salutantes
1335 5709 1483 5762 eum,
1513 5696 1775 5765 empimus
1799 5697 1877 5752 ire
1896 5699 2031 5755 velle

436 5775 509 5829 ad
533 5780 850 5846 prtedictum
881 5786 1263 5841 monasterium
1307 5786 1451 5845 beati
1497 5786 1745 5846 Carterii.
1788 5787 2035 5862 Dixitque

2147 4692 2280 4760 ἡμᾶς
2318 4691 2567 4743 ἐπανιέναι
2615 4689 2815 4753 ἐκεῖθεν,
2857 4688 3157 4760 ἐλογισάμην
3194 4689 3621 4760 μεταπέμψεεθκι
3658 4696 3750 4745 τόν

2145 4781 2367 4837 διάκονον
2396 4783 2635 4857 κυριακὸν
2663 4778 3073 4855 άρχιμανδρίτην
3094 4789 3192 4835 τῶν
3219 4782 3268 4834 ἐν
3297 4790 3372 4853 τῷ
3399 4783 3523 4855 Ξερῷ
3549 4822 3563 4847 ,
3609 4786 3750 4837 ἁπο-

2144 4874 2379 4943 καλύψαι,
2399 4877 2535 4943 αὑτῷ
2565 4874 2623 4928 τό
2662 4878 2945 4948 μυστήριον
2999 4882 3091 4933 τῆς
3142 4873 3431 4944 ἐπιφανείας
3471 4880 3560 4927 τοῦ
3593 4873 3749 4945 ἁγίου

2143 4965 2396 5019 Ἰωάννου.
2434 4968 2519 5017 Καὶ
2548 4965 2740 5018 ἀπέστε
2762 4964 2827 5017 λα
2856 4964 2941 5017 τόν
2974 4961 3179 5033 ἀδελφὸν
3206 4960 3461 5017 Ἰσαάκιον
3480 5005 3491 5017 .
3546 4966 3709 5018 εἰπὼν
3728 4982 3743 4995 ’

2150 5075 2167 5106 ι
2208 5055 2501 5117 Σπουδαίως
2541 5062 2830 5129 παραγενοῦ
2870 5056 2965 5115 ἕως
3005 5057 3165 5125 ἡμῶν.
3204 5073 3222 5105 ι
3268 5058 3358 5108 Καί
3405 5061 3495 5109 τοῦ
3527 5053 3746 5128 ἀδελφοῦ

2143 5148 2462 5214 ἀπελθόντος,
2496 5150 2580 5202 καί
2608 5148 2838 5206 εἰπόντος
2882 5147 3044 5216 αὑτῷ,
3075 5155 3409 5222 παραχρῆμα
3435 5146 3745 5209 ὑπακούσας

2142 5241 2469 5314 παρεγένετο.
2514 5246 2675 5309 Ἦμῶν
2722 5237 2776 5292 δέ
2818 5240 3198 5301 ἀσπασαμένων
3246 5240 3418 5302 αὑτὸν,
3454 5242 3542 5292 καί
3588 5241 3747 5298 αὐτὸς

2145 5328 2443 5402 ἀπήγγειλεν
2472 5332 2588 5397 ημῖν
2612 5330 2669 5381 τὸ
2690 5326 2884 5402 ὅραμα,
2919 5324 2946 5380 ὁ
2972 5324 3122 5391 εἶδεν,
3155 5324 3180 5381 ὃ
3211 5330 3292 5381 γαί
3336 5324 3393 5387 ἦν
3438 5338 3749 5399 mapparum}:

2142 5427 2214 5493 τῷ
2234 5418 2457 5491 ὁράματι
2483 5424 2571 5474 τοῦ
2603 5416 2831 5473 διακόνου
2854 5417 3139 5472 Γενναδίου.
3169 5419 3340 5488 εὐχήν
3358 5417 3411 5472 δὲ
3431 5425 3749 5483 ποιήσαντες

2144 5513 2489 5585 ἐγνωρίσαμεν
2534 5513 2672 5579 αὐτῷ
2708 5517 2798 5568 τὴν
2820 5510 3137 5581 ἀποκάλυψιν
3164 5517 3256 5565 τοῦ
3298 5508 3442 5581 ἁγίου
3463 5508 3691 5566 Ἰωάννου
3724 5552 3748 5576 ,

2144 5609 2226 5659 καί
2253 5603 2368 5676 ἔφη’
2406 5622 2424 5655 t
2458 5606 2518 5659 Τί
2560 5605 2737 5675 ὀφείλει
2784 5604 3052 5674 γενέσθαη
3080 5620 3097 5653 t
3134 5606 3223 5656 iui
3266 5598 3406 5656 εἶπον
3434 5604 3554 5672 ἐγώ,
3594 5620 3614 5653 t
3657 5603 3750 5660 ὅτι

2141 5698 2386 5774 συμφέρει
2410 5697 2656 5769 γνωρίσαι
2692 5702 2765 5763 τῷ
2798 5694 3058 5764 ἐπισκὸπῳ
3086 5696 3202 5770 περί
3225 5694 3429 5749 τούτου.
3463 5696 3564 5747 Καὶ
3588 5696 3753 5751 πάλιν

2150 5788 2385 5865 Wes
2412 5786 2496 5845 ὅτι
2518 5790 2578 5845 αὖ
2606 5787 2911 5865 πιρενένετο
2940 5786 2966 5843 ὁ
2995 5790 3191 5851 παπίας
3224 5787 3462 5861 Στέφανος
3501 5785 3528 5843 ὃ
3560 5794 3755 5864 spes-
