3964 6340
274 342 307 395 ἆ
322 337 391 391 Ξθ

272 542 377 607 sti,
408 549 467 595 ut
493 539 614 594 sine
652 550 803 591 mora
831 531 1169 589 discederes?
1205 549 1224 583 ι
1260 529 1358 587 Cui
1398 528 1648 611 respondi
1681 568 1694 581 .
1724 545 1744 580 ι
1779 525 1883 581 Ne-

276 646 444 689 cesse
468 637 549 684 est
590 637 649 683 ut
685 626 936 681 celeriter
981 622 1335 687 ambulemus,
1366 621 1491 692 quia
1522 620 1773 675 traditum
1803 625 1887 672 est

286 720 448 774 nobis
486 718 555 773 ab
596 717 852 787 episcopo
884 722 938 768 et
967 712 1114 767 aliud
1156 710 1541 765 monasterium
1578 711 1663 764 cui
1699 721 1885 762 curam

288 812 558 865 instanter
582 806 957 876 impendimus.
990 822 1011 850 ι
1041 800 1444 858 Descendentes
1484 799 1664 868 itaque
1693 811 1888 868 perve-

288 902 470 954 nimus
511 897 583 951 ad
625 894 1013 951 monasterium
1050 907 1195 963 smpc
1232 900 1625 957 memoratum;
1658 905 1890 959 cumque

283 991 680 1045 saluta-scmus
711 988 923 1050 fratres,
957 984 1269 1040 ordinantes
1294 998 1412 1052 qua:
1440 991 1597 1038 erant
1640 997 1888 1037 necessa-

292 1079 400 1145 ria,
449 1076 873 1131 revertebantur.
926 1074 1120 1129 Dicunt
1169 1073 1300 1127 mihi
1346 1072 1552 1143 praefati
1599 1072 1789 1128 Petrus
1836 1079 1894 1126 et

292 1168 624 1237 Stephanus,
649 1166 949 1235 presbyteri
971 1164 1431 1219 archimandritas:
1464 1182 1482 1216 ι
1516 1162 1645 1217 Vale
1666 1162 1894 1217 dicimus

295 1261 429 1325 tibi;
457 1274 553 1312 ora
586 1273 684 1327 pio
715 1256 887 1310 nobis.
925 1274 945 1307 ι
982 1254 1118 1309 Tum
1146 1256 1232 1309 aio
1260 1254 1326 1309 ad
1355 1270 1490 1310 eos:
1522 1273 1539 1305 ι
1578 1253 1748 1309 llodie
1778 1270 1897 1309 mo-

298 1349 594 1403 nasterium
651 1348 1006 1416 suscepimus,
1053 1354 1109 1401 et
1158 1346 1318 1402 vultis
1365 1346 1550 1400 abire?
1600 1345 1892 1412 Sustinete,

298 1456 511 1510 (ψευδο,
541 1448 597 1493 et
626 1437 979 1493 consolamini
1014 1453 1145 1504 nos;
1183 1457 1202 1489 ›
1238 1446 1293 1491 ct
1322 1437 1476 1505 coegi
1507 1452 1622 1491 eos.
1655 1435 1899 1506 Cumque

302 1544 528 1599 veSpem
579 1527 719 1583 facta
767 1536 932 1595 esset,
980 1543 1106 1597 posr
1151 1528 1453 1597 orationes,
1489 1527 1612 1584 cibo
1660 1537 1897 1597 sumpto,

300 1619 607 1688 quievimus
641 1635 655 1670 :
689 1616 763 1671 illi
793 1617 951 1671 ambo
984 1618 1035 1672 in
1078 1618 1309 1674 triclinio
1356 1618 1655 1690 superiore,
1694 1631 1795 1686 ego
1827 1619 1899 1673 ibi

303 1709 523 1780 quidem
555 1710 607 1762 in
635 1708 891 1763 interiore
916 1708 1183 1764 cubiculo.

839 326 1185 386 HISTORle
1224 324 1657 383 lNVENTlONIS
1697 320 1963 379 CAPlTlS
1999 320 2058 376 S.
2100 313 2377 375 JOANNIS
2424 308 2996 368 INTERPRETATIO.

274 449 417 509 mihi
445 446 704 519 Cyriacus
728 443 1025 498 diaconus:
1059 459 1078 491 ε
1110 436 1358 507 Nunquid
1402 444 1688 508 propterea
1727 434 1880 489 veni-
1909 484 1911 492 λ

2014 433 2152 491 ἠθείς
2202 418 2610 504 ἀρχιμανδρίτης
2648 427 2749 480 ἀπὸ
2792 430 2894 480 τῶν

3452 296 3559 351 4'50

2997 422 3235 495 ιχωρίωι
3261 461 3274 487 ,
3317 422 3576 495 ιμιίναμεν

1986 525 2179 596 ἡμέρας
2212 521 2359 575 πέντε
2404 516 2801 591 ἀπεκδεχόμενοι
2822 518 2999 575 αὑτόν.
3031 518 3272 588 Σαϐϐάτῳ
3312 511 3365 571 δέ
3412 513 3578 575 δείλης

1988 616 2127 684 ἡμῶν
2171 614 2456 681 καθημένων
2497 612 2581 663 καί
2641 608 2968 678 epulati-xw»,
3022 610 3251 680 έξαίφνης
3301 609 3576 668 τυπτηθιίς

1990 705 2072 759 ἐπί
2098 706 2164 759 τά
2208 703 2431 775 γόνατα,
2460 699 2707 771 έκάμφθην
2736 696 2876 766 ὅλος,
2916 702 3000 753 καί
3037 700 3128 752 οὑκ
3166 696 3411 760 ἠδυνήθην
3456 694 3576 753 οὔτε

1991 796 2314 857 σαλευθῆναι,
2331 789 2447 846 οὔτε
2474 792 2772 857 ἀναστῆναι,
2799 787 2916 843 οὔτε
2943 786 3059 843 ἄλλο
3094 811 3146 845 τι
3167 798 3398 848 ποιῆσαι.
3430 785 3579 843 Εἶπον

1991 883 2080 941 οὖν
2102 887 2145 937 οἱ
2174 888 2293 957 περὶ
2321 885 2408 938 τὸν
2429 880 2656 937 διάκονον
2710 879 2968 936 Γεννάδιον
2996 884 3081 934 καί
3118 881 3377 956 κυριακόν⁶
3416 898 3435 931 ε
3474 882 3580 932 οὑκ

1992 977 2175 1054 ἴφημέν
2201 997 2301 1038 σοι,
2340 972 2419 1027 ὅτι
2447 972 2736 1041 εἰσέλθωμεν
2757 973 2841 1024 καί
2868 973 3195 1044 γνωρίσωμεν
3219 973 3338 1044 περί
3387 972 3574 1025 τούτου
3666 964 3669 965 ν

1993 1077 2064 1137 τῷ
2092 1065 2371 1135 ἕπισκόπῳ,
2394 1060 2571 1120 ἔπειδή
2601 1063 2625 1113 ὁ
2650 1064 2852 1120 παπίας
2886 1062 3125 1131 Στέφανος
3167 1058 3313 1113 οὔπω
3356 1059 3527 1120 ἦλθενς
3559 1078 3577 1109 ι

1995 1160 2121 1230 Ἐγώ
2143 1156 2199 1211 δὲ
2228 1155 2406 1227 ἔμεινα
2433 1152 2672 1222 μειζόνως
2700 1151 3119 1223 βασανιζόμενος’
3150 1152 3291 1204 αὑτοὶ
3314 1147 3367 1204 δέ
3389 1150 3586 1222 πληρὼ-

1997 1266 2182 1308 σαντες
2208 1251 2298 1305 τήν
2331 1245 2618 1320 ὑπηρεσίαν
2647 1247 2734 1300 την
2765 1242 3026 1319 ἑσπερινὰν
3047 1282 3061 1305 ,
3092 1244 3174 1295 καί
3204 1242 3421 1301 ἐλθόντες
3459 1239 3588 1294 ὅπου

1997 1340 2278 1408 ἀνεκείμην,
2308 1332 2616 1406 ἀπήγγειλαν
2648 1332 2889 1402 λέγοντες,
2920 1348 2940 1383 ε
2970 1331 3047 1385 ὅτι
3076 1333 3343 1403 ὠμόσαμεν
3370 1338 3443 1404 τῷ
3463 1330 3590 1403 ἁγίῳ

1994 1431 2203 1503 Ἰωάννῃ
2230 1431 2315 1482 καί
2342 1425 2694 1497 ἀνεδεξάμεθα,
2725 1422 2802 1479 ὅτι
2831 1424 2929 1499 πρὸ
2952 1424 3197 1478 ἀνατολῶν
3224 1424 3365 1483 ἡλίου
3392 1425 3586 1495 μανθά-

2000 1521 2118 1578 νειό
2150 1522 2445 1577 ἐπίσκοπος.
2479 1535 2497 1568 ι
2522 1516 2648 1589 Ἐγώ
2684 1514 2737 1570 δέ
2780 1516 2912 1589 πρός
2957 1516 3140 1574 αὐτοὺς
3179 1510 3340 1579 εἶπον,
3372 1533 3389 1564 ι
3423 1514 3592 1574 Καλῶς

2006 1615 2368 1679 συνετάξασθε.
2406 1631 2424 1663 ι
2462 1614 2551 1665 Καί
2577 1618 2913 1684 παραχρῆμα
2948 1610 3243 1680 έκουφίσθην
3272 1611 3328 1662 ὲκ
3348 1615 3451 1665 τῶν
3476 1605 3593 1662 όδυ-

2003 1714 2116 1760 νῶν.
2171 1707 2261 1758 Καὶ
2306 1711 2368 1776 τῇ
2420 1698 2636 1774 ἔπιοὺσῃ
2672 1707 2883 1775 κυριακῇ
2925 1699 3092 1776 ἦμέρᾳ
3135 1698 3244 1768 ἅμα
3274 1706 3347 1768 τῷ
3387 1697 3595 1769 διακόνῳ

380 1796 621 1867 Cumque
633 1795 919 1851 dormirem
933 1811 995 1851 ea
1010 1795 1127 1869 [al.,
1145 1794 1342 1867 media]
1358 1806 1518 1853 nocte
1535 1797 1587 1853 in
1600 1814 1706 1869 qua
1718 1813 1907 1854 mona-

2014 1806 2250 1872 Κυριακῷ
2274 1797 2357 1848 καί
2380 1792 2630 1861 Ἰουλιανῷ
2669 1794 2931 1862 μονάζοντι
2971 1792 3297 1854 εἰσελθόντες,
3322 1793 3594 1867 ἐγνωρίσα-

303 1889 457 1945 sterii
488 1887 573 1942 vel
605 1886 874 1957 speluncae
915 1896 1163 1957 apertum
1193 1896 1277 1942 est
1303 1888 1520 1955 ostium,
1558 1890 1661 1945 hoc
1686 1901 1792 1958 est,
1816 1904 1904 1946 se-

302 1979 495 2051 quenti
533 1978 620 2033 die
659 1977 813 2033 tertia
854 1978 1085 2044 sabbati,
1125 1987 1247 2049 post
1286 1981 1559 2037 orationes
1587 1990 1902 2053 nocturnas,

305 2070 465 2140 quasi
497 2083 689 2123 manus
716 2068 817 2123 viri
845 2068 1078 2139 pulsavit
1105 2084 1192 2124 me
1224 2071 1384 2125 tertio
1413 2070 1465 2125 in
1494 2070 1685 2127 dextro
1712 2072 1903 2141 latere,

303 2171 369 2217 et
420 2161 597 2215 audivi
648 2176 838 2216 vocem
891 2175 1138 2231 magnam
1192 2163 1463 2219 dicentem
1520 2164 1652 2219 mihi
1706 2183 1718 2218 :
1770 2163 1906 2219 Ecce

305 2256 499 2308 ostium
529 2262 762 2323 opertum
791 2263 887 2320 est,
919 2265 968 2308 et
997 2255 1114 2309 ideo
1143 2271 1392 2327 cognosce
1425 2273 1539 2310 eum
1571 2257 1657 2328 qui
1692 2258 1782 2310 tibi
1813 2274 1909 2328 pa-

309 2348 488 2417 tefecit
530 2347 839 2418 ingressum,
869 2362 933 2400 ne
971 2348 1105 2415 forte
1150 2345 1402 2418 negligas.
1447 2345 1561 2415 Ego
1608 2362 1738 2402 vero
1783 2362 1907 2403 cum

309 2453 511 2507 magno
558 2438 749 2493 timore
792 2453 1086 2494 conversus
1136 2436 1338 2507 assedi,
1386 2446 1444 2493 et
1492 2438 1651 2493 video
1697 2438 1907 2494 stellam

311 2532 622 2587 ﬂammeam
646 2533 701 2587 in
730 2533 868 2588 ostio
896 2533 986 2587 ubi
1015 2533 1377 2604 quiescebam.
1410 2532 1777 2602 Majoremque
1806 2545 1915 2585 me-

312 2631 432 2676 tum
463 2622 794 2692 concipiens,
834 2622 1041 2691 signavi
1083 2636 1173 2677 me
1200 2636 1362 2677 cruce
1388 2619 1608 2684 Christi,
1640 2627 1698 2675 et
1726 2619 1817 2674 illa
1845 2618 1914 2674 de

320 2712 450 2767 loco
481 2712 572 2767 illo
599 2714 821 2768 minime
858 2723 1006 2768 mota
1048 2721 1149 2769 est.
1200 2712 1419 2769 Sui-rexi
1469 2713 1670 2782 itaque,
1700 2720 1756 2767 et
1793 2710 1914 2766 misi

312 2820 514 2860 manus
556 2806 607 2859 in
657 2807 796 2860 ostio
847 2805 937 2860 ubi
987 2812 1125 2873 erat,
1170 2814 1227 2861 et
1271 2821 1457 2863 rursus
1498 2806 1717 2860 inventa
1746 2811 1830 2860 est
1858 2805 1915 2859 in

312 2895 463 2950 ostio
477 2897 746 2964 sequenti.
768 2896 901 2951 Cum
916 2897 1207 2966 aperissem
1226 2897 1347 2970 [leg.
1365 2893 1718 2968 aperuissem]
1734 2904 1914 2952 autem

314 2988 541 3051 ostium,
574 3003 711 3042 unus
747 3004 815 3043 ex
861 2989 944 3043 his
974 2989 1066 3060 qui
1096 2988 1292 3044 ibidem
1321 2988 1695 3059 quiescebant,
1726 2990 1913 3044 sensit.

318 3078 396 3132 Et
436 3094 557 3133 eum
587 3078 655 3131 ad
691 3079 983 3134 secundum
1027 3080 1392 3149 pet-venissem
1439 3080 1660 3147 ostium,
1700 3079 1918 3135 inventa

2006 1910 2097 1960 μεν
2123 1894 2197 1961 τῷ
2243 1886 2500 1956 ἑπισκόπῳ
2522 1886 2770 1960 Οὑρανίῳ,
2785 1884 2885 1938 ἀπὸ
2905 1892 3005 1939 τῶν
3024 1885 3233 1939 έωθινῶν
3254 1886 3596 1959 ἐξερχομένῳ,

2006 1980 2256 2042 εἰπόντες,
2286 1976 2364 2032 ὄτι
2388 1976 2413 2031 ό
2449 1975 2593 2048 ἅγιος
2626 1973 2853 2034 Ἰωάννης
2879 1974 2903 2029 ό
2928 1975 3221 2047 βαπτιστής
3240 1982 3332 2029 τοῦ
3373 1980 3598 2049 Χριστοῦ

2007 2069 2354 2141 ἀπεκαλύφθη.
2406 2067 2567 2126 Αὐτὸς
2603 2064 2656 2120 δὲ
2688 2067 2935 2129 ἀκούσας,
2983 2066 3139 2126 έννεὸς
3166 2064 3348 2137 ἔμεινε,
3378 2068 3464 2119 καί
3489 2061 3599 2119 εἶπε

2006 2164 2077 2232 μή
2104 2161 2282 2229 μαθεῖν
2303 2177 2437 2219 τινα,
2454 2159 2542 2210 καί
2561 2153 2737 2227 μηδεὶς
2764 2157 2919 2212 αὖτοῦ
2944 2155 3161 2226 ἅψηται.
3193 2158 3285 2211 uati
3306 2151 3441 2210 εἶπεν
3460 2156 3602 2227 αὑτῷ

2008 2248 2291 2309 ὁ.διοίκονος
2320 2246 2596 2325 Κυριακός⁶
2635 2263 2653 2297 ε
2684 2246 2805 2301 Πότε
2840 2245 3015 2322 ἔρχεη
3043 2265 3061 2297 ι
3096 2256 3152 2301 '0
3193 2244 3249 2301 δέ
3277 2288 3293 2313 ,
3331 2265 3348 2298 ι
3376 2244 3554 2323 Δὺριον
3584 2284 3601 2307 .

2008 2344 2152 2414 φησί,
2184 2342 2554 2413 παραγίνομαι.
2587 2356 2605 2388 ι
2642 2338 3043 2411 Παραγενόμενος
3093 2336 3147 2392 δέ
3194 2344 3259 2413 τῇ
3308 2338 3421 2401 ἑξῆς
3465 2338 3601 2410 μετά

2009 2430 2374 2506 πρεσϐυτέρων
2410 2431 2498 2483 καί
2532 2426 2768 2482 διακόνων
2790 2466 2808 2493 ,
2855 2429 3158 2489 ἐπιστάντες
3199 2436 3272 2496 τῷ
3308 2428 3481 2498 τόπῳ,
3512 2449 3604 2482 πε-

2013 2525 2189 2586 σόντες
2214 2514 2651 2599 προσεκύνησαν(
2677 2520 2893 2591 Μάλχος
2929 2508 2989 2576 δέ
3013 2521 3039 2576 ό
3065 2522 3422 2597 πρεσϐύτερος
3448 2518 3520 2584 εἷς
3542 2520 3608 2577 ὢν

2014 2616 2126 2688 ἅμα
2164 2622 2267 2671 τῶν
2305 2609 2749 2671 ἀκολουθησάντων
2799 2619 2873 2685 τῷ
2923 2610 3187 2683 έπισκόπῳ
3242 2611 3608 2671 δυσπιστήσας

2014 2707 2147 2764 εἷπε⁹
2180 2726 2198 2758 ε
2231 2704 2382 2760 Πόθεν
2410 2711 2563 2759 τοῦτο
2591 2702 2763 2767 δῆλον,
2797 2701 2876 2758 ότι
2919 2705 2949 2761 ἠ
2983 2703 3166 2777 κεᾳαλη
3198 2710 3288 2757 τοῦ
3326 2701 3610 2778 Προδρόμωι

2014 2804 2268 2877 τυγχάνει
2303 2801 2455 2865 enim;
2488 2819 2506 2852 ι
2541 2803 2643 2855 Καὶ
2664 2797 2913 2854 ἐπιϐαλὼν
2934 2805 3024 2858 τήν
3043 2806 3205 2875 χεῖρα
3228 2800 3387 2854 αὑτοῦ
3416 2800 3497 2853 ἐπὶ
3520 2805 3610 2857 τήν

2017 2896 2223 2971 ὑδρίαν,
2244 2904 2580 2973 παραχρῆμα
2606 2899 2695 2949 τοῦ
2725 2891 2963 2964 ἅψασθαι
2985 2902 3078 2953 τῆς
3113 2895 3302 2969 τριχὸς
3324 2934 3337 2954 ,
3369 2895 3612 2969 ἐξηράνθη

2019 2991 2051 3048 ἦ
2080 2990 2201 3064 χείρ
2227 2990 2402 3051 αὑτοῦ,
2432 2990 2519 3041 καί
2541 2985 2769 3044 ἐκολλήθη
2797 2991 2869 3056 τῷ
2907 2984 3132 3056 στόματι
3168 2993 3261 3046 τῆς
3286 2983 3497 3060 ὑδρίας,
3530 2988 3613 3043 καί

2019 3082 2106 3135 οὑκ
2133 3080 2355 3142 ἠδύνατο
2379 3083 2531 3139 αὑτήν
2551 3082 2877 3136 ἀποσπάσαι.
2902 3077 3158 3142 Ἐκτενοῦς
3187 3080 3240 3136 δέ
3276 3081 3385 3153 ἅμα
3411 3084 3614 3139 πάντων

317 3178 411 3226 est
444 3170 599 3225 stella
636 3171 689 3223 in
728 3171 869 3225 ostio
915 3172 1098 3227 tertio.
1146 3170 1349 3227 Deinde
1387 3171 1664 3242 conspicio
1701 3185 1824 3226 eam
1865 3171 1911 3224 in

2022 3175 2287 3249 γενομένης
2318 3176 2479 3245 εὐχῆς
2505 3215 2521 3240 ,
2564 3176 2648 3228 καί
2685 3176 2887 3229 πάντων
2916 3171 3226 3239 δοξαζόντων
3247 3177 3334 3231 τὸν
3361 3177 3499 3240 Θεὸν,
3530 3179 3615 3233 καί

321 3262 675 3318 interioribus
695 3262 857 3316 scala:
885 3262 1155 3331 gradibus.
1181 3262 1349 3317 Erant
1367 3268 1548 3317 autem
1572 3261 1709 3317 ostia
1730 3261 1925 3316 utrius-

324 3369 438 3423 que
462 3353 770 3408 monasterii
787 3353 1051 3423 patefacta
1077 3353 1346 3421 similiter,
1359 3361 1413 3409 et
1432 3352 1703 3424 spelunca:
1722 3352 1920 3408 ostium

324 3454 541 3515 patens.
576 3444 644 3498 Et
685 3460 813 3500 ecce
858 3445 1194 3515 praecedebat
1239 3460 1328 3501 me
1363 3445 1519 3501 stella
1562 3444 1697 3515 ipsa,
1736 3452 1791 3500 et
1820 3457 1922 3513 ego

323 3550 562 3604 sequens
590 3550 729 3600 eam,
762 3535 1034 3604 ingressus
1066 3551 1184 3591 sum
1212 3550 1384 3604 usque
1417 3535 1545 3591 dum
1590 3535 1644 3590 in
1682 3534 1921 3590 absidula

324 3625 599 3695 spelunca:
623 3626 892 3691 constitit;
916 3634 973 3681 et
992 3626 1179 3680 videns
1208 3626 1312 3681 hoc
1339 3624 1679 3689 miraculum,
1701 3623 1923 3679 adoravi

324 3716 619 3770 Dominum
659 3731 859 3785 pronus
896 3716 948 3769 in
991 3724 1191 3771 terram
1223 3731 1321 3786 per
1362 3716 1527 3771 horas
1568 3715 1784 3769 multas.
1817 3711 1925 3768 Re-

324 3806 585 3861 cordatus
611 3821 730 3859 sum
756 3821 887 3860 vero
927 3808 1070 3875 quod
1101 3807 1339 3876 hospites
1364 3807 1619 3861 haberem
1643 3804 1925 3860 venerabi-

326 3899 414 3954 les
450 3897 593 3951 viros
633 3895 851 3952 Petrum
880 3907 935 3952 et
971 3898 1328 3967 Stephanum,
1360 3897 1707 3969 presbyteros
1745 3903 1801 3951 et
1837 3909 1923 3948 ar-

325 3986 735 4051 chimandritas,
766 3995 823 4042 et
855 4001 924 4041 ne
956 3988 1361 4056 suSpicarentur
1392 3987 1482 4041 ubi
1520 3995 1679 4042 nocte
1707 3984 1921 4050 fuerim,

326 4082 402 4135 ab
452 4080 698 4134 oratione
747 4080 978 4133 surrexi.
1031 4078 1449 4148 Ascendensque
1501 4092 1712 4132 rursum
1737 4115 1753 4141 ,
1801 4091 1925 4131 cum

326 4173 529 4226 vellent
557 4170 758 4240 ingredi
784 4172 1109 4237 cubiculum,
1140 4171 1327 4226 dicunt
1355 4171 1483 4225 mihi
1510 4189 1524 4223 :
1556 4189 1575 4222 ι
1611 4168 1714 4225 Ubi
1743 4168 1926 4225 tandiu

329 4262 517 4316 fuisti?
546 4281 564 4313 ι
594 4260 867 4331 Respondi
896 4279 909 4314 :
943 4281 961 4312 ι
998 4261 1133 4328 Quia
1164 4262 1231 4315 ad
1259 4276 1395 4330 opus
1439 4261 1801 4316 necessarium
1829 4260 1923 4316 de-

260 4398 263 4403 .
327 4352 539 4407 scendi.
581 4370 601 4403 ι
634 4350 878 4421 Cumque
931 4351 1124 4405 vellem
1171 4351 1394 4407 introire
1446 4352 1536 4406 ubi
1586 4353 1923 4421 quieveram,

328 4445 519 4497 dicunt
558 4442 686 4497 mihi
718 4462 730 4496 :
762 4462 780 4495 ι
817 4442 1021 4497 Rursus
1052 4442 1380 4512 ingrederis?
1410 4462 1429 4494 ι
1464 4443 1533 4497 At
1560 4456 1662 4511 ego
1689 4444 1926 4499 sentiens

2024 3267 2270 3340 δεομένων
2319 3269 2550 3327 ἀνεθῆναι
2600 3266 2756 3321 αὑτὸν
2787 3310 2801 3335 ,
2846 3267 2986 3338 μόλις
3015 3272 3135 3324 ποτέ
3185 3274 3275 3329 τήν
3326 3272 3417 3339 μὲν
3454 3277 3615 3346 χεῖρα

2022 3362 2320 3416 ἀπέσπασε.
2350 3360 2608 3430 Μεμένηκε
2639 3356 2694 3413 δέ
2722 3358 2883 3419 οὕτως
2912 3360 3214 3414 ἀσθενοῦσα.
3243 3370 3299 3413 ⁸0
3322 3358 3375 3415 δέ
3403 3361 3615 3415 ἐπίσκο-

2024 3474 2122 3514 πος
2160 3453 2255 3507 σὺν
2280 3458 2384 3510 τοῖς
2431 3451 2864 3527 παραγενομένοις*
2897 3452 3037 3524 αὑτῷ
3085 3456 3255 3516 πᾶσι,
3300 3452 3469 3507 λαϐὼν
3525 3463 3614 3511 τήν

2023 3539 2170 3611 ἁγίαν
2195 3537 2376 3613 ὑδρίαν
2408 3541 2505 3593 σὺν
2533 3546 2608 3611 τῷ
2642 3537 2949 3608 ἀποκειμένῳ
2997 3541 3241 3614 θησαυρῷ
3264 3581 3282 3608 ,
3321 3541 3535 3621 ἀπέθετο
3566 3541 3616 3597 έν

2023 3638 2097 3702 τῷ
2126 3629 2390 3701 διακονικῷ
2418 3635 2510 3687 τῆς
2534 3628 2822 3699 ἁγιωτάτης
2862 3626 3144 3693 έκκλησίας,
3194 3629 3290 3692 ἕως
3326 3626 3386 3685 οὑ
3423 3630 3615 3687 οἰκοδο·

2023 3721 2154 3791 μηθη
2181 3720 2236 3772 τὸ
2254 3720 2527 3796 μαρτύρων
2555 3720 2730 3773 αὑτοῦ.
2746 3720 2847 3772 Καί
2871 3718 3151 3788 μελλόντων
3173 3725 3262 3779 τήν
3283 3719 3431 3793 ἁγίαν
3459 3723 3616 3777 αὑτοῦ

2026 3812 2301 3868 κατάθεσιν
2351 3818 2517 3866 ποιεῖν
2545 3850 2560 3874 ,
2603 3810 2735 3880 ἅφθη
2784 3808 2810 3863 ὁ
2861 3807 3147 3887 Πρόδρομος
3198 3811 3246 3864 ἐν
3287 3812 3507 3883 ὁράματι
3542 3821 3615 3881 τῷ

2026 3906 2373 3961 ἀπιστήσαντι
2401 3901 2768 3976 πρεσϐυτέρῳ,
2799 3904 2886 3954 καί
2918 3922 3039 3971 φησι
3075 3901 3205 3975 πρὸς
3234 3903 3389 3957 αὑτὸν
3419 3922 3436 3953 ι
3470 3901 3548 3958 ὅτι
3573 3905 3618 3955 ἐν

2031 4002 2096 4069 τῇ
2131 3992 2333 4069 προόδῳ
2375 4000 2475 4047 τῶν
2524 3992 2834 4047 καταθεσίων
2864 4012 2963 4063 μου
3005 3991 3170 4052 ἐπίθες
3213 3997 3303 4051 τὴν
3335 3994 3493 4067 χεῖρά
3520 4013 3617 4047 σου

2028 4086 2163 4139 κατά
2182 4092 2272 4145 τῆς
2297 4081 2497 4157 ὑδρίας,
2531 4085 2616 4136 καί
2651 4090 2981 4155 παραχρῆμα
3020 4082 3224 4155 ίαθήσῃ.
3264 4102 3282 4133 ι
3331 4087 3431 4138 Καὶ
3464 4090 3617 4138 τοῦτο

2028 4181 2269 4241 ποιήσας,
2313 4174 2702 4231 ἀποκατεστάθη
2728 4174 2893 4246 ὑγιής.
2924 4173 3147 4246 Ἐγένετο
3176 4172 3229 4229 δὲ
3255 4176 3319 4229 τά
3344 4175 3622 4231 καταθέσια

2028 4271 2119 4319 τοῦ
2141 4263 2290 4334 ἀγίου
2314 4261 2607 4337 ιιροδρόμου
2636 4265 2719 4316 καί
2747 4269 3037 4317 Βαπτιστοῦ
3058 4263 3291 4318 Ἰωάννου
3332 4265 3382 4319 ἐν
3419 4272 3492 4337 τῷ
3525 4266 3622 4319 αὑ-

2029 4360 2117 4407 τοῦ
2144 4359 2267 4425 ναῷ,
2302 4356 2419 4421 μηνί
2458 4349 2746 4424 Ὀκτωϐρίῳ
2773 4392 2787 4413 ,
2811 4350 2975 4406 εἰκάδι
3018 4353 3160 4425 ἕκτῃ,
3204 4360 3296 4407 τοῦ
3340 4356 3511 4427 τρίτου
3541 4358 3623 4409 καί

2031 4444 2304 4507 ἑξηκοστοῦ
2329 4446 2409 4496 καί
2437 4444 2839 4499 ἐπτακοσιοστοῦ
2882 4442 3024 4503 ἔτους
3044 4487 3059 4510 ,
3108 4443 3412 4506 ίνόικτιῶνος
3450 4448 3621 4507 ἕκτης.

332 4540 625 4593 attonitum
665 4554 752 4593 me
793 4537 992 4593 factum
1023 4552 1091 4592 ex
1125 4537 1454 4591 revelatione
1477 4551 1639 4605 quam
1668 4536 1911 4602 videram1

2034 4535 2116 4587 ἐπί
2139 4541 2230 4593 τῆς
2258 4534 2504 4594 εὐσεϐοῦς
2533 4534 2797 4603 βασιλείας
2844 4542 2945 4587 τῶν
2986 4535 3329 4611 φιλοχρίστων
3359 4540 3499 4608 ἡμῶν
3539 4546 3625 4596 καὶ

332 4634 550 4685 veniam
594 4632 811 4700 poposci
840 4639 1091 4701 tanquam
1121 4630 1445 4695 malesanus,
1476 4638 1533 4685 et
1558 4630 1815 4685 continuo
1842 4645 1930 4684 me

332 4722 539 4789 recepi.
566 4720 860 4791 Postquam
883 4736 1011 4775 vero
1038 4735 1195 4775 mane
1222 4720 1420 4776 factum
1445 4729 1544 4783 est.
1568 4720 1933 4776 valedicentes

334 4813 491 4873 mihi,
536 4811 602 4864 ad
652 4812 896 4881 proprias
934 4810 1156 4866 cellulas
1202 4811 1469 4867 abierunt.
1520 4810 1631 4880 Ego
1671 4827 1801 4867 vero
1842 4810 1934 4866 ubi

333 4903 561 4974 profecti
599 4913 726 4956 sunt
756 4902 1011 4967 diluculo,
1052 4902 1284 4971 praecepi
1316 4901 1571 4958 fratribus
1595 4904 1687 4973 qui
1718 4918 1928 4958 mecum

332 5005 495 5045 erant
524 5012 538 5045 :
572 5012 590 5043 ι
622 4991 866 5047 Claudite
909 4991 1121 5061 januas,
1166 5001 1449 5048 manentes
1489 4996 1845 5059 extrinsecus,
1873 5003 1930 5049 et

333 5084 384 5138 si
417 5083 554 5137 forte
595 5085 785 5152 aliquis
821 5083 890 5137 ad
938 5085 1317 5155 requirendum
1350 5086 1575 5149 venerit,
1604 5094 1928 5155 occupatum

2038 4626 2262 4679 εὐσεϐῶν
2292 4629 2376 4680 καί
2407 4625 2680 4701 ὀρθοδόξων
2707 4627 2955 4695 βασιλέων
2978 4628 3383 4684 Οὑαλεντινιανοῦ
3403 4639 3495 4685 τοῦ
3514 4635 3624 4687 νέου

2041 4721 2127 4772 καί
2154 4726 2445 4791 Μαρκιανοῦ
2468 4726 2566 4772 τῶν
2592 4720 2926 4791 ἀειμνήστων.
2961 4723 3050 4781 Εἰς
3093 4719 3241 4785 δόξαν
3283 4727 3365 4778 καί
3418 4725 3625 4783 ἔπαινον

2041 4816 2133 4864 τοῦ
2163 4812 2381 4882 μεγάλου
2412 4817 2538 4864 Θεοῦ
2565 4814 2646 4864 καί
2678 4819 2909 4886 σωτῆρος
2941 4813 3080 4884 ἡμῶν
3107 4811 3266 4872 Ἰησοῦ
3295 4825 3519 4890 Χριστοῦ
3544 4862 3559 4884 ,

2043 4904 2073 4959 ἡ
2104 4900 2224 4965 δόξα
2254 4901 2364 4972 ἅμα
2407 4911 2480 4975 τῷ
2532 4904 2777 4980 ἀχράντῳ
2835 4907 2989 4982 Πατρὶ
3034 4908 3121 4959 καί
3157 4915 3231 4981 τῷ
3271 4914 3504 4985 παναγίῳ
3550 4917 3629 4969 καί

2038 4995 2273 5066 ζωοποιῷ
2322 4995 2574 5065 πνεύματι
2618 4997 2688 5054 εἰς
2727 4998 2849 5056 τοὺς
2880 5002 3066 5059 αἰῶνας
3091 5006 3190 5053 τῶν
3216 5002 3405 5056 αἰώνων
3453 5000 3625 5074 Ἀμην.

334 5194 460 5232 esse
492 5195 577 5233 me
613 5180 795 5235 dicite.
844 5198 862 5232 ›
910 5180 1063 5250 Smpe
1108 5195 1341 5250 namque
1379 5178 1628 5234 veniebat
1670 5178 1940 5235 Palladius
1968 5180 2272 5253 presbyter,
2302 5181 2509 5236 intrans
2534 5189 2589 5237 et
2623 5182 2968 5250 Evangelium
3014 5183 3282 5242 lectitatis.
3325 5185 3460 5243 Cum
3500 5202 3629 5258 ergo

333 5271 499 5325 solite
541 5272 795 5335 venisset,
838 5279 965 5325 tunc
1003 5271 1051 5325 ei
1098 5268 1292 5325 fratres
1328 5270 1532 5325 aditum
1573 5279 1923 5339 negaverunt,
1955 5270 2286 5325 affirmantes
2312 5270 2363 5324 id
2390 5270 2534 5339 quod
2559 5282 2694 5337 erat,
2726 5272 2871 5342 quod
2908 5271 3253 5345 Evangelium
3289 5292 3503 5351 quoque
3529 5281 3630 5333 sub

335 5364 494 5419 clave
539 5365 970 5420 archimandriue
991 5366 1080 5428 sit,
1106 5375 1161 5419 et
1187 5374 1499 5420 excusatum
1529 5371 1612 5419 est
1639 5364 1736 5419 illi.
1766 5363 2017 5420 Secundo
2041 5364 2203 5418 etiam
2233 5364 2398 5429 venit,
2431 5363 2578 5419 venit
2603 5373 2658 5419 et
2686 5366 2865 5432 tertio,
2898 5373 2952 5421 et
2980 5368 3059 5425 sic
3086 5370 3354 5438 ingressus
3382 5379 3484 5428 est.
3515 5370 3629 5440 Ego

335 5474 575 5528 namque
597 5474 816 5515 sumens
838 5458 1191 5523 thuribulum,
1221 5459 1501 5513 incensum
1533 5459 1585 5513 in
1609 5474 1676 5513 eo
1697 5458 1870 5529 posui,
1895 5466 1950 5512 et
1978 5457 2126 5528 pium
2158 5456 2442 5511 Dominum
2472 5457 2783 5527 suppliciter
2810 5458 3159 5515 obsecrabam
3190 5471 3248 5515 ut
3267 5462 3396 5517 mihi
3451 5462 3628 5519 locum

336 5548 583 5603 thesauri
610 5548 846 5604 caelestis
873 5548 1204 5603 oSIenderet.
1235 5546 1453 5602 Tollens
1476 5549 1639 5603 etiam
1669 5556 1923 5615 rastrum,
1952 5547 2091 5618 οωρὶ
2118 5544 2326 5613 fodere,
2349 5556 2406 5601 et
2426 5548 2647 5617 perveni
2688 5548 2755 5601 ad
2782 5548 2959 5602 locum
2987 5550 3130 5617 quod
3164 5561 3282 5606 erat
3308 5552 3629 5610 mdilicatum

336 5641 411 5696 de
448 5640 597 5696 calce
626 5651 681 5695 et
715 5640 999 5697 ordinariis
1023 5638 1234 5708 tegulis.
1266 5637 1644 5709 Quantumque
1673 5654 1775 5711 ego
1802 5637 2055 5695 fodiendo
2082 5638 2495 5705 descendebant,
2529 5646 2735 5693 tantum
2779 5654 2944 5695 sonus
2971 5639 3201 5695 validior
3246 5644 3401 5712 quasi
3445 5660 3515 5704 ex
3542 5661 3619 5704 τοι

336 5734 692 5803 percussione
722 5735 924 5807 hydria:
961 5733 1303 5789 reddebatur.
