4000 6344
385 398 393 459 ἱ

416 283 510 336 431
1715 276 2071 333 DIONYSIUS
2110 278 2263 332 EXIG
2278 279 2313 332 U
2326 278 2429 333 US.
3601 274 3710 329 £32

489 394 557 449 Et
585 403 935 465 posteaquam
983 394 1091 448 fodi
1133 400 1187 447 et
1214 391 1462 447 descendi
1497 406 1666 460 usque
1705 393 1771 445 ad
1809 392 2007 459 solum,
2056 392 2233 461 reperi
2281 392 2424 445 velut
2463 404 2680 444 arenam
2718 405 2783 442 ex
2814 404 2920 443 cere
2951 389 3139 453 fusam,
3192 388 3527 458 multumque
3552 388 3677 444 tabo

421 500 566 549 rans,
596 485 686 538 vix
711 499 926 538 arenam
959 483 1107 552 potui
1138 492 1497 552 sequestrare.
1532 483 1658 538 Post
1688 484 1803 538 lllL'C
1834 492 2013 537 autem
2055 498 2215 537 arena
2267 482 2497 546 subiata,
2542 497 2647 534 una
2685 482 2859 548 tegula
2902 482 3073 550 major
3100 487 3371 550 apparuit.
3407 479 3556 535 lianc
3586 496 3707 535 sus-

417 575 654 646 pendens
692 575 868 629 iaveni
900 578 996 628 sub
1042 589 1107 628 ea
1137 574 1372 628 tabulam
1416 591 1808 641 marmoream;
1884 576 2231 644 tabulamque
2276 574 2634 645 suspendens,
2691 574 2932 644 hydriam
2972 577 3167 643 reperi.
3197 574 3367 637 llanc,
3396 591 3515 629 cum
3560 587 3706 630 metu

417 673 474 718 et
517 664 815 718 reverentia
864 662 1044 718 lumen
1096 664 1418 733 accendens,
1447 680 1510 718 ac
1546 666 1823 719 incensum
1866 680 2073 735 ponens
2116 665 2169 719 in
2198 665 2492 731 thuribulo,
2538 664 2753 734 palpavi
2800 664 3102 732 diligenter,
3147 674 3199 719 et
3245 668 3476 720 adorans
3525 669 3707 721 Domi-

418 773 570 821 num,
604 755 803 810 diutius
826 758 1083 811 attonitus
1110 758 1301 820 mansi,
1333 758 1682 829 hydriamque
1723 766 1965 814 sanetam
2006 774 2189 813 rursus
2244 757 2452 826 operui.
2508 754 2703 810 Statim
2758 771 2888 809 vero
2924 756 3077 810 Venit
3126 757 3191 809 ad
3246 773 3346 810 nos
3402 757 3709 811 Gennadius

419 849 676 903 diaconus
704 855 759 901 et
801 848 1239 914 archimandrita,
1287 848 1631 919 salutansque
1678 864 1765 903 me
1814 849 1881 903 ad
1930 850 2127 905 ostium
2181 850 2472 919 speluncas,
2512 848 2647 903 dixit
2702 848 2854 911 mihi,
2907 849 3050 913 veni,
3107 863 3317 917 precor,
3380 848 3710 904 introeamus

414 940 469 994 in
512 940 821 1009 speluncam
853 940 1070 1009 pariter.
1108 939 1172 993 Et
1200 950 1551 1009 posteaquam
1592 940 1664 994 ibi
1705 940 2044 995 adoravimus
2076 942 2197 1013 [al.,
2233 938 2525 1010 oravimus]
2556 939 2702 995 dedit
2730 939 2859 993 mihi
2893 938 3041 1009 pacis
3068 938 3332 1004 osculum,
3372 950 3429 994 ct
3453 939 3709 993 fratribus

415 1030 581 1095 meis,
625 1037 681 1083 et
724 1030 836 1095 ait,
889 1048 907 1080 ε
937 1029 1003 1083 de
1042 1028 1310 1099 Capereto
1355 1029 1680 1083 monasterio
1739 1046 1861 1085 meo
1907 1045 2080 1100 nuper
2122 1030 2346 1098 adveni,
2382 1029 2495 1084 vidi
2540 1037 2717 1083 autem
2778 1030 2884 1082 tale
2929 1028 3217 1083 somnimn.
3275 1028 3435 1094 Quasi
3492 1030 3707 1098 utrique

418 1118 693 1171 stabamus
728 1118 779 1170 in
806 1115 1041 1185 quodam
1071 1130 1255 1185 specu,
1296 1117 1347 1169 in
1388 1133 1495 1186 quo
1542 1116 2013 1172 mundissimorum
2052 1134 2251 1188 panum
2299 1119 2455 1173 sicuti
2500 1118 2584 1173 sol
2628 1131 2747 1172 erat.
2790 1131 2981 1186 magna
3010 1118 3185 1186 cepis,
3212 1126 3265 1171 et
3296 1119 3470 1188 portio
3512 1135 3699 1189 super-

414 1208 587 1277 posita
618 1208 861 1277 panibus.
894 1207 1153 1261 tmmcnsa
1183 1222 1311 1261 vero
1344 1206 1501 1277 |adde
1540 1205 1640 1276 vis]
1672 1207 1855 1276 populi
1890 1208 2156 1270 veniebat,
2206 1217 2262 1262 et
2288 1207 2534 1262 sumebat
2579 1222 2648 1263 ex
2696 1206 2844 1276 ipsis.
2869 1207 2978 1262 Nec
3026 1207 3365 1275 deficiebant,
3392 1224 3491 1264 nec
3521 1225 3694 1264 cessa-

415 1300 546 1352 bant
586 1300 831 1353 homines
869 1300 960 1366 qni
1002 1306 1343 1367 acceperant.
1369 1296 1595 1366 Jamque
1638 1298 1794 1351 nobis
1823 1314 1932 1367 pm:
1961 1298 2301 1353 multitudine
2329 1300 2603 1354 turbarum
2642 1299 3034 1365 deficientibus,
3065 1308 3346 1368 coeperunt
3386 1316 3551 1369 panes
3579 1314 3703 1354 ενοι

414 1392 528 1445 lare
555 1406 717 1459 super
745 1406 931 1445 manus
963 1399 1196 1456 nostras,
1225 1402 1281 1446 et
1308 1393 1380 1446 ita
1432 1393 1799 1463 percipiebant
1824 1407 2013 1448 omnes
2039 1400 2304 1461 quotquot
2332 1391 2396 1445 ad
2429 1393 2568 1446 hanc
2596 1392 2833 1446 muneris
2855 1391 3078 1460 gratiam
3108 1390 3466 1445 continebant.
3494 1410 3511 1442 ι
3549 1388 3708 1443 Post.

414 1495 574 1549 quam
610 1496 739 1535 vero
770 1484 951 1536 retulit
991 1484 1118 1537 mihi
1141 1484 1428 1549 somnium,
1462 1498 1562 1545 ego
1607 1485 1876 1554 respondi,
1908 1504 1925 1535 ι
1946 1484 2154 1537 Bonum
2179 1491 2260 1539 est
2288 1483 2431 1552 quod
2462 1483 2661 1538 vidisti.
2683 1503 2701 1536 ι
2735 1481 2802 1536 Et
2828 1482 3134 1550 recogitans
3162 1482 3302 1550 apud
3333 1483 3707 1551 memetipsum

415 1576 541 1646 quid
569 1576 667 1631 sibi
700 1577 859 1631 vellet
897 1578 1010 1632 haec
1042 1579 1199 1643 visio,
1238 1595 1560 1647 rursumque
1606 1588 1945 1649 pertractans
1975 1593 2039 1633 ea
2065 1593 2184 1646 quae
2233 1585 2639 1647 prmcesserant,
2693 1577 2802 1631 dixi
2851 1576 2977 1644 quia
3025 1577 3161 1631 visio
3209 1576 3309 1630 ista
3341 1591 3407 1629 ex
3436 1575 3549 1630 Deo
3597 1583 3705 1629 est.

416 1671 603 1726 Sciens
632 1681 809 1727 autem
839 1673 961 1741 quia
986 1672 1239 1728 divinitus
1266 1676 1361 1728 ista
1409 1675 1767 1741 contigerant,
1814 1673 2043 1729 iudicavi
2079 1673 2309 1743 qualiter
2360 1681 2578 1726 sanctus
2607 1671 2842 1726 Joannes
2882 1670 3119 1741 Baptista
3158 1685 3419 1740 apparere
3458 1670 3710 1737 dignatus

416 1771 527 1827 est;
559 1764 649 1831 qui
680 1780 822 1827 mox,
857 1774 913 1817 ut
938 1766 1159 1831 audivit,
1188 1768 1384 1820 mansit
1412 1768 1671 1821 attonitus
1692 1805 1706 1830 ,
1735 1775 1789 1820 et
1820 1781 1977 1819 orare
2005 1766 2171 1833 erepit
2191 1776 2247 1818 ut
2277 1765 2325 1818 ei
2372 1764 2549 1818 locum
2591 1764 2953 1829 ostemlerem,
2983 1762 3128 1831 quod
3168 1770 3225 1815 et
3261 1759 3379 1816 feci.
3416 1760 3544 1815 Post
3590 1763 3709 1814 hme

416 1859 615 1923 egressi
666 1875 850 1916 sumus
891 1860 1121 1928 utrique,
1161 1869 1216 1915 et
1255 1860 1383 1929 quid
1418 1867 1691 1930 oporteret
1733 1858 1845 1913 ﬁeri
1900 1858 2283 1922 tractabantus,
2336 1858 2615 1923 visumque
2643 1863 2727 1909 est
2769 1854 2901 1908 mihi
2934 1862 2989 1907 ut
3018 1854 3165 1922 prius
3204 1853 3358 1919 irem,
3402 1852 3458 1905 e't
3501 1852 3711 1906 indica-

417 1968 530 2006 rem
560 1951 836 2022 Stephano
868 1954 1183 2026 presbytero
1231 1963 1287 2008 et
1312 1952 1742 2010 archimandrita:
1782 1951 2098 2005 monasterii
2132 1950 2277 2020 quod
2315 1950 2616 2018 appellatur
2666 1946 3028 2000 Ctaramnium
3076 1944 3195 2015 [al.,
3248 1943 3598 2013 Daraminm],
3656 1952 3711 1996 et

416 2062 513 2117 per
540 2046 714 2117 ipsum
747 2048 1111 2103 manifestaret
1140 2051 1414 2120 episcopo.
1458 2048 1526 2101 Et
1554 2048 1831 2102 venientes
1855 2045 1926 2099 ad
1972 2045 2357 2100 monasterium
2385 2043 2519 2112 ejus,
2551 2059 2658 2097 non
2685 2057 2807 2097 eum
2836 2039 3152 2110 reperimus.
3194 2038 3410 2092 Abierat
3440 2040 3608 2101 enim,
3652 2048 3712 2092 ut

416 2136 667 2198 diximus.
701 2139 753 2191 in
772 2140 1095 2193 monasteria
1124 2152 1243 2206 quae
1272 2148 1425 2192 erant
1447 2138 1501 2191 in
1523 2137 1683 2205 agris,
1707 2152 1777 2190 ex
1803 2150 1869 2191 eo
1898 2134 1984 2189 die
2008 2150 2116 2203 quo
2146 2134 2300 2189 nobis
2320 2132 2545 2188 dederat
2566 2130 2952 2186 monasterium
2973 2138 3027 2184 et
3043 2129 3238 2184 ostium
3258 2130 3525 2198 spelunca:
3555 2139 3713 2200 pate-

416 2228 635 2284 fecerat.
668 2229 907 2297 Cumque
934 2230 1133 2297 egressi
1164 2228 1464 2290 fuissemus,
1496 2226 1698 2297 placuit
1726 2235 1786 2281 ut
1813 2240 2165 2281 evocaremus
2194 2225 2261 2279 ad
2294 2240 2393 2281 nos
2415 2224 2696 2292 Cyriacum
2728 2222 3008 2277 diaconum
3043 2231 3097 2275 et
3124 2222 3622 2283 archimandritam.
3656 2235 3712 2279 et

416 2320 777 2374 revelaremus
799 2320 849 2373 ei
875 2318 1183 2389 mysterium
1208 2334 1304 2387 per
1324 2318 1466 2386 quod
1492 2318 1648 2373 nobis
1669 2326 1886 2372 sanctus
1907 2316 2141 2371 Joannes
2166 2332 2433 2385 apparere
2458 2317 2705 2384 dignatus
2733 2323 2831 2369 est.
2878 2314 3114 2370 Misimus
3143 2325 3321 2369 autem
3349 2315 3415 2369 ad
3441 2331 3568 2370 eum
3597 2314 3711 2369 fra-

419 2417 553 2461 trem
582 2407 873 2472 lsaacium,
902 2409 1141 2463 dicentes
1174 2425 1187 2461 :
1225 2426 1244 2459 ι
1282 2407 1414 2461 Veni
1464 2406 1532 2460 ad
1578 2422 1677 2461 nos
1727 2406 1994 2461 celeriter.
2022 2425 2041 2458 ι
2075 2406 2154 2459 Ad
2201 2422 2361 2475 quem
2390 2421 2513 2461 cum
2552 2405 2717 2459 frater
2760 2406 3018 2472 venisset,
3049 2405 3373 2474 dixissetque
3417 2408 3491 2473 ei,
3540 2409 3712 2476 proti-

417 2516 519 2556 nus
551 2503 812 2558 obediens
855 2502 1021 2558 venit.
1054 2502 1226 2568 Quem
1263 2516 1386 2555 eum
1424 2500 1841 2565 salutassemus,
1874 2499 2127 2554 indicavit
2154 2500 2308 2555 nobis
2334 2499 2599 2554 somnium
2642 2498 2785 2567 quod
2839 2499 2989 2567 vidit,
3035 2507 3257 2568 eratque
3298 2512 3608 2551 consonans
3633 2499 3714 2552 vi-

424 2590 566 2645 sioni
591 2607 750 2661 quam
780 2589 1088 2646 Gennadius
1116 2589 1379 2645 diaconus
1408 2589 1539 2645 mihi
1579 2589 1860 2644 retulerat.
1904 2588 1968 2643 Et
2006 2604 2129 2644 cum
2177 2604 2505 2654 orassemus,
2536 2605 2661 2642 mox
2714 2590 2761 2643 ei
2812 2590 3198 2643 revelationem
3245 2587 3416 2642 sancti
3456 2584 3715 2658 Baptista:

416 2678 639 2737 Joannis
680 2682 1027 2738 manifestare
1072 2685 1402 2749 curavimus,
1432 2688 1489 2735 et
1520 2679 1595 2734 ait
1634 2698 1647 2732 :
1691 2698 1709 2731 ε
1738 2678 2050 2749 Cogitemus
2077 2680 2203 2749 quid
2252 2680 2366 2736 ﬁeri
2412 2680 2623 2737 debeat.
2660 2701 2677 2734 ι
2716 2682 2784 2736 Et
2830 2697 2929 2751 ego
2970 2682 3099 2744 dixi,
3151 2701 3172 2734 ‹
3208 2680 3345 2735 Puto
3383 2682 3715 2736 conveniens

415 2789 540 2830 esse
570 2780 629 2828 ut
672 2774 777 2828 hoc
805 2774 1207 2829 innotescamus
1245 2772 1520 2843 episcOpo.
1557 2791 1574 2824 ι
1614 2770 1955 2842 Rursumque
1976 2782 2367 2840 cognoscentes
2396 2774 2541 2842 quod
2570 2789 2712 2843 saepe
2741 2783 3070 2829 memoratus
3098 2773 3404 2843 Stephanus
3431 2771 3716 2842 presbyter

424 2872 480 2916 et
509 2861 926 2917 archimandrita
952 2861 1020 2916 de
1045 2874 1175 2931 agro
1202 2876 1311 2916 non
1339 2869 1579 2926 venerat,
1609 2860 1905 2915 mansimus
1930 2860 2120 2915 diebus
2140 2862 2378 2930 quinque
2401 2871 2751 2933 posteaquam
2775 2864 3032 2918 revelatio
3054 2864 3209 2918 nobis
3237 2872 3449 2917 ostensa
3480 2872 3582 2917 est.
3616 2862 3716 2916 Die

427 2968 560 3009 vero
582 2953 930 3009 sabbatorum
952 2962 1076 3022 post
1098 2954 1377 3008 meridiem
1402 2951 1713 3007 sedentibus
1741 2960 1902 3023 atque
1930 2954 2412 3010 sermocinantibus
2441 2956 2614 3020 nobis,
2647 2956 2921 3025 ingressus
2947 2966 3032 3011 est
3063 2956 3128 3009 ad
3160 2972 3256 3009 nos
3283 2954 3461 3009 Saltus
3490 2954 3716 3026 [Saliusl

423 3043 765 3097 collectarius
799 3050 853 3097 et
877 3041 1033 3098 Maris
1060 3042 1180 3117 [al.,
1210 3042 1429 3115 Marius]
1460 3042 1720 3113 Linopola
1744 3042 2083 3113 Lechtarius,
2110 3054 2167 3099 et
2193 3045 2358 3100 locuti
2401 3047 2686 3101 nobiscum
2713 3048 2971 3102 continuo
2999 3055 3356 3102 recesserunt.
3390 3045 3503 3114 Ego
3533 3056 3715 3103 autem

418 3131 530 3185 dixi
558 3130 707 3186 fratri
739 3130 961 3197 lsaacio,
992 3140 1049 3184 ut
1078 3140 1202 3202 post
1238 3148 1333 3188 eos
1360 3134 1557 3189 ostium
1585 3133 1877 3190 clauderet.
1920 3133 2163 3204 Itemque
2192 3136 2552 3193 residentibus
2577 3138 2734 3193 nobis
2757 3146 2808 3192 et
2832 3138 3189 3207 loquentibus,
3223 3138 3295 3191 ita
3341 3153 3459 3191 smn
3488 3149 3717 3209 repente

420 3221 737 3276 verberatus
774 3224 827 3275 in
879 3223 1121 3290 genibus,
1160 3234 1220 3278 ut
1263 3231 1408 3278 totus
1448 3225 1776 3289 incurvarer,
1809 3240 1910 3281 nec
1942 3241 2157 3296 possem
2188 3230 2408 3283 omnino
2437 3244 2759 3299 consurgere
2797 3232 2881 3285 vel
2911 3230 3034 3300 quid
3076 3233 3253 3301 operis
3293 3232 3534 3302 implere.
3565 3232 3718 3288 Tunc

420 3313 574 3366 aiunt
602 3311 667 3365 ad
699 3326 785 3366 me
812 3310 1121 3369 Gennadius
1148 3322 1202 3367 et
1227 3313 1482 3383 Cyriaeus
1510 3314 1769 3370 diaconus
1792 3324 1847 3369 et
1866 3315 2295 3372 archimandritas
2320 3337 2332 3371 ε
2373 3337 2391 3370 ‹
2425 3319 2616 3374 Nonne
2645 3321 2876 3375 diximus
2906 3322 3027 3385 tibi,
3055 3321 3171 3375 Noli
3203 3338 3383 3378 moras
3412 3324 3714 3386 innectere.

422 3402 518 3456 sed
545 3418 751 3465 eamus,
781 3410 837 3456 et
865 3403 917 3457 in
950 3404 1193 3457 notitiam
1224 3404 1462 3474 episcopi
1498 3405 1851 3474 deponamus,
1885 3409 2009 3478 quia
2051 3410 2330 3479 presbyter
2368 3411 2673 3480 Stephanus
2712 3414 2907 3467 dicitur
2943 3415 3178 3469 nondum
3210 3417 3509 3473 advenisse.
3548 3438 3566 3470 ι
3603 3417 3720 3488 Ego

423 3509 555 3548 vero
604 3494 774 3547 mansi
823 3494 1175 3551 vehementer
1200 3496 1446 3551 afflictus.
1477 3495 1582 3565 Ipsi
1612 3505 1792 3552 autem
1823 3500 2185 3568 vespertinum
2221 3500 2559 3556 celebrantes
2617 3501 2874 3567 oftlcium,
2910 3504 3132 3573 ingressi
3167 3516 3292 3560 sunt
3327 3508 3414 3563 ubi
3442 3508 3716 3577 jacebam,

420 3591 476 3636 et
516 3583 984 3649 denuntiavcrunt,
1036 3586 1296 3652 dicentes,
1355 3605 1371 3638 ‹
1406 3585 1765 3655 Jurejurando
1807 3589 2167 3645 satisfecimus
2195 3600 2384 3646 sancto
2423 3591 2635 3659 Joanni,
2671 3597 3022 3665 suscipientes
3051 3614 3336 3667 personam
3381 3610 3524 3654 tuam
3570 3602 3720 3668 quod

420 3690 634 3728 omnem
664 3690 880 3730 causam
910 3691 1029 3731 cras
1068 3687 1192 3732 ante
1220 3679 1349 3735 solis
1374 3686 1550 3734 ortum
1581 3694 1677 3748 per
1710 3689 1761 3734 te
1790 3679 1909 3752 [per
1933 3690 1985 3736 te
2005 3697 2123 3736 cras
2151 3692 2330 3738 autem
2357 3685 2472 3740 sole
2498 3695 2620 3739 orto
2650 3700 2745 3755 per
2771 3697 2844 3751 te,
2877 3685 3008 3757 rte]
3034 3700 3328 3758 cognoscet
3354 3682 3659 3760 episcopus.
3695 3712 3714 3742 ι

420 3763 489 3817 lit
533 3778 634 3831 ego
681 3766 954 3835 respondi,
993 3786 1009 3818 ι
1048 3766 1194 3822 Bene
1222 3768 1513 3824 admodum
1545 3768 1763 3837 fecistis,
1798 3771 1902 3826 hoc
1948 3772 2089 3827 idem
2130 3774 2539 3841 promittentes;
2580 3796 2598 3828 ι
2642 3786 2697 3830 et
2744 3780 2992 3846 protinus
3036 3795 3065 3833 a
3118 3780 3392 3834 doloribus
3449 3780 3721 3835 relevatus

421 3874 561 3912 sum.
603 3857 861 3928 Sequenti
886 3871 1066 3916 autem
1098 3862 1184 3917 die
1224 3862 1496 3918 dominico
1526 3865 1685 3919 sintut
1718 3880 1840 3919 cum
1872 3865 2103 3920 diacono
2129 3866 2356 3938 Cyriaco
2377 3878 2431 3922 et
2458 3868 2672 3924 Juliano
2698 3874 2966 3928 monacho
2994 3875 3291 3941 venientes,
3318 3875 3581 3945 episcopo
3605 3875 3721 3943 jam

426 3958 551 4016 post
578 3952 871 4005 matutinas
900 3952 1175 4005 orationes
1203 3950 1269 4005 de
1300 3952 1526 4007 ecclesia
1576 3961 1707 4007 tunc
1734 3954 2031 4020 egredienti
2083 3958 2461 4024 suggessimus,
2494 3960 2758 4027 dicentes,
2807 3962 2933 4029 quia
2976 3972 3194 4017 sanctus
3222 3961 3455 4017 Joannes
3479 3964 3720 4033 Baptista

433 4039 703 4093 revelatus
730 4050 829 4094 est.
860 4040 981 4109 Ipse
1008 4055 1139 4095 vero
1169 4040 1501 4110 stupefactus
1539 4043 1613 4095 ait
1642 4061 1654 4095 :
1696 4061 1713 4093 ι
1747 4042 1933 4097 Nullus
1962 4044 2069 4099 hoc
2110 4048 2281 4115 novit,
2321 4056 2377 4102 et
2401 4048 2521 4117 quis
2567 4060 2802 4104 vestrum
2843 4053 3038 4105 audeat
3084 4052 3433 4121 contingere?
3468 4073 3484 4105 ι
3542 4054 3722 4109 Dixit-

422 4144 528 4195 que
560 4130 609 4183 ei
638 4130 894 4200 Cyriacus
922 4132 1178 4187 diaconus
1212 4150 1224 4184 :
1257 4151 1275 4184 ι
1309 4130 1535 4200 Quando
1564 4132 1747 4186 venire
1773 4132 2050 4202 dignaris?
2082 4155 2100 4189 ι
2138 4144 2191 4191 et
2213 4137 2320 4201 ille,
2354 4157 2372 4189 ς
2403 4152 2540 4204 cras,
2571 4138 2761 4207 inquit,
2797 4139 3096 4194 adveniam.
3129 4158 3147 4191 ι
3180 4138 3400 4195 Postera
3431 4149 3609 4196 autem
3633 4144 3725 4197 die

439 4234 562 4272 tum
589 4222 913 4292 presbyteris
942 4232 997 4275 et
1041 4222 1282 4278 diaconis
1313 4223 1595 4294 episcopus
1620 4224 1785 4290 venit,
1820 4232 1874 4279 et
1903 4225 2165 4281 intrantes
2194 4227 2258 4281 ad
2293 4228 2492 4294 locum,
2526 4231 2865 4298 procidentes
2906 4231 2958 4285 in
2987 4230 3149 4285 facies
3174 4246 3298 4286 suas
3336 4234 3723 4291 adoraverunt.

431 4310 671 4367 Malclius
694 4313 811 4386 [ul.,
840 4313 1136 4385 Malachusj
1158 4326 1337 4369 autem
1361 4315 1659 4385 presbyter,
1683 4331 1819 4370 unus
1838 4331 1906 4371 ex
1929 4316 2009 4371 his
2030 4319 2119 4386 qui
2136 4334 2258 4373 cum
2279 4322 2536 4392 episcopo
2562 4335 2838 4391 venerant,
2870 4324 3153 4379 infideliter
3174 4333 3369 4388 motus,
3395 4327 3500 4380 ait:
3524 4346 3543 4378 ι
3572 4327 3727 4384 Unde

438 4407 541 4459 hoc
570 4415 776 4459 certum
808 4415 909 4471 est,
944 4408 1089 4477 quod
1117 4418 1280 4477 caput
1306 4408 1654 4463 Prae-cursoris
1688 4410 1922 4464 existat?
1958 4429 1976 4461 ι
2023 4410 2349 4481 Mittensque
2387 4431 2601 4470 manum
2655 4427 2712 4471 ut
2751 4419 3091 4487 contingeret
3126 4420 3390 4490 hydriam,
3436 4422 3725 4477 confestim

426 4498 656 4565 exaruit,
684 4500 1017 4568 adllatsitque
1046 4516 1234 4555 manus
1256 4500 1369 4569 ejus
1391 4501 1615 4572 hydrire,
1641 4516 1739 4555 nec
1760 4516 1876 4555 eam
1903 4502 2191 4558 extrahere
2221 4506 2405 4559 valuit.
2432 4507 2696 4563 lnstanter
2717 4518 2897 4562 autem
2925 4509 2991 4562 ab
3017 4510 3266 4563 omnibus
3286 4511 3533 4565 oratione
3560 4512 3726 4580 facta,

425 4591 739 4659 cunctisque
767 4591 1190 4662 glorificantibus
1221 4592 1412 4659 Deum,
1446 4601 1607 4661 atque
1634 4594 1977 4663 precantibus
2021 4610 2120 4663 pro
2150 4610 2247 4660 eo,
2280 4598 2365 4650 vix
2418 4598 2629 4653 tandem
2678 4599 2891 4667 quidem
2926 4615 3141 4654 manum
3182 4601 3357 4669 potuit
3386 4600 3729 4665 abstrahere,

423 4680 517 4734 sed
551 4681 620 4733 ita
647 4682 940 4749 permansit
967 4682 1220 4739 invalida.
1258 4683 1557 4753 Episcopus
1598 4692 1799 4747 autem,
1828 4698 1952 4738 cum
1985 4684 2245 4739 universis
2275 4687 2365 4756 qui
2396 4702 2577 4743 secum
2609 4698 2784 4757 erant,
2818 4690 3084 4759 accipiens
3115 4691 3356 4761 liydriam
3386 4707 3504 4745 cum
3531 4704 3731 4749 sancto

427 4772 679 4825 thesauro
705 4773 774 4827 ibi
802 4776 1060 4843 reposito,
1089 4778 1305 4831 interim
1334 4778 1381 4830 in
1408 4776 1655 4832 diaeonio
1676 4816 1690 4838 ,
1720 4777 1768 4832 id
1796 4786 1876 4831 est
1902 4778 1952 4831 in
1976 4780 2268 4833 secretario
2298 4782 2541 4837 ecclesire
2572 4784 2885 4848 collocavit,
2920 4786 3093 4840 donec
3118 4786 3474 4840 mditicaretur
3503 4787 3733 4841 basilica

428 4865 483 4917 in
513 4866 731 4919 nomine
761 4866 897 4934 ejus.
930 4867 1059 4933 Quae
1102 4869 1190 4923 ubi
1233 4867 1469 4937 perfecta
1497 4878 1600 4933 est,
1633 4884 1755 4922 cum
1788 4869 1902 4923 dies
1931 4878 2131 4923 saneta:
2167 4870 2519 4939 depositionis
2548 4874 2662 4941 ejus
2696 4875 2938 4939 instaret,
2971 4876 3217 4943 apparuit
3247 4883 3461 4930 sanctus
3488 4874 3735 4931 Joannes

429 4956 478 5009 ei
529 4956 687 5025 cujus
743 4974 933 5014 manus
976 4968 1212 5027 arnerat,
1246 4960 1429 5014 dicens
1458 4978 1468 5012 :
1507 4959 1571 5014 In
1597 4961 1708 5029 ipsa
1738 4962 2080 5027 pracessione,
2108 4977 2220 5013 cum
2247 4963 2306 5030 ﬁt
2336 4964 2605 5033 depositio,
2639 4983 2771 5035 pone
2800 4983 3008 5018 manum
3036 4974 3174 5019 tuam
3205 4983 3356 5034 super
3384 4968 3651 5035 lzydriam,
3685 4980 3735 5020 et

424 5048 605 5099 statim
645 5046 933 5101 sanabitur.
965 5046 1078 5101 Hoc
1107 5057 1289 5103 autem
1320 5065 1443 5103 cum
1479 5050 1709 5113 fecisset,
1744 5050 1989 5104 restituta
2018 5058 2101 5104 est
2131 5052 2371 5117 pristinae
2398 5056 2634 5110 sanitati.
2665 5067 2686 5093 ο
2721 5056 2880 5110 Facta
2914 5067 2995 5111 est
3024 5058 3078 5111 S.
3109 5058 3329 5111 Joannis
3369 5056 3737 5112 Prarcursoris

427 5157 492 5196 ac
539 5143 796 5211 Baptista:
838 5143 1106 5212 depositio
1138 5143 1190 5198 in
1236 5144 1352 5214 ejus
1382 5144 1583 5213 templo
1610 5145 1811 5199 mensis
1856 5143 2105 5200 Octobris
2153 5148 2408 5215 vigesima
2456 5158 2628 5214 sexta,
2679 5168 2820 5205 anno
2865 5152 2990 5219 765,
3025 5151 3317 5205 indictione
3350 5160 3523 5217 sexta,
3558 5154 3737 5221 impe-

429 5233 672 5286 rantibus
714 5232 977 5301 religiosis
1005 5234 1211 5303 piisqne
1257 5250 1320 5290 ac
1369 5234 1687 5290 orthodoxis
1734 5236 1984 5304 Augustis
2025 5234 2399 5295 Valentiniano
2437 5240 2655 5297 Juniore
2695 5259 2757 5297 ac
2787 5244 3077 5309 Marciano,
3110 5243 3436 5313 principibus
3468 5247 3740 5299 memoria

432 5325 756 5395 sempiterna
803 5326 974 5394 dignis
1015 5344 1027 5377 :
1060 5326 1127 5381 ad
1153 5327 1363 5381 laudem
1399 5336 1451 5381 et
1480 5328 1707 5394 gloriam
1741 5330 1917 5394 magni
1951 5326 2043 5381 Dei
2072 5343 2135 5383 ac
2157 5328 2452 5387 Salvatoris
2485 5335 2649 5389 nostri
2676 5334 2801 5390 Jesu
2834 5335 3055 5400 Christi,
3100 5334 3186 5388 Cui
3225 5334 3393 5402 gloria
3420 5351 3543 5390 cum
3593 5336 3743 5391 inte~

434 5426 641 5472 merato
673 5414 834 5472 Patre
863 5418 1309 5485 sanctissimoqne
1338 5432 1399 5472 ac
1428 5417 1637 5472 vivitieo
1659 5417 1884 5486 Spiritu,
1918 5416 1969 5471 in
1998 5420 2192 5476 smcula
2223 5426 2558 5479 saeculorum.
2595 5423 2785 5479 Amen.

509 5624 532 5649 ἰ
552 5613 658 5691 llic
683 5613 876 5691 desinit
900 5614 1140 5691 Dionysii
1174 5611 1365 5691 Exigui
1392 5611 1801 5691 interpretatio,
1820 5630 1938 5681 qum
1966 5618 2242 5686 suppletur
2267 5636 2328 5673 ex
2352 5618 2412 5671 R.
2434 5618 2488 5672 P.
2510 5618 2790 5673 Combcfis.
2812 5654 2882 5663 ——
2912 5621 3210 5691 Sequcntcs
3243 5631 3422 5675 autem
3449 5639 3756 5685 sermone:

434 5681 524 5737 hic
551 5684 602 5736 in
634 5684 943 5752 appendicis
975 5681 1143 5737 vicem
1176 5683 1483 5738 exscribere
1507 5681 1726 5749 placuit.
1765 5684 1917 5739 Ευιτ.
