4000 6344
333 403 401 459 33
939 396 1027 449 AD
1068 395 1336 450 illS'l‘OR.
1388 393 1817 450 INVENTIONIS
1852 389 2118 450 CAPlTIS
2154 392 2212 451 S.
2253 393 2530 453 JOANMS
2568 397 2938 459 APPENDIX.

295 511 485 567 Cuncio
507 510 827 590 inprimant,
844 508 1121 590 secundum
1143 518 1296 590 atque
1317 506 1884 590 tertian'tinuenlion'cm
1917 505 1960 566 Λ

364 576 776 652 ιπειὶοδίεᾳρίιξδ
791 580 857 652 8ζ
873 576 1222 652 Ριιιεσιιτεοιλίέ
1245 577 1466 632 Joannis
1489 577 1756 646 Baptism.
1791 576 1886 631 Iu-

369 647 588 722 terprcte
620 648 682 702 Ii.
726 649 786 702 Ρ.
819 647 1090 718 Combeﬁs.

365 783 564 838 lterum
608 781 818 836 divinus
847 779 1004 836 nobis
1042 779 1346 836 Prmcursor
1374 779 1590 834 advenit
1618 799 1630 831 ;
1665 781 1887 834 iterum-

299 890 401 944 que
426 874 602 928 oratio
633 870 827 928 festum
857 879 1183 927 conventum
1207 881 1392 926 actura
1417 871 1646 935 accedit,
1679 886 1745 926 ac
1771 884 1888 939 gra-

297 967 490 1018 tiarum
521 964 789 1019 actionem
843 962 894 1016 in
949 961 1230 1016 collectam
1279 963 1365 1016 hic
1413 961 1518 1016 loci
1547 960 1885 1017 celebratura

295 1049 634 1104 concionem.
662 1048 824 1102 Multa
847 1057 969 1103 sunt
994 1049 1292 1104 admirandi
1313 1047 1584 1104 Prarconis-
1603 1050 1886 1115 solemnia,

297 1140 554 1210 praeclara
595 1139 754 1194 simul
780 1140 960 1193 omnia
999 1153 1063 1194 ac
1088 1139 1355 1206 illustria;
1400 1148 1686 1210 potestque
1713 1140 1889 1209 quivis

297 1248 362 1286 ex
394 1231 614 1298 singulis
665 1230 871 1285 illustre
924 1231 1025 1285 sibi
1076 1239 1448 1299 argumentum
1496 1231 1798 1294 desumere,
1829 1239 1890 1285 ut

298 1322 506 1392 singula
555 1321 700 1392 quod
741 1323 898 1377 liceat
939 1320 1238 1387 conferant,
1265 1322 1510 1391 aliusque
1535 1322 1674 1378 alius
1699 1323 1890 1376 memi-

294 1413 462 1479 nerit,
493 1412 710 1480 quando
740 1414 901 1466 i-tiam
929 1411 1014 1467 vel
1047 1413 1203 1467 unius
1230 1413 1556 1477 meminisse,
1584 1427 1759 1482 exque
1784 1428 1890 1467 me-

298 1503 405 1558 rito
450 1502 690 1567 laudare,
725 1503 916 1557 nedum
946 1503 1180 1558 orationi
1210 1503 1442 1568 diﬂicile,
1475 1503 1570 1558 sed
1601 1513 1654 1559 et
1684 1505 1887 1574 impos-

297 1593 454 1648 sibile
483 1592 684 1647 existit.
713 1591 826 1648 Nec
867 1593 1010 1647 enim
1052 1593 1224 1647 'solum
1266 1593 1617 1648 Prmcursoris
1639 1595 1890 1649 uativitas

300 1684 596 1754 cogitatum
628 1684 841 1752 vimque
884 1683 1096 1739 dicendi
1125 1693 1367 1754 superat,
1395 1701 1580 1739 verum
1610 1685 1771 1740 etiam
1793 1700 1890 1739 an-

302 1775 471 1829 terior
499 1774 588 1828 illa
620 1775 906 1844 conceptio
954 1789 1018 1830 ac
1048 1775 1100 1829 in
1131 1783 1370 1830 materna
1400 1777 1522 1831 alvo
1572 1777 1884 1839 exsultatio,

3482 402 3576 456 ιδι

1991 531 2152 601 Λόγος
2175 533 2244 592 εἷς
2270 537 2358 612 τὴν
2387 537 2613 612 πρώτην,
2644 539 2738 612 καί.
2757 536 3016 610 δευτέραν,
3048 541 3338 612 καί-τρίτην
3375 537 3579 612 εἶρε-ειν

2288 611 2379 664 τῆς
2402 605 2570 675 τιμίας
2600 609 2814 678 κεφαλῆς
2843 605 2932 662 τοἶό
2961 605 3276 683 Προδρόμου.

2059 763 2203 816 Πάλιν
2232 765 2354 822 ἡμῖν
2394 762 2419 816 ὁ
2457 764 2593 822 θεῖος
2625 764 2868 835 ἐφέστηκε
2900 762 3185 840 Πρόδρομος
3205 779 3219 794 ⁶
3251 764 3333 817 καί
3371 761 3520 817 πάλιν
3551 761 3578 817 ό

1987 854 2128 926 λόγος
2155 857 2265 912 ἥκει
2290 859 2671 930 πανηγυρίσων,
2701 859 2783 912 καί
2821 865 2928 917 τοῖς
2964 857 3360 929 συνειλεγμένοις
3397 854 3582 930 ἑορτά·-

1987 967 2092 1000 σων
2132 950 2199 1002 τά
2243 947 2586 1022 χαριστήρια.
2619 948 2793 1002 Πολλαί
2818 945 2919 1020 γάρ
2954 967 3038 1018 μοι
3068 948 3121 1002 αί
3159 953 3252 1002 τοῦ
3281 950 3577 1016 θαυμαστοῦ

1989 1040 2204 1108 κήρυκος
2230 1038 2556 1112 πανηγύρεις,
2583 1040 2667 1092 καί
2693 1042 2862 1092 πᾶσαι
2887 1035 3014 1108 ὁμοῦ
3043 1036 3271 1112 λαμπραί
3294 1040 3378 1090 καὶ
3403 1034 3582 1094 διάση-

1988 1149 2092 1196 μοι.
2140 1132 2225 1183 Καὶ
2270 1127 2442 1194 ἔξεστί
2472 1150 2528 1200 γε
2569 1137 2641 1199 τῷ
2669 1130 2958 1201 βουλομένω
2998 1129 3237 1206 λαμπρὰν
3262 1128 3335 1200 ἐφ’
3365 1129 3582 1189 ἑκάστης

1989 1223 2244 1276 ποιεῖσθαι
2279 1225 2360 1276 καί
2398 1228 2488 1280 τήν
2526 1223 2790 1289 ὑπόθεσιν,
2821 1225 2887 1278 τά
2915 1225 3046 1278 κατὰ
3073 1222 3290 1293 δύναμιν
3319 1223 3582 1292 σωεισφὲο
3607 1245 3609 1247 ί

1989 1330 2145 1384 ροντα
2173 1313 2407 1378 ἕκαστον,
2432 1317 2514 1368 καί
2537 1311 2680 1369 ἄλλον
2709 1312 2859 1375 ἄλλης
2884 1312 3343 1386 διαμνημονεύοντα
3364 1312 3442 1370 ὅτι
3464 1312 3582 1383 μηδ’

1989 1401 2098 1464 ἑξόν
2139 1402 2229 1456 ἕνα
2267 1407 2351 1457 καί
2384 1405 2470 1458 τόν
2511 1406 2663 1459 αὑτὸν
2697 1407 2982 1477 μεμνῆσθαι
3005 1413 3206 1467 πασῶν,
3242 1403 3375 1462 ὅπου
3402 1427 3458 1478 γε
3499 1408 3581 1460 καί

1990 1491 2047 1545 τό
2073 1497 2197 1563 μιᾶς
2221 1495 2417 1549 τούτων
2442 1497 2742 1565 μνησθῆναι,
2766 1501 2852 1552 καὶ
2877 1500 3009 1573 πρὸς
3047 1501 3187 1562 ἀξίαν
3212 1500 3359 1574 ἐρεῖν.
3389 1500 3446 1553 ού
3474 1521 3584 1569 χα-

1989 1582 2136 1636 λεπὸν
2157 1584 2307 1653 μόνον
2333 1593 2406 1657 τῷ
2423 1586 2579 1659 λόγῳ,
2611 1588 2735 1642 ἀλλά
2762 1591 2848 1642 καί
2869 1587 3134 1645 ἀδύνατον
3162 1591 3219 1642 οὐ
3239 1591 3340 1664 γάρ
3355 1591 3586 1660 γέννησις

1989 1674 2136 1744 μόνον
2148 1677 2176 1732 ἠ
2192 1682 2281 1730 τοῦ
2297 1676 2610 1752 Προδρόμου,
2627 1681 2714 1732 καί
2739 1680 2795 1733 ού
2810 1684 3048 1753 κρείττων
3063 1682 3142 1734 καὶ
3163 1677 3588 1752 λόγον(εἰρ),ἀλλά

1993 1766 2077 1816 καὶ
2105 1764 2348 1835 σύλληψις
2375 1768 2405 1824 ἦ
2432 1767 2533 1841 πρὸ
2555 1766 2770 1832 ταύτης,
2801 1771 2884 1822 καὶ
2909 1770 2939 1827 ἡ
2964 1770 3110 1844 παρά
3150 1777 3216 1842 τῇ
3239 1772 3394 1842 μητρί
3420 1767 3586 1828 δήπου
3671 1835 3676 1841 ,

299 1879 462 1935 quam
503 1872 559 1919 et
599 1865 879 1934 prophetia
926 1874 1216 1920 consecuta
1266 1873 1368 1920 est.
1417 1865 1683 1920 Praeterea
1724 1868 1886 1920 etiam

2003 1855 2298 1932 ἓγγάστριος
2327 1859 2617 1934 σκίρτησις,
2733 1862 2816 1914 καί
2860 1861 3135 1932 προφητεία
3161 1862 3453 1916 συνείπετο.
3479 1857 3590 1916 ἐτι

299 1953 569 2018 educatio,
592 1954 677 2008 cui
712 1954 909 2009 nullius
937 1955 1164 2009 aliorum
1193 1955 1383 2010 similis
1407 1963 1508 2010 est.
1541 1955 1698 2009 Tanti
1727 1956 1889 2011 etiam

298 2043 400 2098 viri
447 2043 516 2097 ad
561 2041 1160 2110 Jordanem-adventus,
1191 2061 1352 2114 quam
1381 2039 1596 2101 dicendi
1647 2047 1753 2101 vim
1783 2064 1890 2102 non

296 2140 542 2203 superet,
574 2133 735 2202 inque
764 2134 1034 2201 angustias
1062 2135 1263 2202 cogat?
1303 2135 1370 2189 At
1413 2135 1542 2204 quid
1569 2136 1636 2190 de
1680 2137 1890 2192 Domini

299 2225 367 2279 ad
395 2240 518 2279 eum
563 2224 795 2279 adventu
831 2225 998 2290 dicas,
1044 2227 1298 2282 inclinato
1330 2227 1402 2281 illi
1429 2227 1652 2296 vertice,
1704 2244 1896 2285 manus

303 2324 468 2378 tactu,
503 2331 566 2369 ac
588 2315 835 2383 baptiSmi
867 2331 1061 2370 arcana
1092 2316 1449 2371 lustratione?

374 2407 578 2463 [lorum
602 2410 842 2462 omnium
861 2409 1106 2473 seorsim,
1133 2410 1520 2480 propriumque
1541 2409 1672 2464 mihi
1700 2395 1892 2464 festum

301 2509 407 2565 est,
435 2516 542 2555 una
593 2501 754 2555 etiam
786 2517 909 2555 cum
949 2500 1184 2568 gloriosa
1212 2501 1592 2567 decollatione,
1625 2517 1784 2570 quam
1816 2503 1897 2557 vir

306 2591 571 2645 maximus
613 2590 888 2657 sustinuit,
931 2589 1142 2645 lascivae
1188 2605 1254 2645 ac
1281 2590 1567 2660 impudica:
1593 2591 1896 2646 saltationis

302 2677 556 2733 mercede
577 2679 645 2733 ab
674 2677 889 2733 Herode
911 2693 1080 2733 caesus
1109 2680 1306 2749 capite.
1329 2678 1528 2736 Verum
1549 2680 1673 2750 quia
1700 2681 1895 2737 horum

300 2767 617 2822 meminisse
646 2784 753 2822 non
782 2767 940 2837 hujus
967 2776 1052 2824 est
1089 2770 1367 2840 temporis,
1398 2786 1519 2826 cum
1548 2780 1603 2826 et
1647 2773 1896 2843 proprios

301 2857 540 2912 habeant
568 2858 834 2927 ascriptus
861 2857 1002 2926 dies,
1031 2859 1296 2928 nobisque
1324 2849 1570 2930 superius
1598 2861 1782 2932 paucis
1808 2876 1894 2916 re-

303 2946 414 3000 lata
437 2948 575 3002 sint:
607 2949 672 3002 iis
693 2948 738 3003 si
770 2948 916 3002 lubet
945 2949 1176 3016 omissis,
1211 2950 1279 3005 ad
1307 2951 1411 3005 alia
1439 2966 1744 3008 sermonem
1773 2968 1897 3008 con-

301 3046 601 3105 vertemus,
629 3054 750 3108 qua:
778 3047 834 3092 et
863 3039 1016 3094 nobis
1053 3029 1532 3111 imprzesentiamm
1561 3056 1894 3112 prosequen-

301 3129 370 3183 da
400 3130 707 3184 statuimus.
759 3127 928 3185 Plane
973 3145 1104 3186 vero
1151 3131 1241 3186 hic
1276 3132 1508 3187 orationi
1562 3133 1896 3202 pmstitutus

1993 1952 2088 2015 μὴν
2114 1951 2195 2001 καί
2222 1949 2453 2021 ἀναγωγή
2476 1953 2560 2003 καὶ
2585 1952 2842 2025 ἀνατροφή
2872 1993 2887 2016 ,
2913 1949 3084 2020 μηδενί
3111 1957 3212 2007 τῶν
3237 1947 3396 2006 ἄλλων
3421 1971 3591 2027 προσ·-

1994 2044 2186 2092 εοικυῖα
2210 2055 2223 2069 ⁶
2267 2042 2349 2093 καὶ
2391 2041 2422 2098 ἡ
2450 2041 2590 2117 παρά
2615 2041 2700 2094 τὸν
2735 2039 2988 2116 Ἰορδάνην
3013 2037 3073 2095 δὲ
3114 2036 3275 2112 ἄφιξις
3301 2047 3390 2096 τοῦ
3419 2038 3591 2096 τοιού-

1993 2149 2108 2188 του.
2139 2133 2255 2184 τίνα
2283 2130 2430 2200 λόγον
2464 2131 2563 2200 οὐχ
2605 2131 2920 2207 ὑπερϐαίνει,
2955 2133 3034 2184 καὶ
3061 2135 3133 2193 εἰς
3161 2132 3378 2205 ἀπορίαν
3404 2132 3591 2202 ἐμϐαλ-

1993 2218 2086 2283 λιι;
2130 2220 2190 2272 Τί
2234 2217 2278 2272 δ’
2303 2215 2362 2273 ἂν
2400 2218 2546 2293 εἴπῃς
2584 2225 2881 2295 παρουσίαν
2908 2227 2998 2280 τήν
3030 2223 3162 2294 πρὸς
3192 2223 3342 2276 αὐτὸν
3369 2229 3460 2276 τοῦ
3511 2220 3591 2276 δεο

1997 2309 2217 2372 σπότου,
2242 2312 2329 2364 καί
2350 2318 2567 2384 κορυφῆς
2591 2309 2666 2364 ἐπ’
2691 2313 2829 2384 αύτῷ
2849 2312 3031 2376 κλίσιν,
3057 2313 3144 2366 καί
3171 2313 3352 2385 χειρὸς
3373 2313 3589 2384 ἐπαφήν,

1995 2400 2080 2451 καὶ
2109 2397 2360 2472 βάπτισιν
2389 2398 2448 2460 δή
2473 2405 2562 2459 τὴν
2591 2401 2920 2476 ἀπόῥρητονς

2065 2491 2265 2544 Τούτων
2301 2484 2388 2543 οὖν
2415 2489 2651 2544 ἁπάντων
2679 2489 2782 2544 ἰδία
2807 2512 2894 2559 μοι
2923 2494 3006 2544 καί
3038 2492 3147 2545 καθ’
3175 2491 3392 2546 ἕκαστον
3419 2494 3450 2550 ἡ
3489 2514 3592 2545 πα-

1997 2583 2226 2656 νήγυρις,
2268 2581 2374 2651 μεθ’
2403 2580 2510 2651 ἅμα
2537 2585 2624 2635 καί
2650 2589 2740 2640 τῆς
2768 2581 2964 2644 ἐνδόξου
2993 2583 3274 2652 ἀποτομῆς,
3305 2583 3364 2640 ἢν
3392 2581 3592 2641 ὑπέστη

1999 2670 2026 2725 ό
2055 2673 2353 2744 παμμέγας,
2398 2673 2582 2746 κεφαλῇ
2621 2674 2754 2746 πρὸς
2781 2680 2872 2728 τοῦ
2899 2673 3123 2748 Ἠρώδου
3152 2677 3480 2743 ἀποτμηθεὶς,
3527 2674 3591 2728 δι’

1996 2763 2184 2834 ἀσελγῆ
2213 2766 2298 2818 καὶ
2321 2764 2602 2820 ἀκόλαστον
2627 2761 2854 2839 ὄρχησιν
2874 2781 2886 2794 ·
2911 2765 3035 2820 ἀλλά
3061 2766 3169 2821 ἐπεί
3189 2789 3244 2836 γε
3265 2768 3458 2821 τούτων
3481 2764 3590 2820 δια-

1997 2857 2316 2925 μνημονεύειν
2361 2859 2418 2911 ού
2468 2862 2560 2913 τοῦ
2600 2858 2851 2930 παρόντος
2888 2865 3087 2932 καιροῦ,
3123 2857 3212 2914 ἅτε
3256 2861 3340 2914 καί
3383 2860 3434 2912 ἓν
3482 2857 3591 2928 ἰδίῳ

2000 2943 2220 3000 ἕκαστον
2248 2949 2686 3019 ἀποτεταγμένων,
2716 2952 2794 3004 καί
2824 2950 2940 3020 ἡμῖν
2964 2948 3049 3004 διὰ
3080 2950 3324 3024 βραχέων
3351 2949 3592 3026 ἴμπροσυ

1997 3034 2079 3089 θεν
2121 3035 2410 3113 εἰρημένων,
2441 3037 2631 3090 ἐκείνων
2657 3037 2914 3110 ἀφίμενοι,
2942 3042 2987 3092 εὶ
3029 3035 3185 3102 δοκεῖ,
3233 3039 3314 3092 ἐπ’
3341 3036 3466 3094 ἄλλα
3508 3041 3594 3096 τόν

2001 3125 2143 3200 λόγον
2170 3127 2479 3202 τρεψόμεθα,
2511 3131 2596 3184 καί
2624 3134 2716 3184 τοῦ
2738 3128 2890 3203 λόγου
2909 3129 2995 3184 τόν
3023 3129 3214 3184 σκοπὸν
3237 3132 3591 3206 προσθέμεθα.

303 3236 530 3288 scopus,
558 3230 618 3275 ut
641 3221 867 3291 pretiosi
886 3221 1079 3291 capitis
1108 3221 1475 3278 inventionem
1503 3221 1795 3287 edisserat;
1817 3238 1896 3278 os-

2003 3220 2186 3280 Σκοπὸς
2221 3217 2276 3275 δὲ
2321 3221 2526 3282 πάντως
2556 3227 2630 3292 τῷ
2677 3219 2832 3291 λόγῳ,
2862 3220 3072 3293 κεφαλῆς
3107 3222 3259 3276 αὐτοῦ
3306 3224 3480 3293 τιμίας
3509 3229 3604 3282 τήν

309 3312 612 3367 tensionem
661 3327 859 3382 nempe
887 3311 1047 3378 illius,
1079 3312 1243 3382 inque
1298 3313 1638 3368 manifestum
1669 3313 1902 3383 produc-

307 3407 535 3460 tionem.
586 3403 794 3474 Quippe
840 3405 1039 3459 scimus
1083 3419 1202 3459 eam
1232 3419 1342 3458 non
1365 3419 1526 3458 unam
1557 3419 1698 3474 esse,
1725 3405 1818 3460 sed
1848 3413 1903 3460 ct

308 3494 624 3562 secundam,
657 3504 712 3549 et
740 3493 975 3548 tertiam.
1002 3491 1135 3548 Cum
1165 3494 1347 3562 itaque
1375 3508 1574 3548 arcano
1603 3492 1696 3548 Dei
1726 3495 1901 3549 consi-

309 3586 384 3640 lio
416 3585 586 3640 tribus
609 3573 720 3654 jam
748 3586 956 3642 vicibus
983 3585 1309 3640 occultatum
1359 3583 1537 3651 fuerit,
1568 3583 1902 3654 totidemque

309 3699 340 3736 e
375 3693 533 3736 terra:
561 3683 680 3736 sinu
726 3681 985 3750 prodierit
1012 3695 1077 3737 ac
1125 3681 1428 3746 emerserit,
1461 3694 1641 3749 opera:
1670 3681 1900 3748 pretium

310 3775 474 3829 luerit
505 3783 563 3828 ut
591 3775 821 3844 primum
853 3773 1037 3843 prima:
1092 3780 1312 3842 tumque
1356 3771 1606 3827 secunda:
1635 3771 1904 3826 inventiu-

308 3865 394 3919 nis
425 3865 700 3920 mentione
724 3864 926 3929 habita,
954 3863 1155 3918 exhinc
1179 3861 1365 3917 ordine
1387 3861 1453 3916 ad
1483 3862 1696 3916 tertiam
1722 3869 1900 3916 trans-

305 3971 530 4020 eamus;
558 3971 718 4024 quam
740 3963 795 4010 et
821 3970 1058 4024 prsesens
1097 3954 1271 4010 oratio
1304 3961 1678 4021 argumentum
1699 3953 1862 4008 habet
1887 3972 1898 4005 :

302 4059 623 4116 quanquam
647 4044 780 4099 alias
806 4044 959 4099 decet
985 4051 1044 4098 ut
1069 4051 1124 4098 et
1153 4043 1371 4112 reliquis
1395 4043 1691 4111 adhaereat,
1709 4059 1810 4099 nec
1835 4045 1904 4098 ab

303 4135 513 4203 aliqua,
546 4136 693 4190 velut
720 4150 840 4205 qua:
868 4135 1119 4188 omnibus
1148 4141 1351 4199 utatur,
1396 4134 1739 4204 singulariter
1769 4151 1902 4206 pen-

305 4224 459 4279 deat.
492 4222 550 4278 ln
607 4225 750 4279 hunc
803 4224 984 4292 itaque
1014 4223 1234 4278 modum
1270 4239 1385 4279 rem
1433 4225 1793 4294 aggrediatur,
1842 4241 1905 4280 ac

307 4313 648 4383 propositum
680 4313 1175 4379 ostendat,ratione
1203 4316 1354 4381 cujus
1385 4314 1626 4369 instituta
1655 4323 1757 4382 est,
1783 4332 1904 4371 cum

307 4403 618 4458 nominibus
647 4404 764 4458 aliis
791 4404 950 4474 plane
993 4401 1226 4459 deﬁciat.
1260 4404 1396 4459 Hinc
1449 4421 1578 4461 vero
1606 4405 1679 4459 illi
1723 4408 1904 4477 auspi-

304 4492 489 4549 canda
508 4495 609 4549 erit
638 4496 896 4550 narratio.

2003 3311 2204 3382 εἶρεσιν
2227 3319 2544 3387 προσειπεῖν,
2574 3308 2818 3375 ἀνάδειξιν
2856 3313 3015 3373 αὐτῆς
3043 3308 3231 3371 δηλαδή
3258 3315 3340 3367 καὶ
3368 3314 3591 3387 φανέρω-

2004 3422 2104 3457 σιν.
2133 3400 2338 3460 Ἐπειδὴ
2367 3404 2424 3455 ού
2453 3403 2572 3472 μίαν
2608 3399 2758 3474 ἴσμεν
2783 3403 2996 3463 ταύτην,
3039 3402 3163 3456 ἀλλὰ
3210 3406 3295 3456 καί
3331 3401 3594 3474 δευτέραν,

2003 3496 2086 3547 καί
2112 3495 2306 3567 τρίτην.
2333 3495 2454 3565 Τρίς
2483 3494 2574 3562 μὲν
2595 3489 2694 3550 ἤδη
2721 3492 3001 3562 κρυϐεῖσαν
3026 3494 3159 3546 κατά
3186 3512 3295 3546 τινα
3318 3493 3594 3562 οἰκονομίαν

2003 3581 2236 3660 ἆρροτον,
2260 3584 2568 3642 τοσαυτάκις
2610 3580 2664 3636 δέ
2702 3583 2836 3636 κάτω
2867 3603 2961 3636 που
3007 3589 3106 3636 τῶν
3144 3590 3234 3642 τῆς
3260 3589 3354 3654 γῆς
3379 3580 3595 3654 λαγόνων

2003 3670 2344 3735 ά·.αδοθεῖσαν,
2376 3672 2503 3730 εἰκός
2525 3669 2691 3728 δήπου
2719 3673 2801 3724 καί
2831 3673 2964 3744 ἡμᾶς
2997 3678 3181 3747 πρῷτα
3206 3674 3483 3742 μνησθῆναι
3510 3681 3594 3732 τῆς

2003 3766 2230 3839 πρώτης,
2265 3761 2349 3817 εἶθ’
2371 3765 2483 3828 ἑξῆς
2507 3761 2769 3838 δευτέρας,
2802 3766 2882 3818 καί
2909 3766 3034 3818 κατά
3062 3765 3202 3828 τάξιν
3233 3763 3340 3836 ἅμα
3366 3773 3456 3825 τῆς
3488 3768 3595 3836 τρί-

2003 3876 2094 3914 της
2113 3871 2124 3883 ·
2149 3856 2206 3914 ἣν
2246 3856 2328 3910 καί
2356 3855 2596 3909 ὑπόθεσιν
2636 3853 2661 3907 ὁ
2686 3858 2862 3926 παρὼν
2894 3853 3009 3924 ἔχει
3035 3854 3175 3928 λόγος
3195 3868 3210 3884 ⁶
3255 3857 3300 3907 εἰ
3328 3858 3410 3909 καί
3439 3851 3595 3914 ἄλλως

2005 3956 2261 4022 προσῆκον
2314 3949 2449 4018 αύτῷ
2488 3949 2843 4024 προσφύεσθαι
2896 3947 3180 4022 ἑκατέραις,
3214 3949 3300 4001 καί
3349 3944 3594 4018 μηδεμιᾶς

2007 4039 2350 4114 ἀπηρτῆσθαι,
2395 4041 2462 4099 ὡς
2514 4039 2816 4112 ἀμφοτέραις
2861 4041 3250 4112 συγχρὼμενον.
3291 4041 3482 4093 Οὐκοῦν
3519 4041 3596 4093 καί

2009 4131 2140 4202 πρὸς
2170 4135 2259 4189 τήν
2286 4133 2587 4205 ἐγχείρησιν
2627 4129 2790 4188 οὕτως
2816 4129 2958 4196 ίέτω,
2987 4132 3066 4182 καί
3094 4127 3332 4184 δεικνύτω
3354 4135 3444 4188 τήν
3475 4131 3600 4207 πρὸ*

2006 4221 2140 4274 θεσιν
2169 4218 2234 4274 δι’
2267 4221 2325 4278 ἣν
2369 4224 2453 4274 καί
2481 4219 2506 4274 ό
2532 4221 2697 4292 λόγος,
2730 4227 2838 4278 τοῖς
2866 4216 3031 4280 ἄλλοις
3061 4221 3266 4280 πάντως
3281 4220 3594 4290 λειπόμενος.

2006 4311 2190 4368 Ἐσται
2218 4311 2262 4366 δ’
2292 4314 2516 4366 ἐντεῦθεν
2543 4315 2682 4381 αὐτῷ
2709 4313 2740 4370 ἡ
2764 4309 3016 4382 διήγησις.

2077 4402 2223 4478 ’Λρτι
2272 4406 2360 4474 μὲν
2401 4397 2489 4456 οὖν
2530 4402 2554 4456 ό
2599 4402 2892 4473 θαυμαστὸς
2935 4403 3183 4466 Ἰωάννης,
3211 4404 3291 4455 καὶ
3319 4403 3478 4471 μέγας
3509 4411 3595 4460 τῆς

2010 4495 2241 4554 ἀληθείας
2268 4496 2424 4570 νήρυξ
2454 4497 2538 4548 καί
2583 4492 2898 4569 ιῖρόδρομος,
2927 4497 3014 4550 την
3048 4493 3186 4565 ἱεράν
3219 4491 3427 4563 κεφαλήν
3469 4513 3541 4565 πρ
3562 4513 3595 4550 .ς

381 4585 503 4640 Jam
530 4587 710 4656 itaque
737 4587 1079 4642 admirandus
1105 4587 1362 4653 Joannes,
1392 4603 1724 4660 magnusque
1745 4591 1896 4646 Veri-

2012 4592 2100 4640 τοῦ
2123 4584 2347 4660 ἠρὼδου
2391 4587 2720 4656 ἀποτμηθεὶς,
2769 4587 2853 4639 καί
2893 4593 2981 4644 τῆς
3007 4581 3303 4659 Ἡρωδιάδος
3347 4588 3477 4652 μετά
3513 4592 3597 4643 τήν

293 4677 443 4731 tatis
487 4692 662 4746 prmco
705 4693 770 4733 ac
815 4693 1138 4747 prmcursor,
1186 4679 1254 4733 ab
1283 4677 1496 4735 Herode
1525 4682 1702 4751 capite
1729 4697 1901 4738 caesus

287 4765 523 4831 fuerat;
554 4766 922 4837 llerodiasque
948 4779 1071 4839 post
1098 4767 1420 4838 impudicam
1450 4771 1814 4832 saltationem.
1847 4773 1899 4828 in

284 4858 429 4927 ipsa
460 4858 604 4925 regia
631 4858 877 4914 obscuris
909 4860 1208 4915 recessibus
1235 4868 1354 4915 tuto
1383 4861 1698 4916 collocarat.
1731 4861 1904 4917 Time-

281 4950 407 5003 bat
437 4949 579 5002 enim
619 4950 845 5005 scelesta
873 4951 1068 5007 mulier
1111 4966 1180 5006 ne
1209 4960 1400 5006 trunco
1437 4953 1645 5022 reliquo
1667 4954 1896 5018 unitum,

273 5038 380 5096 ad
429 5037 570 5092 illius
612 5041 1012 5110 coarguendum
1063 5041 1240 5098 scelus
1295 5042 1489 5096 iterum
1550 5045 1894 5100 excitaretur.

271 5129 632 5197 Quanquam
660 5146 766 5184 non
794 5130 847 5185 in
878 5131 1096 5200 longum
1128 5141 1338 5201 tempus
1363 5147 1549 5188 eorum
1577 5149 1695 5203 qua:
1719 5143 1902 5204 patra-

268 5229 492 5288 verat,
522 5221 740 5276 dilatam
761 5225 1066 5279 mercedem
1088 5225 1313 5294 recepit,
1339 5239 1463 5279 cum
1516 5226 1628 5295 ipsa
1663 5227 1901 5297 turpissi-

263 5330 407 5375 συθ
454 5312 563 5368 fato
604 5315 710 5368 vita
740 5316 945 5384 iuncta,
973 5324 1080 5371 tum
1113 5327 1235 5386 post
1264 5331 1384 5371 eam
1416 5316 1557 5372 illius
1589 5317 1694 5373 ﬁlia
1721 5337 1736 5386 ;
1767 5335 1902 5374 ursa

2008 4673 2180 4734 ἀναιδῆ
2209 4673 2456 4750 ὄρχησιν,
2488 4674 2609 4730 εἵσω
2638 4695 2736 4730 που
2781 4682 2882 4729 τῶν
2919 4673 3208 4744 βασιλείων,
3253 4672 3304 4728 ἔν
3348 4695 3452 4728 τισι
3497 4697 3597 4743 μν-

2012 4774 2131 4838 χοῖς
2157 4765 2365 4828 ἀδύτοις
2402 4770 2486 4822 καί
2523 4767 2757 4842 κλείθροις
2797 4767 2986 4824 ταύτην
3025 4765 3392 4835 καταθεμένης’
3423 4763 3598 4822 ἐδεδίει

2009 4860 2106 4932 γάρ
2130 4861 2160 4918 ἡ
2190 4866 2509 4932 παράνομος,
2531 4865 2601 4930 μή
2628 4865 2699 4931 τῷ
2721 4858 2879 4931 λοιπῷ
2898 4852 3041 4919 αὖθις
3068 4859 3271 4926 σώματι
3302 4858 3598 4929 συναφθείη.

2010 4958 2093 5010 καὶ
2119 4958 2188 5015 εἰς
2218 4955 2433 5028 ἔλεγχον
2452 4957 2643 5016 ταύτης
2676 4955 2822 5009 πάλιν
2847 4952 3164 5013 διανασταίη.
3196 4956 3250 5007 Εἰ
3283 4957 3366 5007 καί
3389 4955 3485 5007 οὐκ
3525 4957 3597 5015 εἰς

2011 5051 2207 5126 μακράν
2252 5051 2317 5104 τὰ
2360 5051 2603 5123 ἐπίχειρα
2654 5047 2720 5102 ὧν
2764 5047 2984 5120 ἔδρασεν
3024 5049 3313 5119 ἐκομίσατο,
3371 5047 3501 5104 αὐτή
3544 5066 3597 5101 τε

2005 5143 2276 5211 αἰσχίστῳ
2306 5143 2503 5210 θανάτῳ
2534 5147 2621 5200 τήν
2649 5140 2828 5211 ψυχήν
2854 5140 3194 5213 ἀπορρήξασα
3223 5139 3302 5191 καί
3330 5137 3440 5206 μετ’
3469 5139 3596 5190 ὲκε-

2004 5252 2090 5289 νην
2129 5233 2158 5288 ή
2198 5233 2384 5291 ἐκείνης
2411 5234 2656 5305 θυγάτηρ.
2691 5232 3012 5286 ἀποκοπεῖσα
3052 5234 3139 5288 τήν
3179 5227 3386 5293 κεφαλήν
3415 5228 3462 5279 ἐν
3488 5226 3595 5301 ὥρᾳ

2008 5329 2257 5393 χειμῶνος
2303 5331 2410 5383 τοῖς
2459 5323 2764 5398 κρυστάλοις
2809 5329 2898 5376 τοῦ
2948 5327 3204 5392 ποταμοῦ,
3230 5318 3289 5371 ἶν’
3332 5313 3471 5385 εἴχοι
3511 5318 3594 5366 κιί

261 5419 513 5471 ιῑριιιρϐ
551 5402 780 5460 ﬂuminis
808 5406 977 5474 glacie
1009 5407 1082 5460 illi
1113 5407 1324 5462 cervice
1353 5407 1494 5462 inter
1521 5408 1764 5475 hiberna,
1795 5426 1904 5479 quo

255 5515 340 5557 cl
397 5509 497 5561 par
518 5510 674 5564 paena
701 5496 954 5551 delictum
979 5497 1274 5568 exciperet.
1305 5497 1592 5554 Enimvero
1614 5501 1691 5556 sic
1714 5515 1904 5570 ampu-

253 5604 338 5647 ta
353 5597 455 5647 to,
481 5586 554 5638 uti
583 5585 831 5650 diximus,
849 5585 1072 5642 Joannis
1101 5588 1296 5657 capite,
1329 5587 1491 5658 inque
1519 5589 1662 5646 hunc
1683 5591 1902 5644 modum

245 5686 360 5741 ab
413 5673 683 5746 impudica
712 5677 937 5732 muliere
967 5685 1123 5730 teme
1153 5672 1370 5734 latebris
1398 5678 1667 5751 deposito,
1691 5695 1903 5735 manse-

243 5777 383 5833 ηε
432 5763 501 5816 ad
528 5764 724 5821 muitos
765 5781 936 5822 annos
978 5767 1269 5835 pretiosum
1320 5771 1446 5832 illud
1477 5772 1679 5828 monile
1709 5786 1772 5827 ac
1799 5777 1902 5830 uti-

2009 5419 2097 5474 τήν
2127 5412 2268 5474 δίκην
2306 5415 2611 5488 ἰσόρροπον·
2643 5416 2768 5470 ὰ).λά
2803 5417 2904 5490 γὰρ
2933 5423 3024 5473 τῆς
3051 5413 3256 5484 κεφαλῆς
3284 5405 3594 5474 ἀποτμηθεί-

2009 5527 2104 5565 σης
2131 5513 2194 5566 ὡς
2222 5505 2424 5581 ἔφαμεν,
2455 5510 2690 5582 ἀσφαλῶς
2713 5508 2847 5562 οὕτω
2874 5508 3018 5582 παρὰ
3044 5512 3136 5564 τῆς
3162 5500 3467 5561 ἀκολάστους
3500 5504 3593 5567 γῆς

2007 5606 2298 5672 κρυπτῆρσι
2339 5601 2711 5661 κατατεθείσης,
2765 5596 2938 5666 ἔμενεν
2977 5593 3113 5670 ἄχρι
3153 5587 3354 5664 χρόνων
3380 5587 3590 5648 πολλῶν.

2004 5688 2062 5741 τὸ
2106 5689 2270 5755 τίμιον
2315 5688 2469 5742 ἐκεῖνο
2500 5697 2684 5762 χρῆμα
2730 5689 2812 5741 καὶ
2857 5687 3197 5758 πάγχρηστον
3240 5681 3445 5736 ἀθέατον
3489 5688 3591 5740 τοῖς

2005 5773 2246 5838 πολλοῖς,
2294 5772 2586 5845 ἄψαυστον,
2632 5774 3079 5846 ἀπροσπέλαστον·
3131 5771 3261 5827 οὕτω
3304 5771 3450 5842 τάχα
3501 5776 3585 5824 τοῦ
