3964 6340
391 468 496 525 455

1624 424 1979 527 monvsms
2015 464 2332 523 uxrcuus.

3550 472 3653 529 436

381 595 642 651 lissimum
670 591 830 658 vulgo
859 589 1213 657 inaspectum,
1271 585 1552 649 intactum,
1586 580 1959 637 inacCessum:

2093 580 2197 631 ἐίου
2225 581 2637 649 οἰκονομήσαντος
2665 583 2898 657 κήρυκος,
2922 580 3002 635 ἶνα
3026 585 3094 653 μή
3131 588 3205 655 τῷ
3232 579 3389 658 ῥᾳδίῳ
3418 591 3511 644 τὸς
3539 594 3659 644 κτήα

382 684 457 738 sic
485 682 623 736 forte
649 677 870 749 provide
906 675 1224 746 disponente
1260 673 1442 728 divino
1472 685 1738 742 praecone,
1792 683 1861 723 ne
1885 666 1963 721 fa-

382 772 473 828 cili
522 770 663 825 illius
715 766 1089 837 possessione,
1144 763 1315 820 facilis
1365 777 1582 832 quoque
1636 760 1792 816 nobis
1819 766 1967 814 esset

384 863 600 918 amissio
645 866 1121 929 contemptumque
1173 856 1544 922 desiderium;
1585 852 1786 921 alioqui
1832 866 1964 906 vero

386 954 547 1008 etiam
577 950 936 1006 invalesceute
983 949 1051 1003 ab
1107 947 1371 1003 idolorum
1399 945 1545 1001 cultu
1592 942 1967 1014 persecutione

386 1041 696 1096 auctoribus
717 1039 1050 1095 Diocletiano
1092 1044 1148 1092 et
1174 1036 1523 1103 Maximiano,
1554 1033 1696 1088 haud
1725 1047 1823 1103 par
1851 1039 1969 1087 erat

389 1139 447 1184 ut
468 1131 558 1184 vili
588 1130 865 1185 hominum
892 1128 1075 1196 generi
1101 1127 1281 1182 nobile
1325 1125 1598 1181 cimelium
1628 1123 1967 1194 proderetur,

390 1239 455 1279 ac
481 1224 661 1294 porcis
716 1222 1089 1291 projiceretur,
1137 1217 1282 1288 quod
1308 1217 1596 1286 margarita
1650 1214 1796 1273 omni
1826 1214 1973 1269 illus-

392 1317 526 1372 trius
547 1315 819 1371 existeret.
853 1312 1004 1376 Eam,
1040 1321 1191 1381 puto,
1216 1311 1287 1365 ob
1315 1324 1535 1365 causam
1564 1322 1774 1364 sacrum
1813 1312 1976 1375 caput

390 1405 718 1461 occultatum
739 1403 954 1466 mansit,
987 1412 1048 1458 ut
1075 1402 1234 1471 vulgo
1262 1401 1577 1465 nesciretur,
1610 1414 1709 1454 nec
1737 1399 1973 1467 seipsum

391 1496 665 1568 proderet.
695 1496 789 1552 Sin
830 1497 931 1550 alia
962 1495 1259 1551 abstrusior
1286 1507 1448 1549 causa
1500 1498 1584 1548 est
1611 1506 1707 1546 cur
1728 1489 1972 1545 occulta-

393 1598 577 1656 retur,
633 1604 700 1645 ac
761 1588 1126 1644 inventionem
1181 1583 1453 1651 diﬂerret,
1508 1582 1756 1639 noverint
1802 1582 1837 1635 ii
1884 1581 1976 1649 qui

393 1680 601 1749 majora
627 1685 976 1745 contuentur,
1023 1692 1087 1731 ac
1126 1675 1529 1732 sublimioribus
1558 1672 1795 1727 animum
1827 1671 1978 1726 adhi-

393 1770 545 1827 bent.

462 1871 599 1928 Cum
615 1885 747 1926 vero
770 1868 882 1939 jam
904 1878 1116 1938 tempus
1141 1876 1421 1939 appeteret
1439 1882 1547 1937 quo
1568 1866 1697 1921 illud
1723 1865 1979 1933 detegen-

2067 692 2217 739 σεως,
2248 672 2423 751 ῥᾳδίαν
2463 678 2540 730 καί
2567 680 2657 734 τὴν
2699 676 2955 734 ἀποϐολήν
2998 674 3225 746 ἔχοιμεν.
3256 680 3342 731 καί
3384 678 3468 734 τὸν
3503 679 3659 735 πόθον

2068 766 2517 841 εὐκαταφρόνητον.
2549 764 2737 828 ’Δλλως
2764 788 2819 821 τε
2868 769 2953 821 καί
2985 776 3077 827 τῆς
3118 767 3519 846 είδωλολατρείας
3551 772 3660 824 ἐπι-

2069 859 2381 933 κρατούσης.
2410 861 2470 919 ἦν
2497 859 2542 913 οί
2568 862 2693 932 ἀμφὶ
2725 860 3066 918 Διοκλητιανὸν
3086 863 3173 913 καί
3194 861 3495 931 Μαξιμιανὸν
3520 861 3657 933 ἤγει-

2070 969 2181 1021 ραν,
2214 948 2305 1002 οὐκ
2334 948 2440 1004 ἔδει
2461 957 2573 1009 τοῖς
2601 950 2798 1021 ἀτίμοις
2822 951 3155 1025 φανερώσθαι
3194 952 3251 1005 τὸ
3286 953 3471 1021 τίμιον,
3500 955 3571 1012 ὡς
3599 946 3660 1004 ἀν

2073 1045 2141 1108 μή
2174 1048 2280 1099 τοῖς
2306 1042 2426 1093 κυσί
2454 1038 2616 1097 δοθείη
2651 1041 2709 1095 τὸ
2746 1038 2910 1112 ἅγιον,
2940 1043 3021 1092 καί
3047 1047 3156 1099 τοῖς
3189 1042 3389 1115 χοίροις
3413 1041 3572 1115 ῥιφείη
3600 1041 3660 1095 τὸ

2006 1189 2010 1193 ’
2072 1129 2261 1189 παντὸς
2288 1130 2605 1205 μαργαρίτου
2631 1128 2976 1202 λαμπρότερον
2994 1142 3007 1155 ⁸
3034 1126 3119 1182 διά
3153 1134 3319 1183 ταῦτα
3347 1134 3469 1200 γοῦν
3494 1131 3525 1185 ἡ
3551 1130 3660 1203 ἱερά

2074 1217 2277 1289 κεφαλή,
2302 1219 2369 1278 ὡς
2398 1220 2505 1289 ἐμοί
2528 1218 2682 1281 δοκεῖ,
2707 1218 3025 1290 κρυπτομέιη
3047 1219 3323 1289 ἐτύγχανε,
3343 1217 3661 1272 λανθάνουσα

2075 1316 2196 1370 τούς
2222 1311 2452 1376 πολλοὺς,
2481 1313 2567 1364 καὶ
2608 1311 2710 1380 οὐχ
2741 1310 2921 1369 ἑαυτὴν
2965 1309 3341 1383 διεκφαίνουσα.
3383 1315 3443 1365 Εἰ
3485 1311 3539 1365 δέ
3579 1316 3661 1366 καί

2076 1404 2208 1457 κατά
2247 1398 2389 1457 ἄλλον
2434 1402 2616 1477 ¹ςρόπον
2660 1402 3064 1477 ἀπορῥητὸτερον
3109 1403 3409 1477 ἐκρύπτετο,
3450 1406 3533 1456 καί
3573 1411 3660 1460 τήν

2078 1499 2279 1574 εὕρεσιν
2304 1500 2613 1562 ἀνεξάλλετο,
2645 1495 2823 1552 εἷδοιεν
2853 1493 2911 1551 ἂν
2937 1498 2982 1551 οἶ
3009 1499 3073 1553 τά
3101 1503 3256 1568 μείζω
3283 1500 3535 1568 θεώμενοι,
3576 1501 3661 1552 καί

2078 1600 2184 1650 τοῖς
2210 1590 2537 1661 ὑψηλοτέροις
2558 1591 2967 1650 ὲπιϐατεύοντες.

2149 1699 2284 1755 Ἐπεί
2312 1699 2366 1756 δὲ
2395 1701 2563 1755 λοιπὸν
2590 1699 2695 1757 ἔδει
2724 1702 2808 1754 καί
2833 1704 3165 1776 φανεροῦσθαι
3194 1702 3383 1760 ταύτην
3407 1741 3422 1765 ,
3448 1704 3534 1756 καὶ
3562 1710 3663 1757 τῶν

2078 1800 2169 1850 τῆς
2194 1800 2284 1863 γῆς
2315 1795 2622 1867 κρυπτὴρων
2650 1790 3124 1854 ἀνακαλύπτεσθαι,
3151 1789 3266 1846 τότε
3300 1794 3381 1845 χᾶί
3407 1801 3661 1868 φανεροῦ-

2079 1903 2185 1946 ται,
2217 1884 2299 1933 καί
2342 1881 2662 1950 κρυπτομένη
2714 1879 3123 1935 ἀνακαλύπτεται
3148 1896 3162 1909 ·
3207 1877 3385 1935 καθ’ὂν
3432 1878 3534 1956 ἆρα
3574 1885 3664 1938 καί

393 1964 520 2018 dum
548 1969 711 2027 esset,
743 1976 919 2031 exque
964 1969 1123 2016 terra:
1152 1960 1368 2016 latebris
1407 1958 1831 2029 producendum,
1863 1965 1974 2012 tum

2093 1973 2272 2048 χρόνον
2314 1976 2394 2027 γαί
2436 1973 2622 2046 τρόπον
2649 1972 2673 2027 6
2704 1972 2894 2032 ταύτην
2921 1977 3215 2052 φανερώσας
3261 1975 3502 2033 ιῦδὸκησε
3524 1993 3539 2006 ⁸
3580 1979 3663 2030 καί

395 2069 611 2124 quoque
657 2053 945 2122 detegitur,
997 2066 1136 2121 eque
1184 2050 1407 2105 latebris
1462 2048 1808 2119 producitur,
1866 2062 1975 2117 quo

397 2157 636 2215 tempore
664 2159 729 2199 ac
754 2144 915 2199 modo
942 2143 991 2198 ei
1020 2142 1175 2197 libuit
1200 2141 1291 2212 qui
1319 2141 1732 2211 producebatur.
1757 2140 1835 2195 Ac
1857 2139 1976 2208 qui-

395 2236 517 2290 dem
548 2235 806 2303 temporis
833 2248 898 2288 ea
927 2232 1133 2302 epocha
1161 2230 1278 2296 fuit,
1302 2246 1423 2286 cum
1451 2229 1838 2285 Constantinus
1865 2228 1978 2283 Ma-

395 2339 530 2394 gnus
555 2324 766 2394 imperii
795 2330 1007 2392 sceptra
1051 2321 1390 2391 suscepisset.
1420 2320 1574 2387 Quod
1598 2335 1727 2375 vero
1756 2320 1827 2374 ad
1856 2336 1976 2374 mo-

396 2415 521 2469 dum
569 2414 781 2479 attinet,
811 2412 1087 2467 videamus
1138 2426 1372 2480 quonam
1391 2410 1499 2480 jam
1542 2409 1723 2476 modo,
1757 2425 1821 2465 ac
1839 2424 1977 2479 quo-

398 2522 516 2562 rum
546 2520 710 2575 opera
739 2505 808 2559 sit
829 2503 1249 2570 manifestatum,
1273 2502 1610 2571 primamque
1634 2502 1775 2555 hanc
1801 2501 2005 2555 inven-'

399 2596 599 2651 tionem
625 2602 839 2649 nactum
869 2593 958 2648 sit.

469 2703 588 2759 Duo
612 2702 829 2773 quidam
851 2702 1101 2758 monachi
1130 2716 1194 2757 ex
1225 2700 1447 2757 Oriente
1474 2700 1698 2772 profecti
1725 2699 1981 2755 Hieroso-

403 2795 599 2865 lymam
627 2794 869 2860 veniunt,
891 2792 1068 2849 studio
1088 2791 1299 2849 visendi
1327 2792 1653 2849 dominicum
1679 2792 1981 2862 sepulcrum

402 2902 466 2942 ac
495 2899 647 2941 sacra
678 2885 785 2940 illic
825 2885 941 2941 loca
964 2885 1144 2939 omnia
1176 2884 1457 2940 lustrandi.
1483 2884 1649 2939 Alteri
1680 2898 1865 2939 eorum
1889 2898 1985 2954 ap-

405 2993 596 3049 parens
638 2977 849 3033 dlvinus
875 2975 1214 3033 Praecursor:
1245 2977 1329 3033 Ad
1354 2977 1585 3033 Herodis
1604 2978 1762 3050 regis,
1790 2977 1984 3047 inquit,

404 3070 612 3123 domum
639 3066 792 3122 ambo
831 3069 1071 3138 profecti,
1115 3076 1271 3136 caput
1313 3084 1479 3122 meum
1510 3068 1689 3133 tollite,
1714 3068 1852 3141 quod
1878 3069 1986 3122 illic

405 3161 503 3217 loci
529 3158 622 3215 sub
667 3168 806 3213 terra
846 3157 1109 3213 conditum
1134 3167 1230 3212 est.
1262 3157 1359 3214 Illo
1390 3158 1540 3214 fratri
1578 3158 1836 3214 visionem
1865 3174 1987 3213 nar-

406 3259 581 3318 rante,
613 3250 839 3320 ipsoque
886 3257 942 3304 et
991 3248 1149 3303 fidem
1179 3249 1471 3319 abnuente,
1499 3264 1565 3305 ac
1610 3264 1732 3305 cum
1760 3259 1987 3319 uterque

406 3341 666 3411 quojussi
694 3348 847 3396 erant
871 3339 1020 3394 adire
1042 3346 1443 3409 cunctarentur,
1473 3342 1666 3395 iterum
1692 3341 1904 3410 utrique
1927 3356 1986 3397 se

406 3436 642 3491 Joannes
684 3435 880 3488 sistens
901 3432 1089 3487 eadem
1123 3431 1295 3501 jubet,
1330 3432 1579 3503 acuitque
1604 3431 1875 3488 allectum.
1906 3432 1987 3486 llli

408 3526 663 3587 continuo
691 3523 917 3595 profecti
971 3538 1036 3578 ac
1073 3522 1219 3593 pleni
1249 3521 1439 3578 fiducia
1481 3524 1701 3595 (quippe
1729 3524 1881 3593 queis
1906 3523 1987 3578 vi-

408 3633 499 3672 sus
528 3616 640 3688 ipse
663 3613 968 3671 Prtecursor
998 3614 1100 3669 iter
1121 3613 1440 3684 expediret),
1472 3614 1649 3670 locum
1696 3615 1878 3670 statim
1907 3613 1988 3670 ei-

411 3706 637 3772 fodiunt,
667 3720 732 3759 ac
776 3713 940 3774 caput
967 3703 1224 3771 educunt,
1254 3703 1398 3775 quod
1426 3704 1572 3759 velut
1621 3704 1755 3759 lucis
1784 3702 1991 3772 fulgore

411 3795 676 3861 rutilaret,
699 3794 1108 3864 suavissimique
1133 3793 1315 3849 odoris
1342 3792 1692 3862 fragrantiam
1721 3808 1785 3848 ac
1832 3793 1991 3848 nullis

411 3887 590 3943 verbis
652 3884 1027 3956 explicabilem
1100 3885 1350 3954 spiraret.
1419 3884 1692 3956 Missaque
1748 3886 1803 3939 in
1873 3900 1992 3940 sac-

413 3979 595 4035 culum
644 3977 912 4035 cilicinum
963 3977 1142 4045 capite
1190 3977 1288 4045 (ita
1329 3985 1460 4045 puto
1503 3978 1674 4033 visum
1717 3976 1989 4046 Baptistae,

414 4069 612 4138 quippe
632 4067 721 4135 qui
752 4067 866 4135 ipse
892 4066 1015 4134 pilis
1037 4064 1230 4118 cameli
1256 4079 1455 4134 corpus
1481 4064 1836 4133 contegeret),
1870 4065 1995 4120 inde

415 4156 773 4212 recedebant.
792 4155 923 4208 Dum
954 4163 1132 4209 autem
1162 4155 1265 4209 iter
1291 4155 1524 4217 habent,
1558 4153 1749 4222 figulus
1774 4153 1994 4224 quidam

418 4246 469 4299 in
500 4243 621 4299 illos
660 4243 901 4308 incurrit,
930 4242 1093 4297 homo
1123 4251 1364 4298 extrema
1406 4242 1720 4300 conflictaus
1758 4253 1997 4312 egestate

416 4348 730 4403 summeque
758 4333 969 4388 afﬂictis
994 4334 1173 4388 rebus.
1203 4333 1271 4388 lis
1292 4335 1474 4404 itaque
1501 4350 1621 4390 cum
1650 4336 1996 4405 occurrisset,

417 4434 584 4495 utque
620 4424 850 4491 assolet,
877 4424 978 4478 vim
1015 4424 1119 4479 illis
1162 4425 1341 4480 socius
1385 4426 1725 4491 accessisset,
1775 4426 1999 4480 sarcina:

318 4526 323 4531 '
415 4532 630 4589 quoque
659 4518 838 4572 socius
861 4516 1063 4585 existit,
1079 4517 1258 4586 jussus
1278 4516 1345 4571 ab
1365 4519 1442 4572 eis
1463 4526 1679 4587 portare
1701 4518 1995 4573 sacculum.

416 4610 577 4667 Stulti
604 4610 851 4665 homines
891 4624 955 4665 ac
983 4610 1129 4664 leves
1155 4609 1245 4678 qui
1276 4611 1473 4665 bonum
1503 4626 1659 4666 suum
1688 4626 1753 4666 ac
1780 4597 1999 4667 thesau-

416 4718 535 4758 rum
576 4703 731 4757 alteri
760 4702 1063 4757 tribuerint.
1110 4702 1190 4757 Ac
1233 4703 1448 4773 quidem
1493 4704 1738 4771 gestabat
1774 4719 1999 4774 pauper,

418 4809 541 4848 cum
569 4793 839 4849 cimelium
869 4792 969 4863 ipsi
1017 4792 1275 4847 creditum
1307 4793 1380 4847 illi
1426 4794 1664 4862 ignotum
1695 4802 1870 4861 esset;
1903 4810 2001 4849 nec

418 4886 563 4939 enim
593 4884 839 4940 monachi
868 4884 1251 4940 indicaverant.
1299 4886 1515 4941 Divinus
1541 4894 1722 4942 autem
1761 4885 2031 4941 Praecurn

420 4990 514 5031 sor
541 4974 614 5028 illi
661 4989 926 5044 apparens
946 5016 962 5042 ,
989 4990 1111 5030 cum
1141 4986 1197 5030 et
1222 4977 1420 5047 oppido
1449 4978 1623 5033 eidem
1659 4978 2000 5033 commodum

421 5064 591 5118 visum
619 5071 765 5118 esset
792 5072 851 5118 ut
880 5064 955 5118 illi
999 5080 1191 5120 munus
1239 5066 1476 5134 cederet,
1511 5075 1622 5122 tum
1671 5067 1830 5123 docet
1874 5067 2003 5138 quid

421 5154 691 5210 occultum
714 5162 907 5223 gestet,
940 5163 1052 5210 tum
1075 5171 1194 5211 cum
1222 5156 1314 5211 illo
1343 5156 1524 5226 fugere
1540 5158 1713 5228 jubet.
1745 5159 1838 5213 Ille
1864 5160 2002 5214 clam

421 5245 706 5301 comitibus
733 5245 883 5299 ocius
921 5244 1055 5313 fugit
1100 5253 1305 5301 tantum
1344 5262 1523 5302 secum
1567 5259 1857 5319 exportans
1882 5252 2004 5304 the-

421 5353 679 5404 saurum;
711 5337 795 5392 cui
825 5338 916 5392 ille
959 5337 1212 5408 deinceps
1259 5340 1538 5395 innumera
1584 5340 1723 5395 bona
1764 5343 2001 5411 peperit;

422 5429 622 5485 divitiis
658 5428 901 5500 pollenti,
929 5444 993 5485 ac
1035 5428 1222 5485 faustis
1264 5432 1433 5486 utenti
1474 5432 1662 5496 rebus,
1692 5433 2005 5501 cunctisque

423 5521 543 5577 aliis
566 5535 823 5591 prospere
841 5520 889 5575 ei
919 5521 1252 5577 cedentibus.
1293 5521 1424 5588 Quia
1465 5537 1595 5577 vero
1623 5521 1868 5576 humanis
1891 5522 2005 5590 jam

424 5628 739 5669 excessurus
763 5621 900 5679 erat,
932 5613 1106 5668 sorori
1126 5628 1237 5668 sua:
1257 5628 1449 5667 munus
1478 5620 1594 5667 tuto
1623 5612 1677 5665 in
1705 5611 1884 5665 arcula
1909 5626 2007 5681 po-

423 5705 585 5757 situm
634 5704 935 5772 contradit,
978 5714 1266 5774 monetque
1314 5719 1383 5758 ne
1421 5704 1569 5773 prius
1615 5718 1740 5759 arca
1785 5702 2003 5768 educat,

428 5805 587 5858 quam
616 5791 704 5845 ille
724 5795 933 5847 nuntiet
962 5795 1082 5848 vitae
1108 5795 1308 5849 exitum
1336 5811 1348 5845 :
1373 5808 1560 5849 revera
1586 5793 1728 5848 enim
1757 5806 2006 5861 magnum

430 5875 559 5947 quid
577 5878 713 5932 istud
726 5881 1120 5952 csse,unque
1144 5896 1331 5951 magna
1355 5883 1422 5937 sit
1443 5868 1806 5953 praebiturum.
1829 5900 1848 5931 ι
1874 5881 2006 5937 Nam

2080 2066 2270 2137 χρόνος
2285 2069 2393 2138 μέν,
2414 2065 2495 2120 ὅτε
2523 2069 2588 2120 τά
2619 2073 2856 2141 σκῆπτρα
2883 2075 2974 2128 τῆς
2998 2068 3259 2140 βασιλείας
3289 2063 3663 2129 Κωνσταντῐνος

2080 2156 2105 2211 6
2143 2157 2300 2228 μέγας
2338 2156 2609 2228 ἀνείληφεν.
2630 2153 2838 2228 Ἰδωμεν
2869 2155 2921 2212 δέ
2944 2160 3029 2212 καί
3049 2161 3158 2213 τίνα
3186 2159 3314 2217 αὕτη
3342 2162 3427 2215 τὸν
3452 2159 3660 2234 τρόπον,

2080 2250 2163 2301 καί
2202 2254 2311 2307 πῶς
2345 2245 2437 2304 ἤδη
2477 2250 2560 2300 καί
2609 2248 2753 2317 παρά
2791 2270 2936 2302 τινων
2979 2250 3049 2309 εἰς
3092 2250 3374 2324 φανέρωσίν
3404 2271 3475 2304 τε
3528 2253 3661 2320 ἥκει,

2081 2342 2163 2393 καί
2188 2342 2394 2412 πρώτην
2440 2341 2631 2397 utimr
2662 2341 2942 2413 ἀνευρίσκει
2965 2346 3054 2398 τὴν
3084 2341 3302 2414 εὕρεσιν.

2152 2432 2385 2498 Μοναχοί
2411 2450 2541 2489 τινες
2568 2427 2678 2493 δύο,
2710 2440 2800 2490 τῆς
2845 2430 2973 2490 έὼας
3002 2429 3303 2506 ὁρμώμενοι.
3332 2434 3414 2486 καί
3443 2432 3569 2506 πρὸς
3596 2435 3664 2486 τὰ

2082 2519 2410 2594 Ἰεροσόλυμα
2445 2522 2801 2593 ἀφικνούμενοι,
2831 2522 2902 2595 ἐφ’
2991 2525 3075 2578 τὸν
3112 2526 3264 2597 τάφον
3291 2532 3379 2578 τοῦ
3408 2523 3662 2579 δεσπότου

2083 2610 2225 2675 ἰδεῖν,
2259 2614 2342 2666 καί
2384 2614 2450 2666 τά
2498 2614 2657 2666 ἐκεῖσε
2688 2612 2894 2668 ἅπαντα
2942 2614 3235 2691 ἱστορῆσαι,
3284 2618 3477 2670 τούτων
3522 2617 3593 2670 ένί
3638 2616 3665 2671 6

2084 2706 2212 2765 θεῖος
2252 2705 2500 2775 ἐπιφανείς
2543 2703 2850 2779 Πρόδρομος,
2885 2707 3051 2780 (Πρὸς
3099 2713 3187 2767 τήν
3226 2707 3466 2783 Ἡρώδου,
3516 2712 3664 2779 φησὶ,

2083 2803 2173 2852 τοῦ
2221 2796 2468 2867 βασιλέως
2515 2795 2786 2868 ἀμφότεροι
2848 2794 3038 2855 οἴκησιν
3089 2798 3351 2861 ἀπιόντες,
3400 2803 3490 2856 τήν
3543 2800 3668 2870 ἐμήν

2084 2887 2245 2939 ἐκεῖσε
2282 2885 2503 2955 κειμένην
2534 2886 2634 2939 ὑπὸ
2660 2893 2750 2957 γῆν
2779 2886 2999 2939 ἀνέλεσθε
3030 2886 3252 2958 κεφαλήν
3285 2905 3303 2939 ι
3338 2888 3403 2947 ὡς
3436 2884 3482 2941 δ’
3524 2886 3550 2939 6
3575 2894 3669 2946 τήν

2088 2974 2337 3028 ὀπτασίαν
2386 2971 2504 3028 ίδών
2550 2981 2623 3044 τῷ
2672 2974 2828 3035 πέλας
2871 2975 3061 3032 ταύτην
3111 2976 3384 3046 ἐμήνυσεν,
3439 2975 3464 3030 6
3511 2974 3557 3033 6‘
3608 2975 3670 3036 ἧν

2089 3062 2424 3128 ἑπιδοιάζων,
2477 3067 2561 3117 καί
2616 3064 2889 3140 ἀμφότεροι
2935 3064 3061 3140 πρὸς
3113 3071 3203 3124 τὴν
3252 3062 3411 3137 ἄφιξιν
3465 3065 3673 3136 διαμέλ-

2086 3152 2275 3215 λοντες,
2323 3147 2466 3213 αὖθις
2510 3155 2809 3228 ἀμφοτέροις
2863 3156 3049 3213 έπέστη
3096 3158 3161 3210 τά
3211 3157 3343 3211 αὐτά
3381 3156 3533 3217 δηλῶν
3583 3161 3675 3212 καί

2089 3249 2177 3303 τήν
2227 3243 2385 3316 ὁρμὴν
2446 3247 2774 3323 παραθήγων.
2826 3245 2884 3300 Οἳ
2923 3251 3009 3301 καί
3042 3256 3366 3323 παραχρῆμα
3404 3252 3489 3305 τὸν
3514 3252 3674 3305 τόπον

2091 3335 2478 3403 καταλαϐόντες,
2517 3341 2600 3394 καί
2647 3340 2869 3412 θάρσους
2909 3340 3336 3403 ὑποπλησθέντες⁹
3384 3338 3529 3413 εἶχον
3569 3346 3675 3418 γάρ

2089 3429 2176 3481 τὸν
2218 3428 2510 3501 ἐπιφανέντα
2534 3434 2624 3488 τήν
2665 3431 2839 3501 τρίϐον
2885 3432 3063 3491 αὐτοῖς
3108 3431 3429 3505 ὁμαλίζοντα⁹
3460 3436 3677 3507 ἀνορύτ-

2091 3520 2238 3572 τουσί
2264 3539 2318 3574 τε
2346 3520 2429 3572 τὸν
2454 3519 2611 3574 τόπον
2652 3520 2815 3583 εὐθὺς,
2847 3524 2931 3575 καί
2959 3526 3049 3580 τὴν
3092 3522 3299 3593 κεφαλήν
3345 3524 3673 3598 ἀναφέρουσι,

2092 3616 2193 3681 φῶς
2221 3607 2318 3664 οἷον
2344 3615 2429 3665 καί
2464 3610 2720 3683 διαύγειαν
2756 3613 3176 3683 ἀναλάμπουσαν,
3205 3616 3285 3667 καί
3311 3612 3522 3668 εὐωδίαν
3548 3617 3679 3668 ἀνα-

2092 3701 2398 3770 πέμπουσαν
2427 3698 2659 3779 ἆρῥητον.
2693 3702 2751 3756 Οἱ
2790 3702 2849 3762 δή
2892 3708 2979 3758 καί
3014 3714 3117 3765 τοῖς
3143 3706 3197 3758 ὲκ
3227 3714 3424 3779 τριχῶν
3451 3707 3682 3775 καμήλου

2095 3794 2374 3865 μαρσίποις
2418 3794 2679 3864 ἐνθέμενοι,
2731 3792 2874 3856 δόξαν
2914 3791 3054 3865 οἶμαι
3101 3802 3250 3851 τοῦτο
3290 3805 3360 3865 τῷ
3387 3805 3677 3870 Βαπτιστῇ,

2096 3881 2185 3937 ἅτε
2208 3886 2289 3937 καὶ
2318 3887 2459 3956 αὐτῷ
2493 3885 2619 3958 θριξὶ
2647 3884 2867 3955 καμήλου
2896 3887 3187 3956 σκεπομένῳ
3218 3888 3272 3940 τὸ
3302 3894 3471 3956 σῶμα,
3499 3887 3682 3940 ἐκεῖθεν

2096 3970 2237 4029 οὗτοι
2264 3975 2471 4050 ἀνέστρε
2509 3995 2561 4028 ον
2608 3973 2961 4050 ⁶Οδοιποροῦσι
2988 3974 3042 4031 δὲ
3085 3980 3277 4037 αὐτοῖς.
3310 3980 3559 4052 κεραμεύς
3599 4000 3683 4038 τις

2096 4064 2225 4116 κατὰ
2268 4068 2356 4120 τήν
2397 4062 2509 4117 ὁδὸν
2538 4063 2853 4135 ἒντυγχοίνει.
2885 4061 2937 4125 ὃς
2965 4068 3044 4117 καί
3072 4070 3219 4139 πενίᾳ
3247 4068 3447 4136 ἐσχάτῃ
3473 4069 3680 4132 συιηέζη,

2100 4157 2183 4207 καὶ
2221 4155 2411 4228 ἀπορίᾳ
2449 4154 2769 4211 συνείληπτο.
2800 4157 3013 4215 Τούτοις
3054 4158 3209 4217 αὐτὸς
3236 4163 3569 4219 συναντήσας,
3599 4161 3685 4211 καί

2099 4241 2241 4302 ὁδοῦ,
2268 4241 2347 4297 οἶα
2375 4244 2522 4307 εἰκὸς,
2548 4248 2872 4307 κοινωνήσας,
2892 4247 3113 4303 κοινωνὸς
3133 4248 3323 4317 γίνεται
3344 4251 3430 4299 καί
3457 4254 3546 4301 τοῦ
3568 4249 3683 4300 ὲπισ

2099 4334 2365 4407 φερομένου
2392 4335 2680 4408 μαρσίπου,
2711 4334 2983 4404 βαστάζειν
3011 4335 3135 4408 παρ’
3159 4337 3322 4390 αὐτῶν
3346 4342 3679 4410 προτραπείς.

2102 4423 2310 4483 Εὐήθεις
2334 4419 2472 4478 οὗτοι
2495 4425 2578 4476 καί
2605 4430 2795 4495 κοῦφοι,
2826 4425 3063 4497 σφέτερον
3091 4425 3271 4496 ἀγαθὸν
3299 4426 3452 4499 ἑτέρῳ
3474 4428 3684 4480 ἀπονει-

2101 4515 2334 4584 μάμενοι.
2367 4516 2458 4567 Καί
2501 4512 2526 4568 6
2561 4516 2649 4585 μέν
2674 4515 2822 4574 πένης
2853 4514 3101 4577 ἐϐάσταζε
3143 4520 3212 4585 μή
3247 4514 3390 4575 εἰδὼς
3426 4517 3483 4571 τὸ
3511 4522 3687 4587 κειμή-

2102 4604 2230 4656 λιον⁶
2262 4602 2377 4658 οὐδέ
2406 4606 2505 4678 γάρ
2534 4606 2807 4677 ἐγνώρισαν
2833 4611 2987 4659 τοῦτο
3016 4607 3205 4658 ἐκεῖνοι.
3234 4604 3291 4659 Ὀ
3321 4604 3373 4659 δὲ
3401 4608 3523 4664 θεῖος
3552 4608 3688 4680 ΙΙρὸ-

2028 4665 2083 4727 D
2107 4694 2296 4769 δρομος·
2320 4698 2485 4767 τούτῳ
2510 4697 2779 4768 ἐπιφανείς,
2795 4697 2900 4749 ἐπεί
2928 4699 3013 4750 καί
3037 4696 3292 4758 λυσιτελές
3321 4696 3474 4773 ἔκρινε
3498 4701 3688 4752 τούτου

2106 4794 2338 4865 γενέσθαι
2361 4794 2417 4847 τὸ
2447 4789 2626 4858 δῶρον,
2654 4792 2710 4846 τό
2734 4813 2788 4847 τε
2814 4791 3044 4846 λανθάνον
3070 4796 3319 4864 γνωρίζει,
3348 4794 3431 4845 καί
3457 4790 3691 4867 ἀποδραίη-

2108 4908 2189 4940 ναι
2215 4888 2309 4939 σὺν
2338 4886 2504 4955 τούτῳ
2533 4886 2874 4957 προστάττει·
2904 4882 2957 4944 ίς
2983 4886 3066 4937 καί
3102 4884 3261 4941 λαϐὼν
3303 4887 3421 4944 τοὺς
3460 4883 3691 4938 συνοδοι-

2109 4977 2322 5046 πόρους.
2365 4976 2547 5029 Θᾶττον
2574 4973 2958 5047 ἀποδιδράσκει,
2985 4974 3239 5048 Θησαυρὸν
3264 4974 3552 5032 τηλικοῦτον
3573 4977 3691 5029 ἑπι-

2110 5067 2372 5139 φερὸμενος
2400 5081 2413 5095 ⁶
2446 5061 2485 5138 ᾧ
2513 5067 2598 5119 καί
2636 5065 2735 5119 ἀπὸ
2758 5063 2904 5120 τοῦδε
2958 5066 3117 5139 μυρία
3153 5065 3362 5138 ἀπέρίἶει
3402 5066 3468 5117 τά
3496 5065 3687 5135 ἀγαθὰ,

2110 5157 2312 5225 πλούτῳ
2338 5160 2419 5209 καί
2455 5157 2707 5229 εὐπραγίᾳ
2733 5162 2967 5224 κομῶντι,
2991 5159 3070 5208 καί
3090 5160 3224 5209 πᾶσι
3270 5162 3376 5214 τοῖς
3404 5151 3569 5213 ἄλλοις
3609 5155 3692 5206 εὖ·

2109 5247 2411 5317 θυνουμένῳ.
2438 5243 2576 5298 Ἐπεὶ
2604 5243 2647 5298 δ’
2671 5244 2865 5315 ἔμελλεν
2887 5243 3037 5306 οὗτος
3060 5245 3141 5299 τὸν
3167 5246 3276 5317 βίον
3297 5246 3689 5315 ἀπολιμπάνειν,

2109 5347 2171 5411 τῇ
2198 5337 2300 5410 ἰδίᾳ
2325 5336 2508 5408 ἀδελφῇ
2537 5338 2811 5412 ἐγχειρίζει
2836 5338 2891 5392 τὸ
2920 5336 3097 5412 δῶρον,
3120 5337 3338 5407 κιϐωτίῳ
3360 5343 3508 5391 τοῦτο
3529 5338 3696 5407 ἀσφα-

2109 5428 2400 5499 larium“
2434 5423 2464 5501 ᾖ
2493 5428 2572 5480 καί
2597 5432 2968 5501 παρεῃυᾶται,
3017 5432 3085 5497 μή
3110 5426 3355 5504 πρότερον
3397 5431 3483 5479 τοῦ
3530 5426 3698 5479 κιϐω-

2110 5522 2219 5575 τίου
2248 5520 2527 5593 ἐξαγαγεῖν,
2554 5521 2673 5592 πρίν
2695 5512 2753 5571 ἂν
2780 5524 2955 5578 ἰκείνος
2974 5520 3185 5589 μηνύσει
3212 5524 3301 5577 τήν
3340 5515 3527 5581 ἔξοδον·
3561 5518 3705 5586 μέγα

2109 5614 2207 5685 γάρ
2237 5607 2393 5671 ὅντως
2429 5612 2485 5663 τὸ
2528 5616 2727 5684 χρῆμα,
2761 5610 2841 5663 καί
2884 5608 3115 5681 μεγάλων
3149 5608 3443 5683 παρεκτικόν
3474 5621 3486 5632 ·
3525 5620 3547 5656 ι
3583 5606 3708 5661 ἐπεὶ

2111 5706 2190 5757 καὶ
2219 5704 2360 5771 ἡμῖν,
2389 5702 2533 5772 φησί,
2579 5700 2773 5772 μεγάλα
2809 5699 3141 5775 προύξένησεν
3171 5700 3356 5769 ἀγαθὰ,
3389 5699 3474 5753 καί
3510 5695 3544 5751 ἀ
3573 5694 3708 5765 μηδ’

2111 5798 2265 5849 εἰπεῖν
2292 5791 2460 5871 ῥᾴδιον
2522 5789 2588 5844 ὧν
2617 5790 2733 5846 ὅσον
2764 5789 2909 5846 οὔπω
2938 5793 3151 5862 μεθέξεις
3168 5796 3252 5846 καί
3279 5793 3430 5851 αὐτὴ.
3468 5795 3713 5859 τεμοῦσα

2112 5893 2259 5942 τοῦτο
2289 5889 2370 5938 καί
2399 5884 2736 5943 πῖριέπουσα·
2770 5879 2795 5937 ὃ
2822 5886 2904 5937 καί
2934 5884 3063 5955 μετά
3101 5885 3157 5938 σὲ
3201 5889 3368 5955 πιστῷ
3396 5903 3490 5937 τινι
3518 5899 3709 5955 παρι-
