3964 6340
265 335 375 387 137

265 533 389 600 quis
420 532 573 588 facile
600 548 664 587 ea
694 534 906 602 assequi
939 535 1127 603 possit.
1170 533 1374 590 liorum
1424 546 1477 590 et
1527 537 1639 606 ipsa
1684 540 1866 591 statim

267 627 536 697 particeps
566 626 847 691 eﬂicieris,
898 626 1059 681 modo
1086 628 1295 697 pignori
1352 629 1613 683 honorem
1646 629 1866 695 habeas,

267 732 333 769 ac
356 716 484 769 illud
515 716 665 771 colas
692 735 702 768 :
736 715 829 770 sed
859 724 913 770 et
936 716 1095 785 illud,
1119 734 1239 773 cum
1264 717 1513 775 humanis
1535 721 1642 775 eris
1670 721 1869 789 migra-

269 812 411 870 tura,
439 806 597 861 alicui
631 805 864 859 fidelium
894 806 1139 876 deposito
1163 808 1359 874 trades,
1376 810 1724 880 honestisque
1754 827 1872 865 mo-

269 895 423 951 ribus
450 896 616 951 charo
648 912 715 951 ex
746 884 1070 952 testamento
1090 898 1378 969 relinques.
1405 919 1422 952 ι
1444 899 1545 955 Ubi
1565 901 1680 956 htec
1697 903 1871 957 sorori

269 987 325 1040 in
356 986 623 1042 mandatis
650 987 905 1053 dedisset,
938 1002 969 1042 e
993 988 1101 1042 vita
1127 990 1374 1059 migravit
1397 1032 1411 1057 ,
1444 992 1662 1062 illaque,
1688 1002 1748 1047 ut
1776 1008 1874 1063 par

269 1087 377 1145 est,
406 1078 649 1148 impense
679 1078 795 1133 laeta
825 1094 923 1150 pro
953 1094 1276 1148 munere,ex
1299 1082 1479 1137 animo
1503 1083 1553 1137 in
1585 1083 1713 1138 illud
1743 1083 1875 1139 alle-

270 1178 383 1235 cta,
402 1172 733 1241 perindeque
762 1187 827 1226 ac
846 1171 1013 1226 frater
1033 1172 1450 1240 coleret,multis
1471 1182 1524 1230 et
1550 1177 1661 1245 ipsa
1688 1191 1753 1230 ex
1782 1176 1875 1232 illo

270 1258 548 1316 beneﬁciis
594 1270 751 1318 aucta
803 1261 920 1316 fuit.
977 1260 1112 1328 Quia
1148 1278 1273 1319 vero
1304 1264 1378 1318 illi
1419 1279 1634 1336 quoque
1680 1264 1749 1319 ad
1779 1280 1874 1320 oc-

271 1366 460 1406 casum
528 1356 637 1407 vita
687 1354 979 1421 vergebat,
1031 1353 1195 1408 sociis
1258 1355 1571 1410 thesaurum
1626 1357 1876 1427 deposito

276 1445 584 1515 consignat,
632 1453 898 1515 cauteque
944 1446 1271 1501 servandum
1312 1448 1494 1503 multis
1523 1447 1783 1504 admonet
1811 1463 1876 1503 ac

273 1544 450 1601 rogat.

345 1626 481 1681 Cum
505 1643 636 1682 vero
667 1629 819 1684 multi
869 1630 1125 1702 deinceps
1153 1630 1243 1685 alii
1270 1629 1390 1686 aliis
1436 1628 1753 1686 suceedanei
1798 1629 1876 1699 pi-

272 1728 410 1782 gnus
453 1716 829 1786 obtinuissent,
885 1736 1060 1792 exque
1109 1721 1229 1776 aliis
1276 1720 1330 1775 in
1386 1720 1521 1775 alios
1572 1721 1875 1791 depositum

275 1807 576 1872 transisset,
612 1809 680 1863 ad
712 1820 1008 1866 extremum
1059 1812 1112 1867 in
1160 1810 1409 1867 monachi
1439 1809 1713 1880 cujusdam
1762 1825 1873 1864 ma-
1905 1823 1951 1882 Β

275 1914 376 1952 nus
404 1899 642 1955 devenit.
678 1900 988 1958 Eustathius
1027 1904 1099 1958 illi
1148 1918 1345 1958 nomen
1372 1920 1387 1968 ;
1413 1917 1604 1958 sensus
1630 1918 1759 1957 vero
1788 1902 1869 1955 ni-

277 1988 350 2042 hil
381 1988 433 2042 in
475 1989 577 2043 fide
622 2006 800 2056 sanus,
830 1993 930 2048 etsi
957 1994 1092 2048 alios
1141 2008 1295 2071 error
1322 1992 1464 2047 illius
1510 1992 1759 2046 latuerat.
1819 1990 1870 2047 Is

272 2090 489 2147 quoque
514 2080 741 2147 gratiam
772 2097 1103 2153 cauponans,
1130 2091 1241 2137 tum
1280 2081 1540 2138 creditum
1561 2082 1752 2153 pignus
1780 2097 1871 2137 ce-

273 2167 441 2235 labat,
467 2178 579 2224 tum
608 2186 729 2225 cum
754 2170 843 2239 eo,
860 2168 1031 2244 quam
1050 2173 1359 2244 opinionem
1385 2172 1639 2243 (Arianus
1663 2172 1871 2227 scilicet

274 2258 462 2329 homo)
492 2260 724 2316 colebat.
751 2262 819 2317 At
846 2263 936 2317 ubi
958 2262 1227 2328 Emeseni,
1254 2262 1397 2318 unde
1424 2263 1585 2317 etiam
1613 2262 1872 2317 oriundus

273 2360 410 2417 erat,
440 2352 543 2406 viri
593 2368 774 2409 mores
818 2353 1083 2426 fidemque
1129 2355 1345 2410 tandem
1390 2354 1771 2423 agnovissent,
1809 2370 1874 2411 ac

274 2459 399 2498 eum
428 2444 563 2499 urbe
587 2445 790 2514 pulsuri
820 2457 1023 2515 essent,
1052 2448 1275 2515 rogabat
1315 2448 1404 2502 ille
1450 2448 1536 2503 vel
1580 2447 1739 2503 unius
1764 2448 1872 2503 diei

275 2532 541 2599 inducias,
566 2542 786 2603 tumque
809 2535 1087 2604 eiicerent.
1123 2536 1253 2591 Erat
1280 2537 1395 2592 hmc
1424 2537 1655 2606 maligna
1680 2537 1870 2608 plena-

269 2640 377 2693 que
404 2626 617 2683 vafritie
637 2639 832 2684 strues.
864 2629 1073 2700 Quippe
1094 2647 1305 2686 sacrum
1335 2641 1499 2701 caput
1529 2633 1581 2686 in
1612 2634 1868 2703 spelunca

268 2716 504 2785 quadam
535 2717 882 2787 deposuerat,
921 2720 1081 2790 inque
1120 2717 1362 2793 hydriam
1392 2722 1715 2792 coniecerat,
1745 2739 1869 2779 crn-

268 2816 350 2862 sta
381 2807 589 2877 lapidea
610 2808 676 2861 ad
702 2824 763 2862 os
784 2811 977 2877 posita,
998 2826 1061 2865 ac
1086 2826 1251 2867 arena
1284 2812 1333 2866 ei
1365 2812 1571 2881 ingesta
1600 2830 1613 2865 :
1643 2828 1871 2883 eamque

270 2896 342 2951 ob
374 2912 485 2951 rem
518 2900 778 2968 temporis
803 2915 983 2956 moras
1031 2902 1147 2957 illas
1176 2903 1452 2971 captabat,
1481 2917 1589 2971 quo
1640 2903 1761 2957 inde
1795 2905 1874 2973 pi-

269 3002 407 3057 gnus
433 2989 694 3057 auferret,
723 2991 911 3059 suique
941 2992 1065 3046 illud
1085 2992 1219 3061 juris
1247 2993 1468 3048 demens
1494 2995 1657 3049 homo
1687 2994 1866 3050 effice-

268 3087 379 3134 ret.
410 3077 700 3135 Enimvero
730 3080 1002 3146 Emeseni,
1043 3098 1110 3137 ne
1147 3084 1230 3137 vel
1274 3094 1548 3139 momento
1579 3085 1720 3152 passi
1751 3100 1873 3139 con-

918 333 1009 388 Αῐ)
1049 332 1321 390 ιιιδτοῃ,
1364 326 1793 388 INYENTIONIS
1833 336 1874 390 (ἰ

1983 339 2096 397 {TIS
2136 343 2192 400 S.
2238 344 2515 415 JOANNIS
2558 360 2920 422 APPENDIX.

262 452 321 495 e‘.
347 443 522 506 nobis,
556 441 747 513 inquit,
783 457 972 511 magna
1006 444 1187 498 attulit
1215 446 1384 510 bona,
1416 454 1475 500 ut
1504 461 1602 501 nec
1632 447 1859 503 dicendo
1894 458 1934 513 Α
1968 464 2250 531 muni”,

3459 348 3561 403 438

2277 473 2359 525 καὶ
2382 471 2531 531 εἰδότι
2562 478 2625 531 τά
2651 479 2776 533 καλὰ
2816 483 2976 544 καλῶς
3000 483 3329 543 διατίθεσθαι.
3346 507 3364 541 ι
3398 496 3570 547 Ταῦτα

1970 561 2131 621 οὖτως
2158 564 2450 633 έπεσκιίψας
2567 569 2773 647 ἀδελφῇ,
2802 576 3009 651 ἀπαίρει
3050 585 3142 632 τοῦ
3181 582 3294 649 βίον
3325 599 3337 611 ·
3364 585 3393 640 ἠ
3429 580 3474 637 δ’
3503 586 3570 637 ὡς

1971 656 2101 714 εἰκὸς
2125 665 2422 733 περιχαρής
2448 664 2683 733 γενομένη
2708 672 2781 737 τῷ
2810 665 2979 739 δώρῳ.
3001 668 3032 722 ἕ
3032 673 3215 743 στεργέ
3237 693 3290 725 τε
3318 671 3569 743 ἔκθῦμωςν

1971 752 2053 803 καὶ
2079 746 2170 805 ἴσα
2196 752 2347 825 ὶτέμα
2373 760 2445 826 τῷ
2464 754 2679 828 ἀδελφῷ,
2696 759 2881 819 πολλῆς
2910 767 2996 815 καὶ
3016 772 3135 823 ταῖς
3160 764 3279 833 (sic)
3304 764 3395 820 ἀπ’
3414 768 3568 821 αὐτοῦ

1975 842 2197 916 χάριτος
2225 846 2495 915 ἡσοομένη.
2523 852 2664 902 Ἐπεὶ
2703 849 2756 904 δὲ
2787 854 2873 905 καὶ
2907 854 3039 913 αὐτὴ
3080 856 3210 924 πρὸς
3248 855 3450 923 δυσμάς
3482 856 3568 918 ἧκε

1972 940 2064 989 τοῦ
2109 936 2247 1004 βίον.
2273 945 2387 997 τοῖς
2425 945 2639 994 συνοῦσι
2679 942 2767 995 τὸν
2808 944 3060 1018 θησαυρόν
3105 949 3564 1021 παρακατατίθησι,

1975 1026 2134 1080 πολλὰ
2158 1031 2279 1103 περὶ
2305 1036 2396 1090 τῆς
2423 1031 2581 1084 αὐτοῦ
2606 1032 2824 1102 φυλακῆς
2854 1036 3255 1106 ἀσφαλισαμένη.

2046 1117 2234 1173 Πολλῶν
2264 1118 2317 1174 δέ
2352 1141 2403 1173 τε
2445 1121 2537 1176 ἀπ’
2563 1123 2746 1177 ἐκείνου
2778 1122 3142 1197 διαδεξαμένων
3176 1128 3234 1183 τὸ
3275 1128 3460 1204 δῶρον,
3491 1134 3571 1186 καὶ

1975 1208 2148 1264 ἄλλοτε
2198 1215 2268 1273 εἰς
2306 1210 2487 1275 ἄλλους
2515 1227 2922 1291 μεταχωρῆσαν,
2953 1220 3245 1275 τελευταῖον
3288 1222 3416 1293 πρός
3459 1246 3572 1278 τινα

1975 1304 2249 1367 μονάζοντα
2294 1315 2536 1378 καταντᾷ,
2562 1310 2833 1365 Εὐστάθιον
2877 1318 2967 1382 μέν
2997 1314 3311 1385 γαλοιὶμενον,
3343 1314 3571 1389 φρόνημα

1978 1393 2029 1449 δέ
2052 1398 2152 1449 οὐκ
2180 1398 2322 1470 ὀρθόν
2353 1396 2566 1469 ἔχοντα.
2600 1404 2643 1455 εἰ
2680 1405 2763 1456 καὶ
2798 1406 2919 1465 τοὺς
2954 1404 3130 1466 ἄλλους
3167 1407 3446 1462 ὶλάνθανεν.
3477 1405 3570 1467 ὀς

1976 1508 2031 1558 γε
2063 1492 2144 1542 καὶ
2171 1496 2258 1547 την
2285 1493 2443 1566 χάριν
2466 1493 2781 1560 καπηλεύων,
2803 1496 2861 1551 τό
2884 1518 2938 1553 τε
2962 1499 3295 1570 ἐμπιστευθέν
3321 1502 3569 1573 κειμήλιον

1978 1579 2195 1648 ἔκρυπτε
2214 1623 2230 1647 ,
2272 1587 2355 1638 καὶ
2394 1588 2488 1639 σὺν
2527 1586 2720 1659 τούτῳ,
2750 1586 2775 1644 ὂ
2800 1599 3034 1665 περιεῖπε
3062 1591 3243 1666 δόγμα·
3276 1597 3570 1672 ἁρειανίζων

1977 1676 2076 1745 γὰρ
2107 1673 2164 1734 ἦν
2189 1690 2203 1705 ⁹
2238 1677 2347 1731 ἐπεὶ
2375 1675 2421 1731 δ’
2450 1676 2683 1749 ἔγνωσαν
2713 1686 2893 1736 τοῦτον
2925 1682 2971 1736 οἱ
2998 1680 3255 1753 Ἐμεσηνοὶ
3284 1687 3363 1759 ἀφ’
3393 1682 3458 1739 ὧν
3489 1690 3570 1740 καὶ

1982 1768 2205 1856 ῶρμητο,
2254 1772 2338 1822 καὶ
2383 1778 2475 1829 τῆς
2516 1771 2708 1831 πόλεως
2753 1772 3053 1828 ἀπελαύνειν
3088 1773 3310 1844 ἔμελλον.
3356 1776 3568 1851 λιπαρεῖ

1976 1862 2189 1920 τοῖτους
2218 1867 2387 1929 μεῖναι
2426 1862 2639 1933 ἡμέραν,
2678 1859 2768 1917 εἶτ’
2803 1864 3058 1919 ἐκϐαλεῖν
3093 1869 3384 1941 κακούργως
3429 1867 3567 1924 τοῦτ’

1974 1950 2407 2023 άπολογισάμενος
2433 1967 2445 1980 ⁸
2475 1950 2645 2022 ἔτυχε
2666 1955 2763 2025 γάρ
2793 1955 2925 2031 πρός
2965 1978 3062 2011 τινι
3092 1958 3327 2027 σπηλαίῳ
3354 1965 3445 2018 τήν
3487 1981 3566 2014 κε-

1974 2041 2125 2113 φαλήν
2167 2044 2421 2105 καταθεὶς,
2451 2044 2498 2096 έν
2522 2042 2675 2119 ὑδρίᾳ
2703 2047 2894 2105 ταύτην
2920 2048 3108 2115 βαλὼν,
3136 2050 3219 2102 καὶ
3252 2050 3420 2105 πλάκα
3444 2051 3565 2104 λιθὶ-

1972 2156 2059 2192 νην
2089 2131 2273 2189 ἄνωθεν
2312 2137 2550 2213 περιθεὶς,
2580 2142 2663 2193 καὶ
2712 2136 2880 2211 ἄμμον
2922 2142 3352 2214 έπαμησάμενος⁰
3385 2140 3434 2205 ὃς
3480 2148 3571 2200 καὶ

1974 2224 2059 2279 διά
2086 2234 2255 2281 ταῦτα
2299 2227 2461 2291 ἐζήτει
2489 2229 2681 2302 καιρὸν,
2714 2232 2783 2290 ὡς
2826 2225 2885 2283 ἂν
2918 2233 3107 2286 ἐκεῖθεν
3152 2233 3210 2287 τὸ
3258 2232 3419 2308 δῶρον
3447 2236 3562 2306 ἀφέ-

1972 2315 2129 2379 λοιτο,
2155 2320 2241 2371 καὶ
2285 2318 2471 2374 ἑαυτοῦ
2498 2317 2524 2372 ό
2552 2317 2719 2398 ἄφρων
2761 2326 3053 2381 ποιήσοιτο.
3079 2323 3201 2379 Ἀλλ’
3238 2327 3296 2379 οὐ
3340 2328 3431 2397 μὲν
3474 2321 3563 2380 οὖν

1975 2408 2145 2464 εἴασαν
2186 2417 2343 2467 τοῦτο
2385 2410 2645 2481 Ἐμεσηνοί
2686 2421 2849 2485 μεῖναι
2889 2419 2975 2469 καὶ
3020 2417 3150 2490 πρὸς
3195 2416 3407 2491 βραχύ·
3441 2418 3571 2472 ἀλλὰ

1973 2502 2157 2556 Θᾶττον
2186 2502 2492 2566 ἀπήλαυνον,
2523 2509 2613 2559 τοῦ
2649 2505 2783 2559 θείου
2813 2506 3020 2567 πάντως
3062 2505 3243 2581 ἀνδρές
3281 2508 3370 2567 την
3408 2508 3565 2585 ὁρμήν

1975 2594 2146 2653 αὐτοῖς
2173 2594 2569 2667 παραθήξαντος,
2602 2599 2685 2650 καὶ
2712 2595 2904 2671 δρᾶσαι
2942 2601 3001 2653 τὸ
3032 2599 3182 2652 καλὸν
3232 2601 3443 2670 ἀμελητὶ
3471 2604 3557 2656 έπ-

1973 2688 2272 2759 οτρύναντος
2289 2702 2301 2714 ·
2327 2687 2386 2742 τὸ
2430 2686 2485 2742 δέ
2524 2709 2580 2760 γε
2606 2692 2850 2747 σπήλαιον
2885 2689 3214 2762 διαδέχονται
3243 2694 3371 2763 μετὰ
3399 2700 3559 2749 ταῦτα

1975 2776 2152 2851 ἄνδρες
2181 2784 2458 2849 μονασταὶ,
2490 2784 2571 2836 καὶ
2594 2782 2701 2854 β⁷ον
2737 2780 2948 2857 ἄριστον
2981 2785 3235 2855 μετιόντες
3265 2788 3557 2849 ιοὶκοῦντες

1972 2876 2060 2943 μέν
2091 2879 2266 2938 τοῦτο,
2297 2876 2389 2928 οὐκ
2418 2873 2602 2936 εἰδότες
2642 2874 2694 2931 δέ
2740 2873 2764 2930 ὃ
2812 2886 2885 2947 τῷ
2924 2879 3156 2949 σπηλαίῳ
3188 2880 3524 2954 ἔγκέκρυπται
3548 2896 3559 2913 ⁸

1972 2964 2237 3039 θησαυρὸς
2262 2968 2530 3038 πολύχους
2552 2972 2638 3023 καὶ
2679 2971 2966 3045 πάμφορος.
2992 2974 3081 3024 Καὶ
3116 2973 3273 3046 πέρας
3297 2975 3387 3044 μὲν
3409 2978 3567 3028 τοῦτο

1970 3064 2061 3116 τῆς
2104 3060 2315 3132 πρώτης
2360 3061 2628 3137 εὑρέσεως,
2664 3063 2788 3117 κατά
2832 3068 2923 3121 τήν
2964 3062 3138 3120 εἴκάδα
3181 3066 3447 3141 τετάρτην,
3493 3068 3555 3126 ὡς

266 3172 481 3235 sistere,
514 3173 761 3241 protinus
790 3173 1123 3242 ablegarent,
1156 3189 1278 3229 cum
1325 3175 1486 3244 plane
1532 3176 1613 3227 vir
1659 3174 1867 3229 divinus

1983 3148 2111 3204 ³’στιν
2138 3148 2281 3218 ἰδεῖν,
2311 3159 2409 3208 τοῦ
2432 3156 2771 3231 φεϐρουαρίου
2797 3160 3143 3231 γεγενημένης.

270 3262 530 3332 impetum
585 3264 688 3317 illis
735 3272 957 3319 acueret
1006 3271 1172 3333 utque
1228 3264 1431 3319 bonum
1495 3263 1865 3319 incunctanter

271 3364 610 3423 pnestarent,
639 3354 958 3425 impelleret.
1007 3355 1317 3412 Succedunt
1363 3355 1619 3423 deinceps
1661 3355 1713 3408 in
1741 3368 1867 3417 spe-

285 3442 446 3497 lunca
480 3442 578 3495 viri
600 3443 877 3507 monachi,
908 3450 1071 3512 atque
1089 3441 1359 3511 optimum
1386 3441 1509 3493 vita:
1528 3447 1855 3494 consectan-

286 3545 368 3590 tes
398 3550 606 3609 genus;
635 3535 727 3638 «uti
770 3533 989 3604 quidem
1024 3535 1209 3589 locum
1267 3534 1535 3595 colerent,
1578 3531 1856 3586 occultum

285 3627 535 3696 tamenin
554 3641 620 3680 eo
638 3622 859 3696 pignus,
875 3627 1192 3681 thesaurum
1210 3625 1359 3680 illum
1379 3622 1858 3679 afﬂuentissimnm

282 3695 715 3787 haudquaquam?
729 3719 953 3772 scirent.
981 3717 1152 3786 Inque
1175 3718 1322 3771 hunc
1370 3715 1587 3769 modum
1613 3716 1858 3767 absoluta

286 3818 369 3863 est
393 3809 568 3878 prima
597 3809 843 3864 inventio
882 3809 999 3879 ipsa
1052 3812 1152 3863 hac
1184 3809 1270 3863 die
1304 3809 1526 3863 circiter
1569 3804 1853 3861 Februarii

289 3901 548 3957 vicesima
577 3910 771 3972 quarta
806 3910 1046 3967 peracta,
1073 3911 1130 3955 ut
1161 3911 1243 3956 est
1274 3902 1613 3970 conjectura.

359 3994 501 4060 Quia
519 4008 670 4059 vero,
694 4003 754 4049 ut
771 3995 947 4061 aiunt,
967 3995 1163 4049 iterum
1183 4009 1401 4065 quoque
1418 3994 1614 4065 pignus
1634 3992 1868 4061 contigit
1917 4036 1933 4054 ,

291 4086 581 4152 occultari,
603 4101 729 4143 cum
764 4103 958 4157 nempe
989 4086 1312 4157 designatus
1360 4086 1518 4142 modo
1545 4085 1868 4142 Eustathius

291 4179 560 4249 pravitate
588 4178 756 4233 animi
787 4187 993 4255 struem
1024 4179 1280 4246 fecisset,
1312 4194 1492 4248 Operae
1517 4180 1750 4247 pretium
1778 4188 1865 4232 est

292 4271 542 4324 dicamus
566 4284 675 4339 quo
699 4270 809 4341 iam
836 4273 1020 4336 modo,
1053 4284 1295 4341 quonam
1325 4280 1592 4339 tempore,
1620 4274 1860 4339 quoi-um

295 4377 459 4431 opera
491 4362 863 4417 venerandum
901 4371 1070 4431 caput
1101 4362 1339 4418 secunda
1372 4376 1594 4432 quoque
1634 4362 1758 4415 vice
1784 4360 1869 4414 in-

299 4462 519 4510 ventum
541 4455 633 4521 sit,
656 4470 769 4526 quo
790 4456 951 4511 liceat
975 4454 1108 4510 etad
1128 4454 1369 4515 tertiam,
1396 4452 1552 4520 cujus
1573 4452 1731 4506 nobis
1750 4467 1874 4522 gra-

298 4547 373 4601 tia
404 4548 583 4602 oratio
615 4547 863 4602 instituta
902 4556 1007 4612 est,
1033 4545 1405 4601 inventionem
1428 4543 1686 4597 transire.

368 4641 660 4696 Marcellus
680 4640 900 4708 quidam
920 4639 1030 4693 vita
1054 4639 1267 4703 clarus,
1289 4636 1538 4691 moribus
1560 4634 1872 4705 religiosus,

302 4736 392 4804 qui
420 4745 472 4789 et
491 4732 807 4788 monasterii
833 4733 897 4787 ad
912 4730 1228 4802 speluncam
1250 4729 1341 4784 siti
1367 4727 1723 4799 praepositum
1750 4743 1879 4792 age-

304 4828 415 4893 bat,
445 4834 603 4880 nocte
631 4823 864 4893 quadam
899 4821 1094 4876 media;
1120 4820 1480 4876 hebdomadas
1515 4819 1873 4890 ieiuniorum,

308 4920 579 4975 somnium
625 4913 960 4987 eiuscemodi
995 4913 1165 4979 videt,
1198 4913 1576 4982 visionemque
1612 4910 1876 4965 fratribus

311 5013 551 5066 narravit
577 5011 670 5080 qui
705 5010 805 5062 sub
825 5023 891 5063 eo
914 4992 1292 5072 merebantur,
1318 5006 1423 5061 hoc
1443 5003 1558 5060 fere
1584 5003 1877 5058 verborum

317 5115 502 5159 tenore
527 5120 542 5157 :
571 5123 589 5155 ι
621 5100 952 5157 Videbantur
973 5099 1130 5164 mihi,
1165 5099 1364 5168 inquit,
1392 5096 1711 5152 monasterii
1741 5095 1885 5149 fores

313 5211 498 5251 omnes
524 5204 1012 5264 apertae,perquas
1029 5191 1229 5246 fluvius
1246 5189 1467 5259 quidam
1493 5200 1692 5256 magno
1718 5202 1887 5254 aqua-

319 5303 430 5339 rmn
458 5284 688 5355 strepitu
715 5285 1035 5352 impetuque
1057 5281 1347 5336 transibat.
1382 5297 1401 5329 ι
1433 5277 1509 5330 Ea
1538 5292 1595 5333 re
1623 5277 1677 5331 in
1702 5286 1889 5342 stupo-

320 5395 429 5432 rem
460 5390 638 5441 actus,
665 5377 931 5431 visionem
966 5390 1159 5429 secum
1188 5372 1309 5427 "ille
1334 5372 1608 5434 versabat,
1641 5369 1893 5424 nesciens

321 5470 446 5539 quid
499 5467 820 5536 coniiceret.
855 5480 1035 5535 quove
1067 5464 1247 5517 visum
1296 5462 1429 5516 illud
1480 5468 1780 5529 spectaret.
1809 5462 1895 5515 Ac

324 5578 473 5623 sane,
528 5560 727 5629 inquit,
766 5573 891 5612 cum
946 5572 1034 5612 me
1093 5556 1165 5609 ita
1221 5554 1501 5616 haberem,
1551 5552 1736 5607 statim
1792 5567 1895 5606 vox

325 5653 566 5721 qua-dam
600 5652 667 5706 ab
694 5650 803 5705 alto
856 5649 1156 5710 ferebatur,
1217 5645 1561 5701 tremendum
1598 5645 1889 5715 quemdam

325 5759 387 5796 ac
409 5758 663 5811 magnum
694 5742 933 5796 sonitum
985 5740 1213 5793 habens.
1248 5737 1386 5790 Tum
1446 5735 1609 5789 etiam
1661 5749 1896 5787 concen-

332 5843 415 5892 tus
444 5835 645 5892 audieb
682 5848 774 5890 tur
821 5833 1053 5888 dulciter
1107 5828 1484 5901 psallentium.
1522 5826 1625 5892 Qui
1654 5838 1719 5879 eo
1774 5840 1897 5879 mu-

2044 3243 2183 3295 Ἐπεὶ
2214 3242 2292 3311 δέ,
2328 3248 2399 3308 ὠς
2437 3246 2463 3301 ό
2501 3248 2667 3321 λόγος,
2715 3253 2802 3304 καὶ
2831 3252 3078 3324 κρυϐῆναι
3125 3253 3183 3307 τό
3209 3253 3373 3323 τίμιον
3421 3250 3560 3314 αὗθςς

1966 3332 2177 3399 συνέϐη,
2224 3343 2314 3391 τοῦ
2368 3335 2672 3400 δηλωθέντος
2717 3343 2996 3397 Εὐσταθίου
3053 3344 3312 3402 σκαιότητι
3358 3349 3555 3416 γνώαης

1973 3424 2263 3499 δράσαντος
2294 3428 2351 3483 τό
2382 3431 2710 3503 σκαιῶρημα,
2746 3429 2873 3487 εἰκός
2909 3434 3014 3502 ἄρα
3070 3431 3153 3482 τὸν
3189 3428 3331 3496 λόγον
3363 3428 3545 3484 εἰπεῖν,

1970 3525 2081 3579 πῶς
2105 3517 2221 3579 ἤδη.
2252 3522 2337 3575 καὶ
2373 3520 2524 3580 πότε¹.
2552 3524 2637 3574 καὶ
2664 3522 2807 3595 παρά
2831 3521 2975 3573 τίνων
3012 3523 3096 3572 καὶ
3122 3522 3212 3575 την
3239 3516 3479 3589 δευτέραν
3514 3519 3545 3574 ἡ

1968 3612 2221 3682 πάντιμος
2239 3608 2405 3681 ἔσχεν
2418 3610 2623 3685 εὕρεσιν
2640 3611 2837 3683 κεφαλή’
2861 3613 2928 3669 ὡς
2944 3605 3001 3663 ἂν
3022 3611 3106 3680 ἐξῇ
3135 3610 3298 3675 τούτῳ
3316 3611 3399 3661 και
3419 3608 3549 3678 πρὸς

1970 3704 2148 3776 τρίτην
2184 3711 2453 3774 χωρῆσαι,
2486 3699 2739 3759 δι’ἦν’καὶ
2765 3707 2854 3758 τήν
2884 3703 3180 3773 ἐγχείρησιν
3214 3702 3545 3759 ἐνεστήσατο.

2042 3792 2317 3867 Μάρκελλός
2342 3814 2423 3852 τις
2443 3793 2527 3847 τὸν
2548 3792 2656 3863 βίον
2683 3792 2944 3864 ἐπιφανής,
2975 3793 3061 3846 τόν
3084 3793 3272 3865 τρόπον
3292 3792 3541 3862 θεοφιλής,

1973 3883 2027 3945 ὃς
2057 3887 2141 3938 καὶ
2188 3893 2344 3954 μονῆς
2373 3892 2465 3944 τῆς
2507 3884 2634 3939 κατὰ
2663 3884 2912 3942 σπήλαιον
2961 3885 3241 3953 καθηγεῖτο,
3276 3884 3402 3936 κατά
3443 3904 3554 3935 τινα

1968 3990 2120 4031 νὺκτα
2147 3984 2238 4035 τῆς
2263 3983 2458 4049 μέσσης
2486 3974 2768 4044 ἑϐδομάδος
2806 3982 2905 4030 τῶν
2938 3981 3209 4037 νηστειῶν,
3237 3971 3357 4046 ὄναρ
3387 3980 3553 4027 τοιοῦ-

1970 4090 2055 4124 τον
2081 4067 2199 4141 όρᾷ’
2227 4064 2281 4127 ὃς
2308 4068 2391 4120 καὶ
2412 4067 2471 4120 τό
2494 4065 2668 4139 όραθιν
2699 4075 2803 4126 τοῖς
2827 4066 2915 4119 ὑπ’
2947 4067 3097 4120 «ora»
3124 4064 3405 4133 διηγήσατο
3458 4064 3547 4117 οὐ·

1974 4166 2102 4220 τωσί
2126 4163 2255 4236 πρὸς
2298 4163 2426 4227 λέξιν
2454 4159 2665 4226 διεξιὼν⁸
2730 4178 2747 4211 t
2787 4163 2845 4216 Δί
2885 4170 2977 4222 τῆς
3007 4169 3155 4230 μονῆς
3193 4180 3279 4230 μοι
3330 4158 3552 4219 ἅπασαι,

1974 4259 2110 4327 φησί.
2140 4254 2316 4328 θύραι,
2344 4256 2654 4324 ἀνεῳγμέναι
2678 4250 2803 4307 εἶναι
2830 4251 3056 4307 ἐδόκουν.
3080 4250 3185 4323 ’Δᾷ
3205 4249 3271 4304 ὧν
3294 4253 3377 4302 καὶ
3402 4270 3561 4303 ποτα-

1974 4346 2069 4416 μός
2093 4366 2171 4404 τις
2198 4344 2345 4405 divisi,
2372 4346 2536 4413 πολλῷ
2562 4352 2634 4416 τῷ
2660 4345 2812 4415 ῥοίζῳ
2838 4341 3109 4414 ἑλκόμενος.
3143 4360 3161 4393 ι
3184 4342 3279 4409 Ἐφ’
3302 4338 3341 4412 ᾧ
3371 4343 3455 4393 καὶ
3482 4360 3565 4409 γε·

1974 4440 2178 4509 νόμενος
2207 4437 2385 4498 έννεός,
2416 4438 2517 4491 καθ’
2539 4437 2718 4491 ἔαυτόν
2745 4436 2803 4488 τὸ
2834 4434 3009 4509 ὁραθὶν
3040 4432 3269 4504 ἔστρεφε,
3302 4436 3370 4499 μό
3401 4452 3452 4484 τι
3483 4432 3566 4482 καὶ
3620 4502 3623 4505 Α

1976 4531 2253 4603 συμϐαλεῖν
2278 4529 2438 4599 ἔχων,
2466 4530 2594 4601 πρός
2621 4527 2697 4582 ὅτι
2726 4528 2782 4582 τό
2814 4526 2985 4598 ὅραμα
3010 4527 3170 4598 φέροι.
3208 4542 3225 4572 ι
3262 4526 3357 4574 Καὶ
3386 4520 3447 4579 δή
3479 4542 3564 4591 μοι

1980 4625 2142 4682 οὕτως
2181 4631 2375 4692 ἔχοντι,
2420 4623 2503 4674 καὶ
2543 4623 2677 4689 φωνή
2718 4641 2794 4679 τις
2836 4620 2984 4677 εὐθὺς
3024 4622 3323 4687 κατεφερετο
3362 4610 3566 4672 ἄνωθεν,

1982 4715 2259 4774 ἕκπληκτόν
2277 4737 2393 4770 τινα
2414 4716 2495 4767 καὶ
2516 4714 2729 4785 μεγάλην
2752 4709 2956 4780 ἔχουσα
2976 4712 3064 4766 τὴν
3084 4711 3241 4776 ηχήν.
3263 4702 3372 4759 Μεθ’
3387 4701 3446 4763 ἧς
3468 4700 3571 4773 ἄρα

1985 4812 2065 4864 καὶ
2090 4809 2237 4874 μέλος
2263 4807 2356 4865 ἡδὺ
2385 4807 2669 4877 ψαλλόντων
2693 4810 2890 4864 vixi-baro
2915 4825 2922 4833 ·
2956 4802 3130 4872 τάγμα
3156 4797 3199 4852 δ’
3219 4803 3429 4852 ἕκαστον
3456 4794 3564 4847 καθ’

1985 4902 2133 4957 ἑαυτό
2163 4897 2290 4960 ἦσαν
2317 4900 2361 4952 οἱ
2391 4898 2665 4968 ψάλλοντες
2684 4913 2698 4928 ⁸
2728 4891 2840 4967 εἶχε
2871 4889 3148 4949 δὶ’τοιάνδε
3176 4895 3264 4947 τήν
3293 4887 3509 4945 δήλωσιν
3536 4888 3566 4943 ἠ

1987 4996 2138 5066 φωνή,
2171 5020 2240 5030 -
2263 4989 2394 5044 Ἰδοὺ
2432 4988 2457 5043 ὁ
2491 4990 2647 5060 μέγας
2665 4987 2903 5045 Ἰωάννης
2939 4983 2965 5039 ὁ
2995 4989 3086 5040 τοῦ
3123 4985 3344 5054 Χριστοῦ
3384 4990 3574 5032 Βαπτιο

1991 5088 2117 5143 στης
2147 5081 2510 5137 ἀναδείκνυται.
2544 5108 2612 5118 -
2630 5076 2769 5149 ’Δμα
2798 5075 2849 5132 δὲ
2876 5082 2938 5149 τῇ
2967 5082 3097 5147 φωνῇ
3128 5075 3215 5126 καί
3243 5076 3340 5123 τῶν
3370 5070 3568 5140 ταγμά-

1990 5199 2090 5230 των
2118 5183 2321 5230 ἰκαστον
2351 5172 2435 5228 διὰ
2464 5180 2561 5226 τῶν
2593 5171 2895 5227 ἀνατολικῶν
2924 5170 3085 5238 εἰσῄει
3115 5167 3304 5237 θυρῶν.

2062 5268 2147 5329 Ὠς
2188 5267 2232 5323 δ’
2259 5268 2340 5320 ἐπὶ
2380 5274 2486 5326 τοῖς
2526 5264 2775 5339 ὁραθεῑσιν
2812 5263 3091 5325 ἐξεστηκὼς
3132 5259 3281 5328 ἤμην,
3325 5249 3577 5325 ὑπερείδειν
3664 5302 3671 5305 π

1995 5361 2214 5432 ἐμαυτόν
2248 5359 2376 5432 πρός
2407 5379 2518 5412 τινα
2552 5357 2770 5426 κλίματα
2804 5361 2903 5409 τῶν
2938 5354 3064 5414 ἐκεῖ,
3100 5348 3218 5403 ἔνθα
3253 5366 3336 5416 μοι
3368 5347 3449 5397 καὶ
3484 5340 3575 5395 δυο

1996 5430 2350 5528 καθωράθησαν
2376 5450 2520 5504 πάλιν
2548 5448 2697 5503 aulai
2720 5462 2730 5472 -
2760 5448 2790 5503 ἡ
2818 5455 2902 5514 μὲν
2928 5444 3057 5519 πρὸς
3082 5437 3341 5497 ἀνατολάς,
3428 5430 3473 5485 δ’
3496 5432 3578 5484 ἐπὶ

1999 5548 2319 5620 μεσημϐρίας
2352 5542 2707 5617 τετραμμέναι.
2730 5538 2822 5591 Ὧν
2862 5537 3051 5605 μεταξύ
3094 5533 3175 5585 καὶ
3210 5528 3325 5585 ναὸς
3361 5524 3581 5585 εῗστήκει

2000 5638 2324 5710 περικαλλὴς,
2357 5637 2404 5688 έν
2500 5635 2611 5689 καθ’
2636 5639 2841 5685 ἕκαστον
2869 5629 3039 5681 εἰσιὼν
3069 5629 3167 5675 τῶν
3197 5618 3465 5691 ταγμάτων
3500 5616 3581 5669 εὗ-

2001 5731 2168 5788 λαϐῶς
2190 5734 2277 5786 την
2300 5727 2639 5800 προσκύνησιν
2661 5718 2902 5776 ἀπεδίδου
2926 5732 2936 5744 ⁸
2964 5713 3071 5782 μεθ’
3088 5710 3154 5767 ὧν
3176 5714 3260 5765 καὶ
3281 5717 3440 5783 ἕτεροι
3467 5707 3582 5771 δύο,

2006 5823 2060 5876 τὸ
2090 5817 2218 5880 εἶδος
2249 5820 2457 5883 ἐξαίσιοι
2488 5817 2782 5890 παραυτίκα
2813 5810 3042 5883 φανέντες
3074 5804 3235 5864 τοιάδε
3270 5825 3352 5876 μοι
3384 5805 3464 5858 καὶ
3495 5798 3584 5855 οὗι
