3964 6340
369 400 473 458 ιτο

1629 387 1984 445 DIONYSIUS
2026 385 2348 446 EXIGUUS.

3541 357 3647 414 ιΗΟ

373 533 500 574 nere
545 516 1004 588 defungebantur,
1061 514 1116 569 in
1159 513 1364 568 classes
1412 508 1641 564 seorsim
1687 506 1955 562 distributi

2079 529 2142 561 rat
2170 506 2326 561 ἐξόων
2347 522 2360 536 ’
2396 535 2466 549 —-
2487 503 2608 560 Ίδού
2653 527 2735 560 σοι
2764 505 2846 559 καί
2872 502 2898 560 ό
2926 504 3084 576 μέγας
3107 503 3338 565 Ἰωάννης
3361 504 3412 558 ἓν
3435 511 3506 573 τῷ
3527 510 3652 574 ναῷ,

372 618 542 665 erant.
597 608 693 663 llic
720 621 909 662 sensus
936 606 1086 660 vocis
1124 610 1243 657 erat
1272 619 1286 654 :
1321 599 1456 654 Ecce
1480 615 1700 670 magnus
1727 597 1957 652 Joannes

371 698 562 754 Christi
594 697 830 767 Baptista
860 692 1168 748 ostenditur.
1211 690 1345 757 Qua:
1383 703 1502 744 eam
1534 688 1817 742 mittebant
1859 702 1958 740 vo-

370 803 489 843 cem
519 787 718 842 classes
740 784 990 853 singulaa,
1021 798 1118 853 per
1163 779 1484 837 orientalem
1532 785 1742 848 portam
1793 776 1962 830 intra-

368 879 520 929 bant.

441 967 575 1022 Cum
616 975 798 1024 autem
836 980 939 1036 ego
990 979 1059 1020 ex
1099 963 1162 1018 iis
1189 975 1310 1033 qua:
1357 965 1718 1030 apparuerant
1772 958 1823 1011 in
1852 964 1966 1011 stu-

369 1073 555 1128 porem
588 1065 759 1123 actus,
782 1055 995 1111 cuidam
1021 1051 1178 1107 scalae
1206 1050 1320 1105 illic
1348 1049 1536 1120 positae
1563 1046 1839 1109 inniterer,
1857 1044 1964 1098 duo

370 1150 563 1204 iterum
608 1148 743 1202 atria
771 1152 994 1216 aspecto
1019 1161 1032 1196 :
1065 1143 1294 1197 alterum
1325 1139 1394 1194 ad
1421 1138 1702 1200 orientem,
1735 1135 1963 1190 alterum

369 1238 440 1293 ad
462 1238 739 1293 meridiem
770 1242 1152 1306 exporrectum
1192 1238 1328 1286 erat.
1375 1229 1608 1284 Medium
1636 1225 1967 1282 consistebat

372 1329 631 1398 templum
659 1325 1105 1398 pulcherrimum,
1135 1323 1190 1377 in
1216 1319 1362 1390 quod
1390 1317 1696 1388 singulatim
1728 1315 1966 1384 ingressa

376 1420 592 1488 agmina
649 1425 963 1472 reverenter
1012 1413 1383 1469 adorationem
1435 1407 1780 1479 prmstabant.
1831 1403 1966 1457 Tum

376 1525 594 1579 quoque
644 1509 734 1564 alii
765 1508 874 1563 duo
913 1504 1193 1578 praestanti
1221 1502 1402 1573 specie
1447 1499 1574 1554 mihi
1621 1497 1802 1552 statim
1841 1494 1968 1549 facti

373 1603 746 1673 conspicui,in
769 1602 886 1656 btec
915 1601 1077 1656 verba
1101 1595 1407 1653 clamabant
1431 1611 1444 1647 :
1479 1591 1561 1646 En
1581 1589 1668 1644 tibi
1683 1598 1731 1644 et
1751 1604 1967 1660 magnus

369 1696 598 1750 Joannes
627 1697 684 1749 in
708 1694 916 1764 templo,
950 1707 1100 1764 quem
1127 1697 1176 1742 et
1205 1688 1318 1742 vide
1343 1694 1392 1741 et
1421 1686 1590 1740 crede.
1613 1682 1784 1750 Quem
1806 1682 1967 1737 etiam

371 1787 544 1842 multo
573 1785 782 1854 fulgore
823 1782 1196 1854 splendentem
1222 1777 1429 1848 aspexi.
1461 1775 1511 1831 ls
1554 1773 1965 1842 ingredientium

2065 596 2118 652 ίν
2144 602 2226 652 καί
2255 595 2368 672 ὅρα,
2407 600 2494 653 καί
2521 601 2752 652 πίστευε.
2781 624 2853 636 -
2877 594 2968 650 ⁸ον
2989 599 3071 650 καί
3092 597 3367 667 ἐθεασάμην
3398 595 3550 654 πολὶῆ
3589 604 3655 670 τῇ

2064 688 2210 764 αἴγλῃ
2247 691 2687 760 ἔναπολάμποντα.
2713 685 2804 747 Ὃς
2829 686 2888 746 δή
2933 691 3018 741 καί
3050 689 3115 742 τά
3153 687 3377 742 εἰσιόντα
3415 690 3657 761 τάγματα

2063 780 2296 852 μειδιῶσι
2344 781 2688 853 προσέϐλεπεν
2727 779 3034 852 ὀφθαλμοῖς,
3079 781 3211 832 κατά
3253 780 3394 842 τάξιν
3438 780 3658 851 εὐλογῶν

2063 873 2299 927 ἕκαστον.
2332 884 2415 932 Ὦς
2462 870 2508 926 δ’
2537 873 2698 926 ἐκεῖνα
2735 876 2824 930 τήν
2867 871 3094 942 εὐλογίαν
3131 869 3319 943 εἴληφε,
3364 873 3450 924 καί
3493 874 3656 948 πέρας

2065 958 2179 1034 εἶχε
2209 964 2266 1018 τό
2291 962 2402 1018 κατ’
2421 964 2623 1027 αύτούς,
2648 964 2826 1021 ἀπήειν
2851 965 2934 1015 καὶ
2975 963 3125 1022 αὐτὸς
3153 961 3376 1034 εὐλογίαν
3400 966 3491 1020 τήν
3512 963 3660 1036 παρὰ

2067 1053 2214 1110 τοῦδε
2271 1053 2568 1124 ληψόμενος.
2621 1056 2714 1106 Καί
2742 1051 2800 1111 δή
2827 1061 2939 1112 τοῖς
2961 1055 3120 1107 αὐτοῦ
3149 1057 3466 1127 προσπίπτω
3505 1060 3657 1116 ποσί,

2067 1147 2352 1220 σύντρομος
2395 1143 2460 1200 ὢν
2505 1147 2591 1198 καί
2629 1142 2864 1215 περιδεὴς
2911 1143 3055 1204 ὅλος·
3090 1142 3143 1204 ὅς
3185 1167 3246 1217 με
3288 1150 3372 1199 καί
3417 1147 3661 1221 ἀνεγείρει

2067 1240 2268 1299 θάττον,
2300 1240 2383 1289 καὶ
2419 1238 2640 1307 θάρσους
2667 1235 2968 1305 ἐμπίπλησι,
2999 1234 3118 1296 δούς
3146 1257 3233 1306 μοι
3272 1233 3358 1290 ἐπὶ
3387 1238 3554 1308 στόμα
3578 1241 3660 1289 καί

2069 1340 2158 1394 τήν
2185 1336 2382 1407 ἀγάπην
2403 1341 2492 1388 τοῦ
2519 1340 2730 1408 φρικτοῦ
2753 1335 2935 1388 ἐκείνου
2960 1335 3249 1406 φιλήματος.
3274 1330 3392 1389 Εἶτα
3411 1332 3662 1407 καὶἆοηος

2069 1449 2120 1481 τι
2147 1426 2335 1501 πλῆρες
2365 1425 2563 1498 μέλιτος
2595 1433 2682 1482 τοῦ
2709 1426 2894 1480 κολποῦ
2926 1427 3151 1480 ἐκϐαλὼν
3186 1434 3248 1500 τῇ
3297 1427 3388 1500 ἐμῇ
3417 1430 3560 1498 χειρὶ
3589 1428 3663 1479 ἑν-

2070 1519 2508 1583 τίθησι,-Λάϐε,
2535 1518 2772 1589 φάμενος,
2798 1523 2972 1571 τοῦτο.
2995 1515 3212 1587 -Ἐγὼ
3256 1514 3308 1569 δέ
3352 1515 3459 1588 ἅμα
3496 1517 3662 1568 ἐκεῖνο

2069 1609 2272 1673 ἔλαϐον,
2298 1611 2385 1664 καὶ
2409 1607 2516 1679 ἅμα
2543 1610 2718 1662 ἐκεῖθεν
2745 1608 2923 1680 ἑξέτιν,
2949 1608 3327 1679 προηγούμενος
3357 1608 3543 1659 ὡσανεὶ
3570 1613 3664 1666 τῆς

2073 1698 2210 1754 ὁδοῦ.
2238 1695 2360 1754 Εἶτα
2389 1702 2471 1751 καί
2499 1699 2656 1758 αὐτὸς
2682 1699 2953 1773 ἐπορεύετο
2989 1697 3134 1756 εὐθὺς
3156 1696 3265 1766 μετ’
3287 1698 3397 1768 ἐμὲ,
3427 1699 3510 1750 καὶ
3534 1718 3666 1750 συν·

2074 1791 2323 1864 εισῄειμεν
2353 1787 2499 1859 ἄμφω
2525 1791 2656 1864 πρὸς
2689 1794 2778 1847 τήν
2805 1792 2986 1858 μονήν⁸
3013 1789 3298 1861 ἐφεπόμενοι
3318 1789 3480 1857 ἐκείνῳ
3507 1793 3590 1842 καὶ
3633 1787 3668 1844 ἃ

371 1876 594 1942 classes,
617 1872 1017 1931 subridentibus
1059 1867 1373 1938 aspectabat
1419 1864 1607 1925 oculis.
1638 1862 1968 1930 singulisque

2079 1882 2269 1958 ἑώρακα
2299 1882 2568 1956 τάγματα,
2600 1881 2724 1958 παρ’
2766 1879 2838 1941 οἷς
2883 1883 3162 1948 ἐθεασάμην
3193 1884 3280 1935 καί
3325 1878 3510 1935 στῦλόν
3551 1902 3668 1937 τινα

372 1968 563 2024 ordine
586 1964 979 2023 benedictionis
1006 1977 1202 2018 munus
1228 1957 1590 2029 impendebat.
1618 1953 1720 2010 Ubi
1743 1954 1846 2008 illte
1865 1953 1954 2009 bc-

373 2059 709 2115 nedictiones
753 2057 1041 2128 impertita:
1083 2055 1328 2118 fuissent,
1361 2049 1631 2118 ﬁnemque
1657 2062 1843 2104 earum
1881 2061 1970 2103 res

375 2149 712 2213 habuissent,
744 2149 858 2218 ipse
885 2160 1104 2216 quoque
1133 2144 1202 2200 ab
1242 2158 1310 2199 eo
1353 2139 1734 2198 benedictione
1758 2137 1967 2194 donan-

372 2240 474 2294 dus
499 2239 720 2296 accessi.
744 2238 820 2293 Ac
846 2252 979 2292 vero
1005 2236 1072 2290 ad
1103 2233 1268 2304 pedes
1297 2231 1372 2287 illi
1398 2230 1592 2298 accidi,
1616 2237 1764 2285 totus
1806 2227 1971 2298 trepi-

374 2331 474 2388 dus
501 2346 566 2386 ac
591 2345 808 2401 pavens.
835 2331 904 2383 At
924 2329 1014 2384 ille
1036 2326 1220 2382 statim
1243 2325 1421 2395 erigit,
1439 2337 1503 2379 ac
1532 2321 1725 2377 ﬁducia
1744 2321 1973 2391 implens

375 2423 441 2478 ad
471 2420 733 2478 tremendi
763 2420 873 2476 oris
925 2418 1168 2475 osculum
1213 2415 1444 2484 benigne
1473 2411 1724 2468 admittit.
1769 2409 1973 2467 Deinde

375 2514 537 2570 etiam
569 2528 660 2568 vas
688 2512 847 2567 melle
866 2511 1086 2582 plenum
1112 2508 1234 2563 sinu
1261 2505 1576 2578 proferens,
1607 2502 1735 2557 mihi
1768 2504 1820 2556 in
1855 2517 1971 2555 ma-

377 2621 478 2660 nus
508 2603 742 2668 tradidit,
771 2603 1032 2672 jubetque
1063 2599 1343 2669 accipiam.
1374 2595 1497 2651 Mox
1520 2610 1584 2650 ac
1612 2592 1814 2662 accepi,
1850 2591 1975 2644 inde

377 2697 627 2763 exibam;
674 2710 736 2750 ac
792 2693 939 2749 velut
1000 2692 1100 2746 vim
1151 2691 1341 2746 ducem
1389 2686 1634 2756 agebam.
1702 2682 1837 2737 Tum
1885 2681 1976 2735 ille

383 2786 530 2843 nulla
560 2800 710 2842 mora
761 2791 888 2855 post
915 2797 1002 2838 me
1038 2779 1369 2851 sequebatur
1391 2819 1404 2841 ,
1435 2775 1703 2844 simulque
1731 2772 1891 2826 ambo
1922 2771 1974 2825 in

376 2877 762 2934 monasterium
789 2890 977 2932 sumus
1012 2871 1258 2943 ingressi.
1308 2869 1390 2924 llli
1439 2868 1666 2924 comites
1713 2873 1888 2930 erant,
1921 2871 1978 2918 et

377 2984 511 3040 quas
535 2969 774 3024 videram
801 2967 1018 3034 classes,
1037 2963 1178 3034 apud
1198 2977 1334 3034 quas
1363 2961 1523 3016 etiam
1548 2958 1756 3026 igneam
1786 2970 1979 3025 quam-

376 3063 500 3118 dam
529 3062 835 3118 columnam
865 3058 970 3114 illis
1010 3056 1394 3128 praelucentem
1441 3049 1646 3122 aspexi.
1702 3047 1837 3104 Hinc
1863 3062 1978 3101 ma-

376 3154 480 3223 jori
508 3153 786 3223 perculsus
812 3158 980 3215 metu,
1006 3163 1076 3203 ex
1117 3145 1423 3202 turbatione
1451 3155 1699 3197 somnum
1742 3138 1973 3194 excussi.

2071 1979 2279 2045 πύρινον
2307 1976 2656 2046 ἐπιλάμποντα
2706 1974 3020 2050 ἔμπροσθεν.
3053 1972 3221 2029 Ἔνθεν
3259 1995 3340 2030 τοι
3373 1978 3455 2029 καὶ
3480 1975 3668 2045 μείζονι

2072 2068 2208 2139 φόϐῳ
2239 2067 2458 2138 ληφθεὶς,
2482 2069 2858 2142 τεταραγμένος
2886 2072 2979 2122 τοῦ
3000 2065 3158 2122 ὕπνου
3183 2067 3394 2140 άνέθορα
3419 2065 3469 2118 ³⁸⁸.
3522 2069 3613 2120 καί
3642 2065 3668 2120 ό

2070 2161 2160 2231 μέν
2187 2155 2376 2232 ὄνειρός
2403 2180 2489 2228 μοι
2506 2158 2705 2215 τοιόσδε
2736 2160 2934 2234 μακρὸς
2962 2159 3050 2223 ὢν,
3079 2162 3162 2214 καί
3189 2159 3384 2234 μακρὰν
3413 2156 3555 2230 ἔχων
3576 2163 3668 2216 τήν

2072 2248 2311 2317 δήλωσιν,
2337 2252 2420 2304 καί
2443 2252 2646 2320 φρικτός
2673 2251 2822 2304 πλέον
2851 2249 2881 2310 ἦ
2910 2250 3090 2310 ἀληθής
3116 2246 3196 2304 ὅτι
3222 2254 3343 2320 περὶ
3394 2249 3545 2304 αὐτόν
3585 2252 3670 2303 καί

2073 2341 2356 2416 ἀμφότερα.
2384 2339 2508 2412 Ἐγὼ
2526 2339 2579 2395 δὲ
2593 2343 2650 2397 τὸ
2669 2339 2817 2396 τοῦδε
2837 2338 2927 2413 [Ρ.
2947 2340 3048 2411 leg.
3073 2338 3296 2410 τοιοῦδε]
3315 2343 3504 2414 ἀγωνίᾳ
3521 2361 3672 2415 περι-

2072 2435 2263 2496 πεσὼν,
2285 2439 2396 2491 τοῖς
2422 2431 2510 2486 ὑπ’
2538 2431 2623 2503 ἐμὲ
2643 2431 3050 2510 παρακελεύομαι
3065 2438 3343 2506 μοναχοίς,
3369 2430 3536 2504 διχῶς
3551 2431 3671 2486 ἕκα-

2073 2540 2191 2573 στον
2207 2525 2295 2580 τήν
2313 2521 2500 2578 συνήθη
2520 2521 2722 2576 τελέσαι
2743 2523 2924 2592 εὐχήν.
2947 2525 3034 2577 Καί
3055 2543 3130 2581 τις
3154 2521 3535 2582 αύτῶνἰσάκιος
3550 2521 3642 2577 τοῦ
3655 2550 3671 2562 -

2073 2631 2200 2683 νομα
2223 2608 2256 2664 ἕ
2257 2633 2305 2665 τι
2333 2609 2553 2682 ψάλλων,
2582 2615 2664 2666 καί
2684 2620 2791 2681 Θεῷ
2813 2615 2932 2672 τούς
2955 2613 3232 2685 ὀφθαλμούς
3255 2611 3431 2686 αἴρων,
3457 2611 3551 2684 ὁρᾷ
3568 2612 3670 2685 πρό

2073 2710 2166 2759 τοῦ
2190 2703 2441 2762 σπηλαίου
2471 2700 2730 2774 καιόμενον
2758 2708 2884 2779 πῦρ,
2921 2707 3006 2758 καί
3049 2702 3194 2758 ἔνδον
3234 2711 3334 2758 τῶν
3363 2705 3527 2778 θυρῶν
3572 2710 3669 2760 τοῦ

2076 2801 2198 2848 ναοῦ
2228 2793 2406 2848 εἰσιόν⁶
2439 2791 2492 2854 ὃς
2521 2815 2609 2864 μοι
2653 2796 2738 2847 καί
2781 2796 2837 2850 τό
2877 2793 3051 2870 όραθέν
3097 2797 3393 2869 παραυτίκα
3441 2792 3667 2861 ἐδείκνυ·

2076 2886 2176 2956 ἑγὼ
2206 2883 2250 2939 δ’
2288 2884 2575 2954 ἡσυχάζειν
2604 2891 2781 2941 τοῦτον
2833 2887 2985 2940 εἰπών
3008 2926 3020 2947 ,
3064 2883 3153 2940 ἅτε
3229 2889 3312 2939 καί
3351 2887 3409 2940 τό
3452 2891 3674 2958 πρᾶγμα

2076 2980 2455 3052 προῃσθημένος
2484 2979 2538 3031 ἐκ
2577 2985 2666 3038 τῆς
2693 2979 2790 3052 πρὸ
2817 2982 2996 3054 μικριῦ
3025 2974 3214 3048 ὅψεως,
3248 2983 3337 3030 τοῦ
3365 2975 3510 3035 δέους
3539 2979 3672 3036 τέως

2079 3069 2361 3132 ἀπήλλαξα⁶
2386 3071 2526 3142 ἐῴκει
2553 3070 2649 3140 γάρ
2674 3089 2760 3138 μοι
2789 3065 3209 3138 δεδειματῶσθαι.
3239 3068 3376 3122 Ἑπεί
3405 3065 3455 3122 δέ
3487 3069 3677 3140 ἡμέραι

2079 3161 2229 3215 πέντε
2261 3157 2634 3231 διαγεγόνασιν,
2661 3158 2811 3226 ἑτέρα
2835 3157 2982 3211 πάλιν
3008 3153 3124 3227 ὄψις
3153 3155 3428 3223 ἐπέσκηψε.

379 3242 652 3316 Ejusmodi
680 3240 780 3296 fuit
805 3239 949 3310 quod
988 3238 1116 3293 mihi
1140 3236 1193 3290 in
1215 3234 1483 3292 somnium
1513 3229 1729 3296 accidit,
1754 3229 1970 3296 longum

2146 3260 2266 3330 Χεὶρ
2286 3257 2383 3328 γάρ
2405 3275 2483 3313 τις
2505 3253 2634 3307 κατά
2652 3255 2812 3305 νύκτα
2827 3251 3116 3322 ἐπιφανεῖσα
3135 3251 3217 3304 τὸν
3235 3247 3389 3310 δεξιόν
3407 3268 3494 3318 μοι
3513 3247 3675 3304 πλᾶτ·

380 3336 546 3404 illud,
575 3349 638 3390 ac
663 3333 878 3402 longam
927 3330 1132 3385 habens
1161 3326 1554 3397 expositionem
1579 3362 1596 3388 ,
1645 3338 1750 3376 non
1791 3321 1968 3375 minus

380 3427 713 3486 tremendum
766 3438 928 3495 quam
971 3437 1186 3486 verum,
1241 3418 1506 3490 siquidem
1558 3424 1783 3484 utraque
1821 3413 1872 3466 in
1903 3427 1969 3466 eo

379 3520 516 3574 ratio
543 3515 745 3573 existit.
778 3513 996 3569 [nterim
1026 3525 1128 3580 ego
1158 3509 1352 3573 dubius
1389 3508 1596 3562 haerens
1641 3503 1868 3558 subditis
1891 3501 1972 3570 ju-

379 3613 501 3678 beo,
525 3619 585 3664 ut
609 3615 928 3665 consuetum
954 3618 1174 3676 precum
1204 3614 1430 3673 pensum
1482 3596 1846 3665 unusquisque
1875 3593 1973 3648 du-

378 3702 525 3773 plum
550 3698 850 3755 exsolvant.
882 3695 944 3750 In
970 3695 1055 3749 his
1083 3708 1222 3748 unus
1253 3691 1464 3746 illorum
1494 3685 1692 3742 lsacius
1731 3683 1970 3746 nomine,

379 3791 503 3846 dum
543 3789 722 3845 adhuc
771 3787 973 3858 psallit,
1003 3785 1168 3855 inque
1212 3782 1381 3838 Deum
1420 3779 1564 3835 tollit
1611 3775 1820 3841 oculos,
1850 3781 1976 3828 ante

379 3883 691 3954 speluncam
738 3881 917 3950 ignem
963 3878 1261 3942 ardentem,
1295 3876 1543 3941 intraque
1587 3869 1771 3938 templi
1827 3867 1976 3921 fores

378 3975 721 4030 invadentem
751 3972 942 4028 cernit.
983 3969 1169 4024 Visum
1225 3967 1316 4020 ille
1371 3961 1652 4018 confestim
1713 3957 1971 4013 ostendit.

382 4064 494 4134 Ego
521 4075 704 4120 tacere
737 4063 953 4132 iubens,
983 4059 1183 4128 quippe
1219 4057 1311 4125 qui
1359 4069 1426 4108 ex
1471 4050 1738 4122 superiori
1773 4048 1979 4102 visione

382 4162 510 4208 ante
541 4155 619 4207 rei
648 4166 862 4207 sensum
885 4161 1202 4217 acceperam
1225 4187 1240 4213 ,
1262 4153 1412 4199 metu
1449 4157 1572 4197 eum
1600 4140 1826 4194 liberum
1857 4137 1978 4192 feci.

381 4240 674 4298 Videbatur
714 4240 858 4294 enim
902 4237 1032 4291 mihi
1095 4235 1260 4290 fuisse
1302 4230 1639 4302 perterritus.
1689 4225 1981 4294 Postquam

381 4339 563 4388 autem
591 4331 682 4386 alii
709 4329 949 4400 quinque
969 4326 1085 4381 dies
1117 4323 1464 4386 transissent,
1492 4318 1597 4373 alia
1623 4319 1816 4372 iterum
1853 4314 1982 4368 mihi

383 4421 526 4478 visio
554 4420 772 4490 obtigit.
1867 4413 1870 4416 ’

450 4513 585 4569 Nam
610 4527 801 4568 manus
828 4510 1070 4580 quaedam
1101 4515 1262 4562 noctu
1293 4519 1581 4576 apparens,
1610 4501 1858 4556 dextrum
1892 4497 1984 4550 mi-

2067 3370 2144 3404 τει
2163 3349 2341 3423 μηρόν.
2367 3345 2456 3406 Ἶίς
2484 3348 2571 3399 καί
2611 3348 2742 3415 φωνή
2788 3343 3073 3412 ἀπηχεᾰο.
3125 3338 3410 3399 ’Δνάστα,
3465 3339 3671 3408 βοῶσα,

2073 3438 2208 3494 ἰδού
2237 3436 2548 3511 ἐδωρήθην
2575 3435 2736 3506 ύμῖν.
2758 3434 3054 3508 Εύρήσεις
3076 3427 3134 3484 δέ
3158 3431 3263 3482 καί
3304 3429 3547 3497 ἀστέρα
3569 3429 3676 3481 τόν

2070 3528 2261 3584 τόπον
2287 3525 2756 3580 ὑποδεικνῦντά
2784 3520 3066 3581 σοι’ὃςκαὶ
3091 3521 3315 3594 παρευθύ
3341 3519 3678 3581 ἀνέστην,καὶ

2074 3619 2180 3692 ἅμα
2201 3619 2506 3693 καίόάστήρ
2536 3616 2810 3690 προηγεῐτό
2836 3636 2931 3687 μου
2960 3623 3052 3674 τῆς
3084 3611 3337 3676 ὁδοῦλῶς
3368 3610 3512 3664 ἐλθὼν
3545 3608 3675 3668 ἔστη

2075 3716 2242 3771 ἐπάνω
2259 3720 2347 3769 τοῦ
2361 3710 2669 3775 τόπου,ἔ’νθα
2681 3711 2737 3766 τὸ
2757 3711 2998 3768 σπήλαιον
3015 3706 3147 3774 ἧν,ἐν
3165 3703 3204 3780 ᾦ
3223 3708 3389 3780 κόγχη
3414 3708 3677 3778 ἐτύγχανε

2074 3810 2368 3887 προσεχής,
2413 3807 2577 3860 ἐκεῖσε
2627 3813 2718 3863 τῆς
2762 3803 2971 3875 κεφαλῆς
2999 3801 3413 3875 κατωρυγμένης.
3453 3810 3539 3858 Ὠς
3583 3793 3677 3852 οῦν

2078 3901 2282 3973 ἐναργὲς
2303 3904 2452 3952 τοῦτο
2484 3903 2698 3964 σημεῖον
2729 3893 3026 3961 ἐθεασάμην,
3060 3891 3227 3949 κλίνας
3253 3891 3317 3944 τά
3342 3880 3556 3959 γόναταθ,
3581 3890 3672 3941 καί

2078 3989 2236 4044 πολλὰ
2280 3987 2364 4041 τόν
2404 3989 2616 4056 φανέντα
2661 4005 2745 4054 μοι
2785 3979 3080 4044 ἱκετεύσας,
3112 3980 3194 4034 τὸν
3246 3978 3404 4032 τόπον
3446 3978 3678 4051 ἠρξάμην

2083 4077 2335 4154 ὀρύττειν,
2367 4077 2563 4152 ὀργάνῳ
2585 4071 2914 4148 χρησάμενος
2944 4070 3071 4146 πρός
3096 4072 3151 4124 τὸ
3173 4065 3396 4144 ὄρυγμα.
3438 4067 3530 4120 καί
3576 4071 3677 4120 τοῦ

2083 4170 2271 4241 βάθους
2297 4167 2577 4239 ἁψάμενος,
2609 4167 2692 4219 καὶ
2719 4161 2882 4235 ἅμμον
2908 4164 3019 4218 τινά
3047 4157 3470 4230 κατακεχυμένην
3488 4157 3678 4232 εὑρὼν,

2083 4259 2191 4333 μεθ’
2207 4261 2264 4319 ἣν
2287 4262 2365 4312 καὶ
2378 4260 2615 4333 κέραμον,
2630 4251 2740 4310 εἶτα
2761 4254 2925 4309 πλάκα
2935 4249 3464 4316 λιθίνην,ύποκάτωθεν
3480 4248 3679 4306 ταύτης

2085 4351 2143 4407 τὸ
2169 4347 2442 4421 πολύτιμον
2479 4355 2648 4418 κτῆμα
2669 4346 2910 4420 εύρίσκω,
2935 4341 3084 4420 ύδρίμ
3107 4343 3206 4395 τινὶ
3225 4339 3677 4406 κατακαλυπτὸμε·

2088 4464 2190 4505 νον,
2218 4443 2300 4495 καί
2325 4438 2445 4495 εἵσω
2473 4438 2844 4513 περιεχόμενον
2862 4449 2877 4464 ⁸
2909 4431 2982 4506 ἔφ’
3067 4435 3150 4485 καί
3190 4428 3407 4498 εἴθυμος
3452 4431 3678 4502 γεγονώς

2089 4534 2238 4588 πάλιν
2267 4534 2336 4592 ὡς
2359 4527 2502 4600 εἶχον
2519 4528 2610 4602 [Γ.
2637 4528 2738 4597 leg.
2762 4522 2915 4595 εἰκός]
2935 4525 3018 4580 τόν
3043 4523 3197 4578 τόπον
3227 4519 3458 4591 ἐκάλυψα
3475 4560 3488 4581 ,
3521 4517 3679 4590 μηδὲν

382 4603 438 4658 hi
459 4603 690 4674 percutit
719 4600 927 4665 femur;
958 4615 1023 4653 ex
1044 4613 1150 4668 qua
1173 4596 1334 4652 etiam
1353 4608 1459 4647 vox
1480 4590 1767 4646 resonabat
1787 4587 1839 4642 in
1870 4587 1971 4642 btet

2089 4607 2880 4697 ἐκεῖθενιξαγαγὼν,μήτ’ἕκφορον
2900 4616 3025 4675 τέως
3051 4617 3272 4674 ποιήσας
3297 4611 3354 4665 τὸ
3384 4609 3572 4687 ὁραθέν.

382 4693 546 4748 verba
566 4693 834 4749 clamans:
855 4690 1055 4762 Surge;
1077 4705 1192 4743 ecce
1219 4683 1360 4741 vobis
1389 4683 1524 4737 dono
1548 4694 1817 4734 concessus
1846 4693 1980 4730 sum.

386 4781 556 4837 Porro
597 4793 753 4836 etiam
795 4780 946 4836 stella
981 4777 1230 4841 occurrit,
1252 4789 1367 4842 quae
1393 4772 1492 4848 loci
1520 4768 1679 4823 index
1699 4765 1819 4820 erit.
1847 4763 1984 4818 Tum

385 4884 489 4940 ego
525 4871 707 4925 statim
750 4867 991 4934 surrexi,
1022 4863 1291 4930 simulque
1342 4859 1496 4916 stella
1531 4855 1773 4926 praeibat,
1813 4851 1986 4907 donec

387 4959 610 5014 veniens
629 4958 780 5014 stetit
807 4969 969 5023 supra
988 4953 1165 5006 locum
1181 4950 1270 5004 ubi
1298 4945 1553 5016 spelunca
1575 4947 1710 5004 erat,
1728 4942 1779 4994 in
1805 4953 1913 5007 quo
1930 4946 1986 4993 et

387 5048 594 5104 concha
622 5046 873 5112 contigua
901 5039 1167 5103 exstabat,
1207 5037 1306 5091 sub
1335 5048 1442 5103 qua
1469 5031 1742 5086 defossum
1770 5041 1982 5082 sacrum

387 5138 580 5207 pignus
634 5133 751 5188 fuit.
803 5131 938 5186 Cum
986 5129 1167 5195 itaque
1217 5121 1567 5207 perspicuum,
1599 5115 1738 5207 adeo
1774 5116 1984 5183 signum

389 5202 739 5296 aspexissem,
770 5221 822 5274 in
850 5232 1022 5287 genua
1052 5211 1435 5285 procumbens,
1463 5205 1751 5274 multisque
1778 5202 1984 5272 suppli-

389 5290 522 5372 cans
551 5312 648 5378 illi,
678 5309 769 5380 qui
796 5322 856 5363 se
883 5306 1013 5361 mihi
1053 5301 1400 5373 conspicuum
1450 5296 1680 5361 fecerat,
1707 5293 1886 5348 locum
1918 5290 1984 5344 li-
2043 5350 2051 5354 _

389 5420 529 5476 gone
575 5401 762 5459 fodere
808 5397 967 5468 cmpi.
1012 5396 1149 5451 Tum
1195 5393 1304 5447 alta
1347 5389 1638 5457 attingens,
1673 5400 1735 5439 ac
1763 5397 1982 5438 arenam

391 5495 678 5568 quamdam
715 5491 938 5547 aifusam
969 5486 1265 5553 offendens,
1293 5488 1418 5553 post
1458 5493 1620 5549 quam
1670 5476 1833 5531 etiam
1867 5480 1985 5528 erat

395 5563 592 5658 tegula,
621 5596 735 5642 tum
780 5590 959 5640 crusta
987 5579 1230 5651 lapidea,
1271 5574 1370 5631 sub
1420 5586 1486 5628 ea
1530 5563 1975 5640 pretiosissimum

394 5652 588 5748 pignus
628 5672 842 5739 inveni,
870 5669 1061 5742 hydria
1089 5664 1319 5737 quadam
1363 5666 1614 5730 opertum
1635 5697 1650 5723 ,
1683 5655 1844 5723 inque
1890 5652 1979 5705 illa

395 5765 751 5822 reconditum.
789 5763 864 5816 Ea
890 5778 948 5818 re
975 5761 1155 5815 animo
1182 5758 1333 5812 hctus
1358 5753 1610 5812 effectus,
1643 5749 1837 5802 iterum
1878 5752 1981 5798 sta-

398 5860 495 5910 tim
524 5857 700 5910 locum
726 5853 950 5918 occului,
979 5852 1108 5905 nihil
1137 5848 1259 5904 inde
1285 5845 1597 5910 extrahens,
1619 5841 1982 5905 bactcnusque

408 5947 547 6016 quod
569 5946 742 6002 visum
767 5943 960 6011 fuerat,
987 5942 1116 5996 nulli
1145 5939 1409 6010 aperiens.

2159 4715 2294 4768 Ἐπεί
2322 4710 2375 4766 δέ
2409 4712 2542 4784 μετά
2562 4711 2737 4784 μικρὸν
2768 4709 3050 4784 παρέϐαλεν
3093 4709 3209 4777 ἡμῖν
3237 4707 3320 4759 καί
3348 4703 3372 4757 ό
3407 4704 3676 4777 ἀρχιμκν-

2090 4804 2265 4880 δρίτης
2312 4801 2595 4865 Γεννάδιος,
2631 4805 2756 4876 ἀνὴρ
2806 4802 2995 4860 ἐκεῖνος
3040 4799 3226 4857 πολλῆς
3259 4797 3530 4866 ἠξιωμένος
3581 4802 3682 4851 τῆς

2091 4897 2335 4970 χάριτος,
2384 4892 2437 4955 ὃς
2484 4897 2569 4948 καί
2603 4916 2717 4949 τινα
2747 4894 3006 4948 ὀπτασίαν
3035 4896 3116 4946 καὶ
3146 4892 3296 4950 αύτές
3330 4889 3580 4963 ἑωρακὼς,
3617 4894 3680 4961 τῇ

2089 4991 2187 5064 πρὸ
2216 4994 2394 5061 μικροῦ
2433 4985 2494 5046 δή
2530 4990 2693 5055 ταύτῃ
2722 4988 2801 5040 καί
2840 4985 3061 5059 ἡμετέρᾳ
3106 4979 3453 5055 συνάδουσαν,
3484 4980 3542 5036 ἦν
3587 4998 3683 5047 μοι

2089 5084 2175 5134 καί
2199 5084 2373 5135 πᾶσαν
2403 5075 2499 5134 άνα
2541 5080 2693 5154 μέρος
2723 5079 2939 5148 ἐξέφηνε,
2963 5076 3078 5131 τότε
3113 5073 3166 5129 δὲ
3203 5077 3286 5127 καί
3312 5073 3466 5131 αὐτὸς
3501 5072 3683 5123 ἀνεπι-

2087 5173 2116 5228 δ
2145 5174 2338 5232 ιάστως
2367 5172 2529 5238 ἐκείνῃ
2573 5170 2930 5235 ἁνακαλύπτω,
2959 5169 3026 5223 τά
3070 5166 3311 5241 ὁραθέντα
3349 5185 3437 5234 μοι
3478 5163 3682 5218 ἕκαστα

2088 5265 2217 5338 πρὸς
2245 5264 2372 5328 λέξιν
2403 5267 2576 5327 εἰπὼν,
2603 5265 2686 5318 καὶ
2714 5259 2867 5333 μηδὲν
2894 5263 3089 5316 τούτων
3123 5256 3546 5331 ἀποκρυψάμενος
3570 5270 3584 5285 ⁶
3622 5252 3681 5314 ὃς

2086 5355 2233 5427 ἡδονῇ
2275 5358 2358 5410 καὶ
2387 5356 2608 5418 ἐκπλήξει
2634 5354 2831 5426 ληφθεὶς
2869 5350 3116 5410 ἠντιϐόλει
3141 5347 3300 5412 δεῖξαι
3329 5347 3470 5416 αὐτῷ
3502 5347 3587 5398 καί
3616 5345 3680 5400 τὸ

2086 5451 2310 5524 ὄρυγμα,
2334 5453 2416 5505 καὶ
2443 5449 2527 5503 τόν
2567 5449 2716 5503 τόπον
2739 5461 2751 5474 ⁶
2785 5447 2866 5499 καί
2893 5449 2992 5498 ποῦ
3023 5437 3125 5513 ἆρα
3152 5440 3210 5494 τό
3255 5439 3386 5511 ἱερὸν
3426 5437 3683 5506 κειμήλιον

2083 5546 2422 5600 άποτίθειται.
2454 5545 2546 5596 Καὶ
2587 5541 2646 5599 δή
2686 5543 2767 5594 καί
2806 5537 3015 5594 δεικνύω
3054 5536 3215 5602 αὐτῷ,
3246 5531 3403 5606 ἄνδρα
3431 5533 3682 5585 τοσοῦτον

2087 5645 2155 5710 μή
2183 5642 2438 5709 στερήσας
2462 5643 2552 5693 τῆς
2582 5637 2718 5693 θέας.
2967 5625 2984 5630 ”

2159 5725 2244 5786 Ὠς
2272 5720 2357 5778 οὖν
2385 5725 2473 5778 ἀπ’
2516 5724 2733 5780 ἀλλήλων
2778 5721 3060 5792 διέστημεν,
3099 5717 3361 5788 λοχισμοῖς
3398 5712 3685 5778 ἐϐαλλόμην

2091 5816 2257 5881 αὖθις,
2288 5823 2338 5872 τί
2383 5819 2469 5870 mi
2511 5814 2613 5870 δέοι
2641 5835 2701 5885 με
2741 5815 2931 5882 πρᾶξαι
2962 5816 3166 5864 σκοπῶν
3191 5825 3202 5837 '
3239 5807 3376 5860 ἔνθεν
3406 5807 3491 5860 καὶ
3515 5811 3674 5858 τοῦτο

2167 5916 2193 5950 ’⁸
2234 5912 2341 5971 Sic.
2381 5910 2537 5966 Forte
2568 5906 2845 5974 lugendum
2877 5906 3123 5976 ἐγρήγορα
3166 5899 3319 5952 lit-ur.
