3964 6340
143 399 224 452 ιιι
775 397 863 451 AD
905 395 1176 451 lllSTOR.
1229 388 1656 451 INYENTIO‘NIS
1694 394 1957 451 CAI’ITIS
1995 396 2050 452 S.
2090 394 2366 455 JOANNIS
2410 401 2765 461 APPENDIX.

3314 416 3416 471 M9.

195 509 335 578 Quia
356 523 489 564 vero
509 507 659 562 brevi
688 516 808 578 post
828 508 990 562 etiam
1015 506 1324 563 Gennadius
1345 508 1510 562 abbas
1535 507 1600 561 ad
1626 521 1727 562 nos

1858 531 2035 584 ρμαιον
2054 516 2302 585 κατεφάνη
2323 537 2428 588 μοι,
2453 530 2750 579 κοινωνῆσαι
2771 533 2842 596 τῷ
2859 525 3091 602 προέδρῳ
3106 532 3159 586 τὸ
3177 541 3392 608 πράγιωι
3409 556 3424 571 ο

130 603 396 666 accessit,
430 600 514 655 vir
560 601 746 670 utique
791 600 1024 670 ingentis
1067 600 1254 668 gratia:
1299 614 1495 654 munus
1537 614 1569 652 a
1616 597 1730 654 Deo

131 703 490 760 consecutus,
536 693 628 762 qui
668 700 723 747 et
769 692 884 762 ipse
934 692 1195 747 visionem
1233 690 1522 760 quamdam
1570 690 1732 760 paulo

130 787 381 856 superius
405 785 588 840 relata:
615 785 808 840 visioni
837 785 966 839 mibi
996 784 1148 840 facta:
1171 782 1384 838 affinem
1424 782 1735 852 conSpexis-

133 887 236 942 set,
267 891 428 943 quam
461 884 516 929 et
559 883 726 928 totam
755 874 1026 942 sigillaum
1062 873 1190 926 mibi
1220 873 1506 943 exposuit;
1539 879 1652 925 tum
1681 879 1736 925 et

133 981 234 1032 ego
263 967 409 1019 omni
440 965 610 1033 posita
641 965 993 1028 limsitatione,
1019 981 1138 1034 qua:
1161 965 1288 1019 mibi
1318 972 1534 1020 ostensa
1558 972 1737 1019 essent

133 1055 206 1108 illi
237 1055 448 1123 aperui,
478 1055 684 1122 singula
714 1054 780 1108 ad
808 1054 1030 1108 verbum
1071 1069 1316 1121 narrans,
1348 1054 1585 1124 nihilque
1612 1069 1734 1108 eum

135 1147 337 1202 celans.
373 1145 509 1201 llinc
555 1147 643 1201 ille
690 1145 886 1216 gaudio
928 1161 992 1200 ac
1030 1154 1252 1215 stupore
1282 1154 1504 1215 captus,
1527 1144 1736 1200 ostendi

135 1241 236 1294 sibi
285 1256 408 1295 cum
456 1239 654 1296 fossam
706 1240 966 1308 rogabat,
1001 1246 1112 1292 tum
1159 1239 1457 1300 locum;ac
1501 1250 1734 1305 quonam

137 1330 261 1384 loco
289 1345 504 1384 sacrum
557 1329 745 1398 pignus
795 1337 940 1382 esset
987 1328 1243 1398 positum.
1295 1325 1372 1382 Ac
1415 1341 1546 1380 sane
1573 1325 1736 1380 etiam

135 1423 390 1485 ostendo,
423 1435 525 1476 nec
555 1428 760 1474 tantum
790 1420 961 1474 virum
991 1427 1210 1490 aSpectu
1241 1417 1520 1488 prohibeo.

210 1512 348 1567 Cum
381 1525 512 1580 ergo
542 1512 608 1565 ab
649 1510 876 1567 invicem
904 1508 1142 1578 abjuncti
1169 1523 1428 1576 essemus,
1459 1505 1741 1574 cogitatio.

139 1619 269 1657 num
302 1603 499 1657 iterum
533 1601 648 1656 salo
672 1600 944 1669 jactabar,
972 1615 1192 1654 versans
1221 1599 1397 1654 animo
1436 1597 1564 1668 quid
1610 1595 1741 1651 mihi

138 1702 286 1749 esset
312 1692 638 1749 faciendum.
667 1691 803 1746 Hinc
830 1700 886 1746 et
905 1691 1044 1746 istud
1074 1690 1261 1758 ingens
1287 1689 1417 1743 mihi
1446 1688 1617 1742 visum
1647 1685 1744 1740 ob-

140 1783 331 1846 latum,
367 1792 424 1836 ut
450 1796 571 1836 cum
600 1780 855 1850 episcopo
893 1794 1008 1834 rem
1036 1776 1340 1833 conferrem
1385 1776 1601 1849 (nempe
1631 1782 1742 1828 tum

142 1873 378 1930 Uranius
417 1872 803 1928 Emesenorum
850 1869 1102 1926 Ecclesia:
1149 1868 1452 1939 prmerat),
1513 1880 1743 1935 eumque

1858 1889 2010 1950 πόδας
2058 1914 2144 1963 μοι
2187 1895 2342 1949 θεῖναι
2371 1898 2580 1972 ἀρτίους
2609 1902 2678 1958 ὡς
2726 1884 3032 1974 ἔμπροσθεν’

140 1965 258 2034 ejus
295 1964 444 2034 quod
490 1971 816 2034 apparuerat
866 1978 989 2016 cum
1039 1961 1340 2032 adiutorem
1389 1960 1740 2024 adhiberent,

143 2066 257 2109 tum
295 2055 440 2110 illius
484 2055 539 2108 in
578 2069 643 2108 ea
689 2071 750 2110 re
795 2054 1032 2109 consiliis
1063 2061 1261 2107 uterer.
1315 2051 1450 2119 Quia
1479 2067 1608 2106 vero
1637 2068 1742 2105 non

142 2147 328 2200 statim
375 2161 489 2200 rem
518 2145 740 2214 praestiti
764 2186 780 2212 ,
806 2144 902 2198 sed
933 2145 1266 2198 molitionem
1297 2143 1610 2207 cunctabar,
1642 2142 1747 2197 huc

144 2237 272 2292 illuc
301 2237 718 2306 cogitationibus
759 2235 1199 2300 distrahentibus,
1248 2249 1312 2288 ac
1355 2249 1476 2288 cum
1517 2233 1582 2287 ad
1611 2233 1746 2287 alios

146 2327 426 2392 referens,
481 2326 767 2392 (‘s'riacum
809 2341 1002 2396 nempe
1054 2326 1339 2380 diaconum
1375 2324 1746 2395 quosdamque

145 2419 307 2485 alios,
339 2428 452 2473 tum
483 2420 646 2474 etiam
686 2418 972 2472 inconsulti
997 2416 1160 2470 animi
1191 2432 1406 2470 sensum
1438 2415 1644 2484 accepi,
1677 2429 1741 2469 ac

144 2518 412 2581 quantum
439 2511 568 2564 mihi
597 2509 783 2564 dilatio
806 2509 1016 2579 peperit
1038 2508 1184 2562 mali.
1212 2507 1347 2562 Sero
1373 2522 1604 2574 namque
1625 2506 1747 2560 sab-

145 2604 280 2670 bati,
311 2603 441 2658 dum
487 2603 742 2658 consideo
773 2603 856 2656 his
900 2601 992 2671 qui
1021 2600 1263 2664 aderant,
1293 2615 1356 2653 ac
1395 2598 1636 2666 quaxlam
1672 2597 1749 2650 fa-

145 2699 327 2762 bulor,
361 2698 659 2767 derepente
707 2695 900 2764 aliquis
950 2696 1015 2748 ad
1064 2707 1235 2762 genua
1284 2692 1496 2762 plagam
1538 2689 1746 2757 inﬂigit,

148 2800 438 2859 totumque
461 2789 762 2851 immotum,
793 2787 882 2840 vix
915 2786 966 2839 in
1010 2785 1187 2840 solum
1245 2783 1522 2836 incurvum
1555 2779 1745 2834 reddit.

150 2881 225 2935 Ea
257 2897 319 2936 re
350 2889 662 2949 conspecta,
688 2878 778 2946 qui
804 2878 1049 2943 aderant,
1073 2890 1137 2928 ac
1162 2873 1423 2942 imprimis
1451 2886 1611 2940 quem
1640 2869 1749 2923 dixi

149 2972 492 3029 Gennadium
519 3012 534 3036 ,
566 2971 618 3023 in
663 2984 853 3040 preces
900 2983 964 3022 ac
1012 2975 1136 3022 vota
1187 2973 1604 3028 convertuntur,
1637 2977 1750 3016 ma-

151 3079 433 3134 gnumque
466 3061 867 3116 Praecursorem
913 3065 1124 3126 rogant,
1148 3065 1206 3111 ut
1245 3071 1330 3110 me
1360 3070 1489 3108 casu
1535 3053 1748 3114 liberet,

153 3156 435 3226 pedesque
464 3153 541 3206 uti
588 3151 736 3221 prius
782 3164 944 3204 sanos
988 3147 1254 3201 restituat.
1296 3144 1570 3198 Noverant
1607 3141 1751 3196 enim

153 3261 264 3314 quo
296 3244 519 3299 nomine
549 3242 625 3296 sic
653 3241 940 3295 mulctatus
989 3254 1162 3294 essem
1183 3277 1199 3302 ,
1236 3250 1463 3305 esseque
1504 3235 1557 3289 in
1587 3248 1751 3290 causa
1785 3245 1828 3306 ρ

154 3352 273 3392 rem
297 3351 331 3388 a
362 3349 451 3388 me
479 3332 780 3401 neglectam
809 3346 872 3386 ac
892 3329 1314 3385 cunctationem.

227 3426 371 3482 Cum
413 3440 544 3480 vero
591 3423 772 3477 statim
805 3423 1000 3477 emisso
1026 3428 1154 3476 voto
1183 3418 1350 3490 pedes
1379 3415 1446 3471 ad
1475 3416 1580 3471 iter
1609 3431 1762 3471 eom-

153 3524 382 3586 paratos
419 3513 764 3583 recepissem,
797 3512 899 3565 illis
925 3511 1086 3568 sociis
1128 3507 1410 3564 confestim
1441 3506 1507 3562 ad
1549 3506 1760 3576 cpisco-

153 3623 288 3678 pum
336 3605 576 3669 accedo,
622 3603 828 3657 nullum
882 3602 1006 3656 huic
1070 3600 1272 3654 ducens
1323 3595 1758 3669 anteponendum

154 3696 464 3764 negotium.
497 3693 631 3748 Tum
658 3702 711 3748 et
737 3693 810 3747 illi
841 3693 953 3747 visa
977 3691 1156 3746 omnia
1178 3690 1385 3759 aperio,
1402 3688 1756 3756 insomnium,

152 3794 452 3857 visionem,
476 3791 806 3861 speluncam,
842 3789 1040 3850 locum,
1074 3784 1342 3841 defossam
1371 3782 1634 3854 bydriam,
1667 3780 1758 3835 de-

155 3900 427 3954 mumque
449 3898 662 3938 sacrum
692 3889 855 3950 caput
872 3921 887 3947 ,
919 3877 1072 3947 cujus
1095 3877 1309 3937 ratione
1349 3873 1536 3928 isthmc
1558 3871 1757 3927 omnia.

153 3975 465 4046 Episcopus
490 3989 549 4028 se
572 3971 754 4028 statim
785 3971 897 4040 ipse
938 3969 1017 4022 rei
1043 3965 1292 4033 accingit,
1318 3964 1578 4031 laztusque
1604 3975 1759 4014 man-

155 4068 290 4122 dato
321 4067 697 4135 obtemperat;
738 4071 901 4132 atque
926 4060 1062 4113 adeo
1093 4059 1440 4112 illucescente
1464 4051 1758 4118 dominica,

155 4159 226 4213 ad
260 4159 441 4213 locum
464 4157 609 4211 venit
630 4170 752 4210 cum
775 4151 1133 4222 lampadibus,
1160 4163 1226 4203 ac
1248 4154 1560 4202 reverenter
1585 4151 1763 4198 metu-

156 4265 268 4320 que
291 4257 512 4303 extensa
542 4246 609 4301 ad
644 4245 889 4317 hydriam
919 4256 1080 4296 manu
1105 4245 1268 4308 caput
1296 4235 1496 4298 educit,
1522 4241 1761 4286 tremen-

158 4343 292 4395 dum
325 4338 630 4394 videntibus
657 4333 1022 4405 spectaculum
1050 4348 1063 4384 :
1088 4330 1277 4398 hisque
1299 4324 1558 4395 exceptis,
1582 4323 1761 4377 incre-

159 4432 332 4486 dibile
360 4430 497 4484 aliis.
525 4428 658 4484 Nam
689 4436 742 4482 et
763 4427 855 4496 pili
885 4423 1068 4479 adnati
1102 4420 1441 4483 videbantur,
1473 4415 1762 4484 suavisque

159 4522 452 4577 emabatur
479 4520 633 4585 odor,
666 4533 730 4573 ac
774 4514 1064 4571 iudicibilis
1089 4511 1264 4580 fulgor
1293 4507 1580 4564 emicabat.

235 4609 376 4677 Quia
406 4625 533 4664 vero
563 4608 817 4678 episcopo
843 4618 1022 4660 comes
1050 4601 1332 4672 presbyter
1351 4639 1366 4664 ,
1394 4594 1631 4649 Malchus
1655 4607 1756 4647 no-
1792 4615 1840 4675 ί)

159 4703 336 4768 mine,
361 4701 654 4756 subdubius
683 4705 798 4753 erat
819 4712 884 4751 ac
905 4694 1217 4754 haesitabat.
1252 4705 1377 4745 num
1409 4686 1760 4741 Prmcursoris

160 4793 314 4848 istud
344 4799 502 4862 caput
539 4790 828 4852 existeret,
858 4786 1019 4840 missa
1050 4785 1105 4838 in
1137 4779 1265 4836 illud
1295 4777 1552 4834 audacius
1595 4790 1759 4830 manu

163 4886 395 4956 (quippe
422 4898 543 4938 cum
567 4896 794 4950 nequam
822 4878 910 4932 ille
930 4875 1089 4931 bonis
1110 4872 1351 4928 invidere
1378 4867 1595 4938 soleat),
1622 4881 1758 4922 con-

162 4977 350 5032 festim
379 4982 433 5029 et
457 4975 572 5043 ipse
598 4968 988 5028 incredulitatis
1015 4964 1256 5035 decerpit
1293 4961 1524 5018 fructum
1545 5001 1560 5028 ,
1585 4957 1761 5013 arefa-

162 5075 260 5121 cta
302 5063 524 5118 dextera
545 5103 560 5127 ,
592 5077 657 5117 ac
682 5074 832 5115 urna:
872 5055 1094 5111 haerenti
1141 5053 1225 5109 cui
1256 5065 1375 5105 eam
1424 5048 1758 5103 admoverat.

165 5157 244 5209 Ae
277 5169 411 5208 sane
441 5154 512 5208 ita
543 5150 859 5215 mansisset,
908 5146 1010 5200 nisi
1038 5141 1130 5214 qui
1177 5141 1402 5197 aderant
1448 5138 1514 5193 ad
1565 5136 1761 5191 multas

164 5249 339 5302 horas
365 5253 612 5299 sanctum
636 5243 1034 5304 obsecrassent,
1055 5244 1114 5292 ut
1143 5249 1264 5290 eum
1293 5237 1526 5295 curaret,
1553 5229 1644 5297 qui
1667 5227 1764 5282 ob-

165 5337 368 5391 noxius
394 5334 727 5400 esset,eique
751 5329 1210 5391 reconciliaretur,
1232 5323 1322 5392 qui
1349 5321 1541 5376 dubius
1553 5319 1758 5373 fuisset.

164 5427 412 5494 Recepto
441 5424 563 5478 inde
597 5419 952 5476 Przccursoris
996 5417 1172 5487 capite
1215 5413 1451 5486 (nempe
1479 5401 1760 5494 Februarii

162 5519 256 5584 Ἃ,
293 5493 402 5586 quo
433 5517 594 5570 etiam
626 5513 712 5567 die
753 5511 1055 5578 contigerat
1080 5505 1254 5575 prima
1291 5500 1528 5555 inventio
1555 5504 1592 5564 l,
1619 5493 1758 5549 Ura-

162 5612 292 5665 nius
320 5611 602 5676 episcopus
634 5605 684 5657 in
715 5618 810 5657 sua
841 5603 1100 5655 hactenus
1125 5588 1417 5666 pretiosum
1450 5592 1640 5659 pignus
1669 5586 1764 5641 de-

163 5699 324 5769 ponit
343 5697 572 5754 ecclesia
598 5712 612 5757 ;
637 5694 902 5762 brevique
928 5698 1052 5761 post
1079 5688 1240 5743 etiam
1289 5683 1546 5752 templum
1575 5678 1760 5748 Bapti-

163 5803 262 5846 sm
289 5790 548 5853 excitans,
580 5803 700 5842 cum
733 5787 779 5841 ei
810 5785 994 5855 plures
1025 5794 1201 5852 opera:
1231 5775 1600 5836 accessissent,
1634 5771 1760 5825 illuc

167 5897 366 5938 munus
380 5877 918 5938 transfertEmescna:
933 5871 1153 5931 civitati.
1172 5866 1425 5938 omnique
1443 5865 1532 5953 alii
1551 5860 1756 5918 civitati

1831 607 2076 679 Οὐράνεος
2100 605 2151 662 δὲ
2184 605 2336 670 οὗτος
2366 607 2422 668 ἧν
2450 610 2476 665 ὁ
2503 621 2595 672 τῆς
2620 622 2899 683 Ἐμεσηνᾶν
2925 620 3192 683 ἐκκλησίας-
3218 605 3417 704 ’καξτάμ

1835 718 1974 768 χων·
2001 703 2219 773 κᾴκεῖνον
2247 702 2418 756 λαϐεῖν
2455 707 2538 757 καί
2575 707 2900 782 συλλήπτορα
2929 717 3022 765 τοῦ
3062 724 3312 784 φανέντος,
3337 702 3418 773 καί

1835 795 2140 864 σύμϐουλον.
2185 795 2328 849 Ἐπεί
2367 794 2422 850 δέ
2453 799 2539 850 οῦκ
2571 801 2710 859 εῶῦς
2756 808 2909 856 τοῦτο
2939 803 3150 881 ἔπραξα,
3185 811 3286 862 ἀλλ’
3317 813 3418 865 ἐνε-

1835 887 2024 956 δυόμην
2065 894 2154 946 τήν
2190 889 2508 963 ἐγχείρησιν,
2543 889 2637 947 ὦδε
2681 894 2884 950 κάκεῖσε
2933 902 3286 973 στρεεὸμενος,
3335 908 3421 960 καὶ

1837 979 2026 1054 ἑτέροις
2056 988 2119 1034 τά
2141 985 2271 1035 κατὰ
2301 983 2356 1036 τὸ
2385 989 2600 1057 πρᾶγμα
2623 986 2986 1058 ἀνατιθέμενος,
3015 1000 3084 1060 τῷ
3111 1013 3164 1048 τε
3195 1005 3420 1068 Κυριακῷ

1839 1071 2002 1140 ἐιείνῳ
2027 1078 2099 1142 τῷ
2128 1075 2344 1142 Διακόνῳ
2374 1077 2452 1125 καὶ
2484 1071 2648 1134 ἀλλοις
2671 1081 2799 1139 τισί,
2825 1078 2936 1132 τότε
2969 1083 3154 1142 καὶτῆς
3184 1085 3422 1146 ἀϐουλίας

1838 1164 2078 1234 ᾐσθόμην,
2111 1167 2190 1216 καί
2217 1161 2275 1218 οὗ
2299 1186 2384 1235 μοι
2417 1174 2576 1220 κακοῦ
2605 1169 2634 1225 ἠ
2661 1169 2876 1228 ἀναϐολή
2905 1171 3065 1232 α”τιος
3083 1175 3248 1245 γέγονε
3269 1191 3283 1204 '
3309 1179 3424 1248 περὶ

1839 1252 1998 1311 δείλην
2041 1255 2140 1327 γάρ
2184 1254 2335 1322 ὀψίαν
2381 1256 2653 1310 σαϐϐάτου
2700 1267 2802 1320 τοῖς
2853 1267 3093 1316 συνοῦσιν
3138 1266 3424 1334 ἐφιζομένου

1841 1365 1937 1414 μου
1992 1347 2070 1396 καί
2115 1365 2230 1398 τινα
2275 1345 2586 1415 ὁμιλοῦντος.
2633 1351 2899 1424 καταεέρει
2942 1357 3038 1417 μοὺ
3074 1375 3150 1411 τις
3193 1356 3426 1416 ἐξαπίνης

1843 1433 2034 1508 πληγήν
2063 1437 2145 1489 ἐπὶ
2188 1446 2286 1492 τῶν
2308 1441 2545 1510 γονάτων,
2579 1444 2661 1494 καὶ
2700 1444 2888 1498 τίθησιν
2929 1443 3038 1497 ὅλιν
3077 1447 3322 1510 ἀκίνητον,
3354 1455 3426 1516 τῷ

1844 1525 2006 1598 ἐδάφει
2047 1527 2189 1597 μόλις
2229 1530 2611 1602 πρσκεκυφότα
2638 1552 2646 1560 ·
2679 1537 2746 1592 ὡς
2773 1530 2857 1587 οὖν
2896 1543 3048 1590 τοῦτο
3077 1539 3358 1612 ἑωράκασιν
3383 1562 3410 1594 ο

1842 1617 2107 1690 παρόντες.
2143 1622 2222 1670 καί
2270 1620 2498 1691 μάλιστα
2544 1623 2800 1682 Γεννάδιος
2843 1627 3034 1686 ἐκεῖνος
3073 1628 3424 1704 ὁπρορῤηθείς

1845 1729 1948 1780 μοι,
1997 1712 2274 1784 τρέπουσιν
2318 1713 2531 1772 ἑαυτοὺς
2561 1717 2630 1773 εἰς
2667 1718 2858 1785 εὐχήν·
2890 1723 2971 1770 καὶ
3011 1721 3096 1773 τὸν
3135 1722 3292 1791 μέγαν
3331 1723 3429 1775 ίκε-

1846 1801 2053 1855 τεῦουσι
2102 1801 2407 1876 Πρόδρομον,
2437 1804 2590 1858 λῦσαί
2628 1827 2711 1876 μοι
2738 1813 2826 1865 τήν
2871 1812 3160 1880 συμφοςὰν,
3193 1814 3271 1864 γαί
3316 1813 3430 1871 τοὺς

3073 1900 3298 1974 ἑιίνωσαν
3335 1907 3401 1977 γά
3405 1927 3432 1981 ρ

1848 1982 1966 2040 ὅτου
1991 1988 2137 2041 ἕνεκα
2164 1994 2254 2046 τήν
2278 1990 2468 2059 πληγήν
2485 1995 2676 2052 ταύτην
2705 1995 3098 2067 εἰσεπραξάμην.
3128 1999 3214 2050 Καί
3236 1996 3312 2052 ὅτι
3341 1998 3433 2072 ρᾳ-

1847 2077 2004 2148 θυμία
2035 2082 2117 2131 καί
2140 2081 2372 2151 μέλλησις
2401 2086 2585 2137 τούτου
2615 2106 2700 2155 μοι
2728 2087 2982 2161 πρόξενος.

1915 2173 2050 2223 Ἐπεί
2077 2168 2128 2224 δέ
2159 2171 2268 2240 ἅμα
2296 2183 2358 2246 τῇ
2386 2177 2520 2249 εὐχῇ
2564 2180 2648 2229 καί
2687 2181 2807 2238 τοὺς
2847 2177 3007 2237 πόδας
3035 2176 3180 2249 εἶχον
3205 2179 3434 2250 βαδίζον·

1845 2283 1961 2321 τας.
1992 2263 2290 2334 ἀφικνοῦμαι
2316 2267 2515 2337 σπουδῇ
2544 2271 2672 2341 πρὸς
2700 2272 2786 2323 τὸν
2812 2269 3056 2344 πρόεδρον
3079 2275 3172 2325 σὺν
3200 2275 3403 2331 ἐγείνοις
3420 2312 3434 2331 .

1847 2359 1917 2421 μή
1946 2350 2062 2407 ἄλλο
2100 2376 2150 2409 τι
2188 2357 2289 2432 πρὸ
2311 2359 2494 2413 τούτου
2529 2361 2731 2420 θέμενος
2761 2359 2934 2434 ἔργον,
2969 2360 3006 2432 ᾧ
3046 2366 3126 2416 καὶ
3166 2364 3330 2417 πάντα
3373 2365 3434 2417 τά
3517 2367 3519 2369 ’

1849 2443 2090 2516 ὁραθέντα
2113 2450 2389 2518 γνωρίσας,
2420 2451 2504 2503 τόν
2534 2446 2734 2524 ὄνειρον,
2764 2456 2855 2509 τήν
2900 2453 3172 2518 ὀπτασίαν,
3209 2454 3268 2506 τὸ
3304 2458 3435 2512 σπή-

1847 2533 2006 2598 λαιον,
2032 2537 2115 2589 τὸν
2137 2538 2311 2600 τόπον,
2342 2545 2428 2598 τήν
2467 2561 2518 2593 κε
2526 2543 2798 2610 χωσμένην
2821 2540 2998 2616 ὑδρίαν
3015 2560 3027 2572 ⁸
3053 2547 3136 2596 καὶ
3161 2545 3324 2608 τέλος,
3347 2548 3436 2604 τήν

1850 2624 1987 2700 ἱεράν
2028 2629 2238 2698 κεφαλήν
2287 2627 2349 2683 δι’
2388 2631 2448 2688 ἣν
2498 2635 2720 2698 κάκεῖνα,
2752 2635 2993 2704 λαμϐάνω
3039 2641 3182 2698 εὐθῦς
3221 2643 3303 2693 καὶ
3348 2646 3437 2694 τοῦ

1849 2735 2156 2786 πράγματος
2179 2721 2462 2795 αὐτουργὸν
2485 2727 2844 2796 ὑπουργοῦντα
2865 2730 2960 2782 σῦν
2987 2730 3201 2804 εὐθυμία
3232 2733 3438 2801 ἐπιτάγο

1850 2823 2009 2876 ματι·
2054 2808 2105 2869 ὃς
2153 2815 2237 2864 καί
2279 2824 2518 2887 κυριακῇ
2563 2819 2961 2890 ἐπιφωσκοῦσης,
3003 2824 3271 2894 ἐφίσταται
3314 2827 3439 2896 μετὰ

1850 2897 2120 2968 λαμπάδων
2147 2910 2219 2974 τῷ
2243 2903 2416 2974 τόπῳ·
2454 2911 2541 2960 καί
2581 2910 2813 2985 εὐλαϐείᾳ
2853 2916 2941 2965 καί
2980 2914 3118 2985 φόϐον
3159 2921 3247 2973 τήν
3280 2924 3439 2990 χεῖρα

1851 2996 1913 3060 τῇ
1935 2988 2085 3064 ὑδρίᾳ
2113 2997 2400 3066 προτείνας,
2435 3003 2524 3056 τήν
2561 3001 2770 3071 κεφαλήν
2799 3005 3057 3078 ἀναφέρειο
3090 3007 3256 3076 θαῦμα
3287 3001 3446 3060 οὖσαν

1852 3089 1956 3140 τοῖς
1988 3081 2146 3155 δρῶσι
2170 3089 2391 3159 φριττόν,
2419 3093 2500 3142 καί
2523 3091 2646 3150 πλὴν
2667 3100 2768 3146 τῶν
2792 3093 3019 3166 ὁρώντων
3051 3093 3268 3150 ἄπιστον
3293 3113 3306 3127 ·
3333 3101 3440 3171 τρί-

1853 3195 1952 3246 χες
1968 3181 2066 3254 γάρ
2083 3179 2309 3254 ἑωρῶντο
2349 3187 2514 3256 ταύτῃ
2562 3197 3003 3261 προσπεφυκυῖαν
3036 3193 3122 3243 καί
3150 3188 3328 3244 εὐωδία
3369 3211 3440 3250 τις

1860 3270 1946 3321 καί
1971 3268 2117 3338 αἴγὶη
2146 3272 2439 3342 ἀπέλαμπεν
2468 3273 2709 3347 ἇρῥητος.

1932 3363 2065 3413 Ἐπεὶ
2093 3359 2196 3415 δέὀ
2229 3367 2324 3418 σῦν
2363 3374 2435 3436 τῷ
2482 3369 2740 3440 ἐπισκόπῳ
2790 3369 3145 3447 πρεσϐύτερος
3173 3411 3186 3435 ν
3240 3371 3441 3439 Μάλχος

1861 3452 2081 3508 ἐκαλεῖτο
2112 3451 2284 3519 οὗτος,
2315 3458 2653 3529 άμφιδοιάζων
2684 3485 2792 3524 πως
2821 3454 2878 3522 ἧν
2908 3466 3217 3537 ἆμφιλογῶν,
3264 3467 3308 3517 εἰ
3355 3472 3442 3518 τοῦ

1862 3543 2150 3620 Προδρὸμου
2195 3547 2324 3606 αὕτη
2355 3552 2487 3624 κάρα
2528 3555 2803 3623 τυγχάνει,
2849 3556 3126 3607 ἐπιϐάλλων
3168 3557 3330 3628 ταύτῃ
3364 3558 3450 3608 καί

1861 3638 1952 3696 τάς
1977 3647 2166 3713 χεῖρας
2195 3641 2521 3718 θρατύτερον*
2546 3646 2654 3697 ἐπεί
2691 3648 2774 3697 καί
2822 3643 2987 3699 εἴωθεν
3019 3649 3045 3700 o'
3073 3649 3288 3722 πονηρὸς
3337 3656 3443 3708 τοῖς

1863 3729 2027 3788 καλοῖς
2056 3731 2293 3800 ἐγκοτεῖν’
2339 3742 2668 3807 παραχρῆμα
2716 3732 2862 3794 οὗτος
2902 3740 2986 3789 καί
3035 3745 3127 3797 τῆς
3174 3738 3442 3796 άπιστείας

1861 3819 2105 3890 τρέπεται
2134 3821 2219 3874 τόν
2247 3822 2454 3894 καρπόν,
2487 3831 2578 3880 τῆς
2609 3825 2784 3898 χειρός
2815 3827 2948 3895 αὖτῷ
2994 3828 3444 3900 άποξηρανθείσης,

1862 3911 1947 3960 καί
1972 3917 2033 3981 τῇ
2065 3909 2214 3983 ὑδρία
2297 3917 2634 3986 προσήγγισε,
2658 3915 3127 3990 προσπλασθείσης’
3152 3921 3233 3971 καί
3261 3915 3444 3986 ξαεινεν

1865 3995 1922 4053 ἂν
1951 4001 2112 4061 οὕτως
2139 4004 2168 4059 ἠ
2201 4005 2344 4071 χείρ,
2378 4006 2421 4057 εἰ
2443 4011 2511 4075 μὴ
2534 4007 2617 4060 τὸν
2650 4005 2790 4078 ἅγιον
2818 4008 3026 4067 πολλαῖς
3062 4009 3214 4085 ὥραις
3257 4007 3442 4062 ίδυσὼο

1864 4113 2029 4151 πησαν
2070 4094 2115 4145 οἱ
2143 4096 2422 4168 παρόντες,
2461 4095 2631 4154 δοῦναι
2659 4107 2730 4171 τῷ
2762 4099 2991 4170 σφαλέντι
3017 4106 3104 4158 τὴν
3146 4101 3446 4175 Θεραπείαν,

1863 4188 1946 4236 καὶ
1970 4185 2336 4258 καταλλαγῆναι
2355 4196 2428 4260 τῷ
2451 4190 2865 4261 άμςιλογήσαντι.
2898 4196 2986 4250 *Ως
3007 4186 3091 4243 οὖν
3113 4190 3136 4245 ὁ
3168 4189 3446 4265 Πρόδρομος

1864 4279 2050 4332 ἐκεῖθεν
2071 4284 2160 4338 τήν
2183 4281 2340 4353 κάραν
2374 4282 2608 4336 ἀνέλαϐεν
2625 4299 2638 4313 ⁸
2671 4285 2832 4360 ἡμέρα
2861 4282 2913 4338 δέ
2939 4281 2996 4343 ἦν
3018 4291 3294 4342 τηνικαῦτα
3316 4287 3448 4344 εἰκάς

1864 4368 2082 4443 τετάρτη
2123 4376 2212 4424 τοῦ
2259 4371 2621 4445 Φεϐρουαρίου,
2651 4373 2755 4426 καθ’
2783 4374 2842 4431 ἣν
2864 4377 2950 4427 καί
2987 4375 3017 4430 ἡ
3056 4375 3233 4446 πρώτη
3260 4374 3456 4446 γέγονεν

1868 4458 2098 4533 εὕρεσις·
2126 4468 2188 4531 τῇ
2217 4461 2326 4514 κατ’
2353 4463 2506 4515 αὐτὸν
2546 4461 2783 4535 ἐκκλησία
2817 4462 2963 4525 τέως,
3005 4463 3060 4515 τὸ
3100 4461 3246 4514 καλᾶν
3298 4466 3448 4513 τοῦτο

1867 4559 2052 4624 χρῆμα
2075 4552 2445 4624 ἐγκατατίθησι.
2467 4552 2583 4606 Μετ’
2608 4552 2766 4620 ὀλίγον
2797 4550 2847 4605 δέ
2871 4555 2950 4604 καί
2970 4552 3083 4604 ναὸν
3097 4558 3168 4620 τῷ
3193 4555 3450 4606 Βαπτιστῖ

1866 4644 2163 4719 ἀνεγείρας,
2208 4643 2400 4696 πολλῶν
2451 4651 2524 4716 τῷ
2577 4642 2709 4716 ἔργῳ
2759 4645 3139 4716 συναραμένων,
3189 4642 3351 4697 ἐκεῖσε
3395 4643 3450 4696 τὸ

1868 4734 2022 4815 δῶρον
2051 4741 2397 4808 μετακομίζει.
2429 4735 2712 4806 ἰῖμεσηνὼν
2757 4743 2818 4809 τῇ
2874 4735 3017 4787 πόλει
3047 4737 3126 4787 καί
3157 4731 3277 4806 ἄλλῃ
3303 4736 3451 4806 πάσῃ

1867 4832 2010 4887 πόλει
2050 4833 2130 4884 καὶ
2187 4833 2362 4904 χώρα,
2421 4827 2636 4881 πλοίτον
2675 4823 2878 4894 ὅφοονον
2923 4828 3006 4880 καί
3044 4827 3287 4880 άκένωτον
3316 4841 3330 4856 ⁶
3365 4831 3450 4881 καὶ

1866 4923 1961 4983 ἤδη
1989 4926 2078 4994 μὲν
2102 4924 2132 4981 ἡ
2160 4920 2372 4997 δευτέρα
2401 4918 2627 4990 εὕρεσις,
2661 4920 2744 4970 καί
2774 4916 3070 4988 φανέρωσις,
3103 4917 3450 4972 Οὐαλεντινια-

1867 5023 1952 5070 νοῦ
1981 5014 2098 5068 τότε
2141 5016 2224 5066 καί
2268 5015 2548 5078 Μαρκιανοῦ
2588 5015 2687 5061 τῶν
2739 5015 2829 5066 τῆς
2874 5007 3137 5076 βασιλείας
3184 5011 3450 5080 σκήπτρων

1865 5108 2230 5179 ἐπειλημμὲνων
2249 5121 2261 5134 ·
2303 5104 2432 5162 εἰκὸς
2462 5101 2514 5156 δέ
2543 5103 2676 5172 ἡμᾶς
2703 5103 2787 5153 καί
2807 5105 2897 5158 τὴν
2922 5097 3143 5170 ἔναγχος
3166 5103 3248 5153 καί
3278 5104 3452 5174 τρίτην

1865 5203 2046 5262 εἰπεῖν,
2081 5196 2136 5257 ἧς
2164 5198 2306 5250 ἕνεκα
2334 5198 2419 5248 καί
2446 5193 2470 5247 ὁ
2496 5193 2663 5264 λόγος,
2694 5194 2778 5245 καί
2825 5192 2855 5249 ἢ
2899 5198 2997 5245 τῶν
3047 5188 3204 5244 ἄλλων
3250 5189 3451 5247 ἐκδηλοη

1865 5292 1989 5366 τέρα
2021 5292 2101 5342 καί
2127 5291 2392 5361 γνώριμος.

1937 5391 2007 5454 Τῇ
2039 5389 2134 5436 τῶν
2161 5381 2438 5450 Ἐμεσηνῶν
2480 5373 2589 5441 οὖν,
2638 5379 2706 5438 ὡς
2747 5375 2929 5450 ἔφαμεν
2957 5416 2973 5442 ,
3019 5377 3158 5430 πόλει
3186 5384 3276 5434 τῆς
3307 5375 3449 5446 ἱερᾶς

1866 5478 2077 5547 κεφαλῆς
2103 5478 2501 5546 ἐναποκειμένης,
2525 5476 2606 5525 καὶ
2627 5481 2731 5531 τοῖς
2754 5471 3072 5542 ἔγγυθεν,καί
3095 5477 3197 5526 τοῖς
3223 5467 3442 5539 μακρὰν,

1866 5576 1950 5628 καί
1975 5581 2062 5631 τῆς
2090 5570 2397 5638 ἁπανταχοῦ
2422 5569 2605 5624 ἥκουσι
2630 5564 2878 5620 πλουσίας
2916 5569 3006 5620 τῆς
3055 5561 3271 5630 χάριτος
3311 5575 3444 5628 προ·

1867 5667 2107 5735 κειμένης,
2136 5663 2294 5735 {usus
2328 5660 2550 5734 χρόνους
2577 5659 2662 5711 ἐπί
2691 5655 2900 5711 πολλοὺς
2927 5651 2951 5704 ό
2975 5648 3228 5719 θησαυρός
3254 5645 3446 5718 ἀμετά-

1865 5759 2006 5814 θετος
2027 5771 2039 5784 ⁸
2073 5753 2126 5812 ὃς
2152 5773 2206 5823 γε
2238 5754 2279 5804 εἰ
2319 5753 2402 5803 καί
2439 5757 2510 5820 τῷ
2544 5747 2683 5813 τόπῳ
2712 5745 3046 5816 περιώριστο,
3077 5735 3177 5789 ἀλλ’
3206 5738 3330 5808 οὐχί
3359 5738 3446 5790 καί

1864 5859 1979 5910 ταῖς
2001 5849 2266 5919 ἐνεργείαις
2297 5841 2553 5918 διώριστο,
2577 5836 2780 5909 ἇοθονον
2827 5838 2915 5891 τήν
2944 5831 3102 5904 χάριν
3129 5825 3333 5897 ἁπλῶν,
3365 5834 3446 5884 καὶ
