3964 6340
478 384 586 440 4άὸ

1763 364 2117 426 DIONYSIUS
2157 361 2469 428 EXIGUUS.

3650 346 3763 403 ιιι

474 521 539 560 ac
568 500 772 570 regioni
800 500 1107 554 thesaurum
1136 494 1353 547 uberem
1378 504 1438 543 ac
1470 487 1868 541 inexhaustum.
1926 480 2062 534 llac-
2100 515 2109 538 ί

2219 506 2242 541 ς
2269 504 2304 536 π
2324 488 2463 543 Ῑντας
2494 481 2791 541 διήκουσαν.
2814 480 2967 535 Ἀλλά
2995 479 3095 554 γάρ
3139 477 3183 530 οἱ
3227 481 3315 531 τοῦ
3374 480 3501 529 Θεοῦ
3532 474 3768 545 51:65:53.-

483 606 638 649 tetms
662 590 895 647 secunda
944 585 1183 641 inventio
1232 598 1295 636 ac
1331 577 1695 633 inanil'estatie
1745 585 1856 628 tum
1902 574 2065 633 facta,

481 702 603 743 cum
636 682 1037 739 Valentinianus
1067 693 1131 733 ac
1161 673 1459 731 Marcianus
1500 669 1709 739 imperii
1749 675 1961 735 sceptra
1994 672 2071 717 te-

484 786 693 831 nerent.
724 773 913 844 Opera:
940 772 1171 842 pretium
1220 782 1349 821 vero
1378 774 1437 818 ut
1485 771 1541 817 et
1583 776 1703 816 eam
1752 774 1871 827 qua:
1904 771 2075 826 nuper

483 866 724 930 contigit,
751 864 1074 929 tertiamque
1103 871 1435 920 enarremus,
1466 852 1619 921 cujus
1666 857 1723 904 et
1758 849 1923 903 etiam
1948 860 2075 899 cau-

486 972 545 1011 sa
576 956 817 1010 instituta
851 952 1005 1008 nobis
1035 950 1211 1005 oratio
1243 957 1353 1013 est,
1382 962 1503 1016 qua:
1546 954 1600 999 et
1631 940 1850 1011 reliquis
1896 937 2076 993 notior

487 1058 573 1105 cst
599 1059 761 1118 atque
786 1046 1063 1101 illustrior.

560 1161 695 1215 Cum
720 1159 901 1227 itaque
928 1170 1139 1209 sacrum
1169 1159 1329 1221 caput
1370 1149 1597 1207 Eiuesm,
1626 1153 1683 1198 ut
1708 1143 1961 1205 diximus,
1993 1153 2081 1194 re-

492 1250 724 1320 positmu
747 1257 909 1307 esset,
943 1255 1103 1312 atque
1134 1242 1198 1295 iis
1244 1240 1333 1310 qui
1364 1252 1395 1292 e
1426 1237 1602 1290 vicino
1649 1233 1849 1302 quique
1896 1228 2083 1300 procul

494 1358 559 1395 ac
590 1340 822 1407 undique
852 1337 1116 1396 venirent,
1152 1331 1475 1386 uberrinunn
1526 1326 1710 1395 gratize
1738 1338 1929 1377 munus
1961 1336 2086 1390 pro-

492 1440 680 1491 staret,
714 1435 984 1481 manserat
1014 1425 1296 1479 thesaurus
1326 1421 1376 1475 in
1402 1433 1574 1473 annos
1622 1416 1803 1485 plures
1856 1411 1905 1467 ci
1966 1411 2087 1465 loro

495 1521 735 1575 addictus
766 1536 779 1572 :
807 1534 869 1574 ae
894 1531 1199 1586 quanquam
1230 1528 1297 1568 eo
1325 1508 1760 1577 circumscriptus
1790 1512 1926 1566 erat,
1978 1516 2088 1555 non

497 1621 676 1666 tamen
692 1608 1047 1663 illiusambitu
1058 1605 1221 1660 etiam
1238 1603 1462 1657 virtutes
1484 1598 1853 1659 arctabautur,
1881 1590 1974 1648 sed
1995 1605 2088 1645 co-

498 1703 649 1772 piose
679 1698 938 1754 beneﬁcia
984 1696 1311 1766 explicabat,
1342 1702 1398 1747 et
1428 1701 1485 1744 ut
1510 1688 1576 1743 ad
1606 1701 1794 1742 omnes
1824 1684 2093 1756 pertinge-

500 1802 637 1849 rent.
669 1792 954 1846 Enimvero
993 1805 1113 1858 quae
1142 1787 1232 1842 Dei
1264 1798 1471 1839 arc.m:e
1502 1781 1758 1843 rationes,
1792 1778 2093 1845 iucomprc~

2172 594 2249 628 τοι
2292 573 2447 645 λόγοι,
2498 576 2581 627 καί
2626 580 2726 628 τῶν
2762 572 2918 626 αὐτοῦ
2968 570 3223 645 κριμάτων
3258 567 3316 620 τό
3363 565 3725 621 ἀκατάληπτον
3751 605 3769 629 ,

2175 666 2333 735 χέρσι
2362 665 2638 738 βαρϐάρων
2666 666 2788 723 τούς
2811 664 2859 716 ἐν
2883 664 3069 733 Ἐμὲση
3109 662 3302 719 τόπους
3349 663 3435 711 καὶ
3488 660 3653 713 αῦτήν
3681 663 3775 715 τήν

2173 753 2394 828 Ἐμεσαν
2444 757 2567 811 ἕλεῖν
2615 759 3096 828 συγχωρήσαντος,
3155 754 3213 805 ού
3264 749 3450 806 δίκαιον
3494 748 3522 805 ὃ
3582 750 3777 819 ἁγαθός

2176 845 2358 923 ἔκρινε,
2390 850 2475 902 καί
2503 849 2664 923 κάραν
2692 852 2781 905 την
2824 847 3073 915 πάντιμον
3124 845 3270 917 παρά
3299 844 3499 902 τούτοις
3520 841 3775 912 γενέσθαι·

2179 936 2362 993 οὔκουν
2389 938 2503 993 ούὂέ
2529 941 2719 1011 γίνεται
2749 954 2763 968 ·
2793 938 2917 991 άλλά
2963 937 3104 1010 παρά
3132 956 3230 990 τινι
3270 940 3443 1003 πιστῷ
3482 934 3565 985 καί
3611 949 3780 984 σπου·

2181 1030 2306 1103 ὃαίῳ
2328 1034 2446 1107 περί
2471 1033 2534 1087 τά
2561 1032 2706 1096 καλά,
2741 1031 2926 1084 ίκεῖθεν
2953 1029 3083 1086 αὕτη
3101 1029 3346 1099 ληφθεῖσα
3373 1066 3387 1089 ,
3419 1025 3652 1094 ἀλλαχοῦ
3681 1022 3779 1081 ἤδη

2182 1128 2576 1195 μετακομίζεται
2602 1139 2617 1155 ·
2643 1123 2837 1193 Roga-ba
2856 1120 2899 1176 δ’
2922 1119 2981 1180 ἦν
3004 1123 3035 1179 ἡ
3057 1119 3299 1189 δεξαμένη
3320 1121 3378 1172 τὸ
3408 1116 3592 1190 δῶρον·
3620 1118 3778 1191 μικρά

2184 1216 2274 1281 μὲν
2305 1214 2449 1273 πόλις
2474 1216 2556 1267 καί
2585 1210 2787 1277 ἄσημος
2812 1252 2826 1273 ο
2856 1214 3104 1284 ἓπίσημος
3158 1207 3197 1264 δ’
3227 1210 3443 1263 ἐντεῦθεν
3490 1207 3732 1279 γενομένη
3762 1248 3776 1270 ν

2187 1308 2269 1360 καί
2296 1313 2395 1360 τῶν
2437 1304 2597 1359 ἄλλων
2627 1304 3017 1380 διαφανεστέρα.

2258 1399 2325 1452 Τό
2365 1396 2408 1452 δ’
2454 1395 2594 1453 ἔιδον
2640 1398 2866 1468 συνέχον
2912 1399 2997 1452 καί
3038 1397 3258 1467 κατίχον
3326 1397 3411 1451 τόν
3483 1395 3778 1469 θησαυρόν,

2191 1488 2377 1548 σκεῦός
2412 1509 2463 1543 τι
2505 1491 2749 1564 ἀργύριον
2774 1487 2852 1550 ἦν,
2880 1496 3113 1562 χρυσοῖς
3140 1488 3370 1547 πετάλοις
3397 1488 3780 1559 ἐνηρμοσμένον,

2193 1582 2256 1639 ὡς
2293 1575 2351 1633 ἂν
2378 1580 2437 1634 τό
2460 1581 2622 1651 τίμιον
2652 1580 3045 1654 περιστέλλοιτο.
3071 1579 3196 1637 ηλὴν
3232 1584 3461 1651 ἠγνοεῖτο
3506 1589 3615 1636 τοῖς
3660 1576 3784 1630 πολ-

2192 1672 2328 1735 λοῖς,
2356 1674 2442 1725 καί
2480 1672 2701 1742 μάλιστα
2727 1681 2835 1730 τοῖς
2876 1676 2965 1729 τήν
3002 1668 3246 1742 βασιλίδα
3274 1672 3518 1734 οἰκοῦσιν,
3549 1667 3683 1723 ὅπου
3725 1670 3789 1743 τό,

2197 1761 2358 1837 δῶρον
2415 1763 2802 1827 ἔναποτίθειται,
2852 1770 2926 1835 τῷ
2981 1783 3035 1817 τε
3080 1763 3352 1831 ἀγνὼστως
3397 1766 3488 1819 τήν
3518 1761 3784 1830 μετάθεσιν

670 1837 951 1846 .........-.ν
997 1837 1111 1858 Ἰ---
1144 1837 1162 1842 -
1191 1837 1232 1842 -_
1337 1837 1350 1839 _
1747 1837 1756 1843 _
1973 1837 1986 1845 _

497 1885 775 1952 hcnsaque
799 1880 1031 1950 judicia!
1082 1869 1215 1932 Cum
1245 1890 1437 1945 nempe
1468 1872 1782 1927 Etuesenam
1814 1867 2088 1935 regionem

2214 1855 2522 1925 γεγενῆσθαι,
2570 1856 2653 1909 καί
2696 1861 2768 1923 τῷ
2807 1855 3098 1927 ἀγνοεῖσθαι
3125 1855 3214 1907 τόν
3238 1852 3422 1926 χρόνον
3446 1850 3552 1905 καθ’
3599 1848 3655 1905 ὃν
3689 1851 3785 1906 ἀπό

498 1979 778 2042 iusamque
806 1973 991 2026 urbem
1024 1969 1271 2024 Emesam
1301 1966 1649 2019 barbarorqu
1673 1960 1919 2015 manibus
1938 1972 2096 2026 expu-

500 2065 652 2133 gnari
700 2064 933 2128 sivis«et,
961 2077 1025 2115 ac
1072 2076 1259 2116 eorum
1291 2056 1404 2113 licri
1432 2054 1670 2119 ditionis,
1721 2050 1861 2108 haud
1915 2060 2094 2127 tamen

501 2151 1528 2227 tequumputavitutctpretiosissimum
1557 2156 1719 2216 caput
1748 2158 1914 2215 penes
1954 2142 2095 2206 illos,

500 2249 714 2315 illisque
746 2246 1013 2299 addictum
1045 2245 1203 2323 foret.
1230 2241 1489 2309 Adeoque
1517 2253 1692 2306 neque
1741 2236 1859 2301 fuit,
1888 2234 1982 2290 sed
2026 2233 2097 2303 pii

495 2336 779 2407 cujusdam
828 2336 1148 2403 honestique
1176 2331 1399 2388 cultoris
1426 2344 1593 2400 opera
1621 2327 1749 2382 imle
1799 2334 2097 2394 sumptum,

505 2428 613 2483 alio
644 2436 755 2481 tum
769 2423 1435 2491 transfertur;Comauam
1465 2419 1694 2483 scilicet,
1725 2416 1975 2486 exiguam
2007 2429 2099 2468 ur-

508 2520 629 2575 bem
662 2536 724 2576 ac
750 2520 1056 2584 obscuram,
1087 2531 1207 2586 quze
1235 2526 1415 2572 tamen
1464 2529 1531 2570 eo
1560 2514 1786 2583 pignore
1839 2510 2006 2565 ditata
2039 2509 2102 2564 il-

508 2610 688 2665 lustris
706 2609 906 2679 evasit,
929 2624 991 2664 ac
1018 2607 1238 2678 reliquis
1266 2606 1461 2661 clarior
1490 2604 1684 2660 eximie
1708 2602 1825 2657 fuit.

579 2688 732 2755 Quod
763 2689 1038 2743 vasculum
1088 2689 1396 2743 thesaurum
1450 2685 1593 2739 intus
1627 2683 1858 2738 habebat
1883 2696 1947 2736 ac
1971 2696 2103 2736 con-

510 2776 735 2839 tinebat,
769 2790 900 2829 urna
930 2775 1173 2844 quzedam
1195 2781 1454 2843 argentea
1484 2771 1664 2826 aureis
1691 2778 1977 2840 compacta
2035 2769 2106 2823 la-

509 2867 669 2920 minis
708 2875 847 2933 erat,
873 2881 981 2935 quo
1038 2881 1230 2936 nempe
1270 2864 1565 2935 pretiosum
1620 2863 1813 2933 pignus
1860 2860 2102 2930 pretioso

512 2955 728 3011 vasculo
754 2966 1123 3011 asservaretur
1193 2956 1459 3011 Caeterum
1500 2954 1743 3025 plerique
1768 2952 2100 3014 nesciebant,

513 3060 577 3099 ac
604 3060 873 3115 prmctpuc
893 3046 1089 3113 regina:
1113 3044 1321 3099 urbium
1347 3044 1515 3111 cives,
1565 3057 1674 3111 quo
1704 3041 1834 3096 illml
1858 3040 1979 3095 loco
2008 3054 2105 3110 po-

514 3135 672 3190 situm
696 3145 836 3189 esset
868 3153 882 3188 :
917 3146 1028 3189 tum
1052 3136 1195 3205 quod
1226 3134 1506 3189 translatio
1530 3131 1742 3188 occulta
1780 3146 1843 3186 ac
1870 3131 1989 3187 sine
2014 3145 2101 3184 ar-

515 3226 656 3282 bitro
684 3225 821 3281 facta
850 3224 1035 3280 fuisset
1061 3196 1214 3291 {tum
1238 3225 1382 3295 quod
1434 3224 1733 3279 nesciretur
1762 3230 1975 3291 tempus
1996 3236 2106 3291 quo
2134 3196 2180 3259 δ

518 3315 605 3369 illa
633 3315 966 3384 contigisset.
997 3314 1181 3385 Neque
1201 3316 1344 3370 enim
1367 3316 1486 3385 quis
1507 3315 1977 3385 palam,quantum
2003 3327 2106 3375 nos

520 3410 602 3465 bis
629 3408 839 3478 assequi
865 3409 1036 3471 licuit,
1060 3423 1178 3463 eam
1234 3423 1348 3463 rem
1381 3407 1614 3462 tradidit.
1675 3405 1889 3477 Itaque,
1915 3406 2112 3460 mansit

519 3500 766 3555 Cumana:
789 3508 969 3570 caput,
1006 3514 1076 3555 ne
1107 3499 1255 3569 ipsis,
1286 3488 1449 3570 puto,
1480 3498 1666 3554 incolis
1712 3499 1845 3553 satis
1902 3504 2109 3552 uotum.

519 3588 653 3643 Tum
683 3589 825 3644 enim
855 3596 1119 3659 tempora,
1150 3600 1260 3644 tum
1284 3590 1496 3657 negotia
1525 3588 1633 3642 alta
1664 3602 1776 3642 rem
1808 3570 2112 3656 ignorantia

520 3679 841 3733 obtexcrant
895 3696 908 3732 :
960 3694 1081 3735 cum
1123 3680 1418 3750 pnesertim
1475 3678 1820 3734 lcouomachi
1900 3677 2113 3732 interim

524 3768 884 3835 emersissent,
917 3785 1055 3839 quos
1096 3779 1301 3824 tantum
1333 3771 1487 3824 abest
1537 3777 1598 3824 ut
1633 3776 1943 3824 sanctorum
1994 3766 2115 3821 reli-

523 3860 663 3928 quiis
690 3860 892 3915 cultum
918 3860 1257 3925 adhiberent,
1290 3871 1349 3915 ut
1374 3861 1537 3916 etiam
1563 3860 1866 3928 ubicunque
1888 3859 1991 3913 illa:
2020 3872 2116 3913 ex-

524 3961 670 4006 stare
699 3961 1071 4019 noscerentur,
1096 3950 1344 4006 incendio
1366 3967 1458 4006 cas
1481 3951 1770 4005 traderent.
1799 3949 1929 4003 Eam
1959 3948 2122 4016 igitur

525 4049 597 4102 ob
626 4049 890 4102 rationem
912 4047 1042 4102 nulli
1065 4046 1320 4116 deinceps
1337 4046 1755 4102 sacratissimum
1776 4045 1968 4115 pignus
1990 4059 2123 4099 con-

527 4135 771 4204 spicuum
799 4144 918 4189 erat
944 4145 1037 4188 aut
1064 4135 1423 4205 exploratum.
1460 4133 1751 4204 Postquam
1807 4142 1990 4187 autem
2036 4148 2122 4187 rc-

532 4238 872 4280 rumsumma
902 4233 971 4282 ad
993 4227 1325 4282 orthodoxos
1355 4226 1531 4292 rediit,
1558 4227 1862 4294 iterumque
1908 4232 2124 4293 sceptra

536 4318 780 4374 tidelibus
806 4320 1058 4389 Augustis
1078 4320 1385 4375 concredita
1408 4329 1551 4380 sunt,
1576 4334 1639 4374 ac
1662 4318 2003 4374 leonomacbi
2027 4318 2129 4371 im-

535 4409 609 4479 pii
639 4426 763 4464 cum
791 4410 970 4465 sonitu
993 4425 1077 4479 pet
1092 4410 1288 4473 ierunt,
1340 4409 1660 4477 condignam
1707 4408 1916 4464 scilicet
1967 4406 2125 4460 ultio-

535 4518 657 4557 nem
690 4503 853 4565 nacti,
890 4512 999 4556 tum
1023 4518 1154 4557 sane
1183 4504 1346 4559 ctiam
1368 4500 1691 4556 l’rzecursori
1717 4508 2124 4568 utcaputsuum

537 4590 878 4649 manifestum
909 4593 1110 4648 faceret
1164 4593 1405 4663 placuit;
1449 4590 1882 4660 stupemlumquc
1936 4603 2132 4642 munus

540 4699 646 4737 non
678 4685 802 4739 huic
822 4683 965 4737 illive
993 4684 1195 4739 civitati
1247 4682 1476 4753 (exiguis
1526 4696 1718 4750 nempe
1756 4679 1967 4749 oppidis
2018 4678 2135 4733 exi-

539 4776 763 4844 guisque
794 4776 1034 4829 terminis
1062 4775 1349 4845 deﬁnitis),
1379 4776 1472 4830 sed
1507 4784 1563 4828 ut
1588 4774 1829 4829 omnium
1888 4771 2133 4826 maxima:

542 4881 861 4937 summeque
891 4867 1076 4934 regali,
1111 4882 1305 4936 nempe
1340 4864 1832 4934 Constantinopoli,
1866 4856 2135 4928 traderet;

544 4973 653 5026 quo
674 4974 869 5028 nempe
890 4968 945 5012 et
976 4960 1255 5013 thesaurus
1281 4958 1606 5013 inviolabilis
1652 4963 1980 5019 servaretur,
2015 4953 2136 5008 illa-

546 5064 652 5119 que
680 5049 795 5117 ejus
830 5049 1166 5119 depo.~itione
1212 5049 1610 5113 honestaretur,
1671 5048 1951 5117 ipsmuquc
1998 5044 2135 5098 adeo

546 5154 765 5194 sacrum
792 5155 1005 5205 munus,
1032 5149 1088 5193 ut
1126 5155 1224 5209 par
1262 5147 1367 5210 est,
1416 5139 1714 5209 splendoris
1752 5135 1951 5206 aliquid
1982 5135 2050 5189 ab
2072 5149 2137 5189 ea

552 5240 904 5299 mutuaretur,
934 5233 1079 5302 quod
1108 5247 1301 5304 nempe
1329 5247 1496 5304 penes
1539 5232 1682 5285 illam
1706 5230 1938 5299 majores
1967 5229 2141 5283 bono—

552 5339 637 5378 res
660 5324 969 5394 cultumque
992 5325 1367 5395 impersiorcm
1415 5323 1659 5378 haberet.
1718 5320 1852 5375 Tum
1909 5333 2140 5387 namque

553 5413 775 5469 Michael
799 5430 863 5469 ac
890 5413 1170 5470 Thcodora
1200 5423 1413 5485 sceptra
1467 5419 1831 5482 susceperant,
1880 5410 2142 5479 lgnatius—

551 5520 657 5572 que
680 5504 934 5559 Methodii
956 5521 1262 5571 successor,
1297 5506 1378 5559 vir
1400 5504 1579 5559 multis
1609 5503 1786 5558 clarus
1827 5500 2138 5566 virtutibus,

555 5594 847 5651 Ecclesiam
863 5596 1103 5663 regebat.
1134 5596 1244 5650 Sub
1268 5596 1349 5650 his
1366 5594 1601 5664 inclytis,
1625 5592 1786 5647 etiam
1814 5590 2142 5661 pretiosissi-

558 5702 700 5739 mum
724 5686 914 5755 pignus
944 5685 1082 5739 istud
1111 5686 1160 5739 in
1186 5686 1421 5752 reginam
1454 5683 1663 5737 urbium
1723 5680 1965 5745 infertur,
2028 5689 2131 5734 ter-

559 5784 793 5846 tiamque
841 5778 979 5833 hanc
1037 5794 1098 5833 ac
1149 5787 1477 5849 postremam
1524 5774 1884 5832 inventionem
1947 5774 2135 5829 nanci-

2195 1944 2409 2014 Ἐμέσης
2437 1945 2565 2021 πρός
2586 1946 2651 2001 τὰ
2680 1945 2874 2014 Κόμανα
2902 1945 3276 2014 μετατίθειται·
3318 1942 3433 1997 οὐδὲ
3475 1944 3571 2020 γάρ
3613 1950 3785 2010 σαφῶς

2198 2057 2295 2102 τις,
2328 2036 2431 2092 ὅσα
2476 2057 2534 2108 γε
2580 2040 2723 2091 αὐτοί
2780 2038 3048 2106 συνίσμῖν,
3090 2040 3210 2111 περί
3254 2036 3441 2091 τούτου
3496 2037 3786 2109 ἐγνώρισεν.

2198 2130 2386 2182 οὐκοῦν
2428 2130 2510 2183 καί
2553 2125 2698 2198 ἔμενε
2752 2135 2858 2187 τοῖς
2907 2129 3145 2197 κομάνοις
3179 2129 3209 2185 ἠ
3256 2128 3437 2199 κεφαλή
3463 2169 3477 2192 ,
3510 2126 3638 2196 μηδέ
3664 2127 3787 2200 παρ’

2200 2220 2364 2275 αὐτῶν
2389 2216 2551 2277 δήπου
2576 2226 2674 2274 τῶν
2695 2222 2975 2295 προσοίκων
2998 2219 3234 2289 ἀσοαλῶς
3254 2220 3400 2288 τάχα
3426 2220 3787 2293 γνωριζομένη·

2201 2312 2247 2364 οἶ
2274 2330 2325 2365 τε
2354 2311 2455 2383 γάρ
2485 2310 2683 2383 χρόνοι.
2717 2313 2801 2364 καί
2827 2313 2890 2363 τά
2914 2311 3197 2383 πράγματα
3220 2352 3235 2375 ,
3265 2308 3446 2368 πολλὴν
3473 2315 3562 2367 τὴν
3591 2306 3795 2381 ἄγνοιαι

2204 2403 2598 2473 ὅμποιησαντες·
2630 2400 2859 2472 μάλιστα
2910 2406 3099 2472 μεταξύ
3154 2408 3238 2457 καί
3284 2412 3382 2458 τῶν
3423 2407 3791 2474 Είκονομάχων

2202 2494 2563 2563 ἀναφανέντων·
2578 2491 2650 2553 οἷς
2664 2495 2722 2548 οὗ
2729 2516 2767 2563 χ
2785 2492 2922 2553 ὅπως
2944 2496 3007 2548 τά
3032 2501 3132 2548 τῶν
3154 2493 3306 2566 ἁγίων
3332 2495 3536 2549 ἐσέϐετο
3558 2493 3791 2563 λείψανα·

2203 2586 2328 2640 ἀλλά
2356 2588 2437 2640 καί
2464 2589 2587 2663 πυρί
2626 2586 2970 2660 ἐνεπίμπρατο
3022 2584 3071 2639 εἴ
3108 2608 3209 2640 που
3253 2585 3314 2644 δὴ
3361 2591 3441 2640 καί
3487 2594 3707 2655 ιανεῖεν·
3740 2584 3795 2644 ἦν

2203 2678 2376 2733 λοιπὸν
2419 2681 2499 2732 καί
2550 2679 2607 2734 τὸ
2650 2681 2884 2755 πανίιρον
2926 2685 3079 2734 τοῦτο
3130 2688 3315 2753 χρῆμα
3342 2685 3410 2747 μη
3440 2680 3563 2753 παρ’
3585 2680 3798 2735 ὁτουοῦν

2205 2772 2469 2840 θεώμενον.
2516 2770 2547 2830 ἦ
2586 2769 2789 2829 ἔκδηλον
2837 2773 3231 2841 καθιστάμενον·
3258 2774 3367 2825 ἐπεί
3412 2771 3465 2825 δὲ
3514 2780 3622 2830 τοῖς
3655 2773 3798 2843 ὀρθο-

2206 2861 2369 2927 δόξοις
2425 2862 2664 2921 ἐπανῆλθε
2714 2864 2779 2917 τά
2834 2865 3119 2935 πράγματα
3152 2903 3168 2926 ,
3224 2866 3308 2917 καί
3360 2864 3462 2916 ύπό
3529 2862 3799 2935 βασιλεῦσι

2207 2963 2409 3015 πιστοῖς
2449 2957 2515 3010 τά
2544 2963 2809 3030 σκῆπτρα,
2838 2956 2985 3010 πάλιν
3014 2959 3434 3028 μετακεχὼρηκε,
3485 2964 3586 3010 τῶν
3609 2954 3800 3009 δυσσε-

2209 3045 2309 3099 ϐῶν
2331 3046 2687 3117 Εἱκονομάχων
2712 3045 2822 3117 μετ’
2850 3047 2988 3118 ἤχου
3021 3047 3381 3105 ἀπολωλότων,
3413 3050 3497 3098 καί
3522 3048 3664 3108 ἁξὸαν
3709 3054 3799 3104 τήν

2208 3134 2470 3211 εἴσπραξιν
2498 3139 2803 3213 εὑρηκότων,
2832 3140 2946 3194 τότε
2978 3138 3037 3197 δή
3062 3142 3142 3192 καί
3172 3138 3197 3192 ό
3240 3137 3527 3213 Πρόόρομος
3556 3146 3646 3195 τήν
3676 3140 3800 3192 ἔαυ-

2210 3235 2301 3282 τοῦ
2344 3228 2551 3301 κεφαλὴν
2593 3236 2884 3301 φανερῶσαι
2941 3228 3224 3287 ηὐδόκησε·
3276 3233 3357 3284 καί
3406 3228 3564 3303 δῶρον
3609 3233 3805 3289 rarer

2210 3316 2637 3391 ἀξιοθαύμαστα.
2670 3321 2728 3374 ού
2764 3317 2883 3389 τῇδε
2914 3319 2944 3379 ἦ
2985 3318 3101 3389 τῇδε
3131 3330 3193 3389 τῇ
3223 3320 3361 3374 πόλει
3392 3318 3566 3374 δοῦναι
3594 3318 3760 3395 ἴκρινε
3788 3338 3801 3352 ⁸

2212 3432 2251 3472 μ.
2272 3416 2411 3484 κραῖς
2445 3430 2553 3464 τισι
2580 3411 2800 3470 ταύταις
2827 3414 2911 3465 καί
2932 3418 3127 3483 μικροῖς
3147 3412 3599 3485 περιγραφομέναις
3621 3411 3803 3488 ὁρίοις,

2211 3500 2334 3554 άλλά
2362 3509 2423 3569 τῇ
2447 3508 2631 3555 πασῶν
2659 3504 2847 3570 μείζονι
2892 3504 2974 3554 καί
3003 3502 3381 3573 βασιλικωτάτῃ
3427 3509 3489 3575 τῇ
3539 3516 3807 3555 ιὶωνστανο

2213 3592 2351 3645 τίνου
2380 3591 2505 3662 φημί
2527 3607 2540 3619 ·
2574 3592 2641 3649 ὡς
2673 3586 2733 3644 ἂν
2762 3594 2845 3644 καὶ
2870 3592 2955 3644 τόν
2983 3591 3200 3645 πλοῦτον
3242 3589 3503 3665 διατηροίη
3561 3588 3757 3644 ἄσυλον
3788 3633 3803 3655 ,

2214 3685 2298 3735 καί
2326 3682 2618 3751 σεμνύναιτο
2645 3683 2735 3751 μὲν
2761 3681 2891 3740 αὕτη
3009 3682 3302 3742 καταθέσει,
3328 3677 3631 3751 σεμνότερον
3663 3679 3713 3734 δ’
3743 3685 3808 3739 (.3;

2218 3773 2345 3831 εἰκὸς
2372 3770 2543 3825 καὶτὸ
2584 3768 2746 3842 δῶρον
2798 3771 2942 3842 παρά
2993 3771 3186 3828 ταύτης
3232 3769 3538 3824 ἀποτελοῖτο
3564 3810 3577 3830 ,
3632 3778 3711 3842 τῷ
3754 3791 3807 3824 τε

2218 3857 2455 3928 μειζόνως
2481 3859 2727 3928 τιμᾶσθαι
2754 3896 2769 3918 ,
2796 3860 2881 3911 καί
2899 3864 2971 3925 τῷ
2998 3860 3197 3928 μείζοσι
3240 3864 3355 3917 ταῖς
3399 3859 3669 3928 εὐφημίαις
3718 3881 3810 3913 κα-

2222 3948 2637 4024 ταγεραίρεσθαι.
2681 3948 2902 4016 Μιχαὴλ
2920 3950 3021 4020 ⁹γάρ
3044 3950 3127 4002 καί
3150 3946 3391 4024 Θεοδώρα
3418 3956 3516 4003 τῶν
3537 3954 3812 4024 σκήπτρων

2222 4044 2496 4097 τηνικαῦτα
2544 4039 2934 4110 ἐπειλημμένοι·
2989 4041 3073 4093 καί
3117 4041 3246 4109 μετὰ
3295 4038 3526 4095 mortem
3568 4042 3815 4112 Ἰγνάτιος

2224 4137 2313 4187 τιζν
2341 4129 2596 4187 ἐκκλησίαν
2626 4128 2765 4201 ἄγειν
2817 4134 3252 4201 πεπιστευμένος,
3304 4134 3430 4208 ἀνὴρ
3476 4134 3696 4194 πολλαῖς
3743 4136 3818 4189 lv-

2227 4223 2522 4296 διαπρέπων
2544 4232 2657 4282 ταῖς
2689 4226 2921 4299 χάρισιν·
2955 4226 3055 4280 ύπό
3081 4226 3273 4279 τούτων
3295 4224 3355 4284 δή
3398 4234 3497 4280 τῶν
3525 4225 3776 4297 ἀοιδίμων
3800 4270 3816 4295 ,

2230 4316 2309 4367 καὶ
2351 4315 2409 4368 τό
2446 4314 2781 4385 πολυτίμητον
2822 4322 2976 4371 τοῦτο
3028 4324 3213 4387 χρῆμα
3239 4325 3303 4391 τῇ
3329 4316 3555 4387 βασιλίδι
3588 4320 3821 4390 ἀνακομί.

2231 4410 2373 4469 ζεται
2396 4422 2411 4435 ⁸
2444 4410 2525 4460 καί
2550 4410 2724 4480 τρίτην
2754 4409 2944 4464 ταύτην
2972 4447 2986 4467 .
3016 4411 3098 4461 καί
3127 4407 3418 4462 τελευταίαν
3461 4409 3690 4483 εὑρίσκει
3732 4415 3822 4469 την

2236 4498 2454 4571 εὕρεσιν.
2476 4496 2534 4551 ’0
2560 4496 2611 4551 δέ
2642 4496 2831 4571 τρόπος
2858 4496 3050 4553 τοιόσδε
3081 4507 3171 4555 τῆς
3200 4500 3531 4571 ἁνευρὲσῖως.

2308 4590 2439 4643 Κατὰ
2464 4590 2563 4661 γάρ
2594 4592 2713 4659 μίαν
2740 4594 2838 4641 τῶν
2878 4596 3103 4653 νυκτῶν,
3148 4596 3219 4654 τῷ
3274 4591 3397 4642 νατά
3442 4591 3527 4643 τόν
3575 4591 3824 4664 Θεοφόρον

2237 4680 2405 4748 τούτῳ
2435 4681 2519 4731 καί
2547 4677 2797 4750 ὁμωνύμῳ
2839 4682 2923 4731 καί
2961 4678 3229 4751 όμοτρόπῳ
3284 4681 3525 4754 ἀρχιερεῖ
3566 4690 3681 4752 Θεοξι
3708 4684 3827 4741 τούς

2236 4769 2424 4837 ὕμνους
2465 4770 2799 4844 προσφέροντι
2823 4809 2836 4830 ,
2868 4772 2971 4823 Otia
3009 4791 3086 4828 τις
3130 4767 3316 4824 ἄνωθεν
3361 4768 3477 4841 ὄφις
3513 4772 3833 4843 ἐπέσκηᾷη.

2242 4858 2323 4914 ὅτι
2348 4859 2546 4939 ιξόμανα
2589 4862 2621 4917 ἡ
2668 4860 2807 4919 πόλις
2858 4865 2947 4917 τήν
2988 4861 3204 4929 πότιμον
3233 4862 3443 4934 κεφαλήν
3481 4860 3787 4933 διακατέχει
3810 4904 3825 4927 ,

2238 4953 2472 5024 ἀργυρέῳ
2497 4952 2669 5006 σκεύει
2696 4953 3099 5024 ἐγκεκρυμμένην
3122 4994 3137 5016 ,
3167 4956 3251 5007 καί
3279 4955 3397 5027 ἱερῷ
3425 4950 3565 5023 τόπῳ
3596 4955 3832 5009 ἐναποτε-

2239 5045 2465 5113 θειμένην
2488 5060 2501 5071 ·
2527 5041 2718 5108 καίότι,
2744 5047 2911 5114 φησὶν,
2939 5046 3241 5114 ἀνακομίσαι
3262 5054 3325 5115 τῇ
3352 5044 3611 5109 Βυζαντίδι
3636 5050 3831 5104 ταύτην

2242 5140 2489 5209 προσήκει
2519 5174 2532 5189 .
2577 5142 2733 5189 τοῦτο
2782 5139 2865 5188 καί
2910 5143 2984 5207 τῷ
3031 5135 3299 5213 Προὸρόμῳ
3342 5134 3549 5190 δοκοῦν·
3579 5133 3634 5195 ὃς
3663 5140 3741 5189 καί
3768 5138 3831 5190 τοὶ

2246 5225 2485 5296 ὁραθέντα
2522 5224 2647 5283 δῆλα
2696 5228 2961 5283 καθίστησι
3000 5230 3087 5281 καὶ
3122 5235 3193 5299 τῷ
3229 5227 3461 5300 βασιλεῖ·
3502 5222 3578 5285 οἷς
3612 5230 3698 5279 καί
3740 5228 3831 5295 ἀμ·

2244 5318 2465 5390 φοτὲροις
2479 5322 2587 5374 πῶς
2602 5312 2659 5369 άν
2674 5315 2829 5375 εἴποις
2845 5317 3066 5384 εὐθύμως
3083 5336 3144 5370 πε
3149 5320 3199 5390 ρί
3214 5317 3272 5370 τό
3284 5322 3499 5386 πρᾶγμα
3513 5314 3787 5370 διατεθεῑσι
3814 5356 3827 5379 ,

2244 5412 2531 5466 στέλλονται
2558 5416 2657 5487 πρὸ
2684 5414 2878 5468 τούτων
2901 5414 3044 5472 εὐθὺς
3070 5418 3153 5467 καί
3193 5416 3238 5466 οἵ
3264 5414 3343 5468 τόν
3370 5415 3625 5488 Θησαυρόν
3669 5414 3831 5467 ἁνιλό·

2245 5524 2399 5573 μενοι.
2432 5503 2491 5556 Οί
2518 5509 2603 5559 καί
2631 5506 2715 5560 τόν
2736 5505 2891 5560 τόπον
2916 5506 3298 5573 κατιτλαϐόντες,
3329 5512 3418 5559 καὶ
3444 5504 3563 5561 ἔνθα
3589 5508 3620 5564 ἡ
3648 5506 3830 5577 κεφαλό

2243 5595 2529 5649 ἕναπὲκειτο
2575 5597 2896 5658 ἐπιστάντες,
2948 5597 3079 5651 καθά
3120 5599 3199 5651 καί
3242 5597 3267 5651 ό
3309 5600 3587 5673 ἀρχιερεύς
3626 5599 3833 5654 τούτοις

2244 5686 2554 5757 ὶγνὼρισεν,
2612 5688 2821 5757 ἐντίμως
2878 5687 3056 5742 ἕκιῖθεν
3120 5688 3573 5758 άναλαμέάνονσι,
3632 5691 3719 5743 καί
3769 5697 3835 5759 τῇ

2244 5774 2466 5845 βασιλίδι
2539 5775 2700 5852 δῶρον
2764 5778 2975 5842 eadem
3042 5780 3460 5852 ίναπορέρνσιν·
3534 5778 3661 5836 ἀλλὰ
3735 5780 3836 5854 γὰρ
