3964 6340
210 407 313 462 “5

858 406 948 461 AD
988 404 1258 461 HISTOR.
1302 402 1732 461 lNVEN'ﬂONlS
1769 401 2037 461 CAl’lTlS
2075 402 2133 459 S.
2174 401 2456 459 JOANNIS
2504 404 2863 460 APPENDIX.

3386 403 3491 459 H6

204 531 394 587 scitur.
438 528 610 583 Porro
681 526 1075 583 adinventionis
1134 528 1324 584 modus
1372 527 1635 597 ejusmodi
1686 526 1784 581 fuit

1910 522 2055 579 οῧπω
2101 526 2404 585 ίπιστάντες
2448 528 2530 579 καί
2573 526 2816 597 βασιλεὺς
2860 526 2967 596 ἅμα
3017 531 3099 582 καὶ
3134 535 3490 603 πατριάρχης.

275 621 451 677 Nocte
476 621 709 691 quadam
731 636 853 677 cum
868 620 1110 690 pontifex
1143 620 1469 691 Theophoro
1493 620 1570 674 illi
1595 614 1821 687 cogno-‘

204 713 337 767 mini
384 713 735 782 moribusque
762 710 937 766 aflinis
968 711 1151 767 laudes
1180 712 1291 767 Deo
1321 710 1572 775 offerret,
1617 711 1799 766 divina

203 808 449 879 quaedam
479 807 692 862 caelitus
722 806 855 862 visio
877 805 951 859 illi
973 804 1161 873 obtigit
1188 805 1411 875 (habere
1437 802 1641 859 scilicet
1691 801 1799 857 Co-

203 914 417 952 manam
439 897 713 952 civitatem
745 897 1190 966 pretiosissimum
1213 903 1394 965 caput,
1427 903 1679 962 argentea
1702 909 1796 947 ur-

202 1008 267 1045 na
293 991 579 1049 inclusum,
606 1005 671 1042 ac
698 1005 855 1044 sacro
888 990 1007 1044 loco
1036 989 1345 1053 conditum;
1371 1002 1657 1058 operieque
1686 1001 1799 1056 pre-

202 1082 334 1135 tium
365 1096 487 1135 esse
541 1088 601 1133 ut
653 1079 964 1149 Bysantium
1021 1076 1436 1141 transferretur;
1481 1078 1557 1131 sic
1601 1089 1797 1145 nempe

198 1173 362 1225 etiam
392 1154 719 1224 Précursori
748 1169 964 1237 visum).
993 1168 1097 1234 Qui
1124 1175 1179 1222 et
1202 1167 1512 1237 imperatori
1535 1181 1653 1235 quae
1677 1165 1793 1218 visa

198 1262 412 1316 fuerant
440 1261 751 1315 declaravit.
786 1260 1061 1314 Ambobus
1084 1259 1246 1327 igitur
1271 1273 1392 1312 eam
1425 1258 1477 1311 in
1500 1272 1614 1311 rem
1659 1256 1798 1310 bene

196 1355 470 1417 animatis,
493 1338 777 1407 mittuntur
800 1353 982 1406 statim
1011 1352 1080 1405 ab
1109 1360 1338 1419 utroque
1358 1349 1450 1419 qui
1484 1349 1795 1402 thesaurum

196 1448 410 1501 to‘lant.
435 1446 632 1500 llicum
656 1446 719 1498 ad
748 1446 922 1499 iocum
938 1444 1231 1510 venissent,
1256 1458 1319 1497 ac
1344 1442 1430 1495 ubi
1445 1448 1606 1511 caput
1630 1439 1799 1508 depo-

194 1540 356 1592 situm
390 1547 558 1603 esset,
586 1552 695 1605 quo
718 1536 795 1590 eis
818 1535 1060 1605 pontifex
1097 1533 1295 1587 indicio
1349 1532 1607 1599 signarat,
1660 1529 1798 1583 didi-

194 1632 415 1695 cissent,
442 1636 751 1684 reverenter
779 1627 901 1681 inde
939 1632 1310 1680 extraxerunt.
1345 1622 1631 1676 Enimvero
1662 1636 1797 1675 non-

194 1724 319 1777 dum
351 1732 504 1777 certo
534 1722 613 1775 rei
644 1721 695 1773 in
727 1720 915 1773 urbem
946 1718 1111 1771 allato
1143 1717 1353 1781 nuntio,
1404 1716 1697 1785 imperator
1724 1713 1798 1767 si-

194 1814 305 1866 mul
337 1828 404 1867 ac
428 1813 756 1881 patriarcha,
772 1826 833 1865 ac
853 1817 1120 1878 quotquot
1143 1807 1325 1860 inaula
1344 1821 1613 1876 proceres,
1637 1813 1798 1873 quot-

1902 614 2016 670 ὅσον
2050 618 2258 693 περίτᾶ
2283 617 2546 690 βασίλεια,
2600 621 2685 671 καί
2741 616 2863 671 ὅσον
2904 622 2955 672 ἐν
2996 620 3188 693 ἱερεῦσι
3226 629 3310 677 καὶ
3341 628 3489 693 μονάο

1901 714 2045 773 gown
2077 752 2090 774 ,
2140 720 2231 771 τῆς
2281 712 2477 771 πόλεως
2520 714 2838 782 προεξηέσαν
2865 754 2878 773 ,
2929 716 3109 790 μύροις
3150 721 3232 769 καί
3259 718 3489 788 λαμπάσι

1899 808 2322 867 προϋπαντῶντες
2346 839 2361 862 .
2393 804 2476 855 καί
2500 804 2593 853 σύν
2618 802 2772 874 «OX/fa
2796 800 3072 877 δορυφορίᾳ
3100 813 3163 877 τῇ
3189 807 3376 881 πιφαλῇ
3402 814 3490 867 τὴν

1900 889 2097 945 εἴσοδον
2119 893 2511 965 εύτρεπίζσντες·
2596 888 2821 961 ὄμματα,
2850 898 2930 947 καί
2956 896 3125 965 χείλη,
3152 901 3234 952 καί
3254 901 3486 971 μέτωπα.

1899 988 1985 1038 καὶ
2034 986 2136 1059 πρό
2176 987 2370 1038 τούτων
2426 983 2639 1058 καρδίας
2674 984 3066 1059 προσάψαντες,
3100 992 3289 1047 ταύτην
3330 995 3488 1065 χερσί

1899 1080 2231 1151 φριττούσαις
2271 1077 2295 1131 6
2339 1080 2619 1153 ἀρχιερεύς
2659 1078 2969 1149 ἀνελόμενος,
3015 1088 3088 1149 τῷ
3133 1082 3182 1133 ὲν
3212 1082 3489 1151 βασιλείοις

1898 1169 2189 1244 ἐνκποφὲρει
2210 1176 2309 1240 ναῷ
2336 1170 2481 1222 κάκεῖ
2498 1170 2584 1222 τὸν
2606 1170 2857 1242 θησαυρῦν
2883 1174 3177 1227 κατατίθησι
3198 1214 3212 1236 ,
3256 1175 3487 1243 πέμπτην

1898 1255 2110 1330 ἄγοντος
2138 1258 2249 1314 τότε
2279 1262 2362 1312 καί
2384 1257 2556 1313 εἰκάδα
2579 1265 2669 1313 τοῦ
2700 1260 2868 1313 Μαΐου
2892 1264 3067 1329 μην³ς⁹
3098 1261 3228 1319 αὕτη
3264 1265 3364 1336 γάρ
3406 1267 3489 1317 καί

1897 1360 1987 1410 τῆς
2018 1354 2350 1429 πανηγύρεως
2398 1352 2584 1425 ἠμὲρα,
2619 1354 2705 1404 καί
2750 1352 2901 1422 ἔορτή
2948 1350 3135 1410 δηλαδή
3180 1360 3269 1412 τῆς
3312 1355 3488 1423 τρίτης

1898 1444 2209 1514 ἀνευρέσεως
2230 1486 2243 1506 ,
2276 1442 2305 1500 ἦ
2332 1445 2413 1495 καί
2442 1443 2761 1501 καταθέσεως
2780 1459 2793 1472 ·
2825 1442 3047 1513 λεγέσθω
3075 1445 3175 1516 γάρ
3206 1442 3483 1517 ἀμφότερα,

1898 1530 1975 1586 ὅτι
2002 1536 2082 1587 καί
2112 1535 2204 1603 μία
2231 1536 2350 1607 περί
2380 1533 2639 1609 ἀμφότερα
2668 1535 2698 1591 ἡ
2727 1537 3029 1606 πανήγυρις.
3068 1530 3204 1587 Ἔδει
3248 1535 3345 1605 γάρ
3400 1535 3485 1588 τὸν

1896 1631 1986 1683 τὴν
2010 1624 2204 1700 Τριάδα
2233 1630 2539 1695 τιμήσαντα.
2572 1629 2657 1678 καί
2683 1633 2794 1684 τοῖς
2823 1622 2987 1683 ἄλλοις
3033 1623 3298 1700 διαῤῥήδην
3341 1627 3483 1698 ὶκφῇ’

1894 1736 2079 1775 ναντα,
2112 1719 2223 1789 τρίς
2252 1718 2335 1769 καί
2364 1716 2515 1769 αὐτὸν
2541 1724 2632 1775 τῆς
2661 1716 2871 1787 κεφαλῆς
2901 1716 3113 1785 ὶμφάναι
3146 1720 3234 1773 τήν
3261 1715 3480 1789 εὕρεσιν

1896 1810 1978 1858 καί
2004 1804 2121 1874 μήτ’
2150 1804 2399 1873 ἔλλεῖψαι,
2432 1806 2544 1877 μηθ’
2578 1805 2857 1877 ὀπερϐἦναι
2910 1806 2994 1857 τῖιν
3045 1805 3273 1876 άριθμέγ
3315 1807 3382 1863 ὡς
3425 1799 3485 1857 ἂν

194 1911 329 1972 quot
358 1902 545 1956 clerici
575 1917 639 1955 ac
665 1900 938 1965 monachi,
991 1906 1143 1951 extra
1196 1897 1463 1950 civitatein
1491 1895 1643 1949 effusi
1668 1909 1787 1948 cum

1899 1893 2023 1964 ἔχοι
2042 1897 2131 1948 κάν
2157 1897 2325 1965 τούτῳ
2348 1898 2522 1969 ὥσπερ
2546 1894 2605 1953 δή
2633 1898 2723 1948 κάν
2753 1904 2860 1955 τοῖς
2890 1893 3059 1955 ἄλλοις
3201 1898 3485 1969 άρχιφὼτῳ

193 1992 465 2048 sufiitibus
488 2006 553 2045 ac
580 1989 912 2059 lampadibus
932 1987 1145 2041 obviam
1170 1990 1567 2055 processerunt,
1595 1983 1794 2036 multo-

193 2097 299 2150 que
328 2088 592 2149 apparatu
622 2084 785 2147 caput
806 2091 999 2146 pompa
1026 2074 1395 2139 deduxerunt;
1427 2072 1513 2126 cui
1567 2081 1621 2126 et
1663 2087 1791 2126 ocu-

193 2173 292 2235 los,
317 2182 377 2227 et
399 2172 565 2233 labia,
594 2178 648 2223 et
676 2169 926 2233 frontem,
950 2182 1167 2238 praeque
1196 2166 1313 2221 aliis
1358 2173 1579 2235 pectora
1606 2164 1791 2218 admo-

194 2272 411 2319 verunt.
435 2261 570 2315 Tum
593 2258 831 2330 pontifex
862 2259 1065 2328 trepida
1096 2274 1256 2312 manu
1299 2256 1587 2321 sublatum,
1641 2255 1791 2326 pala-

194 2358 310 2411 tino
341 2356 545 2424 templo
575 2356 883 2408 thesaurum
916 2351 1094 2417 infert,
1122 2367 1187 2407 ac
1213 2351 1321 2405 illic
1349 2349 1569 2421 deponit
1601 2367 1614 2402 :
1639 2363 1791 2402 nem-

191 2463 261 2517 pe
289 2447 380 2501 die
408 2444 479 2500 25
510 2444 707 2500 mensis
737 2443 878 2497 Maii.
908 2441 1004 2496 Hic
1025 2442 1166 2496 enim
1196 2440 1526 2496 celebritatis
1549 2438 1681 2503 dies,
1709 2436 1789 2491 fe-

190 2547 337 2593 stum
369 2537 576 2591 scilicet
627 2535 801 2589 tertia:
846 2533 1174 2587 lnveutionis
1229 2548 1325 2587 seu
1405 2530 1784 2600 Depositionis.

192 2626 496 2697 Utrumque
549 2628 691 2681 enim
721 2627 946 2692 dicatur,
978 2626 1193 2696 quando
1216 2634 1270 2681 et
1297 2626 1577 2693 utriusque
1608 2624 1786 2678 nomi-

191 2736 261 2775 ne
281 2735 388 2773 una
410 2720 585 2787 agitur
613 2719 945 2773 solemmlas.
976 2716 1080 2771 Par
1129 2718 1272 2772 enim
1316 2726 1435 2772 erat
1489 2724 1548 2770 ut
1576 2714 1788 2769 Triadis

190 2810 390 2873 cultor,
416 2824 481 2863 ac
508 2824 599 2876 qui
648 2808 765 2862 aliis
798 2808 916 2876 ejus
956 2808 1239 2880 perSpicue
1266 2806 1556 2862 detexisset
1583 2813 1785 2877 myste-

192 2901 356 2959 rium,
385 2900 556 2952 tribus
580 2913 794 2968 quoque
818 2898 1022 2952 vicibus
1045 2906 1209 2969 caput
1235 2912 1389 2952 suum
1408 2895 1786 2950 inveniendum

190 2992 483 3061 proderet;
513 3007 578 3044 ac
608 3006 782 3059 neque
808 2992 875 3046 ab
903 3006 970 3046 eo
990 2991 1504 3056 deficeretnumero,
1538 3004 1638 3043 nec
1662 3004 1785 3043 eum

189 3090 507 3152 superaret;
544 3083 727 3137 uthac
750 3098 966 3152 quoque
1018 3082 1246 3145 ratione,
1276 3081 1353 3135 uti
1406 3080 1545 3143 aliis,
1600 3079 1787 3149 prima:

189 3172 319 3226 duci
350 3171 531 3225 Triadi
561 3173 699 3225 uniri
753 3181 954 3241 posset,
980 3182 1139 3241 atque
1174 3174 1293 3242 ejus
1339 3187 1563 3225 numero
1616 3172 1785 3225 hone-

190 3261 355 3316 stati.
384 3259 658 3316 Pretiosus
680 3276 910 3331 namque
937 3278 1193 3316 numerus
1237 3269 1339 3325 est,
1397 3260 1674 3329 omnique,
1725 3271 1783 3314 ut
1816 3247 1862 3307 Β

191 3349 276 3403 sic
296 3348 495 3413 dicam,
528 3350 842 3417 acceptione
878 3350 1088 3417 dignus.
1142 3348 1348 3403 Etenim
1381 3350 1481 3403 tria
1512 3357 1637 3403 sunt
1664 3364 1783 3418 quin

192 3436 487 3491 adoramus
512 3436 590 3492 sic
641 3438 887 3508 personis
914 3438 1186 3502 distincta,
1230 3439 1331 3517 etsi
1391 3448 1582 3492 natura
1636 3439 1783 3492 unita

192 3536 344 3581 sunt.
375 3526 507 3582 Tres
534 3528 661 3582 item
702 3538 884 3598 partes
903 3529 1045 3583 circa
1093 3530 1326 3583 animam
1376 3529 1780 3596 dignoscuntur,

193 3619 393 3688 quibus
416 3618 613 3672 animal
635 3620 896 3674 rationale
925 3620 1180 3675 incitatur
1205 3634 1268 3673 ac
1288 3619 1490 3687 agitur;
1520 3626 1630 3673 tres
1649 3633 1785 3688 quo-

193 3723 305 3777 que
332 3709 474 3763 circa
496 3724 692 3778 corpus
718 3709 1103 3779 dimensiones,
1128 3710 1321 3779 quibus
1350 3711 1479 3765 illud
1496 3709 1749 3766 deﬁnitur
1765 3753 1782 3780 ,

196 3807 310 3853 tres
329 3798 531 3853 homini
558 3798 695 3853 data:
715 3800 882 3868 leges,
902 3801 1096 3869 quibus
1124 3809 1542 3870 componeretur
1574 3817 1588 3853 :
1622 3808 1783 3855 natu-

191 3887 345 3952 ralis,
376 3887 595 3957 scripta,
626 3903 691 3943 ac
711 3888 915 3956 gratim.
946 3887 1139 3944 Tribus
1188 3892 1399 3944 animus
1451 3890 1781 3960 contempla-

187 3978 434 4032 tionibus
459 3978 781 4033 desiderium
804 3980 1074 4045 subvehit,
1106 3995 1301 4050 nempe
1356 3981 1605 4047 naturali,
1632 3980 1784 4036 intel-

186 4071 404 4139 ligihili,
431 4087 579 4127 acea
607 4086 727 4141 qua:
784 4073 889 4127 vim
944 4087 1157 4127 onmem
1199 4073 1504 4128 intellectus
1547 4074 1777 4128 excedit.

188 4166 316 4219 Non
338 4164 477 4219 enim
508 4165 671 4219 habet
691 4180 798 4235 quo
820 4165 1046 4219 ulterius
1067 4165 1406 4230 extendatur,
1439 4166 1525 4220 vel
1578 4166 1623 4220 si
1657 4180 1782 4235 per-

186 4256 590 4326 spicacissimus
617 4258 705 4311 sit.
725 4256 856 4311 Tres
896 4257 1059 4310 etiam
1086 4257 1438 4326 iubaptismo
1463 4256 1776 4321 mersiones,

186 4360 317 4415 qua:
342 4354 397 4399 et
425 4345 740 4400 Trinitatem
784 4346 1034 4413 figurant,
1063 4361 1129 4401 ac
1180 4346 1410 4401 obscure
1453 4347 1776 4415 significant.

188 4436 413 4506 Triplex
443 4437 677 4507 Spiritus
704 4438 876 4492 sancti
907 4438 959 4491 iu
990 4438 1283 4507 discipulos
1312 4452 1343 4491 a
1371 4436 1653 4492 Salvatore
1696 4436 1778 4492 fa-

190 4536 286 4581 cta
315 4526 619 4591 insumatio,
663 4529 855 4597 quibus
896 4528 971 4582 illi
1019 4530 1298 4599 copiosum
1347 4530 1533 4597 gratia:
1586 4545 1779 4584 munus

191 4617 377 4686 adepti
403 4627 549 4672 sunt.
580 4617 710 4673 Tres
739 4619 868 4672 item
893 4633 1071 4672 rerum
1120 4619 1469 4686 mutationes,
1513 4633 1647 4688 quas
1671 4626 1779 4673 ter-
1808 4613 1861 4672 D

189 4718 451 4763 mmotus
480 4717 698 4776 vocant,
719 4723 1023 4777 quanquam
1074 4707 1243 4763 altera
1299 4709 1489 4763 harum
1541 4709 1780 4763 nondum

188 4800 417 4855 exstitit.
435 4799 572 4866 Quid
602 4815 729 4854 vero
776 4815 911 4868 opus
944 4800 1099 4869 plura
1126 4801 1194 4855 de
1225 4802 1463 4856 ternario
1493 4816 1557 4856 ac
1586 4801 1781 4856 Triade

190 4892 413 4946 diceret
445 4891 532 4947 Uti
555 4894 696 4947 enim
753 4892 906 4947 Trias
942 4893 1066 4948 lidei
1118 4902 1316 4949 nostrae
1367 4903 1531 4965 caput
1556 4903 1659 4963 est,
1703 4895 1781 4949 sic

189 4982 353 5051 plane
381 4989 440 5036 et
467 4983 730 5038 ternarius
759 4984 900 5039 inter
928 4999 1182 5039 numeros
1208 4984 1437 5039 eximius
1464 4994 1564 5050 est,
1611 4985 1697 5045 cui
1726 4993 1782 5040 et

194 5072 439 5127 inventio
478 5074 591 5128 lucc
617 5074 757 5129 sacri
788 5075 1025 5144 pignoris
1064 5084 1500 5139 connumeratur,
1556 5090 1621 5129 ac
1673 5090 1779 5143 qua

189 5164 534 5219 honestatem
563 5167 879 5235 ampliorem
913 5176 1070 5222 nacta
1101 5174 1203 5222 est.
1263 5166 1447 5235 Neque
1489 5166 1633 5221 enim
1690 5167 1779 5220 illa

190 5272 302 5312 una
331 5264 416 5311 est
442 5266 496 5312 et
521 5258 825 5327 singularis,
847 5259 1062 5328 quando
1105 5259 1268 5314 etiam
1318 5274 1483 5313 unum
1526 5274 1781 5313 numerus

189 5345 541 5416 imperfectus
561 5356 643 5403 est
672 5363 737 5402 ac
765 5363 955 5402 carens
975 5348 1309 5416 quantitate;
1354 5360 1528 5416 neque
1558 5346 1779 5416 duplex,

189 5436 337 5506 quod
367 5443 424 5491 et
450 5437 1384 5501 hiuarius‘materimeommixtussit,
1419 5454 1447 5492 a
1478 5453 1583 5506 qua
1612 5436 1779 5491 Joan-

158 5512 168 5523 ’
192 5541 293 5581 nes
320 5542 484 5596 purus
503 5528 729 5584 exstitit.
755 5527 943 5596 Itaque
970 5528 1041 5583 ob
1067 5542 1186 5582 eam
1216 5543 1431 5583 causam
1472 5527 1666 5597 triplex
1712 5542 1777 5581 ea

189 5626 296 5680 est,
321 5618 467 5686 quod
495 5618 571 5672 illi
602 5619 862 5673 ternarius
915 5619 1110 5674 honori
1160 5618 1440 5682 habeatur,
1473 5633 1536 5672 ac
1583 5617 1777 5673 chartis

189 5706 283 5771 sit,
307 5715 560 5776 tanquam
592 5709 841 5765 nimirum
871 5708 1066 5764 Triade
1094 5709 1408 5765 honestatus
1456 5723 1520 5763 ac
1548 5710 1597 5764 ei
1644 5724 1776 5765 con-

190 5809 529 5856 numeratus.

1894 1987 2127 2041 ἕνοῦσθαι
2153 1986 2353 2063 τριάδι.
2398 1991 2482 2040 καί
2512 1990 2709 2063 ἀριθμῷ
2756 1996 2830 2056 τῷ
2882 1990 3069 2049 ἐκείνης
3107 1991 3437 2061 σεμνύνεσθαι
3466 2006 3478 2020 ⁸

1892 2078 2057 2147 τίμιος
2084 2081 2185 2152 γάρ
2218 2077 2242 2131 ὁ
2272 2079 2504 2152 ἀριθμὸς,
2528 2081 2611 2130 καί
2638 2085 2728 2133 τοῦ
2757 2080 2965 2142 παντὸς,
3000 2082 3067 2139 ὡς
3096 2082 3277 2144 εἰπεῖν,
3303 2078 3439 2143 ἄξιος
3465 2096 3481 2112 ⁸

1892 2173 2013 2239 τρία
2057 2168 2154 2239 γάρ
2192 2170 2309 2237 ημῖν
2341 2169 2405 2222 τά
2456 2170 2877 2241 προσκυνούμενα
2902 2210 2916 2233 ,
2970 2179 3084 2229 ταῖς
3135 2173 3482 2225 ύποστάσεσιν

1893 2257 2027 2311 οὕτω
2057 2260 2321 2329 νοούμενα,
2350 2254 2443 2312 κᾶν
2472 2268 2533 2334 τῇ
2563 2263 2713 2331 φύσει
2744 2266 3032 2320 συνήνωται
3053 2281 3065 2294 '
3112 2268 3196 2316 καί
3220 2268 3339 2337 τρία
3362 2266 3483 2339 περί

1892 2357 1984 2409 τήν
2026 2351 2205 2421 ψυχήν
2233 2352 2361 2425 μέρη
2388 2350 2709 2422 διέγνωσται,
2737 2355 2785 2406 ἔν
2813 2351 2886 2414 οἷς
2912 2358 2994 2408 καί
3021 2359 3079 2409 τό
3116 2356 3312 2426 λογικὸν
3356 2360 3482 2419 ζῶον

1890 2443 2125 2514 ἐξάγεται
2144 2458 2154 2470 ·
2188 2451 2327 2513 τρεῖς
2356 2446 2441 2496 καί
2466 2446 2586 2517 περί
2608 2444 2665 2496 τὸ
2688 2451 2838 2514 σῶμα
2858 2442 3175 2506 διαστάσεις,
3206 2448 3255 2498 ἐν
3276 2442 3356 2505 αἷς
3383 2444 3481 2504 ἤδη

1890 2541 1967 2587 καἒ
2013 2539 2394 2610 περιγράφεται.
2438 2543 2593 2609 Τρεῖς
2639 2540 2725 2588 καί
2764 2536 2808 2588 οί
2858 2536 3081 2597 δοθέντες
3124 2540 3292 2610 τούτῳ
3344 2539 3479 2611 νὸμοι

1890 2625 2020 2699 πρὸς
2043 2626 2388 2699 ἐπανόρθωσιν
2414 2669 2428 2691 ,
2459 2627 2669 2697 φυσικὸς
2702 2626 2813 2697 ἅμα
2835 2631 2919 2680 καί
2945 2631 3194 2705 γραπτὰς.
3226 2633 3309 2682 καί
3337 2628 3363 2682 6
3387 2638 3479 2689 τῆς

1893 2718 2115 2789 χάριτος
2142 2734 2153 2746 ·
2188 2718 2238 2769 ὶν
2265 2721 2401 2794 τρισί
2432 2719 2666 2792 θεωρίαις
2697 2721 2783 2772 καί
2812 2717 2978 2780 ὁνοῦς
3024 2722 3197 2791 ἀνάγει
3243 2726 3331 2779 τήν
3377 2719 3479 2793 ἔφε-

1889 2831 1971 2864 σιν
1995 2827 2008 2840 “
2039 2809 2197 2884 ὁρατῇ
2223 2848 2238 2873 ,
2271 2813 2418 2881 φημί,
2449 2814 2530 2864 καί
2551 2819 2727 2884 νοητῇ,
2760 2815 2842 2865 καί
2869 2821 2931 2885 τῇ
2973 2813 3104 2885 ὑπὲρ
3151 2817 3240 2870 τήν
3289 2814 3474 2870 νόησιν.

1889 2899 2019 2954 Ούδί
2045 2904 2145 2974 γάρ
2177 2899 2295 2972 ἔχει
2325 2900 2441 2955 ἄλλο
2484 2924 2533 2957 τι
2558 2906 2690 2975 πρὸς
2717 2901 2742 2957 ὃ
2770 2906 2949 2978 ἔκταθῇ
2978 2947 2991 2967 ,
3034 2901 3124 2958 κᾶν
3171 2905 3478 2960 διαϐατικώ·

1888 3012 2043 3051 τατος
2089 2994 2313 3063 γίνηται.
2338 3001 2484 3067 Τρεῖς
2516 2998 2600 3047 καί
2627 2996 2680 3048 αί
2711 2997 2760 3048 ἐν
2790 3004 2864 3068 τῷ
2908 2997 3236 3067 βαπτίσματι
3265 2995 3476 3052 καταδύ-

1889 3102 1998 3141 σεις
2024 3123 2037 3143 ,
2070 3081 2120 3134 οἳ
2158 3087 2245 3137 καί
2282 3090 2371 3143 τήν
2408 3084 2599 3157 Τριάδα
2646 3094 2870 3143 τυποῦσι
2894 3128 2908 3150 ,
2966 3093 3049 3142 καί
3098 3090 3474 3163 dirae/poisoner.

1890 3181 2037 3248 Τρεῖς
2062 3177 2149 3228 καί
2176 3176 2229 3229 αί
2258 3184 2369 3236 τοῖς
2394 3178 2641 3247 μαθηταῖς
2673 3179 2972 3249 ἐμπνεύσεις
2995 3187 3086 3235 τοῦ
3127 3180 3273 3251 ἁγίου
3320 3182 3475 3235 πνεύο

1887 3286 2049 3336 ματος
2077 3268 2222 3339 παρά
2262 3272 2356 3320 τοῦ
2386 3276 2646 3343 Σωτῆρος,
2677 3270 2723 3321 ἐν
2751 3266 2831 3329 αἷς
2860 3273 2941 3323 καί
2970 3268 3157 3339 δαψιλῆ
3185 3276 3274 3328 τήν
3316 3269 3475 3346 χάριν

1886 3358 2411 3428 προσεπεσπὰσαντο.
2439 3367 2584 3433 Τρεῖς
2615 3363 2700 3413 καί
2729 3362 2782 3415 αἱ
2821 3369 2919 3415 τῶν
2956 3364 3271 3436 πραγμάτων
3311 3384 3466 3431 μετα-

1888 3444 2069 3498 ϐολαί’
2102 3448 2307 3510 σεισμοὶ
2342 3447 2477 3502 οὕτω
2522 3450 2815 3521 καλούμενοι
2844 3490 2860 3515 ,
2908 3448 2999 3504 κ’ν
3048 3454 3258 3527 θάτερος
3307 3456 3473 3505 αὐτῶν

1886 3532 2035 3588 οὔπω
2060 3535 2310 3594 ἐνέστηκε.
2342 3542 2442 3592 Καί
2462 3542 2513 3593 τί
2542 3538 2623 3594 δεῖ
2663 3562 2749 3609 μοι
2772 3542 2972 3595 πλείονκ
2996 3543 3153 3613 λέγειν
3178 3545 3296 3612 περί
3324 3551 3475 3618 τριῶν

1884 3632 1970 3680 καὶ
2007 3626 2231 3703 τριάδοςζ
2262 3642 2347 3690 Ὠς
2373 3635 2474 3704 γὰρ
2518 3632 2650 3689 αὕτη
2696 3642 2790 3693 τῆς·
2829 3635 3052 3694 πίστεως
3079 3638 3218 3704 ἡμῶν
3244 3638 3301 3689 τὸ
3328 3656 3473 3707 κεῖρα-

1883 3718 2050 3781 λαῖον,
2076 3720 2208 3775 οὕτω
2235 3723 2438 3781 πάντως
2453 3725 2531 3775 γαί
2558 3730 2644 3777 τοῦ
2674 3725 2891 3796 ἀριθμοῦ
2917 3726 2975 3778 τὸ
3003 3727 3173 3798 τρίτον
3197 3727 3469 3800 ἐξαίρετον,

1883 3805 1924 3881 ᾧ
1955 3812 2033 3862 καί
2062 3812 2091 3867 ἠ
2122 3810 2322 3885 εὕρεσις
2351 3814 2735 3886 συνηρίθμηται,
2760 3818 2841 3867 καί
2930 3817 3207 3891 σεμνοτίρα
3234 3819 3474 3871 καθίστα·-

1882 3924 1968 3956 ται
1986 3920 1996 3930 ’
2030 3901 2140 3957 ούδέ
2166 3904 2265 3978 γάρ
2292 3908 2383 3974 μία
2411 3904 2542 3962 αὕτη
2572 3946 2586 3968 ν
2624 3903 2702 3961 ὅτι
2734 3909 2820 3960 καί
2849 3906 2875 3960 6
2911 3903 2981 3967 εἷς
3009 3908 3219 3981 ἀριθμὸς
3237 3952 3251 3974 ,
3292 3910 3473 3970 ἀτελής

1883 3997 1967 4048 καί
1996 3992 2217 4056 ἆποσος³
2252 3994 2365 4051 ούδέ
2393 3994 2607 4071 δευτέρα
2634 4038 2649 4062 ,
2701 3992 2780 4053 ὅτι
2826 4002 2910 4052 καί
2954 3997 2979 4051 6
3023 3997 3257 4072 δεύτερος
3288 4008 3349 4074 τῇ
3379 4000 3473 4073 ὕλῃ

1885 4086 2210 4157 σύμμικτος,
2267 4084 2325 4146 ἧς
2363 4089 2518 4147 αὐτὸς
2572 4089 2868 4161 ἐκαθάρευεν
2894 4104 2908 4119 ⁶
2958 4090 3135 4142 οὐκοῦν
3190 4088 3273 4143 διά
3322 4098 3474 4145 τοῦτο

1882 4177 2048 4249 τρίτη.
2073 4174 2150 4232 ὅτι
2177 4180 2261 4231 καί
2288 4180 2422 4251 αύτῷ
2449 4182 2612 4249 τίμιον
2634 4179 2692 4233 τὸ
2718 4181 2887 4253 τρίτον
2902 4181 2985 4233 καί
3004 4180 3472 4253 περισπούδαστον,

1884 4273 1952 4331 ὡς
1980 4280 2041 4345 τῇ
2068 4272 2246 4346 Τριάδι
2270 4278 2545 4347 τιμώμενον
2576 4279 2659 4329 καί
2680 4276 3161 4347 συναριθμούμενον.

1954 4362 2075 4417 Ἀλλ’
2102 4368 2212 4418 ἐπεί
2237 4386 2317 4426 σε,
2351 4361 2389 4418 ὦ
2416 4370 2773 4442 μακαριώτατε
2820 4365 3075 4441 Πρόδρομε
3098 4407 3113 4430 ,
3141 4376 3232 4428 τῆς
3259 4365 3472 4441 Τριάδος

1885 4451 2111 4525 ἔγνωμεν
2153 4459 2238 4508 καί
2282 4456 2499 4528 λάτρην,
2556 4461 2639 4510 καί
2686 4458 3008 4530 πρεσϐευτήν
3047 4455 3259 4527 ἄριστον
3283 4496 3298 4521 ,
3326 4455 3390 4510 δι’
3416 4459 3473 4514 ἣν

1883 4547 1963 4597 καὶ
2002 4550 2114 4617 ᾼτήν
2186 4545 2395 4614 κεφαλήν
2461 4548 2813 4617 ἁποτίτμησαι
2845 4586 2861 4610 ,
2908 4552 2978 4615 μὴ
3041 4546 3235 4614 ἐλλείπῃ
3282 4546 3473 4602 ταύτην

1884 4610 2033 4706 ἡμῖν⁹
2072 4638 2247 4705 εὐμενῆ
2321 4636 2603 4693 καθιστῶν’

1883 4728 2055 4801 τρίϐον
2087 4732 2174 4786 τήν
2200 4727 2330 4801 πρὸς
2352 4728 2533 4786 ἐκείνην
2563 4726 2850 4800 βαδίζοιμῖν
2869 4766 2882 4789 ,
2910 4731 3012 4782 πᾶν
3042 4728 3235 4781 σκολιὸν
3261 4725 3343 4781 διὰ
3374 4733 3470 4781 σοῦ

1883 4816 2253 4889 ἔκτρεπόμενοι,
2285 4818 2370 4870 καί
2396 4819 2524 4891 πρὸς
2553 4815 2699 4877 ὁδούς
2724 4818 2815 4878 τὰς
2840 4817 3030 4877 εὐθείας
3058 4817 3467 4890 άπευθυνόμενοι⁶

2679 4640 2747 4696 ὡς
2796 4632 2856 4689 ἂν
2906 4637 2970 4690 τά
3029 4656 3083 4689 τε
3151 4632 3318 4700 ἄλλα,
3389 4638 3472 4689 καί

1887 4906 2089 4978 οἴδαμεν
2118 4910 2218 4981 γάρ
2245 4914 2335 4966 τήν
2370 4911 2487 4983 περί
2520 4910 2654 4977 ἡμᾶς
2697 4929 2795 4962 σου
2834 4911 2919 4962 καί
2947 4915 3165 4983 aram-liv
3203 4913 3285 4963 καί
3311 4909 3471 4965 διάθε-

1885 5009 1986 5052 σιν⁶
2011 5000 2090 5051 καί
2109 5004 2219 5057 πῶς
2246 4996 2351 5051 καθ’
2368 4997 2585 5053 ἑκάστην
2606 4997 2847 5051 πλουσίαν
2863 4995 3193 5071 ἓπιδαψιλεύῃ
3210 5004 3298 5057 τήν
3316 5001 3473 5074 χάριν

1884 5091 2024 5157 ἡμῖν,
2056 5089 2273 5157 ποίμνης
2300 5096 2392 5147 τῆς
2419 5096 2515 5147 σῆς
2534 5094 2931 5159 προϊστάμενος,
2983 5090 3066 5142 καί
3111 5091 3228 5149 τοὺς
3272 5097 3344 5160 τῷ
3366 5098 3471 5161 ναῷ

1885 5187 1963 5248 σῷ
1989 5175 2454 5250 προσεδρεύοντας,
2513 5180 2756 5249 μεγάλαις
2794 5186 2911 5240 ταῖς
2953 5176 3169 5255 δωρεαῖς
3198 5176 3472 5248 ἀμειϐόμε-

1884 5284 1987 5329 νος⁶
2018 5266 2084 5321 ὧν
2110 5272 2193 5335 καί
2214 5266 2383 5338 εἴημεν
2404 5268 2745 5328 ἀπολαύοντες
2764 5310 2777 5333 ,
2813 5272 2899 5323 καί
2918 5269 3117 5325 αὐτόθεν
3148 5267 3200 5323 δέ
3225 5271 3469 5343 ἀπαίρον-

1884 5380 1968 5419 τες
1990 5357 2167 5434 Τριάδι
2282 5358 2401 5433 ἁγία
2429 5362 2835 5433 παρασταίημεν,
2882 5363 2965 5414 καί
3017 5368 3090 5430 τῷ
3131 5363 3316 5419 ἐκείνης
3342 5362 3469 5429 φωτί

1889 5448 2290 5520 ἐλλαμογθλημεν,
2325 5446 2374 5502 ἓν
2399 5448 2777 5522 ΧριστῷῚησοῦ
2799 5456 2872 5523 τῷ
2891 5452 3049 5525 κυρίῳ
3066 5453 3224 5521 ἡμῶν,
3251 5448 3289 5519 ᾦ
3316 5454 3468 5504 πᾶσα

1881 5536 2065 5612 πρέπει
2094 5544 2213 5608 τιμὴ
2242 5542 2323 5592 καί
2350 5542 2703 5615 προσκύνησις
2744 5544 2840 5594 σύν
2889 5549 2961 5609 τῷ
3004 5542 3219 5613 ἀνάρχῳ
3258 5542 3419 5616 πατρί
3446 5581 3464 5609 ,

1880 5633 2057 5702 καὶτῷ
2087 5635 2316 5701 παναγίῳ
2344 5634 2595 5702 ῐινεύματι
2639 5638 2726 5686 νῦν
2773 5634 2860 5686 καί
2894 5634 2964 5692 είς
3001 5633 3123 5693 τούς
3157 5635 3466 5694 «(Sanctia

1881 5724 2093 5775 αἰώνων·
2121 5724 2270 5782 ἆαην.
