3964 6340
156 323 248 379 διο

789 322 879 376 ΑΙ)
917 319 1184 377 HlSTOR.
1229 319 1660 377 INV’ENTIONIS
1707 320 1971 378 CAI‘ITlS
2005 325 2060 378 S.
2104 322 2381 381 JOANNIS
2419 325 2776 384 APPENDIX.

3329 337 3436 394 450

148 441 438 494 itemonunt
470 433 612 502 fuga,
642 433 805 488 divini
821 434 996 488 omnis
1027 433 1264 488 muneris
1293 434 1436 501 larga
1468 433 1738 504 prtebitio.

1847 435 2142 514 ).ὁγον,περὶ
2158 435 2217 491 οὖ
2235 461 2382 512 φησιν
2399 439 2422 492 ὁ
2437 441 2563 501 θεῖος
2585 440 2754 496 Δαϐίδ·
2780 459 2797 492 t
2818 441 3152 508 Ἐξελεύσεταε
3174 445 3437 524 ἅνθρωπος

152 530 311 598 Caput
329 528 474 581 enim
502 528 622 595 ejus
647 525 845 594 estqui
878 525 931 578 in
960 525 1158 580 sterilis
1195 535 1352 579 utero
1398 526 1452 577 in
1502 524 1739 579 exsulta-

153 619 286 672 tione
314 616 547 684 gestivit,
574 615 644 669 ob
665 613 759 668 Dei
789 613 947 669 Verbi
976 614 1028 667 in
1053 613 1272 681 virginis
1294 620 1450 667 utero
1473 613 1739 668 incarnati

152 709 497 776 presentiam,
525 706 593 760 de
612 721 720 774 quo
749 705 824 758 ait
878 705 1270 760 sacratissimus
1315 704 1481 758 David
1512 723 1522 756 :
1548 704 1729 759 Exibit

153 801 306 860 homo,
329 808 378 850 et
397 814 487 850 cor
508 797 701 856 altum;
749 810 800 847 et
833 793 1146 848 exaltabitur
1173 794 1310 847 Deus
1368 793 1538 859 (Paul.
1585 810 1735 856 Lxm,

151 888 222 956 ὃ).
246 886 514 955 Caputest
536 886 676 939 illius
696 884 786 953 qui
815 884 989 938 adhuc
1036 899 1105 937 ex
1134 893 1290 937 utero
1313 883 1516 953 Spiritu
1543 893 1736 940 sancto

153 977 379 1046 repletus
408 983 526 1046 est;
545 975 613 1029 de
640 991 747 1044 quo
799 989 1024 1043 magnus
1055 974 1342 1028 Zacharias
1384 975 1459 1028 ait
1518 993 1530 1026 :
1565 974 1632 1026 Et
1663 983 1734 1040 tu,

153 1085 288 1138 puer,
317 1066 567 1135 propheta
594 1065 846 1118 Altissimi
870 1064 1132 1118 vocaberis
1157 1081 1174 1117 :
1195 1063 1404 1133 prwibis
1433 1065 1570 1118 enim
1620 1073 1740 1118 ante

153 1159 439 1224 Dominum,
466 1174 656 1226 parare
682 1159 790 1211 uias
819 1159 932 1227 ejus
953 1154 1105 1228 (Luc.
1130 1172 1169 1222 1,
1229 1156 1343 1226 76).
1395 1155 1570 1227 Caput
1596 1158 1738 1214 illius

151 1259 227 1305 est
252 1250 341 1318 qui
370 1249 438 1303 ab
467 1249 599 1318 ipsis
647 1248 800 1302 cunis
830 1262 1000 1318 usque
1031 1248 1098 1301 ad
1123 1247 1241 1316 ejus
1283 1249 1648 1304 ostensioucm
1671 1249 1738 1303 ad

150 1339 302 1396 Israel
323 1341 488 1394 vitam
514 1339 568 1392 in
597 1338 815 1392 deserto
845 1336 1095 1400 instituit,
1127 1335 1197 1391 de
1225 1351 1333 1406 quo
1388 1336 1556 1392 Isaias
1612 1354 1739 1408 pro-

151 1431 302 1500 pheta
357 1431 433 1482 ait
466 1447 479 1482 :
523 1428 636 1482 Vox
673 1428 947 1481 clamantis
985 1429 1039 1480 in
1084 1427 1284 1481 deserto
1314 1444 1334 1482 :
1367 1427 1564 1483 Parate
1603 1431 1739 1483 uiam

152 1518 372 1580 Domini,
397 1527 565 1572 rectas
596 1519 750 1588 facile
777 1517 986 1570 semitas
1006 1517 1117 1588 ejus
1150 1515 1303 1586 (Isai.
1335 1533 1422 1583 XL,
1456 1518 1532 1588 5).
1565 1519 1738 1588 Caput

151 1611 283 1666 illius
303 1619 386 1665 est
435 1611 527 1680 qui
569 1609 880 1678 prmdicavit
919 1608 1244 1678 baptismum
1293 1611 1629 1679 poenitentiae
1683 1611 1736 1666 in

151 1703 516 1758 remissionem
540 1710 917 1772 peccatorum;
945 1699 1011 1754 de
1033 1716 1140 1770 quo
1162 1701 1439 1770 Scriptura
1470 1702 1542 1755 ita
1569 1703 1738 1771 loqui-

152 1803 266 1847 tur:
293 1791 431 1846 Ecce
452 1810 545 1863 ego
575 1793 722 1846 mitto
751 1791 990 1862 angelum
1027 1807 1199 1844 meum
1229 1802 1348 1845 ante
1399 1801 1449 1846 te
1476 1791 1551 1860 (Μ
1561 1793 1730 1846 alae/1.
1769 1811 1813 1869 Β

150 1897 231 1947 tu,
263 1883 337 1952 1).

215 1973 350 2040 Quid
381 1988 510 2027 vero
529 1971 691 2042 plura
722 1985 941 2026 necesse
969 1970 1150 2039 loqui?
1180 1968 1355 2039 Caput
1383 1969 1498 2038 ejus
1538 1978 1623 2023 est
1649 1971 1745 2037 qui'

151 2067 380 2120 divinum
410 2065 666 2118 verticem
717 2061 1031 2134 contingere
1075 2061 1304 2127 meruit,
1350 2059 1419 2113 ad
1462 2075 1621 2130 quem
1665 2061 1742 2113 ait

150 2157 401 2212 Dominus
433 2173 446 2207 :
480 2155 607 2210 Sine
636 2162 828 2217 modo;
862 2154 935 2205 sic
959 2153 1094 2209 enim
1123 2152 1264 2205 decet
1300 2167 1393 2204 nos
1419 2167 1621 2204 onmem
1646 2150 1741 2220 ju-

152 2248 337 2299 stitiam
365 2245 579 2316 implere
617 2243 849 2315 (Matth.
900 2258 978 2309 Ill,
1029 2240 1148 2311 15).
1191 2240 1262 2294 At
1301 2257 1535 2310 quonam
1580 2241 1741 2294 modo

149 2337 448 2392 mortalium
480 2336 616 2391 ullus
665 2349 884 2403 prorsus
927 2332 1295 2387 beatissimum
1324 2339 1486 2401 caput
1523 2347 1629 2401 pro
1673 2347 1741 2386 eo

148 2442 209 2481 ac
235 2425 394 2480 decet
423 2424 756 2478 laudaverit?
779 2422 1038 2489 Quamam
1065 2437 1196 2477 vero
1226 2423 1615 2490 terrigenarum
1641 2422 1743 2474 lin-

150 2531 264 2586 gua,
297 2515 443 2584 quod
470 2515 602 2570 satis
629 2515 722 2580 sit,
753 2529 976 2583 prorsus
1003 2513 1374 2568 admirandum
1406 2512 1536 2566 illud
1562 2528 1626 2568 ac
1655 2513 1741 2568 in—

150 2606 508 2678 oorruptionis
536 2604 832 2676 fulgoribus
859 2603 1072 2659 radians
1103 2603 1496 2658 celebraverit?

214 2702 302 2765 At,
335 2715 368 2753 ο
402 2698 643 2753 divinum
685 2712 750 2752 ac
793 2711 1003 2751 sacrum
1048 2705 1226 2766 caput,
1257 2695 1740 2751 sincerissimorum

148 2804 208 2844 ac
241 2788 656 2859 purissimorum
682 2802 936 2843 sensuum
964 2787 1270 2840 vasculum!
1313 2786 1494 2840 suavis
1523 2787 1742 2856 spiritus

149 2879 448 2948 fragrantia:
468 2878 709 2948 spiritale
733 2876 1089 2932 thuribuluml
1129 2876 1548 2947 locupletissima
1571 2893 1742 2947 penus

148 2970 366 3026 divitum
424 2970 612 3040 gratia:
666 2969 1020 3024 mirabilium!
1081 2969 1268 3024 Laudo
1320 2968 1499 3024 divine
1552 2971 1744 3040 plexos

148 3062 319 3115 crines
345 3070 467 3115 tuos
493 3076 626 3115 auro
651 3059 820 3130 Ophir
848 3059 1216 3130 pretiosiores,
1249 3075 1571 3131 sponsarum
1601 3060 1742 3116 redi-

148 3153 336 3206 micula
383 3153 582 3206 decore
613 3151 908 3218 vincentes,
955 3165 1118 3220 super
1156 3165 1292 3219 quos
1340 3166 1447 3205 non
1499 3152 1742 3207 ascendit

148 3245 455 3298 vitiositatis
484 3243 746 3316 novacula
777 3242 1008 3313 (peccati
1056 3242 1306 3298 nimirum
1337 3241 1628 3312 deceptio),
1662 3243 1741 3296 uti

148 3337 270 3391 olim
299 3353 464 3406 super
490 3336 804 3392 Samsonem
839 3335 1052 3392 furente
1077 3336 1130 3390 in
1159 3352 1280 3390 eum
1320 3335 1510 3390 Dalila.
1536 3335 1742 3404 Magni-

149 3431 242 3483 tice
290 3429 525 3499 prmdico
564 3443 772 3483 sacram
822 3436 969 3482 tuam
1017 3426 1354 3496 Aaronisque
1397 3434 1741 3497 pricstantem

148 3518 367 3572 barbam
420 3517 592 3588 (Psal.
626 3533 826 3584 cum,
859 3517 950 3587 2),
998 3534 1065 3573 ex
1113 3532 1218 3586 qua
1272 3517 1519 3571 sanitatis
1557 3533 1648 3572 ros
1677 3517 1740 3569 li-

147 3607 342 3664 delium
373 3608 566 3662 animis
590 3606 860 3674 inﬂuebat,
881 3623 1005 3662 rore
1032 3607 1267 3662 llermon
1295 3608 1494 3677 potior,
1526 3608 1619 3676 qui
1647 3607 1744 3664 de-

147 3699 353 3753 scendit
375 3699 430 3752 in
460 3707 669 3752 montes
697 3697 848 3752 Sion.
878 3697 1109 3754 Lucidus
1137 3698 1323 3754 oculos
1347 3707 1471 3754 tuos
1489 3714 1740 3765 veneror,

148 3791 602 3861 splendidissimas
628 3791 846 3862 spiritus
886 3789 1056 3853 fares,
1090 3791 1236 3845 velut
1270 3791 1532 3846 columba:
1572 3791 1743 3846 oculis

149 3883 391 3952 pur-iores
410 3924 427 3950 ,
456 3882 855 3953 smaragdisque
895 3883 1089 3953 lapillis
1114 3883 1511 3952 pretiosissimis
1539 3884 1743 3953 pretio—

148 3976 336 4028 siores.
369 3975 414 4027 A
443 3974 554 4029 Deo
583 3971 793 4028 afﬂatas
819 3989 978 4028 aures
1005 3983 1150 4038 tuas,
1178 3974 1489 4030 caelestibus
1520 3975 1742 4030 vocibus

149 4072 461 4133 comparata
494 4076 695 4130 organa
724 4062 969 4117 laudibus
1005 4061 1190 4117 elTero.
1234 4062 1374 4132 Apte
1420 4063 1568 4118 hisce
1596 4061 1741 4118 Scri-

151 4163 316 4223 ptura:
347 4155 566 4208 vocibus
610 4154 664 4208 in
716 4163 769 4208 te
815 4154 1092 4210 moraliter
1115 4162 1255 4208 utar.
1297 4151 1468 4218 Quam
1497 4157 1741 4224 speciosa:

153 4255 430 4315 suntgenaz
456 4255 576 4310 ture,
610 4255 857 4315 tanquam
882 4245 1098 4297 turturis
1121 4243 1295 4312 (Cant.
1330 4260 1373 4309 ι,
1406 4244 1439 4298 9
1479 4254 1527 4297 et
1557 4259 1628 4310 tv,
1660 4245 1739 4314 ὅ),

153 4344 207 4389 ut
235 4337 286 4390 in
318 4336 541 4392 Cantico
569 4336 800 4392 habetur
827 4354 841 4390 :
873 4335 1021 4391 Sicut
1058 4347 1234 4390 cortex
1266 4336 1389 4390 mali
1411 4336 1583 4406 punici
1610 4352 1752 4404 gena:

154 4435 280 4481 tum:
311 4431 443 4482 sicut
489 4428 745 4498 funiculus
773 4427 1038 4482 coccineus
1075 4426 1215 4480 labia
1250 4434 1339 4480 tua
1371 4442 1389 4480 :
1421 4428 1552 4480 sicut
1582 4427 1740 4479 turris

155 4513 334 4570 Libani
362 4535 516 4572 nares
545 4526 666 4582 tuae,
701 4527 748 4570 et
773 4516 1030 4585 eloquium
1074 4525 1215 4570 tuum
1244 4516 1394 4570 dulce
1413 4532 1474 4569 ac
1500 4516 1738 4570 decorum
1774 4556 1819 4616 υ

154 4606 321 4675 (Cant.
354 4626 443 4675 vn,
472 4609 506 4661 4
533 4619 580 4664 et
603 4625 676 4676 tv,
706 4608 783 4678 3).
808 4607 992 4664 Laudo
1011 4607 1252 4664 dentium
1283 4616 1494 4664 tuarum
1523 4614 1735 4675 septum

153 4696 299 4752 lactis
324 4700 555 4755 candore
577 4699 882 4763 nitentium,
909 4699 1050 4754 unde
1076 4699 1344 4768 processit
1381 4696 1574 4754 divina-3
1600 4711 1738 4766 prte-

151 4788 429 4845 dicationis
454 4807 634 4846 sermo
680 4791 730 4844 in
759 4789 891 4846 ﬁnes
919 4805 1089 4860 usque
1114 4790 1259 4844 orbis
1297 4798 1582 4844 terrarum.
1634 4789 1739 4844 De-

152 4893 292 4932 tnnm
323 4882 480 4935 lauto
511 4891 566 4934 et
611 4889 834 4950 argento
878 4881 1091 4935 niveum
1138 4879 1336 4936 collum
1386 4887 1565 4944 tuum,
1597 4878 1740 4948 quod

151 4972 548 5026 scelestissimus
575 4973 715 5026 ensis
740 4973 996 5041 pervasit,
1024 4987 1089 5026 ac
1115 4986 1178 5024 ex
1203 4986 1311 5040 quo
1336 4971 1448 5025 vice
1469 4971 1742 5038 sanguinis

153 5059 526 5126 miraculorum
560 5059 734 5115 fontes
757 5068 1096 5114 emanarunt.

216 5149 353 5214 Quid
391 5151 491 5215 ais,
523 5149 795 5205 Herodes?
838 5151 919 5204 Ad
952 5161 1006 5206 te
1051 5152 1192 5206 enim
1228 5149 1356 5204 mihi
1388 5165 1531 5203 nunc
1558 5164 1738 5206 sermo

153 5242 558 5296 convertendus.
608 5241 762 5308 Quod
810 5242 1088 5310 qurerebas
1151 5240 1470 5296 obtinuisti?
1517 5255 1740 5308 compos

155 5329 317 5387 factus
355 5350 410 5388 es
446 5335 561 5402 ejus
582 5334 725 5404 quod
749 5335 1036 5404 cupiebas?
1069 5333 1502 5403 haudquaquam.
1535 5331 1612 5385 En
1645 5333 1739 5387 tibi

153 5420 336 5478 iterum
363 5441 579 5495 quoque
611 5427 762 5480 testis
789 5427 1048 5490 veritatis,
1084 5438 1382 5492 coarguens
1411 5424 1502 5479 ille
1531 5423 1738 5491 gladius

154 5517 380 5585 Spiritus,
409 5519 682 5574 liberrima
713 5519 923 5589 pietatis
959 5519 1158 5587 lingua,
1199 5519 1348 5582 vivit,
1383 5533 1482 5572 nec
1532 5526 1740 5572 mortua

155 5617 260 5672 est;
285 5611 474 5674 soluta,
507 5627 612 5665 non
641 5611 821 5664 vincta
847 5653 862 5675 ,
917 5626 1075 5680 quam
1109 5609 1325 5676 sanguis
1356 5608 1510 5672 Abel,
1554 5608 1688 5660 advc
1719 5637 1746 5648 -

157 5709 211 5748 su
235 5717 264 5747 u
298 5710 346 5753 te
369 5702 565 5755 clarius
608 5701 804 5754 clamat
837 5719 848 5753 :
883 5697 934 5753 Ν
943 5719 1007 5754 οη
1038 5701 1154 5754 licet
1186 5699 1277 5752 tibi
1307 5698 1491 5751 habere
1527 5713 1743 5752 uxorem

159 5781 377 5856 Philippi
409 5791 584 5844 fratris
609 5791 677 5842 tui
712 5788 874 5857 (Mar.
907 5803 978 5853 vr,
1016 5788 1126 5857 18).
1152 5785 1404 5842 Traducit
1435 5795 1584 5842 tuum
1624 5801 1741 5843 scc-

1842 531 1924 581 καί
1946 527 2127 602 καρδία
2155 529 2358 600 βαθεῖα,
2393 536 2479 586 καί
2508 533 2834 603 ὑψωθήσεται
2865 535 2890 589 ὁ
2914 537 3088 596 Θεὸς’›
3117 541 3298 612 κεφαλή
3323 540 3436 599 ἐστι

1840 623 1931 670 τοῦ
1962 615 2036 672 ἔτι
2060 619 2160 672 ἀπὸ
2187 619 2371 679 κοιλίας
2395 622 2708 682 πλησθέντπ
2728 622 3020 694 πνεύματος
3046 626 3213 699 ἁγίου,
3231 635 3347 702 περί
3375 626 3435 685 οὗ

1841 731 1987 779 φησιν
2032 711 2057 766 ὂ
2101 716 2260 784 μέγας
2293 720 2578 785 Ζαχαρίας·
2610 736 2627 766 ι
2653 723 2847 786 Καὶσύ,
2898 722 3120 788 παιδίον,
3175 734 3437 800 προφήτης

1841 806 2062 878 ὑψίστου
2091 811 2336 882 κ).ηθήσῃ’
2385 816 2724 888 προπορεύσῃ
2755 819 2851 886 γὰρ
2879 819 2978 889 πρὸ
3020 821 3304 894 προσώπου
3348 845 3437 874 κυ-

1840 901 1950 973 ρίου
1981 901 2245 971 ἑτοιμάσαι
2276 902 2428 962 ὁδούς
2458 906 2628 959 αὐτοῦ.
2664 923 2682 954 ›
2721 907 2904 977 κεφαλή
2935 910 3040 963 ἔστι
3072 919 3157 964 τοῦ
3187 911 3235 966 ἓν
3265 917 3436 990 ἐρήμῳ

1840 995 1892 1057 ἐξ
1931 997 2094 1050 αὐτῶν
2141 1000 2446 1074 σπαργάνων
2490 997 2859 1063 διαιτηθέντοςλ,
2907 1005 3097 1078 μέχρις
3138 1007 3436 1072 ἀναδείξεως

1842 1087 1995 1141 αὐτοῦ
2025 1089 2152 1165 πρὸς
2179 1089 2265 1144 τὸν
2288 1089 2510 1168 Ἰσραὴλ,
2541 1095 2659 1163 περὶ
2688 1090 2747 1146 οὗ
2783 1095 2977 1165 φησινὸ
3012 1103 3217 1159 Ἠσαίας
3242 1109 3435 1175 προφή-

1838 1195 1949 1237 της-⁸
1976 1196 1992 1228 ι
2023 1186 2158 1238 Φωνὴ
2188 1181 2405 1250 βοῶντος
2449 1184 2496 1236 ἔν
2527 1192 2589 1258 τῇ
2619 1185 2806 1259 ἐρήμῳ,
2847 1187 3154 1256 ἑτοιμάσατε
3200 1200 3288 1250 τήν
3323 1194 3436 1248 ὁδὸν

1841 1272 2039 1342 κυρίου·
2068 1274 2259 1332 εὐθείας
2289 1282 2473 1328 ποιεῖτε
2502 1279 2596 1334 τὰς
2622 1277 2829 1352 τρίξους
2857 1279 3066 1333 αὐτοῦ.»
3101 1283 3296 1352 Κεφαλή
3325 1286 3438 1340 ἐστι

1841 1367 1934 1414 τοῦ
1959 1365 2269 1432 κηρύξαντος
2293 1365 2565 1436 βάπτισμα
2607 1375 2880 1440 μετανοίας
2930 1373 3000 1431 εἰς
3050 1371 3226 1447 ἄφεσιν
3270 1375 3437 1452 ἆμαρ-

1841 1459 1978 1504 τιῶν·
1999 1457 2115 1525 περὶ
2141 1451 2198 1508 οὗ
2224 1478 2346 1526 φησι
2370 1458 2426 1511 τό
2449 1459 2582 1532 ἱερὸν
2609 1457 3024 1534 γράμμα,ί’13ού
3055 1466 3154 1534 ἐγὼ
3176 1468 3435 1522 ἀποστέλο

1839 1540 1909 1593 λω
1925 1545 2010 1597 τὸν
2029 1540 2238 1617 ἄγγελόν
2267 1569 2362 1615 μου
2402 1546 2684 1625 ἔμπροσθέν
2711 1573 2828 1606 σου.
2846 1569 2864 1603 ι

1913 1656 2005 1708 Καὶ
2031 1658 2082 1710 τί
2107 1655 2187 1710 δεῖ
2216 1655 2375 1712 πολλὰ
2401 1660 2584 1732 λέγεινς
2626 1663 2804 1732 κεφαλή
2847 1664 2959 1718 ἔστι
2986 1672 3074 1720 τοῦ
3107 1669 3430 1732 καταξιωθίν·

1840 1765 1927 1804 τος
1957 1744 2248 1816 ἐφάψασθαι
2281 1757 2371 1809 τῆς
2401 1751 2537 1810 θείας
2566 1762 2815 1823 κορυφῆς,
2846 1757 2976 1826 πρῖς
3017 1754 3068 1808 ὃν
3099 1779 3244 1828 φησιν
3277 1758 3302 1812 ὁ
3347 1761 3432 1811 κύ-

1839 1853 1967 1909 ριος’
2000 1855 2017 1887 t
2038 1834 2187 1910 Ἀφες
2215 1836 2351 1913 ἄρτι·
2383 1841 2514 1896 οὕτω
2536 1843 2634 1916 γὰρ
2663 1848 2860 1916 πρέπον
2890 1848 3011 1916 ἡμῖν
3033 1850 3142 1903 ἐστι
3171 1849 3434 1926 πληρῶσαι

1842 1935 2016 1984 πᾶσαν
2045 1930 2382 1992 δικαιοσύνην.
2424 1956 2441 1987 ι
2478 1942 2563 1992 καί
2604 1946 2714 1998 πῶς
2737 1937 2798 1994 ἄν
2828 1963 2906 2002 τις
2931 1944 3114 2016 βροτὸς
3140 1949 3298 2005 αὐτὴν
3323 1949 3434 2003 κατ’

1841 2022 1984 2083 ἀξίαν
2013 2024 2289 2079 ἐπαινέσειε
2311 2065 2324 2086 ,
2356 2032 2446 2085 τήν
2487 2027 2937 2105 ὁλομακὰριστονς
2972 2037 3094 2090 ποία
3125 2036 3178 2091 δέ
3219 2041 3432 2110 γλῶσσα

1840 2119 2082 2183 γηγενοῦς
2127 2117 2401 2186 ἀνυμνήσει
2453 2120 2669 2184 ἱκανῶς,
2719 2121 2832 2180 ὅλην
2867 2123 2931 2178 δι’
2981 2125 3093 2180 ὅλου
3138 2130 3434 2198 θαυμαστήν

1843 2197 2002 2257 οὖσαν
2027 2242 2041 2268 ,
2075 2209 2160 2259 καί
2200 2213 2292 2267 τὰς
2342 2217 2432 2270 τῆς
2473 2211 2756 2286 ἀφθαρσίας
2781 2222 3130 2292 μαρμαρυγὰς
3160 2222 3432 2300 ἀπαστρά-

1843 2314 1972 2347 πτον
1981 2316 2076 2350 σαν
2101 2312 2117 2362 ;

1918 2389 2081 2455 Ἀλλὰ,
2115 2386 2154 2443 ὦ
2182 2394 2288 2448 θεία
2308 2396 2392 2448 καί
2419 2396 2528 2470 ἵερά
2565 2399 2772 2468 κεφαλὴ,
2802 2403 2999 2476 χωρίον
3030 2411 3126 2456 τῶν
3147 2405 3430 2462 ἁπαθεττάοη

1843 2502 1943 2536 των
1967 2485 2049 2535 καί
2073 2485 2441 2557 καθαρωτάτων
2466 2489 2749 2548 αἰσθήσεων
2765 2506 2779 2519 ⁶
2804 2491 3134 2566 θυμιατήριον
3154 2497 3320 2572 νοερὸν
3342 2506 3429 2558 τῆς

1843 2571 2054 2632 εὐωδίας
2094 2579 2186 2628 τοῦ
2215 2578 2530 2646 πνεύματος’
2560 2581 3018 2658 θησαυροφυλακιον
3043 2585 3312 2646 πολυτελὲς
3333 2597 3431 2643 τῶν

1843 2661 2186 2717 πλουτοποιῶν
2207 2665 2504 2737 θαυμασίων
2541 2677 2632 2730 τῆς
2663 2671 2898 2740 χάριτος·
2943 2672 3129 2728 ἐπαινῶ
3182 2695 3276 2728 σου
3315 2679 3429 2736 τούς

1842 2756 2144 2819 θεοπλὸκους
2195 2760 2570 2835 βοστρύχους,
2615 2767 2841 2835 χρυσίου
2892 2771 2979 2819 τοῦ
3035 2767 3087 2819 ἐκ
3124 2772 3304 2843 Σουφίρ
3360 2793 3429 2823 τι·

1844 2849 2144 2926 μιωτέρους,
2177 2849 2434 2924 ὁρμίσκων
2465 2859 2564 2906 τῶν
2594 2861 2845 2925 νυμφικῶν
2872 2855 3328 2934 εὐπρεπεστέρους,
3357 2856 3429 2930 ἐφ’

1844 2937 1934 2998 οἷς
1960 2941 2045 2994 οὐκ
2066 2941 2214 2999 ἀνέϐη
2244 2943 2395 3016 ξυρίν
2421 2944 2476 2996 τὸ
2495 2950 2591 3004 τῆς
2618 2946 2818 3007 κακίας,
2843 2945 3013 3002 ἀπάτη
3037 2952 3130 3005 τῆς
3151 2946 3429 3018 ἁμαρτίας,

1845 3033 1914 3091 ὧς
1941 3037 2060 3108 πρὶν
2085 3035 2171 3088 επὶ
2193 3041 2283 3089 τοῦ
2314 3035 2535 3105 Σαμψὼν
2556 3075 2573 3102 ,
2612 3034 2696 3090 διὰ
2717 3051 2812 3098 τῆς
2827 3040 3116 3111 οίστρώσῃς
3145 3037 3428 3100 Δαλιλὰδος.

1842 3123 2114 3189 Μεγαλύνω
2160 3146 2257 3180 σου
2300 3127 2383 3181 τὸν
2421 3127 2557 3198 ἱερὸν
2601 3130 2686 3181 καί
2722 3126 2855 3202 ὑπὲρ
2883 3125 3072 3201 ’Δαρὼν
3099 3132 3346 3201 πώγωνα,
3378 3133 3428 3194 ἐξ

1846 3212 1910 3270 οὗ
1957 3218 2111 3289 ίρῥύη
2166 3216 2358 3292 δρόσος
2395 3220 2660 3290 ίοιματικός
2694 3221 2825 3293 ὖπέρ
2877 3219 3058 3295 δρόσον
3083 3222 3302 3296 Ἀερμών
3342 3231 3430 3282 την

1845 3315 2126 3362 κατιοῦσαν
2172 3310 2254 3364 ἐπὶ
2298 3313 2365 3364 τὰ
2414 3307 2505 3385 ὅρη
2547 3314 2700 3374 Σιὼν,
2747 3313 2795 3364 ἄν
2823 3320 2932 3372 ταῖς
2960 3321 3058 3366 τῶν
3085 3315 3430 3368 πιστευόντων

1845 3397 2052 3469 ψυχαῖς
2076 3416 2090 3430 ⁸
2132 3403 2354 3475 γεραίρω
2383 3421 2476 3456 σου
2504 3403 2626 3462 τούς
2659 3405 2929 3472 φωτειννύς
2967 3404 3277 3475 ι’φθαλμούς.
3311 3408 3428 3466 τούς

1845 3487 2073 3560 διαυγεῖς
2115 3490 2344 3562 λύχνους
2397 3500 2486 3550 τοῦ
2535 3496 2826 3563 πνεύματος
2858 3533 2872 3556 ,
2926 3497 2994 3554 ὡς
3045 3496 3428 3565 καθαρωτέρους

1845 3579 2086 3651 ὀμμάτων
2108 3590 2440 3657 περιστερᾶς,
2474 3587 2559 3636 καί
2584 3585 2651 3642 ὡς
2680 3584 3103 3657 τιμαλιρεστέρους
3126 3584 3436 3656 σμαράγδων

1843 3670 1987 3724 λίθων
2017 3672 2388 3742 πολυτιμήτων
2419 3671 2613 3736 δοξάζω
2644 3694 2736 3726 σου
2783 3674 2873 3731 τὰς
2899 3674 3131 3734 θεοεικεῐς
3159 3678 3336 3737 ἀκοὰς,
3365 3678 3428 3730 τὸ

1843 3769 1943 3816 τῶν
1967 3764 2206 3836 οὐρανίων
2232 3771 2404 3834 φωνῶν
2429 3765 2764 3837 ἀκροατήρια.
2788 3767 3158 3838 Συγχρήσομαι
3181 3763 3426 3839 ἁρμοδίως

1843 3855 1928 3907 ἐπί
1949 3873 2028 3908 σοι
2051 3861 2154 3913 τοῖς
2172 3861 2263 3913 τῆς
2284 3862 2476 3928 γραφῆς
2487 3861 2741 3926 τροπικῶς
2763 3854 2974 3926 ῥήμασι·
2993 3858 3081 3908 (Ti
3107 3857 3436 3927 ὡραιὼθησαν

1846 3943 2072 4015 σιαγόνες
2098 3964 2193 3998 σου
2210 3944 2602 4020 ὡσιίτρυγόνος,
2617 3961 2635 3994 ι
2651 3946 2776 3997 κατά
2797 3945 2854 3997 τὸ
2864 3941 3059 4012 τᾼσμα.
3074 3942 3187 4003 «Ὦς
3214 3945 3436 4020 λέπυρον

1844 4036 1969 4107 ῥοᾶς
1981 4036 2135 4106 μῆλόν
2160 4057 2276 4090 σου.
2292 4047 2376 4096 Ὠς
2393 4038 2638 4110 σπαρτίον
2657 4034 2872 4089 κόκκινον
2900 4037 3044 4104 χείλη
3075 4051 3193 4089 σου*
3211 4037 3279 4096 ὡς
3305 4037 3428 4110 1:13p-

1843 4146 1932 4198 γος
1945 4134 2036 4182 τοῦ
2065 4128 2283 4182 Λιϐάνου
2306 4130 2560 4202 anne-ipsc
2587 4129 2798 4188 σου,καί
2826 4128 2856 4183 ἡ
2885 4127 3029 4180 λαλιά
3057 4147 3150 4180 σου
3177 4124 3322 4184 ἡδεῖα
3347 4129 3429 4181 καί

1846 4222 2062 4292 ὡραία.»
2097 4218 2317 4287 Ἀνυμνῶ
2361 4241 2457 4274 σου
2505 4219 2562 4274 τὸ
2615 4220 2765 4292 ἕρκος
2815 4225 2914 4272 τῶν
2961 4219 3430 4290 γεγαῖακτισμένων

1846 4311 2072 4376 ἰδόντων,
2104 4311 2184 4384 ἀφ’
2223 4310 2282 4366 οὗ
2313 4313 2553 4383 προῆλθεν
2579 4309 2604 4364 ὁ
2631 4318 2721 4364 τοῦ
2748 4310 2880 4362 θείου
2914 4313 3236 4384 κηρύγματος
3265 4309 3428 4378 λόγος,

1845 4407 2036 4479 μέχρις
2070 4405 2312 4474 ἐσχάτων
2355 4411 2446 4460 τῆς
2477 4403 2790 4470 οἰκουμένης.
2821 4399 2970 4457 Τέλος
2995 4438 3010 4460 ,
3055 4401 3176 4452 αἰνῶ
3215 4419 3310 4452 σου
3355 4407 3434 4452 καὶ

1847 4498 1932 4549 τὸν
1960 4492 2257 4572 ἀργυροειδῆ
2286 4491 2549 4566 τράχηλον
2577 4531 2590 4555 ,
2643 4487 2701 4543 οὗ
2744 4492 2803 4542 τὸ
2845 4487 3248 4557 ξίφοςδιήλασεν
3278 4487 3304 4545 ὁ
3334 4513 3435 4542 παπ

1843 4590 2101 4658 λοιμναῖος,
2131 4589 2214 4638 καί
2243 4586 2292 4648 ἐξ
2313 4581 2371 4638 οὗ
2402 4581 2614 4636 ἔϐλυσεν
2636 4584 2748 4635 ἀντὶ
2781 4581 2994 4650 αἵματος
3021 4578 3046 4632 ὁ
3081 4581 3286 4652 κρουνὸς
3337 4587 3436 4636 τῶν

1842 4681 2133 4749 θαυμάτων.

1914 4774 1974 4825 Τί
1993 4776 2105 4842 φὴς.
2132 4766 2172 4822 ὦ
2194 4766 2420 4844 Ἡρώδης
2462 4766 2592 4841 πρὸς
2632 4785 2691 4818 σε
2735 4765 2834 4836 γάρ
2883 4783 2968 4831 μοι
3014 4762 3376 4835 ἐπιστρεπτέος
3411 4761 3436 4819 ὁ

1844 4860 2018 4932 λόγος’
2049 4857 2248 4931 ἔχειςὸ
2280 4861 2505 4936 ita-rate;
2537 4854 2810 4912 ἀπολαύεις
2858 4873 2954 4905 σου
2994 4859 3086 4911 τῆς
3120 4852 3386 4919 ἐπιθυμίας
3421 4867 3433 4914 ;

1845 4954 2106 5024 οὐδαμῶς.
2138 4950 2265 5007 ’ἰδού
2295 4971 2376 5004 σοι
2404 4952 2488 5002 καὶ
2512 4948 2658 5002 πάλιν
2697 4945 2723 5000 ὁ
2753 4946 2950 5018 μᾶρτυς
2989 4952 3078 5002 τῆς
3121 4945 3366 5001 ἀληθείας·
3399 4945 3430 5002 ή

1849 5046 2100 5116 ἐλεγκτικὴ
2145 5046 2384 5114 μάχαιρα
2436 5043 2524 5095 τοῦ
2553 5038 2860 5106 πνεύματοςο
2912 5037 2942 5092 ἡ
2989 5034 3430 5108 εύπαῤῥησίαστος

1845 5136 2048 5208 γλῶττα
2072 5141 2162 5191 τῆς
2193 5133 2484 5192 tuost-Teius.
2526 5132 2607 5202 ζῇ.
2659 5130 2739 5179 καὶ
2767 5128 2822 5180 ού
2847 5125 3066 5180 τίθνηκε’
3087 5123 3310 5183 λέλυται,
3342 5127 3425 5176 καὶ

1846 5232 1901 5280 οὐ
1949 5223 2164 5280 δέδεται·
2196 5227 2326 5297 imp
2348 5223 2404 5276 τὸ
2430 5227 2518 5275 τοῦ
2550 5217 2690 5272 Ἀϐἐλ
2717 5216 2842 5289 αἷμα
3004 5217 3130 5286 πρὸς
3159 5222 3239 5269 σι·
3279 5233 3295 5264 ε
3329 5217 3430 5265 υύν

1848 5317 2016 5381 ἒξεστί
2043 5337 2126 5370 σοι
2148 5313 2289 5385 ἔχειν
2317 5319 2407 5372 τήν
2429 5320 2643 5383 γυναῖκα
2672 5311 2916 5364 Φιλίππου
2941 5315 3032 5363 τοῦ
3072 5308 3279 5378 ἀδελφοῦ
3315 5319 3427 5358 σου*

1845 5411 2127 5469 στηλιτεύει
2154 5430 2248 5462 σου
2284 5410 2340 5464 τὸ
2388 5415 2574 5477 μῖσος,
2621 5408 2858 5472 ἐπισχεῖν
2900 5422 2956 5455 σε
2997 5402 3295 5472 βουλόμενος
3341 5405 3429 5455 τῆς

1846 5504 2146 5578 παρανόμου
2177 5503 2361 5559 κοίτης·
2403 5498 2654 5570 ἐξελέσθαι
2686 5498 2835 5567 ὀργῆς
2876 5501 2966 5551 τῆς
3011 5492 3321 5559 ἐπικειμένης
3360 5493 3430 5549 τῷ

1846 5577 2098 5667 ἀθεμίτῳ·
2139 5595 2329 5658 ἧσθης;
2376 5588 2646 5659 οὐδαμῶς.
2695 5585 3118 5661 Ἑσωφρὸνησείς;
3176 5577 3428 5646 οὐδαμῶς.

1847 5691 1953 5750 Ούκ
1973 5691 2169 5762 ὐφῆκας
2197 5696 2288 5747 τῆς
2317 5684 2512 5745 ἡδονῆς.
2551 5681 2704 5738 Ὀλην
2753 5703 2847 5735 σου
2892 5685 2980 5735 τήν
3007 5679 3188 5748 ψυχήν
3224 5678 3430 5735 τέθυκας

1849 5791 1912 5854 τῇ
1944 5779 2171 5854 μαινάδι.
2205 5777 2496 5855 Ἀντίδωρον
2543 5775 2776 5844 παιγνίου
2809 5775 3087 5848 προήγαγες
3117 5768 3200 5824 ἐπὶ
3231 5771 3429 5829 πίνακος
