3964 6340
3458 136 3521 185 φ’

554 267 655 326 451
1853 260 2207 317 DIONYSIUS
2245 260 2401 319 EXIG
2413 261 2562 319 UUS.
3735 277 3769 329 4
3785 276 3861 333 5⁸2

556 384 656 447 lus,
682 381 773 452 qui
804 397 831 434 a
864 377 1066 435 nefario
1094 377 1254 433 cubili
1303 377 1557 432 cohibere
1586 374 1750 442 velit;
1778 377 1869 445 qui
1914 375 1992 429 ira
2033 374 2130 428 exi-

2250 379 2338 433 τήν
2367 377 2624 433 θειοτάτην
2654 377 2832 452 χάραν,
2851 379 3143 445 στάζουσαν
3170 381 3233 437 τά
3254 383 3432 461 ῥεῖθρα
3461 392 3561 441 τῶν
3586 388 3855 461 αὲμέτων.

557 490 703 532 mere
729 475 1009 542 ingruente
1048 469 1293 525 facinori.
1335 469 1562 524 Sensum
1606 468 1895 539 accepisti?
1935 481 2141 536 nequa-

559 581 735 637 quam.
765 563 1066 629 Castigatus
1093 574 1180 626 es,
1213 558 1517 630 resipuisti?
1547 558 1765 613 minimc
1784 557 2043 630 gentium.
2065 555 2146 610 Li-

560 652 787 707 bidinem
819 665 924 705 non
954 648 1189 702 minuisti
1215 665 1228 701 :
1258 655 1431 703 totum
1473 646 1711 701 animum
1742 656 1887 701 tuum
1919 644 2143 700 Maanadi

558 743 757 803 fecisti;
808 738 995 794 ludicri
1045 739 1264 810 praemio
1304 737 1693 795 divinissimum
1733 747 1890 809 caput
1936 736 2145 791 stillans

553 832 829 901 sanguinis
872 833 1017 887 rivos
1060 835 1113 888 in
1160 836 1306 891 disco
1346 837 1666 908 produxisti.
1712 839 1853 896 Proh
1895 843 2142 897 immani-

558 923 758 975 tatem!
786 924 921 994 proh
952 925 1423 994 impudicissimum
1446 930 1777 984 convivium!
1808 930 1953 987 Istud
1999 933 2139 987 idem

555 1022 613 1066 et
659 1014 1137 1084 impraesentiarum
1186 1018 1362 1089 reipsa
1410 1022 1613 1089 agitur;
1662 1023 1852 1092 sinque
1919 1022 2140 1079 Joannis

555 1104 695 1156 tollit
724 1113 902 1173 caput,
935 1114 987 1159 at
1019 1105 1214 1162 Christi
1260 1109 1501 1165 membra
1556 1113 1853 1168 meretricis
1900 1114 2140 1168 membra

556 1191 701 1245 lacit.
734 1192 872 1258 Quid
899 1195 1039 1247 enim
1071 1195 1213 1249 aliud
1244 1198 1532 1254 ebrietates
1560 1208 1812 1270 praestant
1842 1216 1907 1257 ac
1933 1216 2142 1256 comes-

554 1283 809 1348 sationes,
829 1284 980 1351 juxta
1009 1285 1252 1357 Apostoli
1279 1304 1515 1343 sensum.

624 1370 769 1426 Cedo
799 1381 856 1426 tu
903 1390 1147 1445 quoque,
1193 1378 1436 1447 improha
1462 1380 1794 1450 scelestaque
1836 1379 2136 1453 Herodias;

554 1463 895 1517 commodine
934 1465 1133 1533 aliquid
1177 1480 1244 1521 ex
1275 1470 1563 1523 temeraria
1594 1477 1684 1523 tua
1712 1470 1988 1525 molitione
2018 1484 2141 1537 per-

554 1553 775 1621 cepisti?
803 1553 1099 1624 Baptistam
1129 1557 1227 1611 sub
1254 1569 1393 1613 terra
1416 1561 1738 1615 condidisti?
1765 1561 1879 1614 Non
1909 1570 1991 1614 est
2010 1574 2140 1629 ergo

555 1643 643 1710 qui
670 1645 962 1699 etiamnum
999 1650 1333 1704 contradicat
1359 1666 1425 1705 ac
1470 1651 1816 1705 adversetur?
1857 1650 2140 1707 Enimvero

2246 472 2338 519 Φεῦ
2375 475 2466 527 τῆς
2492 468 2869 543 ἀπανθρωπίας⁶
2899 472 3087 527 άϐάλαι
3131 481 3221 528 τοῦ
3269 476 3647 549 ἀσελγεστάτην
3700 503 3853 554 συμ·

2245 558 2457 611 ποσίου.
2488 563 2654 612 Τοῦτο
2680 557 2741 617 δή
2769 562 2854 613 καί
2879 567 2966 615 νῦν
2994 563 3447 638 τελεσιουργεῖται.
3482 573 3571 622 Καὶ
3591 569 3617 623 ό
3647 574 3845 644 πόρνος

2246 650 2292 700 εί
2333 651 2403 718 μή
2446 651 2538 705 τήν
2575 650 2729 719 κάραν
2756 656 2846 704 τοῦ
2873 657 3164 707 Βαπτιστοῦ
3194 653 3357 729 αἴρει,
3387 657 3508 712 ἀλλὰ
3546 680 3603 728 γε
3633 663 3698 715 τά
3718 663 3847 731 μέλη

2244 745 2336 791 τοῦ
2364 746 2583 813 Χριστοῦ
2619 740 2811 815 πόρνης
2840 741 2964 809 μέλη
2993 744 3285 801 καθίστησι.
3332 748 3392 798 Τί
3423 748 3523 821 γάρ
3581 746 3703 803 ἄλλο
3754 756 3845 804 καί

2246 828 2374 897 οὐχί
2400 834 2554 883 τοῦτο
2584 832 2978 903 κατεργάζωνται
3010 834 3061 886 αί
3093 837 3258 904 μέθαι,
3293 840 3378 891 καί
3403 838 3447 891 οί
3476 845 3632 908 κῶμοι
3661 880 3676 904 ,
3708 844 3838 896 κατά

2245 921 2335 973 τήν
2362 918 2703 977 άποστολικήν
2724 919 2776 973 ἕν
2802 941 2909 975 οιαν
2942 938 2956 987 ;

2317 1007 2473 1077 Φράςε
2501 1009 2581 1060 καί
2610 1005 2681 1061 σύ
2708 1031 2793 1077 μτι
2835 1012 2865 1067 ἠ
2909 1012 3195 1073 ἀτάσθαλος
3230 1013 3492 1085 Ἡρωδιὰς·
3539 1022 3723 1077 ὠνήσω
3773 1026 3837 1077 τά

2244 1104 2344 1151 τῶν
2372 1101 2634 1171 τολμηρῶν
2660 1120 2754 1153 σου
2784 1102 3172 1177 ἐγχε·ρημάτων
3197 1121 3212 1170 ;
3233 1105 3408 1167 ἴέῗαλες
3434 1112 3516 1163 τόν
3545 1119 3838 1173 Βαπτιστήν

2246 1187 2346 1240 ὑπό
2386 1188 2582 1257 χθόνας
2632 1190 2723 1243 οὐκ
2777 1188 2923 1245 ἔστιν
2968 1188 3055 1245 οῦν
3094 1192 3239 1256 ὅστις
3289 1199 3698 1273 άντιφθέγξεται,
3751 1210 3837 1260 καί

2245 1278 2454 1349 ἀντείπῃ
2485 1298 2568 1332 σοι
2596 1277 2706 1344 in;
2736 1284 2816 1334 καὶ
2839 1286 2937 1349 μην
2963 1286 3157 1348 ματαία
3184 1287 3215 1342 ἦ
3242 1287 3381 1346 ὶὶπίς
3407 1310 3520 1351 σου,
3552 1292 3835 1369 ἀνισχυρόν

2248 1390 2342 1422 σου
2374 1371 2429 1423 τό
2459 1368 2661 1444 δρᾶμα,
2686 1373 2834 1427 ἕωἿον
2865 1374 2920 1428 τό
2957 1374 3290 1436 ἰπίτηδευμα.
3325 1376 3723 1455 ’Δντέστραπται
3768 1390 3834 1440 τά

2246 1460 2545 1531 πράγματα’
2586 1459 2703 1515 ὅσον
2728 1460 2781 1515 ὶδ
2810 1483 2885 1517 κει
2914 1485 2998 1517 σοι
3023 1465 3363 1539 ὑποκρύπτειν
3388 1511 3404 1537 ,
3446 1480 3695 1529 τοσοῦτον
3750 1498 3834 1531 τε·

2246 1550 2512 1626 θρύλληταί
2556 1573 2649 1606 σου
2692 1555 2749 1607 τό
2773 1551 2915 1623 ἆ,ος⁶
2962 1557 3033 1627 ἐφ’
3068 1554 3188 1612 ὅσον
3218 1558 3317 1630 ᾤου
3354 1560 3619 1629 λανθάνειν,
3645 1574 3832 1621 τοσοῦ-

2248 1662 2330 1694 τον
2350 1650 2550 1712 γενεαῖς
2577 1651 2754 1715 γενεῶν
2780 1650 3181 1719 παραπέμπεταί
3210 1674 3302 1705 σου
3329 1656 3387 1709 τό
3414 1656 3674 1728 τόλμημα.

554 1747 689 1787 vana
724 1749 847 1803 spes
892 1744 1003 1801 tua,
1054 1736 1283 1793 invalida
1329 1753 1488 1808 quam
1535 1740 1706 1796 lusisti
1751 1740 1948 1806 fabula,
1977 1741 2130 1796 inane

2317 1736 2415 1785 Καὶ
2441 1735 2506 1786 σὺ
2534 1738 2629 1805 μὴν
2662 1734 2815 1794 ἑάλως
2844 1746 3009 1811 πικρῷ
3036 1740 3232 1811 θανάτῳ
3260 1746 3353 1797 σὺν
3388 1754 3461 1818 τῷ
3489 1751 3701 1821 συζύγῳ
3730 1752 3829 1807 ὑπὸ

553 1826 788 1880 studium
831 1842 895 1882 ac
944 1839 1189 1885 conatus.
1231 1830 1397 1885 Facta
1451 1847 1630 1887 rerum
1686 1834 1968 1888 conversio
2007 1844 2128 1903 est,

554 1925 811 1984 quantum
841 1919 1115 1973 occultare
1145 1920 1245 1974 tibi
1264 1921 1379 1978 visa
1407 1929 1508 1987 est,
1541 1930 1748 1977 tantum
1781 1923 1959 1978 scelus
1983 1932 2132 1979 tuum

555 2006 881 2076 divulgatum
914 2009 1029 2063 fuit.
1063 2008 1183 2076 Quo
1208 2010 1379 2066 latere
1423 2013 1788 2078 arbitrabaris,
1837 2029 1903 2069 eo
1932 2014 2135 2072 facinus

556 2104 702 2151 tuum
731 2098 780 2151 in
809 2100 1182 2166 generationes
1210 2101 1612 2170 generationum
1641 2105 2034 2161 transmittitur.

622 2188 701 2242 Ac
729 2196 784 2241 tu
814 2189 1029 2258 quidem
1053 2204 1158 2244 una
1178 2205 1299 2245 cum
1314 2192 1432 2246 viro
1460 2207 1642 2247 amara
1659 2193 1906 2248 interiisti
1937 2204 2129 2267 morte,

552 2279 817 2347 corruptis
863 2277 1239 2349 olentibusque
1297 2280 1435 2336 infra
1490 2283 1796 2352 sepulcrum
1850 2284 2131 2341 amborum

550 2366 902 2420 cadaveribus
947 2383 1011 2422 ac
1043 2370 1305 2422 vermium
1358 2371 1514 2439 c0pia
1576 2373 1935 2441 scatentibus;
1982 2375 2128 2444 quod

550 2466 678 2505 vero
707 2451 1020 2520 prmcidistis
1044 2459 1222 2522 caput,
1267 2468 1428 2523 super
1472 2460 1670 2508 terram
1719 2455 1844 2508 salit
1875 2472 1888 2506 :
1919 2464 2138 2509 sancto-

546 2558 666 2596 rum
694 2544 745 2596 ei
772 2558 959 2598 manus
987 2543 1372 2613 obsequuntur,
1404 2545 1742 2600 sacerdotum
1771 2546 1921 2600 chori
1938 2561 2134 2615 pompa

546 2632 899 2700 comitantur,
929 2634 1317 2687 monachorum
1353 2634 1565 2703 agmina
1601 2634 1976 2704 deprecantur,
2008 2651 2134 2705 pro-

547 2735 729 2773 cerum
755 2730 945 2774 turma:
970 2723 1334 2790 magniﬁcam,
1352 2738 1416 2777 ac
1446 2722 1692 2779 laudibus
1713 2734 2130 2796 prosequuntur.

549 2810 731 2879 Longe
757 2813 1045 2866 maximam
1074 2813 1351 2868 hominum
1379 2814 1777 2871 multitudinem
1819 2826 2131 2887 congregat,

548 2901 641 2956 Dei
670 2902 890 2956 numine
931 2903 1217 2958 collectum
1265 2912 1494 2972 cetum;
1543 2906 1736 2976 ipsam,
1767 2914 1826 2961 ut
1854 2908 2018 2962 verbo
2047 2909 2131 2962 di-

545 3009 685 3061 cam,
719 2994 1031 3061 angelorum
1062 2994 1458 3051 multitudinem
1488 3012 1595 3051 una
1621 2998 1897 3066 colligens,
1927 2998 2129 3054 laudis-

2237 1820 2390 1892 τάφον
2416 1816 2733 1897 διεγθαρότες
2755 1827 2837 1879 καί
2862 1826 3106 1889 ὀδωδότες
3124 1852 3149 1887 .'
3166 1816 3443 1891 σκωλήκων
3460 1816 3650 1900 πλῆθος
3674 1816 3827 1915 ’ἄμφω

2236 1909 2497 1985 βρύοντες*
2518 1914 2575 1970 ἣν
2597 1912 2650 1967 δὲ
2674 1916 2886 1986 κεφαλήν
2908 1920 3309 1989 ἀποτετμηκατε,
3334 1927 3465 2000 ὑπὲρ
3486 1938 3577 2001 γῆν
3600 1909 3825 1989 ἅλλεται.

2236 2010 2592 2077 Δορυφορεῐται
2618 2010 2808 2079 χερσίν
2835 2006 3025 2070 ὁσίαις,
3043 2015 3404 2085 προπέμπεται
3426 2030 3608 2090 χοροῖς
3630 2026 3824 2098 ἱερέων,

2238 2095 2549 2152 λιτανεύεται
2576 2104 2872 2170 συστήμασι
2915 2114 3182 2172 μοναστῶν
3202 2148 3216 2172 ,
3242 2111 3571 2181 μεγαλύνεται
3599 2117 3824 2187 μιγάδων

2238 2190 2469 2247 πλήθων
2505 2194 2792 2263 συναγείρει
2816 2191 2968 2263 δῆμον
2991 2198 3393 2276 πολυάνθρωπον,
3416 2210 3695 2283 πανήγυριν
3718 2211 3823 2263 θεο-

2239 2280 2531 2335 σῦλλεκτονθ
2575 2283 2749 2347 αὐτήν,
2780 2286 2847 2343 ὡς
2872 2283 2995 2345 ἔπος
3022 2291 3199 2355 εἰπεῖν,
3234 2295 3324 2350 τήν
3352 2295 3616 2366 ἀγγελικὴν
3638 2300 3823 2357 πληθὺν

2235 2372 2659 2445 συναθροίζουσα,
2692 2376 2776 2426 καί
2800 2375 2888 2427 τόν
2918 2385 3008 2435 τῆς
3030 2380 3266 2450 εὐφημίας
3296 2384 3411 2451 ἡμῖν
3447 2384 3601 2453 ὕμνον
3641 2410 3822 2443 συνεπη

2235 2460 2462 2534 ᾁδουσα,
2518 2460 2660 2539 εἴπερ
2708 2466 2931 2536 ’φιλτάτη
2982 2471 3150 2529 αὐτοῖς
3192 2473 3223 2528 η
3272 2479 3363 2525 τοῦ
3415 2473 3687 2545 ὁμωνύμου
3740 2485 3821 2533 καί

2235 2555 2499 2617 ίσοκλεοῦς
2527 2562 2691 2614 αὐτῶν
2713 2560 2887 2619 τελετή
2911 2562 3204 2621 παναίσιος.
3230 2565 3442 2636 Πηγάζει
3468 2571 3532 2620 τά
3562 2572 3705 2643 μύρα
3732 2580 3822 2631 τῆς

2238 2645 2454 2720 χάριτος
2502 2651 2635 2725 ὑπὲρ
2680 2650 2888 2721 νάρδον,
2934 2654 3066 2727 ὑπὲρ
3094 2654 3293 2727 κρόκον,
3324 2656 3456 2730 ὺπέρ
3496 2662 3778 2731 κινάμωμον
3805 2704 3819 2725 ,

2234 2738 2364 2811 ὑπὲρ
2388 2740 2557 2795 πάντα
2579 2744 2643 2795 τά
2678 2743 2925 2814 μυρετικά
2946 2744 3219 2815 ἀρώματα.
3248 2752 3401 2799 Φωνεῖ
3430 2751 3515 2801 καί
3696 2752 3821 2805 ἁλα-

2233 2826 2796 2904 λήτωςθριαμϐεύουσα
2826 2835 2904 2887 ἀεὶ
2932 2836 2988 2888 τὸ
3019 2834 3457 2911 δραματούργημά
3482 2860 3598 2892 σου.

2303 2929 2527 2975 Τοεαυτα
2567 2919 2628 2979 δὴ
2668 2917 2757 2975 οὖν
2793 2925 2858 2977 τά
2884 2924 2997 2981 τέλη
3022 2934 3114 2984 τῆς
3138 2927 3346 2997 ἀνομίας
3367 2967 3383 2992 ,
3414 2932 3498 2982 καί
3525 2931 3655 3000 μετά
3683 2933 3821 2989 τηλι-

2233 3010 2426 3063 κούτων
2459 3011 2896 3086 θριαμϐευμάτων.
2940 3019 3033 3068 Καὶ
3072 3022 3236 3071 ταῦτα
3278 3015 3387 3072 ἴστε
3446 3019 3680 3087 βασιλεῖς
3728 3032 3820 3082 τῆς

546 3100 651 3154 que
682 3088 835 3141 nobis
862 3089 1138 3142 consortio
1179 3088 1472 3155 accedens;
1513 3090 1779 3159 siquidem
1803 3106 2011 3146 summe
2039 3106 2129 3145 an-

2238 3107 2347 3171 γῆς’
2379 3103 2644 3176 σατράπαι
2678 3124 2732 3156 τε
2772 3108 2857 3157 καί
2884 3102 3155 3171 δυνάσται,
3178 3104 3431 3182 ἄρχοντές
3455 3130 3509 3163 τε
3531 3116 3613 3164 καί
3644 3114 3817 3187 ἀρχό-

546 3178 679 3246 gelis
707 3177 887 3243 chara,
912 3179 1029 3248 pari
1055 3193 1173 3233 cum
1202 3179 1281 3233 eis
1308 3180 1524 3235 nomine
1563 3195 1630 3236 ac
1672 3182 1840 3251 gloria
1877 3183 2134 3238 certantis

547 3269 957 3339 praeclarissima
983 3270 1270 3325 celebritas
1292 3271 1491 3326 existit.
1522 3269 1721 3328 Gratia:
1744 3282 2015 3343 unguenta
2042 3290 2133 3330 su—

546 3373 643 3430 per
668 3360 915 3426 nardum,
945 3376 1109 3430 super
1130 3377 1376 3430 crocum,
1398 3377 1561 3433 super
1585 3364 1985 3421 cinnamomum
2014 3368 2131 3437 pig-

546 3450 915 3521 mentariaque
942 3452 1121 3506 omnia
1151 3461 1393 3506 aromata
1421 3454 1665 3509 scaturit.
1702 3452 1913 3509 Clamat
1940 3472 2005 3511 ac
2034 3472 2131 3512 vo-

547 3540 804 3595 ciferatur
843 3549 992 3594 tuam
1035 3555 1248 3611 semper
1276 3542 1498 3598 sceleris
1538 3544 1754 3614 plenam
1796 3546 2132 3601 molitionem

546 3632 662 3687 sine
683 3647 815 3687 voce
845 3632 1148 3688 traducens.

616 3720 887 3790 Ejusmodi
908 3731 992 3777 est
1026 3723 1387 3793 improbitatis
1428 3724 1569 3792 linis,
1603 3735 1857 3797 tantaque
1885 3728 2030 3782 illam
2058 3729 2134 3782 in-

547 3813 706 3867 famia
728 3814 1032 3868 comitatur.
1066 3813 1195 3870 Haec
1220 3825 1275 3870 et
1294 3832 1413 3879 vos,
1440 3831 1596 3886 reges
1617 3826 1794 3883 terrm,
1825 3818 2126 3887 intelligite,

546 3912 774 3973 satrapae
796 3920 861 3959 ac
902 3912 1173 3974 potentes,
1204 3906 1565 3974 praesidesque
1611 3922 1676 3963 ac
1715 3909 1935 3971 subditi,
1967 3920 2130 3978 atque

546 3995 821 4048 hominum
850 4007 1019 4061 genus
1047 4008 1228 4060 omne,
1257 4009 1385 4063 quo,
1419 4003 1478 4048 ut
1506 3996 1558 4048 in
1589 3996 1725 4060 aliis,
1751 3997 1829 4050 sic
1857 3995 1910 4050 in
1942 3997 2123 4065 conju-

546 4085 648 4151 giis
674 4083 816 4151 quod
861 4084 1156 4150 legitimum
1196 4094 1280 4138 est
1324 4093 1612 4149 sectantes,
1662 4103 1768 4141 non
1801 4088 1852 4141 in
1882 4091 2127 4143 eamdem

549 4182 710 4240 atque
738 4171 950 4225 scelesti
980 4171 1075 4236 illi,
1105 4172 1222 4241 pari
1250 4173 1449 4242 probro
1492 4174 1784 4245 deturpati,
1816 4193 2011 4231 noxam
2043 4179 2126 4231 in-

546 4265 756 4319 cidatis.

616 4356 813 4411 Verum
842 4370 961 4411 cum
989 4371 1210 4412 aureum
1238 4366 1418 4427 caput,
1462 4359 1639 4427 quoad
1674 4376 1991 4415 concessum
2020 4370 2122 4427 est,

543 4463 676 4501 auro
705 4446 1109 4517 preliosioribus
1151 4446 1364 4501 laudum
1406 4445 1627 4503 ﬂoribus
1658 4450 2115 4519 coronaverimus,
2149 4461 2201 4519 1)

543 4552 662 4605 age,
691 4551 892 4606 quzeso,
934 4542 991 4591 et
1016 4536 1254 4592 membra
1297 4536 1401 4591 alia
1442 4539 1643 4606 pariter
1670 4554 2022 4607 assumamus,
2056 4556 2123 4596 ne

543 4645 608 4683 ex
634 4640 786 4699 parte
815 4625 1205 4681 Praecursorem
1235 4628 1546 4694 laudantes,
1578 4630 1891 4686 diminutam
1935 4632 2121 4686 lauda-

544 4721 743 4773 tionem
765 4733 829 4771 ac
850 4718 995 4785 justo
1025 4718 1286 4773 minorem
1312 4719 1509 4774 anerre
1538 4722 1828 4776 videamur.
1856 4723 1991 4789 Quid
2022 4725 2124 4778 ita-

543 4824 649 4876 que
692 4806 934 4862 manibus
982 4808 1312 4876 Splendidius
1353 4808 1688 4878 lncidiusqne
1741 4826 1861 4881 qua:
1907 4813 2121 4868 Christo

546 4897 749 4965 imponi
796 4896 851 4949 in
897 4896 1163 4966 baptismo
1209 4901 1561 4951 meruerunt?
1601 4897 1737 4953 Cum
1789 4901 1932 4955 enim
1981 4902 2123 4956 Deus

545 4985 680 5051 ignis
706 4984 919 5045 existat,
952 4984 1117 5037 divini
1137 4984 1354 5039 verticis
1382 4994 1527 5040 tactu
1556 4985 1753 5043 factum
1798 4991 1994 5057 cogita,
2025 5006 2122 5046 ve-

546 5075 644 5128 luti
688 5075 822 5142 ignis
862 5074 1209 5142 commercio,
1240 5083 1300 5129 ut
1346 5075 1697 5133 Praecursoris
1736 5094 1948 5143 manus,
1988 5081 2121 5136 nihil

546 5172 748 5220 mutata
770 5180 955 5219 eorum
981 5174 1194 5234 natura,
1221 5163 1479 5222 ﬂammea:
1499 5170 1865 5225 redderentur.
1894 5171 2120 5230 Dorsum

546 5257 661 5324 ejus
684 5257 735 5309 in
766 5255 971 5326 pallore
991 5256 1129 5325 auri,
1154 5256 1309 5325 juxta
1338 5260 1480 5329 quod
1508 5264 1716 5316 canitur
1746 5264 1917 5335 (Psal.
1954 5283 2117 5336 vau,

546 5347 672 5419 Η),
698 5349 791 5418 qui
820 5348 1018 5403 Christi
1060 5364 1277 5404 crucem
1303 5361 1492 5421 portet
1530 5354 1584 5409 in
1633 5356 1890 5412 humeris.
1933 5358 2121 5415 Venter

544 5442 654 5512 ejus
684 5441 834 5510 pyxis
879 5439 1103 5493 eburnea
1150 5457 1304 5508 super
1342 5443 1564 5513 lapidem
1592 5448 1894 5516 sapphirum
1926 5448 2118 5521 (Cant.

544 5545 599 5593 ν,
641 5528 752 5599 Η.)
785 5530 860 5584 uti
891 5529 1164 5599 Scriptura
1193 5531 1450 5601 loquitur,
1481 5537 1573 5604 qui
1594 5539 1797 5593 ventris
1823 5540 2043 5597 delicias
2068 5543 2119 5597 in

546 5620 798 5681 umbilico
835 5624 1127 5679 eximentes
1166 5625 1540 5683 eliminaverit.
1574 5629 1763 5686 Lumbi
1799 5634 1916 5704 ejus
1960 5642 2120 5695 casti-

2235 3211 2374 3262 μενοι
2399 3235 2414 3260 ,
2446 3196 2526 3246 καί
2559 3199 2662 3254 πᾶς
2691 3192 2835 3255 ὅστις
2860 3190 2949 3248 οὖν
2978 3199 3027 3250 ἐν
3053 3197 3170 3269 βίῳ,
3199 3199 3262 3251 ἶν’
3284 3200 3603 3269 ἐννομοῦντες
3634 3206 3702 3263 ὡς
3736 3206 3817 3257 ἐπὶ

2235 3288 2371 3338 πᾶσι
2391 3286 2475 3338 καί
2500 3285 2546 3336 ἐν
2572 3292 2684 3363 τοῖς
2705 3287 2907 3357 γάμοις,
2959 3292 3027 3357 μη
3071 3291 3137 3343 τά
3166 3292 3299 3344 αὐτὰ
3324 3291 3530 3346 πάθοι-ιε
3565 3300 3671 3352 τοῖς
3698 3295 3818 3348 ἕνκ-

2232 3379 2347 3451 γέσι
2370 3379 2777 3448 στηλιτευόμενοι
2806 3381 2858 3443 ἐξ
2885 3378 3017 3434 ἵσευ.

2303 3469 2427 3523 Ἀλλ’
2455 3472 2567 3524 ἐπεὶ
2595 3477 2684 3528 τὴν
2707 3480 2914 3546 χρυσῆν
2935 3474 3166 3546 κεφαλήν,
3202 3476 3268 3535 ὥς
3289 3477 3341 3528 τί
3367 3478 3497 3541 ἔστι,
3528 3485 3640 3537 τοῖς
3661 3479 3815 3549 ὑπερο

2236 3570 2463 3638 χρυσοῖς
2514 3570 2613 3617 τῶν
2646 3563 2899 3635 ἐγκωμίων
2937 3561 3107 3621 ἄνθεσι
3138 3571 3651 3638 κατεστεφανὼσσμεν
3675 3610 3691 3634 ,
3723 3568 3812 3640 ἆγε

2234 3651 2295 3712 δή
2322 3649 2410 3706 οὖν
2437 3656 2522 3707 καί
2565 3656 2632 3708 τά
2672 3654 2823 3727 ἕτερα
2850 3657 2976 3730 μέρη
2997 3658 3545 3730 συμπαραληψώμεθα,
3573 3662 3653 3713 ἵνα
3674 3669 3743 3731 μη
3760 3666 3812 3714 ἐκ

2231 3748 2419 3821 μέρους
2449 3748 2782 3816 ὰνυμνοῦντες
2833 3748 2916 3800 τόν
2957 3747 3245 3823 Πρόδρομον
3270 3790 3284 3815 ,
3336 3749 3554 3820 δόξωμεν
3602 3753 3810 3812 ἐλλιπῶς

2232 3838 2374 3908 ἔχειν
2398 3846 2488 3897 τῆς
2510 3839 2767 3909 εὐφημίας.
2817 3840 2879 3889 Τί
2913 3842 3079 3893 τοίνυν
3117 3846 3215 3892 τῶν
3241 3848 3429 3910 χειρῶν
3459 3842 3655 3893 ἐκεῖνων
3678 3842 3811 3913 λαμ·

2230 3932 2479 4005 πρότερον
2506 3934 2588 3983 καί
2621 3928 3059 4006 φωτοειδέστερον,
3088 3931 3139 3985 αἳ
3165 3936 3251 3986 τὸν
3268 3936 3483 4006 Χριστόν
3514 3936 3811 4005 χειροθετῆ-

2234 4044 2325 4076 σαι
2352 4024 2729 4085 κατηξιώθησαν
2782 4024 2833 4075 ἕν
2870 4031 2942 4093 τῷ
2973 4024 3326 4094 βαπτίσματι;
3365 4029 3423 4077 Εἰ
3471 4028 3569 4100 γάρ
3608 4033 3717 4099 πῦρ
3756 4030 3812 4081 τό

2230 4118 2355 4187 θεῖον
2393 4114 2575 4179 ἔνεστι,
2603 4114 2704 4168 νόει
2732 4134 2817 4185 μοι
2849 4114 2927 4168 ὅτι
2954 4122 3017 4191 τῇ
3040 4125 3132 4175 τῆς
3168 4118 3299 4177 θείας
3329 4119 3491 4191 ἐπαφῇ
3516 4122 3677 4196 τιάρας
3700 4160 3716 4184 ,
3744 4124 3813 4180 ὡς

2230 4207 2281 4258 ἕν
2306 4209 2551 4278 συναφείᾳ
2581 4207 2742 4279 πυρός
2779 4207 3017 4279 φλογεραί
3044 4208 3096 4260 αί
3120 4208 3407 4285 Προδρόμου
3435 4211 3694 4279 παλάμαι,
3721 4222 3811 4272 τῆς

2230 4298 2408 4356 οἰκείας
2430 4294 2626 4370 φύσεως
2646 4302 2715 4367 μη
2742 4297 3129 4368 μεταϐληθεῖσαι
3156 4300 3406 4369 γεγόνασι.
3432 4308 3507 4353 Tu‘:
3525 4304 3813 4374 μετάφρενα

2232 4390 2387 4442 αὐτοῦ
2441 4390 2488 4441 ἔν
2536 4388 2823 4463 χλωρότητι
2853 4392 3077 4462 χρυσίου
3102 4430 3116 4453 ,
3146 4384 3276 4444 κατά
3326 4392 3383 4443 τό
3422 4392 3690 4461 ᾀδόμενον,
3724 4396 3810 4448 τόν
3880 4391 3884 4394 ’

2224 4481 2449 4554 σταυρόν
2474 4487 2697 4551 Χριστοῦ
2726 4479 2808 4534 ἐπ’
2839 4480 2987 4549 ὤμων
3010 4481 3375 4554 βαστάζοντος-⁸
3402 4484 3433 4540 ἡ
3468 4484 3628 4537 κοιλία
3651 4488 3807 4539 αὐτοῦ

2225 4573 2402 4634 πυξίον
2427 4572 2731 4641 ἐλεφάντινον
2756 4573 2837 4625 ἐπὶ
2863 4572 3000 4625 λίθου
3031 4578 3333 4645 σαπφείρου,
3359 4576 3427 4629 ὡς
3459 4574 3482 4626 ό
3515 4576 3539 4627 λ
3568 4597 3680 4645 γης.
3717 4581 3812 4637 τάς

2224 4660 2306 4715 ἐπ’
2350 4662 2569 4734 ὀμφαλοῦ
2610 4663 2837 4736 γαστρὸς
2867 4661 3044 4723 ἡδονάς
3078 4664 3533 4737 ἔξοστρακίζωτος.
3563 4665 3615 4718 ‘ll
3651 4669 3806 4738 ὀσφῦς

2226 4752 2381 4805 αὑτοῦ
2410 4757 2498 4810 τήν
2525 4752 2826 4824 ἁγιαστικην
2846 4756 3176 4827 σωφροσύνην
3204 4756 3592 4829 περιειλημμένη
3630 4760 3689 4810 τό
3718 4768 3809 4818 τῆς

2225 4847 2489 4920 παρθενίας
2542 4843 2703 4919 δῶρον
2744 4847 3144 4921 ἱπανηρημὲνου.
3190 4847 3387 4919 ιΡυθμειί
3433 4858 3601 4926 μηρῶν
3645 4855 3802 4906 αὐτοῦ

2227 4934 2386 5007 ὅμοιοι
2408 4936 2691 5012 όρμίσκοις,
2715 4945 2804 4996 τήν
2824 4947 2915 4999 τῆς
2936 4941 3178 5000 ἀπαθείας
3198 4942 3445 5014 ῥομφαίαν
3461 4949 3807 5020 περιεζωσμέ-

2224 5047 2333 5081 νου.
2376 5035 2564 5096 Κνῆμαι
2596 5029 2756 5081 αὑτοῦ
2790 5031 2970 5083 στῦλοι
3010 5035 3312 5104 μαρμάρινοι
3340 5073 3353 5095 ,
3396 5034 3805 5105 τεθεμελιωμένοι

2225 5118 2310 5169 ἰπὶ
2354 5118 2532 5187 βάσεις
2581 5123 2824 5195 χρυσᾶς,
2876 5126 2974 5173 τῶν
3030 5122 3227 5191 ἀρετῶν
3278 5120 3540 5179 δηλονότι·
3571 5124 3618 5177 οἱ
3649 5123 3804 5186 πόδες

2223 5210 2516 5274 θεοϐαδιῖς.
2580 5214 2671 5271 τάς
2716 5212 2927 5284 τρίϐους
2980 5217 3154 5287 κυρίου
3208 5220 3629 5286 καταρτίζοντος’
3668 5216 3806 5271 ἅπαν

2224 5303 2379 5373 με’λος
2406 5302 2555 5356 ὅπλον
2577 5303 2895 5367 διιαιοσύνης
2937 5312 3024 5360 τοῦ
3057 5307 3322 5383 ίερωτάτου
3350 5308 3533 5361 ἐκείνου
3564 5314 3643 5361 καί
3666 5312 3805 5363 άπα-

2224 5397 2471 5449 θεστάτου
2508 5397 2743 5467 σώματος
2769 5411 2782 5423 ’
2827 5403 3007 5463 σκεῦος
3053 5397 3292 5461 ἐκλεκτόν,
3328 5400 3646 5469 ἡγιασμένον.
3687 5396 3804 5453 ’Ἦν-

2224 5485 2416 5560 δρωσεν
2463 5485 2635 5555 dipsion
2663 5527 2674 5547 ,
2719 5488 2975 5542 ἐτελείωσε
3030 5495 3305 5563 προσευχὴ
3343 5493 3565 5551 arma”.
3602 5493 3691 5547 καί
3715 5513 3805 5559 μοι

2224 5579 2335 5634 οὐδὲ
2366 5581 2429 5633 τά
2460 5580 2598 5639 ἐκτός
2645 5581 3024 5653 παραλειπτέα,
3064 5589 3156 5636 τοῦ
3210 5582 3486 5655 ίνδύματός
3525 5606 3675 5656 φημι.
3723 5589 3813 5638 καί

2225 5682 2317 5733 τῆς
2372 5676 2551 5735 ζώνης.
2590 5670 2714 5727 Ἀλλ’
2763 5670 2789 5726 ό
2832 5676 2923 5741 μὲν
2971 5674 3309 5751 πατριάρχης
3348 5664 3539 5732 Ἰακὼϐ
3602 5688 3810 5749 χιτῶνι
