4000 6344
194 315 301 390 "-n

1378 320 1699 388 HISTORIA
1735 327 1935 386 CYCLI
1974 327 2286 388 DlONYSll.

3364 337 3467 396 6⁸8

192 446 575 511 antecedente,
620 440 822 520 pariter
858 456 924 500 ac
968 444 1019 499 in
1060 442 1311 501 omnibus
1353 443 1491 510 aliis,
1522 451 1784 514 perpetuo
1816 446 1863 504 A
1891 443 2135 514 nysiano,
2167 452 2372 500 tantum
2402 444 2554 503 abest
2572 452 2634 499 ut
2666 447 2925 514 venditet,
2948 458 3007 505 ut
3033 449 3175 507 hunc
3195 452 3353 522 plane
3372 467 3471 524 pro

193 540 462 597 adhibent
497 552 662 592 teram
689 534 1067 600 Christianam,
1110 550 1233 591 cum
1277 535 1578 607 Dionysius,
1610 534 1663 587 in
1694 532 1784 586 illo

192 650 255 691 se
279 648 446 689 aram
474 629 815 694 Diocletiani,
845 644 952 698 qua
980 626 1211 698 Cyrillus
1255 643 1380 682 usus
1421 625 1618 690 fuerat,
1655 623 1787 679 reti-

191 726 399 790 nuisse,
430 724 586 793 eique
611 720 971 776 Christianam
1003 719 1070 774 ab
1098 734 1241 786 anno
1269 719 1483 773 demum
1514 715 1619 771 552
1656 716 1784 771 sub-

191 816 458 879 stituisse,
491 814 693 868 diserte
731 811 1050 882 proﬁteatur
1080 807 1179 882 (a).
1201 809 1289 863 ιν.
1320 807 1379 863 In
1411 798 1601 863 eodem
1631 805 1786 877 cyclo

193 909 516 967 indictiones
543 907 703 962 aliter
725 920 885 975 quam
911 902 1169 975 aCyril‘lo
1220 909 1276 956 et
1312 908 1568 970 corrupte
1607 912 1789 953 nume-

192 1010 385 1058 rantur
412 1000 509 1069 (ιι).
541 997 717 1053 Taceo
756 996 951 1052 menda
980 993 1388 1064 quamplurima,
1429 991 1688 1061 imprimis
1730 990 1785 1044 in

189 1092 446 1147 columna
474 1099 646 1155 sexta,
680 1089 770 1143 ubi
803 1089 943 1141 lunae
973 1085 1193 1141 decima:
1227 1093 1466 1153 quarm;
1498 1090 1553 1139 et
1593 1085 1647 1138 in
1688 1097 1785 1137 co-

192 1184 378 1238 lumna
428 1184 675 1253 septima,
716 1181 805 1236 ubi
854 1179 1114 1236 Paschata
1159 1180 1271 1249 ipsa
1319 1192 1602 1247 perperam
1641 1174 1786 1230 desi-

198 1285 439 1344 gnantur
466 1282 629 1343 atque
658 1273 711 1326 iu
742 1271 948 1325 alienos
977 1270 1093 1324 dies
1122 1268 1535 1324 transferuntur.

876 1360 904 1432 ς
944 1358 1105 1414 xvu.

262 1456 413 1511 Inter
432 1455 612 1510 omnia
643 1469 762 1524 quae
790 1454 1069 1523 hucusque
1096 1453 1165 1507 de
1191 1452 1345 1524 cyclo
1373 1451 1702 1523 Dionysiano
1731 1452 1786 1507 in

186 1549 367 1605 lucem
396 1548 732 1619 prodierunt,
755 1547 801 1601 si
825 1545 1162 1615 antiquitatis
1186 1553 1242 1600 et
1261 1545 1599 1601 auctoritatis
1620 1544 1789 1600 ratio-

191 1658 317 1696 nem
363 1641 585 1705 habeas,
628 1639 922 1710 principem
972 1636 1132 1694 facile
1168 1638 1345 1693 locum
1374 1644 1525 1692 tenet
1560 1650 1787 1707 apogra-

193 1731 366 1802 phum
404 1729 615 1801 lapidis,
655 1728 941 1793 Ravennae,
975 1728 1028 1782 in
1057 1742 1271 1809 camera
1310 1727 1550 1783 ecclesiae
1592 1733 1789 1799 metro-

1887 532 2169 604 deperdito
2199 535 2399 591 haheat
2424 536 2526 609 (Ῑ).

2555 627 2583 699 5
2625 626 2810 683 xvm.

1957 712 2087 780 Quae
2116 729 2245 770 eum
2294 717 2368 773 ita
2412 732 2473 773 se
2510 694 2790 785 haberent,
2826 720 3047 792 Cyclum
3087 694 3326 794 Dionfsii
3370 737 3473 781 nec

1884 800 2153 874 integrum
2195 808 2425 878 amplius
2459 817 2693 876 exstare,
2727 826 2827 867 nec
2865 812 2965 866 nisi
3003 828 3102 882 per
3135 814 3471 885 conjecturas

1885 897 2153 969 ejusmodi
2192 903 2403 957 restitui
2447 918 2627 972 posse,
2658 904 2788 959 viris
2824 905 2997 962 doctis
3043 908 3204 976 plane
3247 909 3468 973 credidi,

1885 990 2194 1059 priusquam
2222 991 2423 1048 codicis
2451 992 2723 1062 Digbazani
2752 995 2807 1048 in
2845 995 3168 1051 bibliotheca
3198 997 3471 1054 Oxonieu—

1886 1081 2026 1135 sium
2076 1081 2362 1137 Bodleiana
2414 1083 2729 1153 inspiciendi
2766 1086 2921 1155 copia
2952 1088 3083 1142 mihi
3113 1090 3468 1157 contingeret.

1886 1168 2005 1226 Hoc
2032 1172 2176 1227 enim
2214 1173 2352 1228 libro
2391 1175 2699 1230 verissimae
2727 1175 3233 1253 ἐννεαδεκαετηρίδων
3272 1179 3472 1252 Diony-

1885 1261 2158 1317 sianarum
2184 1263 2415 1332 tabulas,
2446 1265 2633 1335 quales
2667 1267 2736 1321 ab
2771 1267 2889 1336 ipso
2914 1276 3135 1324 auctore
3163 1269 3289 1326 olim
3315 1270 3471 1326 edita

1885 1361 2031 1421 sunt,
2057 1354 2343 1419 contineri,
2386 1370 2494 1424 quo
2524 1356 2831 1423 diligentius
2859 1359 3143 1427 anquisivi,
3175 1368 3326 1416 tanto
3354 1374 3471 1416 cer-

1887 1442 2115 1499 tioribus
2139 1446 2472 1514 argumentis
2491 1448 2764 1517 cognitum
2792 1448 3042 1504 iudicavi.
3071 1448 3204 1504 Cum
3228 1450 3363 1505 liber
3384 1452 3471 1506 ille

1886 1533 2212 1603 praecipuam
2238 1534 2362 1590 huic
2389 1537 2829 1593 commentationi
2859 1540 3199 1594 occasionem
3229 1541 3471 1609 praebue-

1886 1625 1979 1691 rit,
2028 1640 2137 1680 non
2184 1626 2420 1681 alienum
2461 1627 2568 1683 hoc
2614 1627 2736 1683 loco
2784 1628 3017 1693 videtur,
3068 1630 3315 1685 notitiam
3357 1631 3471 1700 ejus

1856 1726 2049 1797 'paulo
2084 1725 2402 1797 ampliorem
2429 1740 2591 1796 quam
2620 1725 2899 1794 catalogus
2937 1742 3037 1781 ms.
3070 1726 3275 1797 Anglia:
3301 1728 3473 1784 conti-

194 1821 455 1892 politana:
484 1821 856 1891 conspicuum,
889 1819 957 1873 ab
987 1816 1221 1873 Henrico
1246 1816 1458 1873 Norisio
1500 1818 1702 1874 editum
1732 1825 1789 1872 et
1817 1809 1864 1867 Β
1891 1824 1983 1873 net
2009 1818 2084 1889 (g)
2131 1816 2496 1887 suppeditare.
2532 1816 2773 1887 Scriptus
2809 1825 2892 1873 est
2931 1817 2985 1871 in
3026 1818 3338 1873 membrana
3364 1816 3472 1875 for-

188 1915 529 1970 illustratum
573 1913 672 1980 (e).
715 1909 904 1979 Neque
946 1908 1089 1963 enim
1131 1907 1217 1962 hic
1253 1908 1522 1963 immerito
1551 1907 1784 1978 lapidem

182 2009 363 2072 illum,
392 2012 448 2058 ut
477 2009 883 2060 monumentum
907 2000 1037 2070 cgcli
1058 1997 1389 2069 Dionysiani,
1412 1998 1563 2057 initio
1584 2001 1782 2065 statim,

181 2101 291 2156 hoc
335 2104 422 2154 est
463 2098 580 2167 ipso
616 2094 812 2151 saeculo
853 2106 925 2155 v1,
968 2090 1199 2145 ecclesiae
1241 2091 1650 2161 metmpolitanre
1679 2090 1785 2144 Ra-

178 2189 511 2255 vennatensi,
557 2185 703 2258 eique
746 2181 1050 2240 contributis
1088 2183 1363 2252 episcopis,
1407 2199 1532 2254 quos
1574 2190 1779 2248 vocant,

177 2280 557 2352 suﬂ'raganeis,
608 2276 813 2347 probati
865 2293 928 2329 ac
974 2277 1180 2345 recepti,
1234 2275 1593 2330 commendare
1636 2274 1781 2328 cide-

178 2385 268 2429 tur
299 2374 404 2444 id).
445 2370 551 2427 Sed
598 2376 822 2435 erraret,
860 2369 906 2424 si
951 2368 1071 2440 quis
1108 2370 1200 2425 illo
1239 2377 1409 2424 totum
1451 2369 1780 2439 diagramma

175 2466 327 2538 cycli
369 2463 680 2535 Dionysiani
714 2462 978 2518 contineri
1022 2470 1257 2532 putaret.
1307 2460 1441 2517 Cum
1490 2462 1633 2517 enim
1676 2462 1782 2517 hoc

175 2565 314 2611 octo
337 2553 606 2609 columnis
625 2560 855 2617 constet,
883 2552 934 2606 in
960 2551 1359 2607 Ravennatensi
1377 2560 1607 2620 quatuor
1628 2553 1777 2623 prio-

173 2664 286 2713 res,
318 2661 441 2716 qua:
470 2654 740 2699 certorum
770 2659 1033 2699 annorum
1063 2658 1318 2698 numeros
1338 2651 1394 2698 ει
1410 2644 1775 2711 characteres,

172 2751 385 2804 eram,
434 2742 561 2804 puta
608 2732 986 2799 Christianam,
1038 2733 1421 2803 indictionem,
1468 2742 1688 2805 epactas
1722 2743 1780 2790 et

172 2839 570 2888 concurrentes
589 2830 1037 2901 complectuntur,
1060 2831 1272 2886 omissae
1292 2838 1437 2897 sunt,
1459 2828 1621 2901 atque
1638 2832 1777 2889 adeo

172 2932 419 2992 quatuor
448 2926 653 2973 tantum
679 2918 1009 2989 posteriores
1035 2933 1155 2989 quae
1182 2918 1249 2973 ad
1278 2918 1637 2989 designandos
1661 2921 1778 2978 dies

171 3014 487 3086 paschales,
518 3012 571 3067 in
606 3011 791 3067 orbem
829 3010 1138 3079 redeuntes,
1166 3010 1412 3067 sufﬁcere
1437 3011 1772 3080 videbantur,

173 3111 469 3173 apparent,
499 3101 768 3165 videlicet,
801 3100 857 3153 1’
898 3101 1123 3155 circulus
1168 3103 1389 3167 lunaris,
1421 3102 1478 3156 2·
1507 3106 1646 3159 luna
1684 3105 1776 3160 de-

1884 1924 1991 1962 mas
2016 1908 2261 1975 minoris,
2287 1908 2433 1962 illam
2462 1922 2625 1977 quam
2650 1915 2895 1963 octavam
2923 1909 3265 1966 nominamus
3296 1911 3471 1980 paula-

1884 2010 1992 2065 lum
2033 2010 2372 2075 excedentis;
2416 2009 2613 2063 litteris
2640 2008 2852 2064 illarum
2880 2009 3166 2066 simillimis
3191 2024 3329 2081 quas
3361 2010 3472 2065 Ma-

1882 2099 2136 2154 billonius
2164 2099 2242 2170 (In)
2272 2097 2472 2154 szeculo
2495 2113 2589 2152 vm
2615 2097 2819 2153 tribuit.
2844 2097 3080 2152 Primum
3108 2099 3161 2152 in
3183 2098 3277 2153 illo
3293 2098 3470 2155 locum

1881 2197 2030 2245 tenet
2074 2190 2258 2261 cyclus
2294 2188 2562 2259 paschalis
2599 2188 2667 2243 ab
2692 2187 3180 2243 anno'Diocletiani
3209 2186 3333 2253 229,
3362 2188 3469 2243 hoc

1879 2289 1965 2337 est
1991 2295 2120 2335 ann.
2142 2280 2338 2335 Christi
2359 2278 2484 2345 515,
2510 2294 2608 2349 per
2625 2278 2696 2333 20
2719 2278 3286 2343 enneadecaeterides,
3309 2287 3471 2349 atque

1879 2374 2016 2429 adeo
2046 2388 2221 2442 usque
2260 2371 2329 2426 ad
2376 2386 2576 2426 annum
2607 2370 2807 2426 Christi
2850 2369 2958 2425 892
3002 2371 3372 2437 continuatas;
3402 2386 3469 2426 ex

1878 2464 2075 2533 quibus
2101 2460 2702 2516 enneadecaeteridibus
2740 2476 2835 2516 sex
2876 2462 3085 2532 priores
3127 2472 3315 2532 postea
3345 2476 3470 2533 pro-

1876 2556 2134 2622 feremus,
2164 2561 2219 2608 et
2255 2552 2581 2622 ipsissimum
2624 2551 2863 2623 Dionysii
2895 2553 3102 2624 cyclqu
3140 2553 3469 2611 constituere

1876 2642 2385 2699 demonstrabimus.
2414 2640 2524 2695 Illis
2550 2640 2887 2711 subiungitur
2914 2642 3298 2710 compendiosa
3318 2658 3467 2712 qua:-

1876 2735 1998 2790 dam
2023 2744 2329 2807 temporum
2350 2732 2679 2804 supputatio,
2706 2732 2773 2787 ab
2799 2732 2933 2788 orbe
2960 2733 3180 2788 condito
3206 2749 3375 2805 usque
3401 2735 3467 2790 ad

1875 2825 2053 2886 Caroli
2074 2829 2144 2884 Μ.
2167 2835 2393 2883 mortem
2416 2825 2665 2891 deducta,
2691 2832 2745 2880 et
2769 2825 3128 2879 calendarium
3145 2825 3467 2894 Romanum,

1874 2933 1998 2975 cum
2016 2918 2192 2973 aureis
2216 2916 2471 2980 numeris,
2497 2916 2612 2971 sive
2627 2915 2793 2988 cyclis
2825 2913 3140 2970 Latinorum
3161 2926 3216 2971 et
3239 2916 3471 2972 Alexan-

1874 3011 2151 3068 drinorum
2197 3010 2282 3081 (i).
2316 3009 2628 3077 Sequuntur
2668 3006 2864 3062 deinde
2890 3022 3127 3062 eaiiones
3154 3007 3466 3076 paschales,

1876 3103 2153 3157 orationes
2196 3109 2253 3157 et
2299 3100 2542 3171 epistolae
2594 3097 2903 3170 Theophili,
2956 3097 3211 3167 Proterii,
3260 3098 3466 3170 Cyrilli,

176 3195 332 3247 rimo
360 3200 563 3262 quarta:
597 3190 891 3258 paschales,
922 3188 978 3246 3°
1009 3190 1120 3244 dies
1148 3190 1422 3247 dominica:
1456 3194 1768 3263 festivitatis,
1795 3179 1842 3240 (ἶ
1875 3191 2205 3259 Paschasini,
2234 3192 2492 3262 Dionysii,
2516 3190 2731 3260 aliaque
2748 3199 2993 3244 veterum
3017 3190 3218 3259 scripta
3242 3189 3308 3243 ad
3332 3190 3466 3260 cyeli

176 3281 234 3335 ι·
269 3284 398 3335 luna
430 3282 582 3352 hujus
613 3281 714 3336 diei
748 3281 1042 3347 dominicis,
1071 3289 1127 3336 et
1152 3282 1256 3336 ista
1283 3282 1497 3350 quidem
1541 3298 1647 3338 non
1676 3299 1772 3340 co-

176 3374 381 3428 lumnis
411 3373 682 3438 distincta,
730 3372 825 3427 sed
867 3372 1208 3428 orhiculatim
1251 3371 1508 3443 disposita
1540 3382 1683 3445 sunt,
1717 3384 1774 3429 ut

178 3466 301 3535 ipso
354 3474 581 3534 aspectu
630 3465 888 3520 circulum
937 3466 1177 3522 referant
1225 3465 1316 3537 (e).
1367 3466 1486 3538 Ipse
1532 3467 1775 3526 Norisius

178 3564 356 3611 rotam
396 3570 553 3610 suam
602 3554 1065 3612 Ravennatensem
1104 3571 1202 3627 pro
1230 3555 1442 3624 integro
1469 3558 1620 3629 cyclo
1648 3557 1777 3615 Dio-

274 3751 331 3823 ᾳ)
370 3751 432 3823 in
466 3750 787 3823 praefatione
808 3749 955 3823 Cyeli
981 3750 1266 3823 pasch.ad
1293 3752 1621 3809 Petronium.

274 3753 331 3821 α)
370 3753 432 3805 ιιι
466 3753 782 3823 praefatione
808 3753 955 3821 Cycli
981 3753 1168 3820 pasch.
1200 3753 1266 3805 ad
1293 3753 1621 3809 Petronium.

246 3753 328 3894 ξι)
366 3820 451 3878 lla
482 3838 571 3878 an.
595 3819 793 3876 Christi
950 3821 1159 3876 additur
1180 3821 1398 3877 iudictio
1418 3839 1508 3947 Eu
1531 3841 1629 3894 pro
1656 3840 1727 3951 Ἅι

1875 3282 2145 3353 paschalis
2197 3281 2617 3351 explicationem
2671 3280 2996 3350 spectantia,
3045 3295 3077 3333 a
3121 3278 3468 3347 Regenboldo

1874 3372 2153 3429 sacerdote
2195 3371 2426 3442 quodam
2468 3370 2697 3425 collecta
2732 3370 2833 3440 (j).
2870 3369 3078 3435 Quibus
3127 3369 3340 3423 tandem
3371 3370 3467 3422 ad-

1876 3463 2074 3520 duntur
2102 3473 2416 3533 argumenta
2446 3461 2825 3533 Egyptiorum
2859 3460 3130 3528 paschalia
3170 3474 3235 3512 ex
3266 3460 3468 3514 νει-δίου

1878 3572 1945 3612 ne
1972 3554 2229 3626 Dionysii,
2262 3553 2532 3609 nonnullis
2555 3551 2770 3622 quidem
2800 3549 3202 3605 accessionibus
3230 3555 3389 3603 aucta
3410 3555 3467 3604 et

1881 3825 2011 3892 Qum
2036 3823 2308 3905 aberratio
2329 3822 2400 3876 ita
2430 3750 2613 3892 usqbuie5
2635 3820 2702 3875 ad
2742 3819 2987 3878 ultimum
3018 3765 3153 3893 cyc’l‘i
3179 3763 3463 3889 hujus‘gnlax:

1881 3912 2009 3952 num
2038 3902 2401 3950 continuatur.

762 3980 849 4039 Sic
876 3984 1073 4055 pascha
1099 3985 1225 4039 anni
1389 4003 1419 4040 a
1447 3988 1535 4043 die
1561 4006 1591 4043 v
1628 3991 1731 4061 cal.
1759 3989 1884 4061 Apr.
1954 3988 2272 4043 transfertur
2335 3988 2403 4061 ad
2434 3986 2687 4061 calendas
2715 3984 2886 4061 April.

1252 4054 1355 4108 567

1560 4075 1636 4113 ιιιι
1664 4060 1735 4114 id.
1769 4062 1900 4129 Apr.

2337 4059 2404 4137 ad
2437 4056 2574 4137 prid.
2602 4054 2889 4137 April.

1259 4124 1367 4201 §§§
1559 4130 1663 4184 cal.
1708 4124 1877 4201 April.
2336 4129 2403 4201 ad
2428 4124 2639 4201 calend.
2659 4124 2822 4201 _Ma_i_i.

1256 4193 1362 4265 569
1557 4214 1613 4254 ιι
1640 4193 1905 4255 οιιΙ.’Μιιὶὶ
2333 4197 2403 4253 ad
2435 4213 2487 4252 ιιι
2514 4196 2615 4252 cal.
2642 4196 2812 4265 April.

1252 4264 1351 4321 571
1558 4284 1611 4324 ιν
1638 4270 1741 4325 cal.
1774 4270 1901 4335 Apr.
2330 4269 2396 4322 ad
2427 4283 2482 4322 ιιι
2511 4267 2615 4322 cal.
2649 4264 2819 4335 April.

1256 4335 1360 4419 ἓξὲξ
1559 4356 1651 4394 xiv
2330 4337 2397 4419 ad
2422 4354 2511 4391 xiv
2538 4336 2838 4419 c_al._-April.

1250 4404 1355 4461 588
1558 4425 1648 4465 xlv
1677 4412 1778 4466 cal.
1808 4411 1932 4466 Maii
2328 4406 2396 4462 ad
2422 4423 2475 4461 iv
2502 4406 2604 4462 cal.
2627 4404 2771 4461 Maii.

249 4496 324 4568 (c)
364 4494 598 4552 Dissert.
628 4496 695 4550 de
724 4495 889 4568 Cyclo

175 4564 268 4631 95,
303 4564 825 4652 unancumdepoch'is
864 4564 1401 4652 .S'yt’rp-Maeedouum,
1432 4567 1635 4625 Patavii
1664 4572 1773 4640 pri-

174 4655 325 4694 mum
356 4636 531 4703 edita,
553 4643 610 4689 et
638 4635 826 4705 Lipsiae
858 4635 997 4690 1694
1029 4652 1234 4691 recusa.

252 4707 330 4781 (cf)
368 4706 526 4781 μεθ
553 4706 718 4781 dicto,
755 4720 876 4781 pag.
910 4705 1010 4760 175
1039 4707 1166 4761 edit.
1198 4706 1342 4779 Lips.

250 4775 324 4861 (ε)
365 4775 875 4861 ιξριειξὶιιιρυεῴοὰἰ,
907 4785 965 4830 ιιι
992 4775 1279 4861 vocantur,
1304 4778 1582 4861 paschales
1605 4780 1655 4833 in
1680 4796 1774 4861 a_n-

173 4845 341 4918 siqnis
393 4846 573 4918 libris,
600 4845 667 4899 de
710 4849 1264 4918 temporuﬁmrratione
1303 4845 1535 4918 scriptis,
1577 4852 1774 4918 passim

173 4916 353 4973 obviae
374 4924 523 4987 sunt.
550 4916 784 4970 Duorum
808 4917 1068 4986 imprimis
1088 4918 1354 4980 codicum,
1382 4916 1433 4973 in
1457 4920 1559 4974 hoc
1580 4916 1777 4987 genere

170 4986 700 5068 antiquissimorum.
730 4988 1002 5068 recordor,
1044 4989 1097 5068 in_
1142 4989 1335 5068 quibus
1373 4989 1499 5068 illae,
1541 4986 1775 5068 Dionysii

170 5004 700 5058 aullquSImOl‘um,
730 5004 1002 5051 rccoruor,
1044 5004 1096 5041 ιη
1142 5004 1335 5111 quibus
1373 5004 1499 5055 mae,
1543 5004 1775 5061 monysu

170 5059 439 5128 epistolis
474 5057 907 5125 argumentisque
956 5058 1151 5127 pascha
1177 5059 1292 5113 ibus
1330 5058 1600 5127 subjectae,
1631 5061 1775 5115 aliud

168 5127 359 5198 agenti
392 5127 756 5192 obvenerunt;
798 5128 972 5187 unius.
1020 5128 1217 5183 saeculo
1246 5146 1297 5183 ιιι
1327 5131 1530 5201 scripti,
1564 5131 1616 5185 in
1641 5131 1771 5187 bibl.

172 5198 440 5251 Hennensi
465 5194 525 5250 S.
556 5195 802 5251 Remigii.
839 5214 893 5251 ιι.
925 5197 1053 5251 298.
1083 5201 1376 5251 secundum
1408 5209 1643 5251 veterem
1682 5218 1771 5251 ca-

172 5198 440 5255 Bemensi
465 5197 525 5250 S.
556 5197 802 5266 Remigii,
839 5214 893 5251 ιι.
925 5197 1053 5265 298,
1083 5201 1376 5254 secundum
1408 5197 1643 5257 veterem
1682 5218 1773 5257 ca-

170 5272 427 5350 talngom
450 5266 556 5350 ’ρι’
595 5266 689 5350 lli;
735 5269 958 5350 alterius
1006 5270 1061 5323 in
1106 5268 1238 5324 bibl.
1278 5270 1630 5328 Cottoniana.
1673 5274 1773 5329 sub

166 5336 419 5407 imagine
446 5336 697 5406 Caligulae
726 5338 790 5392 A.
824 5337 909 5392 15.

276 5406 330 5481 f)
364 5408 493 5481 iVid.
528 5406 670 5481 διδ,
703 5409 809 5481 col.
833 5407 959 5476 475,
991 5418 1105 5465 not.
1142 5410 1241 5481 (a).

249 5477 330 5551 (g)
356 5480 418 5533 In
442 5477 686 5545 catalogo
716 5477 837 5533 libr.
871 5495 998 5534 mss.
1027 5477 1231 5549 Anglia:
1257 5490 1313 5535 et
1337 5480 1603 5537 Hibernim
1629 5478 1774 5534 Oxo-

163 5552 249 5605 nii
296 5566 390 5603 an.
428 5548 567 5601 1697
594 5550 767 5608 edito.
799 5549 1136 5607 bibliotheca:
1167 5552 1485 5608 Bodleianze.
1516 5554 1686 5607 classe
1719 5549 1771 5608 5.

162 5589 566 5677 Ξὲἱοῗὲώῖοἱέ
595 5589 1136 5693 ῖὲῖιέἰιῖιῗῦἷίξὶἱεὶΐ
1145 5589 1485 5693 ρἐἶῗὲὸῗὶῗιῗ
1499 5589 1771 5687 ιᾟὸῗῖιὲ

157 5692 349 5748 mles
384 5698 572 5742 noster
600 5690 682 5743 bis
708 5690 889 5745 verbis
928 5690 1274 5749 recensenti:
1313 5693 1465 5749 Liber
1504 5695 1607 5748 sive
1631 5705 1767 5745 truc-

160 5775 318 5820 tatsts
370 5760 655 5815 admouet
695 5762 936 5826 antiquus
985 5762 1046 5816 de
1096 5764 1310 5823 liiuioue
1333 5765 1767 5828 l‘ascliatis,cum

931 4496 1171 4566 paschali
1217 4496 1460 4553 Ravenn.
1509 4514 1770 4554 annorum
1807 4507 1851 4564 ι)
1876 4502 2030 4556 ceteri
2076 4500 2375 4556 calendario
2396 4508 2445 4553 et
2483 4499 2715 4553 oratione
2745 4496 3012 4566 Theophili
3033 4494 3373 4566 Cwsareensis
3401 4500 3467 4552 de

1880 4572 2062 4625 eadem
2091 4588 2165 4634 re,
2200 4581 2332 4634 etc.;
2363 4569 2587 4622 Proterii
2616 4567 2854 4638 epis_tola,
2886 4565 3186 4638 Tractatus
3224 4565 3465 4638 Dionysii

1889 4638 2075 4712 Ε’τὶσαὶ
2099 4639 2319 4712 abbulis;
2351 4634 2975 4712 Computalioﬂeginaldi
3003 4634 3306 4712 sacerdotis;
3329 4634 3464 4712 alius

1888 4704 2134 4765 tractatus
2163 4711 2225 4763 de
2238 4704 2419 4764 Titulis
2448 4704 3183 4778 paschalibus‘ngyptiorum,
3203 4717 3302 4761 etc.
3332 4705 3464 4760 Ila'c

1882 4786 2057 4834 omnia
2097 4782 2453 4849 antiquissimo
2501 4779 3063 4849 charactereuexarata
3100 4786 3241 4849 sunt,
3284 4778 3466 4849 primis

1885 4845 2296 4905 Christianorum
2326 4850 2596 4905 Saxonum
2621 4849 2676 4901 in
2693 4845 2882 4917 Anglia
2911 4846 3242 4917 temporibus.

1957 4923 2035 4991 (Ιι)
2067 4920 2360 4991 Mabillon.,
2384 4920 2451 4973 de
2477 4919 2553 4972 Re
2581 4918 2809 4991 Diplom.
2842 4917 2915 4971 lib
2938 4918 3152 4991 .v,__t_ab.
3176 4917 3228 4983 9,
3248 4935 3315 4991 p.
3338 4918 3463 4974 561.

1949 4987 2025 5113 gl
2056 4988 2339 5045 Geminum
2382 4991 2487 5044 hoc
2513 4987 2877 5045 calendarium
2900 4996 2983 5070 est
3013 4988 3086 5042 illi
3116 4987 3465 5112 titiodexstat

2000 5061 2113 5113 eda:
2140 5060 2239 5113 On.
2276 5070 2405 5113 tom.
2436 5058 2485 5113 l.
2518 5075 2570 5113 ιι.
2609 5055 2735 5113 242.
2767 5057 2867 5112 sub
2904 5058 3092 5112 titulo:
3146 5058 3461 5113 ‘nhemerts.

1877 5062 1931 5116 in
1957 5055 2113 5116 Beda:
2140 5060 2239 5130 Op.
2276 5070 2405 5115 tom.
2436 5058 2485 5124 l,
2518 5075 2570 5128 p.
2609 5055 2742 5130 242,
2767 5057 2867 5130 sub
2904 5058 3092 5112 titulo:
3126 5055 3461 5130 Ephemeris,

1878 5141 1932 5186 et
1959 5131 2100 5201 apud
2140 5128 2442 5196 Petavium,
2466 5130 2606 5201 libro
2629 5144 2680 5181 vi
2714 5128 2782 5201 de
2809 5128 2989 5201 Doctr.
3035 5128 3225 5199 temp.,
3255 5146 3375 5201 cap.
3410 5128 3464 5197 5,

1878 5198 2007 5257 licet
2033 5202 2100 5255 ab
2130 5210 2356 5269 utroque
2378 5202 2429 5255 in
2462 5199 2640 5255 multis
2670 5198 2829 5252 etiam
2860 5199 3147 5253 diversum.

1950 5272 2026 5353 (
2058 5271 2184 5353 Ipse
2202 5287 2396 5353 nomen
2426 5286 2603 5353 suum,
2628 5270 2791 5353 paulo
2817 5278 2937 5339 post
2959 5269 3461 5353 epistolamﬁlﬁgv

1880 5338 2016 5413 nysii
2047 5338 2113 5395 ad
2146 5341 2496 5407 Bonifacium,
2529 5341 2613 5413 his
2634 5338 3142 5413 verbisprolitetur
3162 5358 3173 5393 :
3210 5338 3359 5413 Finit
3398 5338 3453 5390 li—

1881 5406 1971 5467 ber
2009 5415 2074 5466 de
2104 5412 2511 5481 Computalione.
2551 5406 2927 5481 Regenboldns,
2962 5409 3201 5481 sacerdos
3316 5406 3460 5460 Pen-

1881 5486 2043 5543 tonia,
2077 5484 2283 5552 scripsit
2311 5484 2465 5536 istum
2493 5480 2739 5552 libellum,
2776 5489 2825 5533 et
2851 5480 3461 5552 quicunque__lcgit,_semf

1878 5572 1969 5624 per
1998 5571 2090 5620 pro
2131 5546 2220 5607 illo
2260 5563 2387 5624 oret.
2418 5554 2551 5624 Qua:
2595 5550 2756 5606 verba
2806 5546 2911 5624 nun
2968 5546 3334 5624 ess'cjibr‘atfii2
3368 5546 3457 5603 sed

1877 5616 2204 5689 collectoris,
2232 5623 2316 5676 vel
2344 5616 2465 5677 inde
2496 5628 2661 5691 patet,
2690 5618 2833 5687 quod
2866 5633 2973 5671 non
3005 5619 3055 5672 in
3088 5618 3189 5691 line
3221 5616 3345 5691 libri
3366 5633 3460 5683 po-

1875 5696 1975 5747 sita
2025 5687 2199 5762 sunt,
2235 5693 2330 5749 sed
2375 5687 2548 5765 plura,
2593 5691 2780 5747 eadem
2808 5702 2970 5742 manu
3020 5687 3243 5759 scripta,
3270 5688 3457 5742 subse-

1872 5773 2131 5835 quuutur.
