4000 6344
253 270 358 326 489

1312 276 1505 330 LIBER
1549 274 1632 330 DE
1675 275 2056 332 PASCIIATE.
2103 275 2487 332 I‘RIEFATIO.

3438 281 3536 333 tua

253 385 433 451 luerit,
465 403 569 442 non
601 387 668 443 ad
696 390 939 458 quintum
967 391 1176 462 cyclum
1221 391 1276 446 S.
1310 392 1520 463 Cyrilli,
1546 406 1707 460 quem
1738 407 1842 444 no.
1875 399 1917 452 Α
1952 402 2069 459 tur,
2101 390 2308 463 praefati
2332 393 2666 450 venerabiles
2698 391 2714 431 ¹
2743 395 2968 450 trecenti
2997 403 3053 451 et
3078 395 3378 452 octodecim
3405 415 3532 467 putt-

252 476 336 532 bis
379 481 688 535 necessario
737 484 1136 551 proposuimus,
1185 481 1278 536 sed
1328 480 1397 535 ad
1446 490 1690 536 nostrum
1736 480 1847 550 pri—

252 582 400 622 mum
445 569 729 638 vigilanter
764 583 1047 635 excurrat;
1100 585 1156 628 et
1182 583 1204 609 λ
1229 571 1421 627 ordine
1459 586 1569 642 quo
1613 571 1848 625 diximus

252 673 352 728 per
376 673 471 715 eos
492 661 584 731 qui
627 662 836 717 firmum
871 679 1085 719 cursum
1137 664 1392 729 retinent,
1451 677 1640 718 eorum
1665 661 1689 699 δ
1722 677 1849 731 pro—

250 770 520 826 gressum,
550 759 640 828 qui
673 760 920 814 videntur
947 760 1198 823 titubare,
1231 767 1496 814 sustentet
1522 770 1567 812 ε.

323 846 460 902 Illud
498 864 718 921 quoque
767 867 873 905 non
923 853 1164 906 minorid
1199 868 1327 907 cura
1379 851 1676 908 notandum
1726 865 1849 906 esse

250 941 584 1003 censuimus,
625 958 693 996 ne
733 944 784 997 in
813 945 969 1013 primi
1018 944 1221 999 mensis
1264 944 1538 1012 agnitione
1578 942 1844 996 fallamur.

252 1032 392 1089 llinc
415 1036 556 1089 enim
580 1051 719 1106 pene
744 1047 969 1092 cunctus
994 1054 1148 1092 error
1171 1047 1194 1075 ε
1216 1037 1592 1106 discrepantiie
1623 1036 1850 1105 pascha-

255 1124 323 1179 lis
362 1126 626 1188 exoritur.
658 1127 784 1181 dum
810 1127 1068 1197 temporis
1101 1127 1308 1181 initium
1336 1128 1614 1196 ignoratur
1649 1125 1692 1180 ί.
1715 1125 1848 1180 Nam

252 1229 377 1270 cum
423 1215 686 1270 Dominus
731 1219 1073 1289 omnipotens
1122 1219 1260 1273 hanc
1305 1219 1716 1273 sacratissimam
1755 1233 1847 1271 so-

256 1305 590 1361 lemnitatem
639 1307 1018 1362 celebrandam
1058 1307 1180 1362 filiis
1223 1308 1406 1371 Israel,
1453 1308 1542 1377 qui
1581 1322 1649 1361 ex
1675 1305 1847 1376 Aﬂgy-

253 1399 365 1467 ptia
411 1400 674 1454 servitute
724 1399 1113 1465 liberabantur,
1171 1401 1447 1463 indiceret,
1500 1400 1576 1454 ait
1613 1399 1665 1454 in
1710 1399 1848 1453 libro

253 1487 430 1544 Exodi
456 1501 480 1538 6
512 1491 579 1544 ad
610 1490 827 1562 Moysen
859 1501 912 1546 et
943 1491 1121 1545 Aaron
1153 1492 1204 1544 in
1237 1502 1376 1546 terra
1418 1490 1636 1562 {Egypti
1661 1508 1673 1543 :
1697 1489 1850 1543 Men-

253 1585 327 1637 sis
355 1584 454 1636 iste
480 1584 793 1652 principium
825 1585 1098 1646 mensium,
1133 1585 1331 1654 primus
1371 1585 1470 1637 erit
1509 1583 1563 1635 in
1590 1583 1847 1636 mensibus

252 1677 401 1729 anni.
437 1673 679 1745 Itemque
724 1677 917 1730 ibidem
956 1677 978 1712 ιλ
1027 1694 1040 1728 :
1074 1675 1275 1738 Primo,
1318 1676 1506 1745 inquit,
1538 1691 1731 1740 mense,
1759 1675 1852 1728 de-

1953 483 2125 538 tilices
2174 484 2378 554 antiqui
2421 485 2586 540 moris
2632 486 3030 541 observantiam
3059 487 3140 560 [et
3180 485 3240 560 In]
3270 487 3461 542 exinde
3508 504 3537 540 a

1947 585 2136 631 sancto
2177 576 2360 648 Moyse
2391 577 2660 644 traditam,
2691 580 2832 634 sicut
2861 580 2914 634 in
2956 580 3187 650 septimo
3209 589 3236 616 ιι
3262 581 3398 635 libro
3446 579 3541 636 Ec-

1950 669 2264 723 clesiasticac
2293 669 2527 724 refertur
2555 669 2821 736 Historiae,
2849 671 3100 726 solertius
3129 671 3536 741 investigantes,

1957 759 2018 812 ab
2070 767 2262 813 octavo
2318 759 2439 814 idus
2501 759 2676 814 Martii
2730 775 2898 828 usque
2952 761 3004 814 in
3064 760 3206 815 diem
3273 773 3539 815 nonarum

1951 850 2120 920 April.
2153 859 2177 886 ο
2203 861 2383 904 natam
2425 851 2604 906 lunam
2637 849 2817 906 facere
2856 849 3109 906 dixerunt
3149 851 3306 920 primi
3337 850 3540 905 mensis

1951 943 2268 1007 exordium;
2317 951 2371 996 et
2412 957 2443 996 a
2473 941 2794 996 duodecimo
2842 942 2928 996 die
2976 941 3321 996 calendarum
3369 940 3538 1010 April.

1952 1048 2120 1102 usque
2147 1033 2199 1087 in
2229 1033 2499 1087 decimum
2527 1042 2778 1102 quartum
2802 1032 3058 1088 calendas
3083 1032 3207 1087 Mai.
3240 1033 3420 1087 lunam
3447 1032 3540 1086 deo

1951 1125 2146 1179 cimam
2190 1134 2436 1194 quartam
2486 1127 2737 1180 solertius
2784 1125 3237 1194 inquirendamr;
3268 1140 3388 1194 qua:
3414 1125 3542 1194 quia

1951 1232 2074 1271 cum
2119 1218 2250 1272 solis
2277 1233 2438 1272 cursu
2470 1234 2577 1296 non
2606 1227 2634 1270 (ι
2653 1218 2932 1288 inqualitcr
2961 1218 3216 1286 volvitur,
3265 1225 3540 1272 tantorum

1951 1305 2159 1360 dierum
2193 1307 2398 1376 spatiis,
2433 1323 2716 1362 occursum
2749 1309 2981 1362 vernalis
3009 1308 3314 1376 mquinoctii
3347 1323 3540 1363 conse-

1951 1405 2149 1466 quatur
2172 1407 2216 1464 τ,
2249 1398 2339 1466 qui
2370 1413 2399 1451 a
2430 1397 2742 1452 duodecima
2773 1398 3117 1453 calendarum
3141 1399 3402 1469 Aprilium
3432 1399 3538 1464 die,

1951 1496 2269 1543 cunctorum
2314 1486 2669 1543 Orientalium
2697 1490 3000 1555 sententiis,
3040 1499 3093 1544 et
3120 1490 3352 1544 maxime
3381 1489 3541 1561 IEgy-

1950 1579 2206 1648 ptiorum,
2239 1578 2331 1647 qui
2362 1578 2732 1634 calculationis
2761 1595 2870 1650 pra:
2899 1581 3149 1635 omnibus
3195 1583 3347 1648 gnari
3389 1592 3536 1648 sunt,

1951 1669 2261 1738 specialiter
2317 1669 2625 1724 adnotatur.
2657 1668 2714 1723 In
2742 1685 2849 1738 quo
2879 1671 3087 1724 etiamsi
3119 1678 3140 1704 ³
3176 1670 3300 1724 luna
3331 1670 3539 1726 decima

253 1767 390 1822 cimo
443 1778 625 1838 quarto
671 1769 755 1822 die
801 1767 990 1821 mensis
1017 1809 1032 1835 ,
1084 1767 1152 1820 ad
1203 1784 1462 1837 vesperam
1510 1765 1524 1802 ί
1581 1767 1855 1820 comedetis
1891 1759 1932 1815 Β
1958 1771 2149 1831 quarta
2189 1761 2416 1816 sabbato
2446 1764 2753 1832 contigerit,
2785 1764 2926 1832 quod
2965 1764 3131 1820 semel
3164 1764 3215 1818 in
3247 1765 3540 1833 nonaginta

252 1873 474 1927 azyma,
516 1874 676 1929 usque
703 1857 771 1910 ad
809 1858 1106 1928 vigesimum
1137 1859 1362 1926 primum
1389 1856 1619 1926 ejusdem
1658 1855 1727 1908 ad
1766 1871 1854 1908 ve-

254 1966 482 2018 speram.
527 1949 585 2003 In
625 1950 1044 2004 Deuteronomio
1075 1950 1088 1998 i
1121 1965 1336 2017 quoque
1386 1949 1525 2002 idem
1575 1948 1852 2014 legislatur-

253 2040 471 2112 Moyses
500 2042 571 2095 ita
610 2041 864 2112 populum
895 2041 963 2096 de
1004 2040 1108 2095 hac
1152 2056 1212 2094 re
1251 2048 1578 2103 commonet,
1611 2039 1797 2093 dicens
1829 2056 1842 2091 :

255 2135 493 2188 Observa
532 2151 757 2188 mensem
801 2151 1049 2188 novarum
1082 2135 1305 2204 frugum,
1345 2143 1398 2186 et
1435 2133 1575 2185 cerni
1623 2133 1846 2202 primum

254 2229 528 2298 temporis,
553 2236 608 2280 ut
637 2229 804 2298 facias
848 2227 1039 2296 pascha
1069 2224 1293 2280 Domino
1325 2225 1432 2278 Deo
1464 2235 1568 2289 tuo,
1601 2223 1845 2293 quoniam

252 2323 314 2374 in
343 2322 444 2374 isto
473 2336 647 2373 mense
669 2319 850 2372 eduxit
881 2331 928 2370 te
969 2317 1223 2371 Dominus
1253 2315 1391 2369 Deus
1436 2326 1550 2368 tuus
1579 2318 1644 2367 de
1672 2315 1845 2385 Αἰθυ-

254 2422 348 2482 pla
397 2409 616 2464 noctu".
672 2409 844 2462 Tanta
884 2409 985 2462 hac
1029 2407 1356 2461 auctoritate
1408 2404 1585 2458 divina
1631 2406 1846 2470 claruit,

251 2503 434 2572 primo
470 2515 674 2563 mense,
707 2500 917 2554 decimo
949 2507 1143 2567 quarto
1167 2498 1273 2561 die,
1320 2495 1388 2550 ad
1418 2510 1720 2565 vesperam,
1754 2510 1846 2548 us-

251 2607 365 2660 que
414 2591 479 2644 ad
510 2591 822 2657 vigesimum
853 2588 1104 2659 primum,
1145 2587 1490 2642 festivitatem
1539 2586 1848 2655 paschalem

252 2682 461 2738 :Iebere
508 2682 791 2736 celebrari.
835 2679 942 2734 Sed
979 2678 1102 2748 quia
1133 2678 1332 2732 mensis
1360 2677 1448 2732 hic
1494 2677 1637 2732 unde
1673 2685 1852 2732 sumat

250 2773 544 2830 exordium
575 2773 658 2827 vel
687 2772 772 2827 ubi
805 2770 1146 2836 tcrminetur,
1177 2767 1454 2824 evidenter
1481 2768 1554 2842 ibi
1582 2783 1691 2823 non
1716 2767 1868 2838 legi-'

244 2948 534 3019 equidem,
567 2947 875 3020 Dionysium
907 2944 977 3020 ad
1005 2946 1256 3001 eumdem
1301 2946 1507 3020 cyrlum
1556 2945 1630 3020 95
1674 2961 1848 3020 anno-

250 3017 399 3082 nun,
434 3017 897 3085 concurrentium,
946 3017 1244 3072 litterarum
1287 3017 1708 3084 dmninicalium,
1749 3018 1852 3073 do-

250 3093 578 3146 minicarum
619 3089 950 3160 paschalium
999 3102 1063 3142 ac
1115 3087 1253 3142 luna:
1291 3089 1497 3142 dierum
1547 3090 1851 3157 geminatos

251 3162 580 3233 apposuisse
625 3176 838 3224 versus;
887 3171 960 3233 et_
990 3167 1228 3233 notasse,
1277 3160 1471 3229 quibus
1517 3160 1851 3233 vertentibus

249 3222 445 3302 ciens,
474 3246 595 3301 quae
619 3222 1055 3302 concurrentium
1082 3245 1147 3302 ac
1177 3222 1497 3302 litteiarum,
1525 3240 1656 3302 etc.,
1683 3231 1853 3286 series
1881 3222 1928 3286 C

250 3300 520 3374 capienda
551 3302 708 3374 foret.
736 3300 1183 3374 Fortassisetiam
1207 3315 1274 3353 ex
1297 3300 1855 3374 periodivVictorianm

252 3370 527 3427 annorum
554 3370 658 3424 552
680 3372 934 3426 methodo
966 3371 1084 3424 illas
1114 3375 1257 3440 ipsas
1287 3371 1624 3440 mutabilium
1662 3372 1852 3426 chara-

252 3452 474 3497 ctcrum
505 3446 673 3496 series
701 3443 970 3513 ascripsit.
1002 3441 1061 3494 In
1091 3437 1244 3513 cyclo
1277 3437 1470 3508 magno
1501 3441 1722 3513 Victorii
1755 3456 1853 3496 en-

250 3512 970 3581 neneconmpentacterides
991 3522 1112 3566 sunt
1129 3512 1370 3581 'quinque
1386 3512 1591 3577 solidat,
1615 3527 1735 3567 cum
1759 3528 1854 3565 an-

253 3585 347 3639 nis
377 3583 466 3646 57,
497 3584 609 3636 sive
635 3585 800 3652 cyclis
830 3584 1015 3637 tribus.
1061 3582 1167 3636 Sex
1200 3583 1360 3649 igitur
1399 3582 1695 3636 istiusmodi
1735 3597 1856 3637 ver-

253 3672 352 3711 sus
375 3655 659 3724 Dionysius
677 3655 926 3715 instituit,
949 3654 1038 3722 qui
1053 3653 1512 3724 concurrentium,
1531 3653 1850 3724 litterarum,

253 3737 392 3791 etc.,
445 3719 689 3778 ordinem
719 3719 1088 3777 continebant.
1126 3723 1285 3776 Anno
1314 3719 1514 3777 Christi
1562 3722 1689 3787 457,
1745 3738 1854 3792 quo

255 3797 497 3868 primum
526 3793 937 3868 Cyrilli_pascha
966 3792 1066 3847 fuit
1090 3794 1242 3868 cyclo
1281 3793 1410 3847 solis
1424 3792 1520 3868 26,
1540 3793 1726 3868 littera
1759 3797 1856 3868 do-

255 3861 529 3922 ininicalis
557 3861 672 3918 erat
699 3861 764 3932 ε’,
796 3861 1183 3918 concurrentes
1208 3861 1261 3927 4,
1293 3863 1492 3933 pascha
1521 3864 1607 3918 die
1629 3863 1664 3916 2
1697 3864 1857 3988 Δρῆ-

256 3939 345 3988 Iis.
375 3935 619 3988 Evolutis
646 3933 735 3988 95.
762 3950 904 3987 anno
928 3934 1124 3988 Christi
1152 3933 1276 3988 552.
1309 3943 1698 3988 concurrentes
1765 3950 1857 3988 ue-

256 3939 345 3993 lis.
375 3935 619 3990 Evolutis
646 3933 735 3999 95,
762 3950 904 3987 anno
928 3934 1124 3990 Christi
1152 3933 1276 3998 552,
1309 3943 1698 3989 concurrentes
1742 3933 1857 3988 fue-

255 4017 389 4063 runt
417 4005 470 4069 6,
506 4007 682 4059 littera
705 4005 1046 4059 doininicalis
1068 4006 1109 4058 D
1131 4005 1192 4060 C.
1228 4005 1333 4060 Sed
1361 4004 1653 4062 bissextilis
1690 4006 1857 4059 ratio-

254 4097 384 4133 uem
417 4077 725 4148 conturbat.
755 4075 964 4148 Quippe
993 4091 1140 4148 anno
1167 4085 1368 4148 quarto
1391 4075 1852 4148 cycliACyriI‘Iiaui,

254 4153 352 4218 qui
391 4158 474 4218 est
503 4146 702 4199 Christi
741 4143 873 4209 M0,,
898 4143 1085 4218 littera
1117 4143 1216 4199 fuit
1259 4145 1302 4200 G
1331 4144 1394 4218 F,
1423 4143 1756 4218 cyclojsolis
1802 4145 1853 4218 1,

256 4215 404 4273 Ιὶιιιςυ
435 4217 486 4279 4,
520 4225 906 4270 concurrentes
936 4215 1127 4270 Martio
1160 4231 1344 4270 mense
1376 4215 1428 4287 l,
1457 4215 1657 4287 pascha
1703 4217 1789 4271 die
1823 4217 1854 4287 7

254 4289 484 4358 Aprilis.
520 4288 588 4338 At
626 4287 1162 4358 annoiquartocycli
1190 4287 1350 4358 primi
1387 4285 1717 4357 Diunysiani,
1765 4286 1854 4355 qui

253 4354 362 4414 fuit
392 4358 592 4411 Christi
623 4354 747 4419 555,
781 4354 959 4410 littera
1001 4354 1342 4411 dominicalis
1379 4365 1498 4410 erat
1527 4354 1594 4422 ’6,
1628 4354 1858 4412 concur-

254 4439 448 4484 rentes
478 4428 530 4491 7,
565 4429 756 4494 pascha
784 4426 870 4480 die
897 4425 930 4479 8
957 4426 1170 4494 Aprilis.
1200 4427 1384 4495 Itaque
1414 4443 1520 4480 non
1549 4427 1775 4482 redeunt
1804 4429 1860 4481 in

253 4503 454 4554 orbein
478 4499 702 4550 annales
728 4497 1129 4568 characterisini
1161 4506 1281 4568 post
1319 4512 1489 4550 annos
1518 4495 1604 4549 95.
1639 4497 1770 4550 Nam
1806 4506 1861 4552 et

253 4570 524 4642 paulatim
572 4571 927 4642 discrepantia
970 4567 1142 4642 major
1163 4567 1371 4642 existit,
1404 4577 1459 4642 ut
1483 4583 1548 4621 ex
1595 4568 1857 4642 laterculo

249 4637 383 4696 iibrt
408 4655 469 4704 Il,
492 4652 614 4707 pag.
652 4637 773 4699 9.27,
803 4648 965 4704 patet.
997 4638 1120 4691 Ideo
1146 4640 1387 4692 diversos
1411 4638 1856 4693 characterismo-

248 4729 379 4767 rum
430 4711 654 4762 I:l0I‘l|Il|
685 4709 899 4762 ordines
951 4709 1016 4760 ad
1059 4709 1858 4776 cnucnccontapciitaeteridem

244 4798 413 4836 suam
459 4778 740 4848 Dionysius
770 4779 1215 4840 accommodavit,
1241 4794 1376 4846 quas
1421 4781 1538 4833 sine
1574 4779 1756 4848 dubio,
1791 4795 1860 4833 ex

247 4853 487 4920 maioris
529 4847 666 4920 ryCIi
692 4849 966 4912 methodo,
1015 4850 1086 4902 uti
1125 4850 1374 4912 diximus,
1407 4851 1639 4920 accepit.
1686 4847 1861 4903 Pan-

245 4919 396 4977 vws.
453 4952 521 4961 -—
560 4919 715 4972 Vnnze
762 4928 888 4973 sunt
931 4920 1270 4987 conjectum.
1322 4919 1514 4988 quibus
1561 4919 1855 4985 difﬁcilem,

243 5010 428 5061 quam
465 4991 567 5061 sibi
597 4991 764 5057 lingit,
793 4991 1146 5061 qu.estionem
1189 4989 1402 5044 solvere
1442 5003 1669 5044 conatur
1702 4988 1859 5044 Peta-

241 5060 401 5116 vius.
458 5060 524 5114 lis
570 5062 818 5130 omnibus
866 5060 1218 5129 supersedere
1267 5074 1569 5130 possumus,
1623 5061 1690 5127 si,
1751 5077 1856 5114 non

243 5136 468 5194 dicam,
507 5131 714 5202 cyclum
738 5128 1002 5202 Dionysii,
1056 5128 1276 5184 Petavio
1323 5132 1586 5197 ignotum,
1616 5132 1723 5202 sed
1771 5133 1857 5185 vel

246 5207 435 5271 ipsam
456 5200 595 5256 hanc
617 5200 982 5269 pncfationem
1010 5201 1468 5268 illiusdiligentius
1493 5201 1853 5271 inSpiciatuus.

241 5275 399 5329 Diam
433 5289 557 5325 cum
586 5273 796 5341 cyclum
822 5287 977 5325 suum
1003 5271 1072 5324 95
1101 5287 1388 5335 annorum,
1417 5287 1519 5326 non
1549 5289 1646 5326 pen
1689 5288 1852 5326 OMNIA

239 5345 588 5414 prepositam
646 5343 946 5410 ﬁrmitatem
1008 5352 1202 5407 tenere,
1259 5343 1521 5414 dixisset,
1563 5343 1861 5397 luculenter

237 5413 522 5475 Ostendit,
553 5429 797 5480 quautam
829 5414 960 5482 cycli
986 5415 1066 5466 sui
1098 5414 1360 5467 columnae
1383 5413 1526 5466 illam
1556 5414 1859 5468 firmitatem

243 5493 516 5544 teneant,
547 5497 665 5550 qua:
697 5484 892 5536 minos.
929 5484 1006 5536 Ad
1040 5484 1156 5536 illas
1177 5484 1428 5537 videlicet
1449 5484 1618 5538 relert
1658 5482 1718 5535 ιο
1762 5499 1858 5541 an-

241 5572 370 5610 nos
398 5554 621 5615 Christi,
657 5553 711 5605 2·
743 5553 1086 5615 indictiones,
1112 5553 1174 5606 5°
1206 5563 1447 5621 epactas,
1495 5553 1558 5606 4"
1602 5555 1860 5609 circulum

237 5625 852 5689 deCt'IIIIIOVCllltﬂIem,
883 5633 937 5677 ct
982 5622 1036 5674 5"
1070 5625 1222 5678 lunas
1251 5625 1341 5690 Ii;
1391 5626 1458 5679 ad
1496 5625 1611 5690 has,
1646 5625 1699 5678 1⁸
1731 5642 1863 5680 cou-

235 5705 574 5755 currentcs,
605 5693 668 5744 δὶα
699 5696 813 5749 dies
846 5695 1085 5761 l’aschm,
1113 5694 1168 5747 δ’
1201 5697 1378 5750 lunam
1409 5696 1515 5750 diei
1556 5696 1858 5752 don‘iinicm.

239 5768 517 5836 Elplctis
551 5767 709 5832 igitur
735 5763 804 5817 95
833 5767 1006 5830 annis,
1033 5771 1096 5817 ad
1121 5768 1348 5835 primum
1379 5769 1590 5841 cyclutn
1627 5765 1747 5820 ΝΒ.
1793 5771 1865 5822 ri-

524 5864 798 5924 PsrmL.
823 5929 826 5931 _
848 5864 1104 5925 LXVII.

1889 4609 1941 4670 D

1955 1855 2194 1924 quinque
2216 1854 2372 1907 annis
2397 1853 2644 1909 accidere
2687 1855 3029 1909 manifestum
3063 1865 3163 1920 est,
3187 1856 3432 1925 sequenti
3455 1855 3541 1911 die

1955 1943 2248 2008 dominico,
2293 1945 2345 1999 id
2389 1953 2472 1999 est
2501 1944 2784 2000 undecimo
2824 1946 2926 2000 cal.
2961 1947 3130 2016 April.
3178 1947 3302 2002 luna
3329 1945 3539 2003 decima

1952 2039 2158 2108 quinta,
2188 2037 2566 2093 celebrandum
2599 2036 2800 2093 Pascha
2858 2037 3045 2093 eadem
3089 2048 3273 2094 sancta
3301 2040 3541 2110 synodus

1951 2128 2069 2182 sine
2088 2127 2440 2198 ambiguitate
2463 2127 2714 2195 ﬁrmavit,
2743 2129 2846 2184 hoc
2872 2129 3046 2184 modis
3071 2130 3320 2184 omnibus
3349 2129 3538 2184 admo-

1953 2235 2110 2288 nens,
2141 2229 2199 2275 ut
2229 2229 2353 2275 ante
2381 2221 2756 2276 duodecimum
2785 2221 2995 2277 calend.
3031 2221 3200 2292 April.
3235 2223 3415 2277 lunam
3446 2227 3544 2279 de-

1949 2311 2146 2366 cimam
2191 2321 2438 2380 quartam
2479 2311 2754 2384 paschalis
2799 2313 2920 2368 festi
2977 2314 3155 2369 nullus
3207 2315 3540 2384 inquireret;

1951 2415 2113 2470 quam
2175 2418 2281 2455 non
2331 2402 2488 2471 primi
2539 2403 2764 2468 mensis,
2819 2401 2917 2458 sed
2971 2402 3179 2470 ultimi,
3233 2421 3354 2460 esse
3410 2421 3544 2462 con-

1953 2502 2143 2548 staret.

2027 2583 2131 2640 Sed
2185 2600 2284 2640 ncc
2332 2584 2437 2640 hoc
2483 2584 2912 2655 praetereundum
2964 2601 3085 2642 esse
3141 2587 3444 2656 putavimus
3481 2587 3544 2654 ί,

1956 2677 2102 2747 quod
2142 2677 2300 2731 nimis
2339 2687 2525 2732 errant
2557 2677 2649 2746 qui
2694 2676 2875 2732 lunam
2913 2691 3175 2748 peragere
3199 2693 3414 2734 cursum
3461 2678 3546 2732 sui

1958 2768 2142 2823 circuli
2173 2768 2390 2838 triginta
2421 2767 2626 2823 dierum
2658 2768 2846 2839 spatiis
2883 2767 3232 2836 aestimantes,
3263 2768 3544 2825 duodecim

1957 2947 2200 3018 gitanter,
2232 2957 2287 3004 et
2317 2949 2389 3003 ita
2420 2961 2698 3002 recurrere
2721 2944 2893 3014 jubet,
2927 2953 2986 2999 ut
3006 2963 3098 3010 per
3123 2961 3208 3000 eos
3236 2947 3435 3016 cyclos,
3461 2950 3551 3019 qui

1956 3019 2165 3088 ﬁrmum
2180 3036 2382 3074 cursum
2403 3020 2643 3079 retinent,
2665 3032 2842 3071 eorum
2860 3033 3181 3088 progressus,
3206 3019 3292 3088 qui
3315 3020 3552 3073 videntur

1960 3087 2198 3158 titubare,
2213 3099 2384 3145 susten
2393 3099 2547 3156 tetur,
2561 3089 2675 3142 sive
2690 3088 2981 3142 secundum
2993 3087 3140 3156 leges
3160 3087 3296 3158 cycli
3315 3089 3546 3145 Alexan-

1959 3157 2276 3284 drianibquas
2308 3171 2465 3215 vocat
2487 3167 2809 3229 argumenta
2848 3160 3141 3229 paschalia,
3166 3157 3544 3217 constituatur.

2147 3272 2161 3284 .
2193 3248 2277 3284 ex.

2034 3239 2060 3266 ⁸
2100 3231 2161 3295 C,
2193 3248 2277 3285 ex.

2033 3299 2059 3338 δ
2098 3301 2158 3373 C,
2189 3319 2480 3373 eorumquef

2036 3383 2057 3408 π
2101 3372 2161 3437 C,
2191 3371 2428 3426 sustinet.
2462 3371 2526 3435 D,
2557 3373 2835 3425 sustinent.

2030 3441 2056 3478 ά
2098 3442 2157 3507 C,
2186 3444 2423 3496 minima.

2033 3521 2057 3549 ο
2095 3510 2158 3575 C,
2191 3529 2340 3568 error
2370 3513 2584 3567 cunctis.

2035 3581 2054 3620 τ
2097 3582 2343 3653 Quatuor
2369 3584 2483 3653 htcc
2512 3581 2757 3653 proxima
2784 3581 3042 3637 vocabula
3072 3581 3128 3636 in
3151 3581 3190 3636 A
3222 3582 3438 3643 desunt.

2032 3661 2056 3700 ις
2099 3652 2270 3707 Exod.
2294 3669 2388 3715 xu,
2413 3652 2466 3707 Ξ.

2033 3721 2059 3760 ιι
2100 3723 2258 3790 lbid.,
2281 3739 2423 3778 vers.
2450 3722 2538 3777 18.

2035 3792 2238 3873 ίνιιειϐ
2267 3803 2322 3848 et
2349 3793 2430 3848 D:
2471 3795 2670 3851 rectius
2711 3794 2940 3852 fortasse
2967 3808 3129 3866 quam
3177 3797 3290 3867 alii,
3331 3797 3425 3873 qui
3449 3797 3549 3858 Ita-

1959 3867 2086 3922 bent
2115 3881 2400 3935 uesperum.

2035 3937 2049 3985 i
2100 3934 2258 3990 Deut.
2290 3951 2399 4003 xvi,
2425 3934 2475 3989 I.

2029 4005 2057 4044 ι
2098 4006 2162 4069 Α,
2197 4015 2366 4060 nocte.

2038 4075 2054 4116 ι
2098 4075 2249 4132 Hanc
2269 4092 2459 4132 vocem
2483 4077 2686 4132 addunt
2707 4079 2750 4131 A
2773 4088 2828 4133 et
2853 4079 2914 4133 C.

2034 4157 2072 4184 ω
2113 4147 2169 4202 1η
2199 4146 2240 4201 C
2263 4157 2431 4209 recte,
2467 4157 2525 4201 ut
2552 4149 2782 4212 videtur,
2816 4151 2990 4206 deest.

2032 4227 2059 4254 η
2099 4217 2155 4272 In
2185 4216 2224 4271 C
2255 4219 2470 4287 legitur,
2503 4216 2608 4271 IIII.

2035 4298 2060 4325 ο
2100 4289 2164 4354 C,
2191 4290 2242 4341 in
2272 4305 2396 4341 non.
2429 4289 2592 4358 April.

2035 4370 2062 4409 ρ
2103 4360 2166 4425 C,
2195 4360 2630 4429 investigandum.

2037 4441 2064 4480 (ι
2104 4430 2164 4495 C,
2195 4429 2316 4500 quia
2336 4428 2438 4482 nan
2461 4428 2587 4483 solis
2609 4433 2778 4483 cursui
2802 4433 3092 4499 wqualiter,
3121 4441 3228 4488 ctc.

2039 4511 2062 4538 ι’
2106 4501 2168 4564 A,
2201 4515 2304 4553 non
2330 4509 2592 4568 sequatur.

2040 4582 2061 4608 ε
2104 4570 2331 4626 Notetur
2365 4571 2470 4641 hoc
2523 4569 2782 4641 Dionysii,
2813 4571 2920 4626 imo
2949 4570 3148 4626 Nicaini
3183 4573 3420 4641 concilii,
3460 4574 3550 4631 de-

1966 4651 2196 4707 cretum,
2217 4637 2718 4712 contraScaliger'i,
2742 4641 2960 4712 Calvisii
2979 4651 3064 4712 et
3081 4643 3130 4695 id
3160 4657 3330 4712 genus
3372 4637 3554 4701 calen-

1965 4713 2100 4770 darii
2126 4710 2390 4765 artilicum
2415 4709 2606 4772 dogma
2629 4727 2644 4776 ;
2671 4711 2760 4779 qui
2785 4711 2910 4765 luna
2935 4711 3002 4764 I5
3043 4709 3248 4768 Pascha
3291 4716 3556 4774 celebrari

1965 4783 2114 4840 nefas
2144 4789 2355 4851 putant.
2390 4779 2602 4851 Etenim
2651 4796 2771 4835 cum
2821 4782 2944 4836 luna
2977 4782 3043 4834 N
3076 4784 3127 4836 in
3157 4785 3439 4840 sabbatum
3472 4788 3559 4840 in-

1965 4855 2112 4926 ridit
2136 4850 2212 4906 xu
2238 4852 2341 4905 cal.
2373 4850 2582 4926 Aprilz,
2612 4852 2716 4905 hoc
2757 4860 2843 4926 est
2865 4853 2953 4926 die
2974 4851 3037 4906 2i
3067 4853 3264 4926 Martii,
3295 4857 3557 4926 postridie

1965 4924 2168 4979 Pascha
2201 4919 2504 4996 peragetur.
2532 4919 2586 4974 Id
2615 4938 2722 4976 non
2748 4923 2848 4978 nisi
2891 4923 3032 4996 luna:
3061 4925 3210 4996 cyclo
3254 4919 3342 4980 vel
3391 4944 3558 4984 aureo

1965 5010 2186 5066 numero
2213 5008 2298 5066 x_vi
2324 4994 2539 5047 evenire
2566 5001 2774 5064 potest;
2801 4995 3062 5064 cycloque
3090 4994 3219 5050 Solis
3263 4996 3318 5062 5,
3347 5009 3439 5053 aut
3464 4997 3557 5066 20,

1964 5077 2055 5120 ant
2097 5063 2187 5118 ‘25.
2237 5062 2424 5131 Itaque
2475 5062 2668 5135 quater
2700 5065 2750 5117 in
2804 5062 2930 5135 tcta,
2975 5062 3203 5135 periodo
3246 5062 3556 5124 V’ictoriana

1965 5136 2342 5208 routiugit,_nt
2370 5135 2429 5208 in
2450 5134 2606 5208 annis
2634 5133 2835 5208 Christi
2875 5133 3122 5201 72,5!9,
3159 5137 3280 5200 414,
3313 5138 3439 5203 509,
3465 5141 3556 5208 qui

1963 5216 2087 5262 sunt
2110 5205 2306 5275 prioris
2319 5204 2549 5275 periodi,
2565 5206 2615 5258 in
2637 5206 2872 5260 secunda
2896 5223 3024 5261 vero
3046 5208 3200 5262 annis
3218 5209 3414 5262 Christi
3428 5204 3554 5273 604,

1963 5277 2090 5340 85l,
2111 5273 2274 5341 10-“,
2307 5275 2464 5328 H56.
2498 5273 2728 5329 Proinde
2754 5279 2921 5332 semel
2958 5279 3010 5332 in
3051 5289 3557 5346 rnnenccoutapen-

1966 5347 2229 5418 taeteride
2258 5346 2465 5417 Cyrilli,
2495 5356 2551 5401 et
2579 5347 2630 5400 iu
2657 5347 2976 5418 Dionysiana
3001 5350 3166 5402 seruet
3192 5355 3317 5418 item
3340 5349 3555 5418 accidit.

1965 5417 2020 5472 In
2040 5421 2164 5486 hac,
2186 5416 2328 5472 anno
2354 5418 2520 5486 ipsius
2541 5433 2728 5482 Lxxul,
2751 5416 2841 5486 qui
2869 5430 2952 5473 est
2971 5419 3164 5474 Christi
3188 5416 3311 5470 604.
3348 5416 3554 5473 ΡετΑν.

2044 5494 2057 5525 ί
2109 5487 2466 5542 Memorabilis
2496 5486 2585 5542 hic
2635 5490 2797 5543 locus.
2837 5503 2903 5542 ex
2938 5505 3065 5557 quo,
3094 5497 3252 5542 nitate
3301 5487 3388 5540 illa
3433 5488 3556 5542 Dio-

1967 5562 2122 5629 nysii,
2153 5560 2410 5614 discimus
2437 5559 2699 5628 quosdam
2729 5560 2889 5612 fuisse
2913 5559 3287 5629 quilunarem
3318 5572 3557 5614 mensem

1967 5627 2036 5684 50
2070 5631 2258 5684 diebus
2311 5627 2834 5693 cii'cuinscrtbcrent,
2865 5642 2984 5694 quae
3011 5627 3110 5682 fuit
3148 5637 3394 5683 veterum
3440 5645 3562 5684 ma-

1970 5700 2445 5771 xitneACrtccorum
2473 5700 2766 5771 persuasio,
2792 5699 2868 5749 uti
2895 5700 2985 5752 lib.
3020 5716 3034 5752 I
3064 5698 3130 5754 de
3154 5699 3332 5752 I‘octr.
3367 5708 3560 5771 tenip.,

1970 5787 2089 5840 cap.
2127 5769 2179 5835 7,
2212 5772 2715 5825 demonstravimus.
2752 5769 3036 5826 l’snvws.

3059 5870 3133 5930 16
