4000 6344
423 328 519 386 491
1795 324 2051 380 DIONYSI

2173 327 2275 382 XlG
2288 326 2351 380 Ul
3601 320 3707 377 499

427 442 640 497 lunares
670 457 906 510 menses,
945 441 996 495 in
1027 440 1285 495 trecentis
1314 440 1596 508 sexaginta
1618 438 1807 494 diebus
1834 454 2018 493 nume-
2047 457 2087 504 Α
2122 438 2391 503 salutifera
2434 441 2760 493 solemnitate
2808 436 3062 507 paschali,
3095 435 3618 488 cxcommunicandos
3659 449 3707 489 et

428 540 568 599 rant,
601 533 794 602 quibus
823 534 983 588 etiam
1024 531 1261 600 quinque
1300 531 1415 585 dies
1457 529 1738 600 adjiciunt,
1769 544 1907 598 quos
1937 528 2017 582 in—
2119 533 2183 586 de
2217 531 2454 584 Ecclesia
2485 531 2747 601 pellendos
2777 545 2887 584 esse
2918 545 3178 586 censemus
3229 527 3275 592 ιι,
3310 531 3355 581 si
3387 538 3554 580 tamen
3583 544 3694 581 con-

430 625 727 680 tercalares
777 623 1065 693 appellavit
1090 623 1405 691 antiquitas,
1439 630 1499 675 ut
1543 621 1775 676 solarem
1817 636 2017 674 annum
2119 623 2386 675 tentiosius
2418 620 2431 657 ι
2475 623 2718 675 adversus
2747 637 2809 673 ea
2835 635 2950 688 qua:
2971 619 3098 671 bene
3117 625 3236 671 sunt
3259 617 3461 670 decreta
3484 619 3700 687 perstite

434 715 727 786 adimplere
759 715 1072 779 videantur;
1102 729 1226 768 cum
1255 713 1482 783 diligens
1512 711 1788 781 inquisitio
1818 710 2018 764 verita-
2118 713 2242 764 rint.
2278 710 2346 763 Et
2374 715 2483 765 accc
2508 711 2709 781 quidem
2747 711 2810 764 de
2847 710 2995 762 laicis
3023 709 3161 761 dicta
3189 708 3313 761 sint.
3371 705 3434 762 Si
3476 709 3591 779 quis
3619 725 3713 761 au-

431 811 498 864 tis
521 809 840 875 ostenderit,
870 807 921 861 in
945 805 1154 862 duobus
1184 805 1324 860 lunae
1356 806 1568 860 circulis
1597 819 1703 859 non
1740 803 2017 871 sexaginta
2123 811 2222 855 tem
2253 819 2425 857 eorum
2467 804 2551 874 qui
2591 810 2822 870 praesunt
2851 799 3118 864 Ecclesiae,
3161 806 3248 851 aut
3289 800 3580 869 episcopus,
3623 810 3714 852 aut
3787 806 3790 809 '

431 901 566 960 dies.
598 898 694 956 sed
719 899 1107 969 quinquaginta
1149 912 1342 952 novem
1372 897 1572 952 debere
1615 895 1906 950 numerari.
1941 895 2018 948 Ac
2119 894 2403 964 presbyter,
2441 904 2530 948 aut
2558 895 2828 959 diaconus,
2859 903 2976 963 post
3004 893 3139 945 hanc
3160 892 3514 960 deﬁnitionem
3551 901 3717 945 tenta-

434 1007 533 1061 per
573 992 679 1046 hoc
721 992 773 1046 in
817 990 1097 1048 duodecim
1129 989 1404 1045 lunaribus
1444 988 1718 1056 mensibus
1745 995 2018 1041 trecento-
2121 989 2287 1047 verit,
2348 986 2417 1037 ad
2469 985 2848 1038 sabuci-sionem
2896 983 3201 1054 populorum
3253 993 3303 1034 et
3352 981 3709 1035 Ecclesiarum

432 1100 548 1138 rum
579 1084 968 1154 quinquaginta
1005 1090 1237 1155 quatuor
1269 1082 1473 1136 dierum
1517 1095 1778 1136 summam
1819 1079 2018 1148 colligi,
2123 1073 2578 1143 perturbationem,
2603 1078 2822 1127 seorsim
2850 1073 3112 1143 colligere,
3153 1080 3203 1125 et
3231 1089 3346 1125 cum
3365 1071 3566 1125 Judteis
3607 1071 3718 1124 Pa-

431 1175 514 1230 cui
541 1183 759 1244 epactas
790 1173 1029 1247 Egyptii
1052 1189 1280 1241 annuas,
1310 1172 1360 1225 id
1388 1180 1473 1226 est
1502 1171 1750 1226 undecim
1781 1169 1895 1224 dies
1925 1184 2020 1223 ac-
2119 1166 2245 1219 scim
2273 1165 2548 1231 celebrare,
2575 1174 2756 1217 sancta
2777 1163 3004 1234 synodus
3026 1163 3161 1216 hunc
3183 1163 3408 1216 alienum
3416 1161 3532 1231 jam
3548 1162 3718 1215 hinc“

433 1265 810 1324 commodauit;
845 1275 901 1318 ut
939 1266 1011 1318 ita
1043 1263 1256 1317 demum
1284 1263 1484 1316 lunaris
1512 1261 1754 1316 emensio
1777 1268 1800 1294 λ
1826 1257 2022 1314 rationi
2124 1257 2187 1310 ab
2220 1255 2452 1310 Ecclesia
2469 1256 2723 1326 judicavit
2750 1270 2767 1308 :
2798 1255 2933 1325 quod
2975 1271 3079 1308 non
3126 1255 3291 1307 solum
3327 1253 3458 1320 sibi,
3485 1252 3577 1306 sed
3604 1254 3723 1321 plu-

433 1356 561 1409 solis
592 1357 924 1424 adaequetur.
973 1354 1127 1420 Quod
1171 1354 1508 1408 verissimum
1539 1368 1657 1407 esse
1706 1361 1867 1420 atque
1911 1365 2025 1403 cer-
2125 1347 2269 1400 rimis
2311 1363 2468 1399 causa
2497 1346 2853 1414 corruptionis
2893 1361 2956 1398 ac
3005 1343 3410 1413 perturbationis
3440 1344 3721 1396 exstiterit.

436 1445 717 1508 tissimum,
749 1459 910 1513 supra
957 1445 1282 1514 scriptorum
1315 1442 1530 1497 Patrum
1576 1442 1843 1495 sententia
1874 1455 2023 1494 com-
2129 1438 2240 1493 Nec
2271 1441 2433 1493 solum
2470 1457 2501 1491 a
2530 1439 2820 1492 ministerio
2855 1438 2983 1492 tales
3013 1446 3252 1500 remoret,
3284 1437 3376 1490 sed
3404 1437 3560 1489 etiam
3591 1436 3669 1492 illi
3693 1445 3723 1472 ι

438 1535 711 1602 probatur,
737 1534 828 1603 qui
854 1533 1006 1602 juxta
1031 1534 1166 1588 hanc
1191 1531 1564 1605 Egyptiorum
1588 1532 2021 1594 calculationem,
2127 1532 2213 1600 qui
2239 1540 2352 1602 post
2393 1531 2782 1584 damnationem
2819 1528 3114 1599 hujusmodi
3153 1529 3539 1582 communicare
3563 1535 3588 1562 ο
3619 1537 3726 1580 ten-

435 1635 654 1694 quartas
680 1625 919 1680 decimas
944 1626 1096 1680 lunas
1126 1625 1389 1695 paschalis
1410 1625 1767 1680 observantia:
1798 1622 2027 1676 tradide-
2129 1624 2375 1688 taverint,
2413 1621 2648 1674 damnati
2677 1629 2797 1674 sunt
2820 1631 2868 1684 P,
2900 1621 3041 1674 omni
3069 1636 3266 1689 quoque
3292 1619 3610 1672 extrinsecus
3636 1617 3727 1671 bo-

439 1725 582 1771 runt.
631 1716 736 1771 Sed
787 1717 1030 1771 nonnulli
1086 1725 1251 1771 tanta:
1303 1715 1635 1779 subtilitatis,
1691 1715 1805 1768 sive
1849 1713 2027 1783 potius
2127 1730 2256 1769 nare
2275 1714 2489 1782 privati,
2522 1729 2670 1784 quem
2689 1721 2874 1766 sancta
2902 1711 3082 1781 regula
3110 1720 3210 1764 qet
3249 1710 3599 1765 sacerdotium
3632 1708 3731 1763 Dei

442 1807 738 1862 sanctiouis
768 1807 958 1875 ignari,
990 1808 1114 1862 dum
1145 1807 1249 1861 alia
1293 1806 1685 1879 supputatiouis
1714 1815 2027 1873 argumenta
2065 1806 2430 1882 Bpromeruit.
2461 1804 2554 1858 llis
2584 1821 2688 1860 nou
2716 1804 2997 1859 dissimilia
3025 1804 3350 1859 venerabilis
3378 1819 3517 1875 papa
3549 1803 3664 1859 Leo
3682 1815 3732 1868 ι’,

440 1897 756 1968 perquirunt
789 1900 836 1961 h,
885 1913 914 1950 a
945 1898 1187 1953 veritatis
1237 1900 1452 1952 tramite
1499 1898 1757 1952 recedunt
1785 1908 1831 1951 ο.
1876 1895 2028 1952 Unde
2130 1896 2272 1951 sedis
2301 1896 2610 1966 apostolica:
2652 1894 2869 1966 praesul,
2919 1895 3252 1964 pronuntiat,
3281 1893 3504 1950 dicens:
3533 1893 3733 1949 Contra

441 1987 759 2057 plerumque
802 1985 1108 2058 contingitd
1151 1997 1208 2042 ut
1235 2002 1398 2058 quam
1424 1997 1446 2024 ο
1477 2001 1621 2057 sape
1665 1986 1795 2040 dicti
1841 1983 2030 2040 Patres
2128 2000 2324 2046 statuta
2366 2007 2624 2045 canonum
2672 2000 3024 2060 paternorum,
3077 2005 3192 2060 qua:
3245 1997 3366 2042 ante
3414 1989 3734 2060 longissimae

442 2078 700 2133 decimam
724 2088 970 2148 quartam
1002 2078 1182 2132 lunam
1224 2087 1452 2148 ponunt,
1499 2092 1618 2132 eam
1650 2076 1734 2130 isti
1765 2077 2030 2131 decimm
2133 2083 2306 2136 ceratis
2337 2098 2502 2135 annos
2544 2082 2598 2135 in
2642 2081 2766 2134 urbe
2803 2079 2990 2136 Nicaea
3015 2080 3336 2151 spiritalibus
3362 2091 3483 2134 sunt
3512 2083 3734 2152 fundata

442 2169 684 2238 quintam
716 2170 1086 2239 suspicentur;
1111 2180 1168 2225 et
1193 2185 1310 2239 qua:
1334 2170 1589 2238 vigesima
1620 2169 1790 2238 prima
1822 2176 1924 2236 est,
1954 2168 2030 2221 vi~
2132 2173 2368 2236 decretis,
2401 2171 2531 2224 nihil
2560 2172 2799 2240 cuiquam
2841 2169 3030 2223 audere
3081 2169 3414 2232 conceditur;
3465 2171 3542 2222 ita
3590 2178 3647 2222 ut
3686 2170 3734 2222 si

443 2261 699 2328 gesimam
728 2261 1016 2316 secundam
1039 2276 1158 2316 esse
1182 2261 1553 2332 pronuntient.
1577 2259 1683 2316 Sed
1711 2259 1887 2324 nobis,
1913 2259 2033 2329 qui-
2132 2265 2246 2336 quis
2286 2263 2540 2316 diversum
2586 2262 2710 2331 quid
2754 2261 2872 2316 uelit
2901 2261 3196 2326 decernere,
3221 2277 3276 2315 se
3320 2263 3491 2331 potius
3518 2262 3729 2315 minuat

442 2354 540 2408 bus
569 2369 722 2407 amor
749 2363 804 2407 et
828 2369 954 2407 cura
986 2364 1070 2408 est
1102 2353 1421 2408 Christiana:
1452 2353 1748 2422 religionis,
1790 2367 1819 2406 a
1851 2360 2031 2408 tanto-
2134 2371 2288 2424 quam
2307 2353 2401 2407 illa
2445 2361 2760 2422 corrumpat.
2803 2348 2931 2415 Quae
2975 2352 3040 2416 si,
3095 2360 3152 2404 ut
3197 2359 3418 2420 oportet,
3457 2367 3492 2403 a
3528 2353 3734 2404 cunctis

442 2459 561 2496 rum
593 2442 908 2513 pontiﬁcum
935 2445 1323 2500 constitutione
1350 2443 1366 2479 τ
1396 2443 1542 2498 nulla
1568 2458 1790 2514 prorsus
1818 2450 2034 2512 oportet
2135 2443 2464 2517 pontiﬁcibus
2485 2445 2793 2498 intemerata
2821 2452 3102 2509 serventur,
3142 2460 3232 2512 per
3259 2444 3528 2496 uniuersas
3567 2445 3736 2496 eccle-

444 2537 652 2591 ratione
698 2536 1006 2599 discedere;
1048 2537 1141 2591 sed
1187 2536 1460 2606 praelixam
1501 2536 1568 2588 ab
1613 2533 1697 2588 his
1727 2534 2032 2604 paschalem
2136 2539 2242 2592 sius
2263 2552 2368 2606 pan:
2397 2537 2498 2590 erit
2516 2542 2565 2590 et
2593 2535 2749 2605 ﬁrma
2779 2535 3078 2590 concordia.
3113 2531 3176 2587 Et
3204 2533 3400 2588 iterum
3431 2551 3444 2586 :
3471 2532 3539 2587 In
3568 2535 3744 2588 omni—

452 2627 692 2694 regulam
731 2627 1090 2681 sincerissima
1138 2625 1390 2681 convenit
1429 2624 1716 2680 devotione
1742 2634 1764 2670 ε
1794 2638 2029 2677 servare.
2137 2627 2248 2692 bus,
2281 2627 2471 2696 inquit,
2501 2626 2870 2681 ecclesiasticis
2909 2626 3099 2690 causis,
3147 2625 3226 2679 his
3265 2625 3462 2696 legibus
3487 2625 3734 2697 obsequi—

520 2715 728 2781 Quanta
756 2731 888 2770 vero
919 2715 970 2770 in
1005 2715 1259 2771 Ecclesiis
1287 2723 1402 2769 toto
1427 2723 1689 2768 terrarum
1722 2714 1855 2768 orbe
1881 2712 2036 2767 dilfu-
2138 2735 2272 2779 mur,
2297 2734 2424 2788 quas
2453 2716 2522 2770 ad
2546 2716 2824 2787 paciﬁcum
2861 2716 3243 2770 observantiam
3288 2716 3520 2772 omnium
3546 2731 3733 2769 sacer-

450 2807 520 2863 3is
557 2808 751 2863 horum
793 2807 1014 2861 Patrum
1060 2809 1296 2862 nitamur
1343 2807 1687 2872 auctoritate,
1736 2821 1842 2860 non
1885 2805 2037 2859 labor
2139 2811 2337 2873 dolum,
2393 2825 2484 2878 per
2536 2815 2788 2862 trecentos
2839 2806 3122 2878 octodecim
3169 2807 3433 2876 episcopos
3489 2804 3732 2876 Spiritus

452 2907 529 2952 est
558 2898 877 2963 ostendere,
917 2914 1036 2953 cum
1065 2908 1309 2952 sanctum
1340 2898 1628 2952 concilium
1668 2897 1809 2966 apud
1849 2897 2037 2951 Antio-
2140 2910 2349 2953 sanctus
2395 2898 2655 2961 instituit;
2699 2900 2772 2952 ita
2813 2907 2870 2951 ut
2921 2898 3126 2951 etiamsi
3167 2897 3328 2950 multo
3378 2897 3552 2965 plures
3592 2897 3744 2951 aliud

454 2988 623 3042 :hiam
659 2985 683 3022 δ
711 2997 832 3057 post
861 2997 1105 3058 tempora
1127 2988 1338 3046 non-ita
1369 2988 1526 3058 longe
1561 2989 1910 3053 conveniens,
1942 3003 2038 3042 eo-
2140 3006 2295 3061 quam
2321 2989 2401 3042 illi
2440 2996 2667 3042 statuere
2717 2988 3017 3054 decernant,
3059 2987 3114 3041 in
3163 2986 3308 3041 nulla
3349 2989 3640 3040 reverentia
3673 2989 3744 3040 sit

449 3095 564 3134 rum
608 3079 855 3148 primitus
884 3077 1257 3141 deﬁnitionem
1281 3093 1442 3148 quam
1471 3079 1538 3137 de
1564 3077 1802 3148 paschali
1827 3079 2039 3132 ratione
2143 3079 2437 3132 habendum
2463 3078 2711 3150 quidquid
2741 3078 2895 3150 fuerit
2919 3094 2952 3132 a
2978 3078 3345 3150 prtedictorum
3370 3078 3743 3132 constitutione

454 3175 801 3242 protulerunt
837 3174 849 3210 ί
881 3175 1028 3229 ηυὶΙο
1057 3175 1219 3229 modo
1257 3173 1561 3229 violandam
1591 3187 1710 3228 esse
1743 3174 2035 3228 censuerit.
2067 3198 2111 3259 ρ
2146 3172 2420 3225 diversum.

454 3265 694 3334 Denique
733 3265 784 3320 in
834 3267 1035 3322 sanctis
1083 3267 1380 3323 canonibus
1417 3267 1517 3321 sub
1545 3267 1700 3321 titulo
1747 3277 2037 3336 septuage-

451 3360 589 3410 simo
623 3373 786 3423 nono,
827 3359 918 3428 qui
949 3367 1030 3413 est
1061 3360 1264 3428 primus
1295 3359 1459 3428 ipsius
1493 3359 1814 3414 Antiocheni
1845 3360 2039 3416 ,conci-

453 3451 524 3514 lii,
572 3450 656 3504 his
707 3450 886 3504 verbis
938 3451 953 3500 l
1012 3451 1284 3504 invenitur
1322 3448 1900 3520 expressum:0mnes
1954 3451 2040 3521 qui

451 3544 562 3596 ausi
603 3544 795 3613 fuerint
841 3542 1118 3598 dissolvere
1160 3544 1512 3614 deﬁnitionem
1561 3545 1730 3596 sancti
1770 3551 1818 3596 et
1863 3544 2040 3613 magni

454 3635 655 3688 concilii
686 3633 980 3707 quodttpud
1008 3632 1062 3688 Ν
1067 3636 1247 3692 icreant
1269 3645 1641 3707 congregatum
1661 3643 1756 3698 est,
1789 3633 1882 3689 sub
1899 3650 2038 3702 pra:-

455 3727 622 3778 sentia
652 3726 870 3794 piissimi
917 3735 964 3779 et
997 3727 1273 3781 venerandi
1312 3728 1564 3799 principis
1601 3725 1949 3792 Constantini,
1981 3725 2042 3780 de

528 3893 554 3921 ⁸·
591 3880 654 3938 C.
688 3883 959 3936 dimensio.

527 3954 551 3990 δ
590 3951 654 4023 ς,
686 3954 971 4023 requirunt.

530 4035 550 4060 ε
585 4021 648 4083 C,
681 4021 1019 4076 recesserunt.

525 4091 552 4129 ἀ
582 4092 710 4166 _Non
739 4092 958 4144 dubium
986 4102 1069 4146 est
1094 4095 1225 4166 istos
1249 4096 1338 4163 qui
1368 4094 1455 4148 hic
1483 4109 1513 4147 a
1555 4093 1810 4166 Dionysio
1856 4110 2045 4164 repre-

460 4163 782 4230 henduntur,
828 4165 1220 4218 astronomicas
1266 4167 1474 4218 tabulas
1519 4163 1734 4219 secutos
1784 4163 1931 4228 esse,
1981 4180 2047 4218 ac

459 4236 741 4311 προήγησιν
781 4232 1244 4311 animadvertisse.
1291 4237 1446 4311 anno
1474 4232 1834 4311 Christijﬁi'},
1880 4250 2047 4311 aureo

464 4301 793 4364 numerous,
829 4301 1160 4356 novilunium
1194 4306 1425 4359 medium
1473 4305 1661 4359 incidit
1688 4307 1741 4360 in
1783 4306 1924 4360 diem
1975 4304 2045 4358 '50

462 4372 659 4438 Martii,
694 4371 822 4424 l'eria
855 4371 907 4434 3,
939 4372 1071 4426 liora
1108 4373 1200 4432 Ξῖ).
1230 4375 1316 4428 δι’
1344 4391 1373 4428 a
1416 4375 1590 4429 media
1619 4385 1779 4431 nocte
1809 4376 1860 4430 in
1910 4375 2051 4429 hori-

462 4444 636 4518 Ψωφ-
690 4441 1138 4518 ljegjomontano.
1174 4444 1403 4518 itaque
1445 4447 1727 4518 neomenia
1784 4446 2054 4518 paschalis

461 4514 561 4567 fuit
588 4513 674 4584 die
701 4512 761 4566 5|
792 4510 1006 4584 Martii:
1039 4529 1148 4584 quo
1171 4516 1222 4569 in
1249 4510 1335 4570 die
1357 4516 1635 4583 obsignata
1663 4526 1747 4572 est
1777 4510 1806 4570 ἁ
1837 4517 2049 4572 Νίοωιιει
2079 4521 2132 4580 D

458 4583 680 4657 synodo
701 4583 1065 4657 plenilunium
1094 4586 1326 4641 medium
1355 4586 1440 4641 die
1469 4585 1539 4642 M
1568 4584 1783 4657 Aprilis,
1815 4585 1947 4657 feria
1979 4602 2049 4652 tv,

459 4652 591 4708 hora
618 4653 704 4719 17,
846 4652 1012 4723 Igitur
1051 4657 1312 4711 terminus
1338 4661 1395 4728 in
1418 4658 1503 4711 die
1536 4652 1822 4728 lii—Aprilis
1850 4655 2056 4728 deligas

461 4733 564 4790 est,
593 4739 712 4794 quae
742 4725 862 4778 luna
894 4741 983 4779 xw
1022 4734 1134 4780 tum
1185 4735 1319 4782 erat.
1373 4727 1527 4782 Anno
1567 4725 1694 4781 vero
1723 4727 1921 4782 Christi
1953 4725 2055 4780 554

461 4796 652 4850 eodem
692 4795 864 4866 _cycl9_
891 4795 1031 4866 lunte
1081 4814 1154 4860 ιιι,
1199 4799 1533 4852 novilunium
1588 4799 1823 4852 medium
1863 4798 2058 4866 Regio-

463 4871 649 4937 monte
671 4864 759 4937 die
803 4864 875 4937 :59
905 4864 1101 4932 Martii,
1147 4866 1278 4922 feria
1310 4867 1359 4933 Β,
1397 4868 1527 4922 hora
1560 4867 1649 4935 15,
1684 4868 1786 4937 51⁸,
1832 4864 2061 4937 plen—ilu-

465 4934 611 4988 nium
661 4933 747 4987 die
795 4932 864 4985 id»
909 4937 1126 5004 Afrilis,
1175 4937 1303 4991 feria
1350 4932 1406 5003 6,
1458 4939 1587 4993 hora
1635 4932 1686 5000 7,
1728 4932 2059 4993 55’fVerum

464 5004 717 5078 quoniam
758 5003 1060 5078 anuus554
1100 5003 1369 5062 secundus
1413 5017 1496 5063 est
1535 5017 1658 5078 post
1703 5008 2051 5078 bissextilem,

465 5075 614 5145 prior
639 5081 820 5130 autem
865 5075 940 5128 illi
969 5080 1244 5144 proximus
1274 5079 1341 5133 ab
1371 5075 1593 5144 eodem;
1623 5080 1744 5134 ideo
1774 5095 1866 5134 sex
1908 5077 2056 5132 horis

465 5144 658 5200 ablatis
686 5158 753 5198 ex
794 5147 1113 5218 posteriore,
1163 5148 1206 5203 si
1254 5149 1500 5203 eumdem
1529 5165 1648 5203 cum
1680 5151 1856 5218 priore
1905 5148 2054 5202 ordi-

466 5231 587 5288 nem
617 5222 841 5288 _tene_ret
869 5215 1166 5288 ingluliano
1196 5219 1566 5287 quadriennio,
1609 5215 1923 5288 contigisset
1960 5235 2055 5272 no-

465 5285 722 5365 viluni‘u‘m
746 5284 885 5365 hora
913 5286 964 5365 7,
994 5287 1099 5351 51’,
1132 5297 1190 5365 ut
1214 5284 1783 5365 apoawocc_c0i_ist_zita
1795 5291 1865 5345 sit
1891 5291 2052 5365 hora-

468 5374 585 5412 rum
617 5357 686 5413 16
711 5356 928 5411 circiter
948 5359 1000 5410 in
1024 5360 1178 5412 annis
1204 5356 1467 5415 ducentis.
1500 5358 1732 5413 Proinde
1771 5358 2056 5414 neomenia

467 5427 666 5483 lunaris
691 5427 1051 5482 astronomiea
1079 5432 1433 5485 conveniebat
1481 5433 1533 5484 in
1573 5430 1713 5483 diem
1747 5430 1807 5482 51
1857 5429 2050 5491 Martii,

465 5499 671 5555 decima
703 5508 893 5570 quarta
925 5498 984 5570 in
1006 5500 1147 5554 diem
1183 5499 1247 5553 η
1285 5501 1454 5570 April.
1487 5499 1616 5566 Qum
1645 5514 1805 5553 causa
1836 5499 1932 5553 fuit
1961 5514 2056 5552 cur

469 5568 732 5640 1101111111Ιῖ
754 5568 989 5639 Dionysii
1018 5579 1262 5639 tempore
1292 5568 1469 5624 lunam
1510 5571 1655 5624 illam
1687 5587 1752 5623 xv
1784 5577 2053 5640 putarent,

467 5653 586 5706 qua:
627 5639 842 5696 Nicaano
871 5641 1070 5696 saeculo
1098 5641 1197 5695 fuit
1233 5657 1340 5696 xrv.
1376 5641 1561 5709 Itaque
1607 5639 1902 5708 castigandi
1952 5654 2059 5694 nou

468 5719 640 5786 erant,
671 5710 770 5762 nisi
800 5720 1066 5779 quatenus
1102 5712 1310 5766 civilem
1331 5721 1396 5786 et
1423 5710 1841 5786 ecclesiasticam
1871 5709 2058 5786 obser-

472 5780 736 5856 vationem
758 5787 960 5856 privata
987 5790 1308 5856 auctoritate
1331 5780 1900 5856 labefactabantsNam
1923 5781 2059 5856 alio-

473 5850 562 5914 qui
590 5857 734 5901 recte
763 5850 828 5902 de
857 5851 979 5904 luna
1004 5852 1117 5921 ipsa
1147 5853 1441 5910 secundum
1472 5853 1861 5908 astronomicas
1893 5853 2061 5908 ratio-

2222 3261 2603 3329 Suﬂicienter,
2662 3273 2722 3318 ut
2771 3245 3052 3332 putamus,
3102 3262 3314 3318 cunctis
3361 3261 3618 3317 indicitur
3672 3278 3746 3317 ne

2144 3356 2400 3424 deinceps
2429 3353 2587 3409 aliter
2615 3369 2776 3424 quam
2817 3369 2846 3408 a
2877 3355 3078 3410 sancis
3108 3353 3462 3409 constitutum
3507 3363 3593 3409 est
3639 3353 3744 3408 Pa-

2146 3446 2316 3500 tribus
2344 3445 2765 3501 sacratissimum
2804 3443 3014 3500 Pascha
3043 3443 3367 3500 celebretur.
3390 3445 3548 3511 Quod
3589 3447 3636 3503 si
3667 3458 3743 3501 te.

2147 3537 2396 3596 stimonia
2430 3545 2700 3592 tantorum
2749 3537 3091 3592 sacerdotum
3118 3536 3344 3592 forsitan
3391 3538 3513 3606 quis
3567 3539 3747 3594 obsti-

2147 3637 2272 3684 nata
2313 3636 2500 3685 mente
2544 3627 2871 3699 despexerit,
2923 3629 3085 3683 etiam
3131 3628 3186 3682 in
3214 3627 3438 3683 historia
3478 3629 3746 3684 ecclesia-

2149 3722 2282 3777 stica
2305 3721 2460 3793 paria
2488 3721 2725 3776 breviter
2766 3721 3011 3776 intimata
3041 3720 3278 3792 reperiet
3302 3738 3322 3788 ;
3342 3721 3750 3790 multorumque

2150 3898 2244 3938 nes
2285 3882 2707 3940 existimabant:
2741 3882 2952 3936 tametsi
2986 3882 3160 3937 minus
3188 3882 3256 3936 ad
3295 3881 3610 3952 paschalem
3642 3883 3750 3938 Ec-

2148 3955 2322 4028 clesia:
2350 3953 2742 4028 ritumjaceret
2773 3952 3138 4028 [anciliorum
3167 3953 3416 4028 axptériq.
3453 3952 3750 4028 Pennus.

2153 4094 2165 4108 .
2224 4035 2246 4062 ο
2274 4025 2363 4148 lluta
2391 4040 2461 4080 ex
2505 4023 2548 4078 Β
2576 4032 2632 4078 et
2671 4021 2712 4078 C
2755 4023 3056 4088 scribimus,
3087 4039 3186 4093 pro
3213 4021 3442 4095 quando,
3483 4026 3633 4094 quod
3667 4034 3754 4083 est

2153 4112 2202 4148 m
2239 4111 2266 4148 a
2295 4112 2378 4148 us.

2153 4112 2202 4150 111
2239 4111 2378 4149 alllS.

2226 4166 2242 4202 ί
2287 4165 2530 4232 Quatuor
2556 4165 2655 4220 has
2675 4179 2856 4232 voces,
2885 4179 2915 4217 a
2946 4162 3168 4218 Petavio
3196 4170 3254 4219 et
3292 4163 3565 4219 Bucherio
3589 4166 3756 4220 omis-

2149 4252 2266 4360 sas!)
2288 4231 2356 4289 ex
2379 4235 2423 4360 tC.
2450 4242 2505 4289 et
2533 4235 2578 4288 D
2605 4231 2934 4305 supplemus.
2971 4233 3246 4290 Posterior
3269 4235 3434 4289 etiam
3461 4235 3617 4291 addit
3645 4255 3660 4290 :
3701 4252 3754 4291 ia

2155 4323 2224 4360 nu
2269 4323 2323 4360 a.
2344 4325 2372 4360 e
2402 4323 2449 4360 c.

2155 4314 2323 4362 nulla.
2344 4314 2449 4362 etc.

2231 4348 2489 4458 ἶῖίιίῖῖνεξι
2519 4374 2644 4458 B__et
2672 4375 2713 4432 C
2739 4384 2794 4430 et
2819 4374 2862 4428 D
2891 4376 3192 4442 scribimus,
3235 4390 3334 4445 pro
3371 4373 3761 4440 observatione,

2162 4447 2304 4518 quod
2327 4447 2483 4502 estin
2515 4447 2692 4501 editis.
2777 4491 2784 4498 .

2230 4515 2256 4554 ιι
2285 4517 2344 4571 1η
2383 4517 2541 4570 editis
2588 4516 2675 4571 hic
2719 4532 3000 4588 perperam
3048 4516 3242 4588 legitur
3292 4513 3557 4581 Nicmam,
3606 4517 3762 4587 quod

2159 4589 2338 4644 sensui
2368 4589 2568 4658 pariter
2596 4603 2658 4641 ac
2686 4585 2907 4647 mssIB,
2940 4585 2980 4639 C
3011 4595 3066 4641 et
3095 4587 3138 4640 Ι)
3165 4597 3446 4655 repugnat,
3472 4585 3766 4656 exquibus

2161 4673 2341 4714 veram
2372 4659 2659 4713 lectionem
2685 4658 3032 4712 restituimus.

2240 4727 2254 4765 ί
2299 4727 2389 4783 Sic
2416 4727 2455 4780 Β
2483 4737 2537 4782 et
2566 4728 2628 4781 D.
2653 4728 2775 4794 Alii,
2798 4728 3138 4798 protulerant.

2237 4801 2252 4848 1
2301 4797 2485 4852 Canon
2538 4797 2895 4869 iste_concilii
2939 4798 3258 4869 Aittiocheni
3302 4799 3526 4869 primus,
3557 4798 3617 4855 in
3651 4797 3768 4853 Co—

2164 4869 2282 4941 dice
2323 4884 2591 4941 canonum
2635 4867 2886 4924 Ecclesiae
2917 4868 3197 4932 universic,
3244 4867 3406 4939 quem
3436 4870 3768 4941 Christoph.

2165 4937 2420 4995 Justellus
2451 4939 2634 5002 edidit,
2663 4951 2744 4995 est
2767 4955 2927 4994 Lxxx.

2236 5009 2260 5048 κ
2303 5009 2345 5063 Β
2371 5018 2424 5064 et
2454 5009 2517 5074 C,
2545 5012 2855 5064 censuimus.

2239 5078 2255 5118 ¹
2297 5080 2376 5134 Ita
2406 5079 2468 5136 C.
2498 5079 2619 5145 Alii,
2645 5082 2972 5135 contentiosi.

2235 5162 2272 5188 η’
2316 5150 2457 5205 Hinc
2481 5153 2531 5204 in
2555 5149 2593 5203 C
2619 5149 2791 5205 deest.

2235 5232 2259 5259 ³³
2293 5221 2354 5287 C,
2386 5223 2525 5276 illos.

2235 5302 2258 5328 ο
2300 5294 2362 5361 C,
2391 5292 2871 5346 communicatione.

2237 5374 2264 5413 P
2303 5363 2365 5425 C,
2397 5363 2745 5416 damnandos.

2236 5445 2263 5484 ει
2301 5437 2363 5498 (3,
2393 5435 2606 5504 privari.

2236 5515 2257 5544 ι’
2303 5500 2410 5560 Leo
2439 5505 2599 5573 epist.
2631 5500 2700 5556 55
2726 5501 2789 5556 ad
2821 5502 3157 5560 Pulcheria—m
3187 5507 3500 5572 Augustam.
3531 5504 3618 5561 Ibi
3644 5524 3774 5564 vero

2162 5577 2220 5631 S.
2252 5575 2362 5631 Leo
2389 5592 2494 5630 non
2524 5574 2591 5628 de
2624 5575 2961 5643 paschalibus
2990 5579 3223 5632 decretis
3248 5577 3376 5642 agit,
3400 5576 3496 5630 sed
3527 5577 3604 5631 de
3637 5581 3775 5632 dire-

2164 5663 2378 5703 ceseoin.
2413 5645 2689 5709 limitibus,
2721 5661 2856 5715 quos
2897 5647 3154 5701 innovare
3183 5646 3399 5704 volebat
3453 5648 3772 5714 Anatolius,

2164 5715 2788 5843 gonstantinopolitanus
2853 5718 3157 5790 episcopus.
3229 5716 3370 5782 Lege
3447 5717 3776 5786 epistolam.

2211 5803 2488 5843 uertentes.

2211 5803 2488 5847 UCIIERIUS.
