4000 6344
398 333 500 391 503

1692 331 1997 398 ,ιιιυΝγειι
2036 329 2192 385 EXIG
2205 330 2269 387 Ul

3571 347 3668 402 504

396 449 531 505 ﬁunt
559 465 641 515 u;
663 449 838 506 deduc
873 466 1005 513 xxx,
1030 454 1314 504 remanent
1356 462 1464 501 xxi.
1493 443 1640 501 Luna
1671 462 1766 503 xxi
1817 457 1900 503 est
1925 447 1982 502 in
2010 451 2054 506 Α
2084 446 2167 503 los
2195 461 2384 512 annos,
2414 453 2578 516 quota
2605 446 2675 502 sit
2703 446 2856 515 feria,
2895 463 3048 505 sume
3074 464 3250 512 annos
3283 456 3672 512 incarnationis

393 541 480 595 die
509 542 918 598 resurrectionis
948 539 1180 595 Domini.

464 633 520 688 Si
551 635 793 704 requiras
830 649 862 688 a
909 631 1212 702 Septembri
1256 643 1426 700 usque
1452 627 1520 683 ad
1552 637 1576 665 ι
1612 627 1983 693 Decembrem,

397 732 506 779 tres
532 739 746 794 semper
790 723 844 777 in
890 723 973 778 his
1017 736 1069 777 tv
1102 720 1378 776 mensibus
1402 718 1678 787 regulares
1719 717 1982 786 adiicias:

395 819 446 873 in
479 819 714 874 bissexto
751 825 932 873 autem
961 815 1300 872 solummodo
1339 827 1482 867 anno
1525 811 1662 868 duos
1708 809 1987 877 regulares

393 909 770 978 suprascriptis
798 907 1070 964 mensibus
1099 903 1496 965 adnumerabis,
1524 909 1578 956 et
1608 917 1706 971 pro
1733 898 1983 965 xxxidie,

393 1019 541 1060 xxxu
606 1003 760 1058 annis
805 1002 1028 1072 singulis
1081 998 1368 1056 Decembri
1413 1011 1602 1052 mense
1643 1009 1886 1050 assumes
1931 993 1983 1047 in

395 1095 498 1149 lhte
529 1095 577 1150 δ.

392 1229 526 1283 Anc.
569 1227 636 1284 Χ.
674 1227 755 1282 De
801 1229 886 1283 die
931 1228 1236 1298 septimana
1282 1230 1480 1278 sancta
1528 1222 1663 1294 feria
1726 1217 1982 1291 paschali.

464 1341 520 1395 Si
548 1341 627 1396 vis
655 1355 985 1409 cognoscere
1007 1345 1202 1406 quotus
1231 1337 1346 1392 dies
1365 1333 1679 1405 septimana:
1698 1340 1804 1401 est,
1833 1347 1986 1388 sume

392 1432 508 1485 dies
534 1447 565 1484 a
593 1430 851 1485 Januario
875 1443 1044 1499 usque
1069 1427 1137 1482 ad
1173 1441 1414 1482 mensem
1444 1439 1602 1494 quem
1626 1423 1885 1487 volueris,
1926 1432 1986 1477 ut

391 1533 543 1592 puta,
572 1522 637 1576 ad
667 1537 773 1576 xxx
802 1520 943 1575 diem
973 1519 1172 1574 mensis
1207 1517 1380 1572 Martii
1415 1514 1623 1582 ¢,iiunt
1641 1529 1861 1569 Lxxxtx.
1890 1511 1985 1568 His

391 1612 611 1681 adjicies
631 1627 844 1682 semper
871 1626 1063 1679 unum,
1089 1609 1222 1664 liunt
1248 1623 1344 1672 xc;
1376 1615 1431 1661 et
1458 1619 1672 1674 semper
1691 1602 1827 1658 adde
1855 1618 1984 1673 epa-

391 1712 505 1758 ctas
532 1703 683 1771 solis,
731 1703 781 1756 id
830 1710 912 1757 est
940 1707 1324 1756 concurrentes
1351 1697 1663 1768 septimanae
1689 1694 1803 1751 dies
1831 1693 1982 1762 cujus

390 1795 624 1850 volueris
653 1795 800 1858 anui,
834 1804 892 1850 ut
924 1803 1050 1864 puta
1079 1808 1155 1852 ιιι,
1190 1791 1375 1846 indict.
1405 1806 1462 1854 ιι,
1505 1789 1640 1843 ﬁunt
1667 1787 1823 1842 simul
1850 1801 1977 1841 xcn.

388 1883 500 1939 llos
530 1885 728 1954 partire
753 1899 848 1954 per
875 1899 965 1949 vn,
1008 1889 1251 1937 rem-anet
1278 1895 1383 1935 una
1414 1898 1427 1932 :
1461 1881 1574 1950 ipsa
1602 1886 1686 1934 est
1711 1877 1981 1932 dominica

389 1975 655 2045 paschalis
682 1972 706 2010 ἀ
737 1973 880 2029 festi.
913 1971 1002 2027 Sic
1028 1971 1322 2040 quamlibet
1344 1969 1487 2023 diem
1526 1984 1556 2022 a
1585 1967 1690 2022 cal.
1721 1965 1845 2021 Jan.
1887 1980 1983 2019 us-

390 2081 494 2136 que
521 2065 589 2120 ad
628 2082 738 2120 xxx
792 2065 933 2119 diem
996 2061 1196 2117 mensis
1258 2059 1586 2120 Decembris,
1633 2065 1799 2126 quota
1847 2054 1980 2109 feria

388 2157 578 2223 fuerit,
618 2156 860 2212 invenies
899 2151 1282 2223 computando,
1315 2157 1375 2205 ut
1403 2150 1703 2219 regularem
1735 2163 1896 2202 unum
1926 2152 1983 2201 et

388 2258 801 2315 concurrentes,
845 2263 965 2319 quae
1012 2244 1319 2301 aJanuario
1379 2257 1568 2298 mense
1595 2256 1810 2311 semper
1847 2238 1986 2294 inci-

389 2345 566 2413 piunt,
604 2343 812 2414 pariter
851 2357 1116 2396 assumas.

601 2476 733 2532 Anc.
773 2474 845 2530 XI
887 2487 931 2530 ε.
976 2475 1055 2529 De
1093 2475 1218 2529 luna
1266 2471 1427 2528 citimi
1475 2470 1758 2542 paschalis.

459 2591 520 2648 Si
542 2590 622 2646 vis
649 2591 789 2646 scire
814 2597 980 2660 quota
1031 2589 1156 2644 luna
1201 2588 1271 2642 sit
1301 2587 1356 2642 in
1385 2603 1438 2641 xi
1469 2585 1678 2640 calend.
1707 2581 1904 2654 Aprilis
1933 2585 1976 2648 ί,

388 2699 541 2739 sume
565 2699 737 2739 annos
781 2681 1168 2738 incarnationis
1233 2679 1443 2733 Domini
1474 2677 1638 2732 nostri
1665 2674 1791 2732 Jesu
1820 2675 1978 2729 Chri-

387 2773 480 2837 sti,
513 2781 571 2826 ut
597 2779 749 2843 puta,
782 2786 990 2827 nccxxv
1022 2779 1068 2823 8.
1101 2768 1212 2823 Hos
1255 2767 1456 2839 partire
1500 2782 1598 2836 per
1625 2782 1702 2833 χι,
1730 2763 1864 2819 linut
1889 2779 1976 2819 cx.

387 2861 596 2919 Partire
627 2861 918 2930 tricesima,
977 2868 1259 2916 remanent
1304 2874 1412 2913 xx:
1442 2856 1696 2912 vicesima
1735 2855 1858 2909 luna
1901 2863 1982 2909 est

387 2957 443 3010 in
495 2970 550 3010 ιιι
575 2953 679 3010 cal‘.
729 2953 897 3026 April.
948 2951 1006 3008 Si
1054 2960 1236 3008 autem
1291 2967 1381 3018 vn,
1436 2949 1694 3020 septima;
1737 2947 1781 3002 si
1835 2963 1976 3012 asse,

387 3047 588 3118 prima.

1157 3199 1168 3209 .
1221 3157 1332 3212 XII.

1157 3199 1168 3209 .
1221 3158 1332 3212 XII.

456 3255 519 3314 Si
539 3254 613 3312 vis
636 3269 796 3312 nosse
824 3253 965 3342 diem
1004 3158 1348 3310 eglletiidarum
1394 3249 1651 3312 Januarii,
1675 3263 1772 3319 per
1799 3247 1983 3316 singu-

457 3515 483 3545 ι
508 3504 751 3568 Cotton.,
780 3519 940 3574 usque
967 3501 1044 3574 in.

457 3577 484 3616 ιι
516 3574 572 3631 ln
598 3563 926 3629 Cottoniano
966 3573 1045 3628 sic
1073 3569 1268 3638 legitur
1299 3585 1312 3623 :
1350 3565 1417 3621 Et
1462 3582 1555 3638 per
1600 3580 1711 3619 xxx
1747 3580 1852 3618 uno
1891 3563 1977 3618 die

382 3662 511 3704 xxxi
541 3646 701 3700 annis
716 3644 955 3716 singulis,
983 3639 1298 3716 etc._Locus
1337 3639 1388 3692 in
1418 3646 1648 3716 utroque
1686 3643 1978 3704 corruptus

381 3717 619 3780 videtur,
647 3706 821 3784 queui
837 3706 957 3768 aliis
977 3711 1349 3784 ex_tricaudum
1385 3706 1754 3784 relinquimus“.

456 3800 477 3826 ο
508 3789 569 3841 In
590 3775 750 3856 quem
778 3785 988 3840 scilicet
1033 3781 1241 3856 Pascha
1268 3795 1410 3835 anno
1440 3775 1654 3856 Christi
1685 3775 1812 3856 525.,
1847 3776 1974 3856 Dio-

381 3847 717 3913 cletiani-“lii
747 3899 760 3920 ,
809 3856 1013 3918 incidit,
1046 3852 1338 3907 secundum
1369 3851 1576 3922 cyclum
1615 3847 1800 3919 Cyrilli
1847 3847 1975 3902 ulti-

383 3945 564 3993 mum,
595 3927 920 3998 Dionysiano
952 3924 1303 3998 prmtuissum.

452 4000 479 4039 ά
509 3985 566 4053 1ιῖ
597 3985 751 4066 υἱεὺῖ
801 3985 995 4062 legitur
1024 4013 1036 4048 :
1071 3992 1346 4047 Dominica
1389 3985 1620 4056 Pascha,
1652 3988 1706 4042 in
1731 3986 1978 4055 Cotton.,

387 4070 673 4126 ﬂaminicae
699 4067 982 4137 paschalis.

457 4151 479 4178 °
512 4139 586 4196 Ea
609 4125 730 4206 qum
751 4138 838 4190 hic
865 4144 983 4204 post
1009 4139 1381 4206 argumentum
1406 4128 1456 4184 X
1483 4135 1721 4206 exstant,
1742 4127 1795 4182 in
1817 4125 1974 4206 codd.

382 4211 536 4278 Digb.
569 4197 892 4278 et'Cottom,
925 4197 1114 4278 eodem
1139 4201 1300 4278 modo
1329 4201 1597 4278 leguntur,
1623 4198 1725 4278 nisi
1753 4197 1901 4278 quod
1923 4198 1975 4251 in

383 4267 692 4356 materiari,
724 4277 852 4356 locri
875 4267 1116 4356 :ex'enmli
1160 4272 1236 4356 ab
1278 4267 1424 4325 anno
1465 4267 1588 4334 675,
1619 4269 1978 4356 substituatur

381 4338 508 4406 ann.
542 4347 645 4402 688
671 4338 755 4402 vel
786 4344 910 4400 689.
942 4345 1006 4399 Et
1047 4338 1174 4398 illud
1223 4344 1397 4413 ipsum
1436 4355 1636 4395 novum
1666 4338 1974 4413 exemplum

382 4421 507 4478 anni
538 4418 670 4480 6.75,
697 4418 950 4486 Dionysio
987 4415 1223 4484 alioquin
1246 4409 1362 4486 non
1404 4413 1678 4486 usitatum,
1711 4409 1975 4486 suspicio:

383 4508 505 4547 nem
537 4479 720 4545 movet
759 4479 1074 4556 argumenta
1115 4479 1183 4540 'in
1219 4485 1414 4556 quibus
1455 4481 1691 4556 occurrit
1718 4495 1748 4533 a
1770 4479 1972 4548 juniori

381 4562 612 4630 ιιιι.ιι1ειηι
662 4551 1007 4630 calculatore,
1036 4551 1252 4630 siunon'
1281 4555 1486 4630 addita,
1529 4551 1735 4630 saltenl
1767 4557 1972 4630 mutata

381 4619 522 4688 esse.
553 4631 663 4687 Nec
683 4646 814 4685 sane
843 4619 1051 4684 mendis
1078 4627 1166 4681 illa
1195 4641 1381 4682 carere
1401 4624 1670 4679 videntur.
1703 4619 1810 4676 Sed
1832 4635 1968 4688 quo-
2000 4623 2044 4680 Ι)

381 4718 596 4774 cunque
624 4702 785 4774 modo
811 4716 872 4756 se
893 4700 1176 4774 habeantL
1196 4713 1302 4774 non
1330 4693 1693 4774 inconsultum
1723 4690 1972 4774 duximus

382 4761 626 4841 integra,
674 4782 732 4825 ut
775 4772 827 4824 in
877 4770 1064 4826 codice
1120 4767 1407 4841 Digbzeano
1454 4763 1818 4841 reperiuntur,
1867 4761 1974 4841 huc

383 4833 694 4968 traiirzslerre,
727 4841 846 4895 aliis
893 4833 1216 4908 dijudicandi
1257 4847 1314 4892 et
1343 4833 1665 4892 emendandi
1705 4839 1978 4904 potestate

383 4929 442 4968 re
519 4922 592 4966 ta.

382 4922 592 4968 ιἛηιαιθ.

461 4983 480 5022 τ
511 4982 705 5036 Notum
729 4988 832 5042 est,
863 4994 915 5033 xi
942 4978 1044 5034 cal.
1080 4979 1273 5046 April.,
1304 4977 1416 5032 sive
1460 4975 1601 5029 diem
1634 4989 1754 5046 xxii
1776 4969 1974 5046 Martii,

383 5056 679 5110 secundum
740 5051 982 5104 instituta
1037 5042 1556 5109 Alexandrinorum,
1607 5061 1636 5097 a
1697 5042 1976 5111 Dionysio,

388 5124 550 5188 Beda,
581 5122 802 5191 aliisque
831 5128 1073 5191 servata,
1119 5120 1350 5191 primum,
1387 5118 1501 5191 sive
1529 5115 1768 5191 citimuin
1812 5110 1979 5191 fuisse

384 5183 548 5261 diem,
581 5193 632 5246 in
659 5183 816 5261 qdezn
848 5205 1000 5243 sacra
1021 5183 1254 5261 alicujus
1277 5185 1710 5261 annipasl-halia.
1739 5183 1978 5261 incidere

381 5253 662 5335 pozeraut,
677 5253 825 5318 sicut
851 5276 924 5315 vn
951 5253 1231 5335 calabiai"
1261 5259 1375 5335 sive
1393 5253 1508 5335 dies
1539 5271 1641 5308 xxv
1671 5253 1867 5335 Aprilis
1896 5253 1975 5332 ul:

386 5321 547 5391 limus
573 5321 693 5390 erat
735 5341 792 5386 et
816 5329 1224 5386 rcn'intissimus.
1269 5328 1410 5384 Beda
1460 5328 1512 5380 in
1561 5321 1768 5379 canone
1800 5321 2008 5391 lunari.

383 5406 722 5476 penultimo:
757 5402 1168 5476 Christianorum
1213 5397 1420 5453 Pascha
1461 5398 1531 5476 ab
1573 5413 1630 5476 δι
1669 5395 1770 5476 cal.
1802 5392 1970 5476 April.

382 5465 542 5549 usque
565 5480 621 5532 in
650 5479 734 5533 vu'
770 5474 872 5527 cal.
906 5469 1058 5549 Maii,
1109 5486 1408 5549 quocunque
1436 5468 1519 5520 die
1535 5466 1807 5549 -ᾴοηιὶηξπρ
1851 5465 1975 5549 lilina

387 5531 684 5607 actiui-rem,
709 5554 948 5602 sanctum
979 5531 1182 5594 Pascha
1209 5531 1376 5596 modis
1403 5535 1637 5591 omnibus
1671 5531 1970 5607 relabi-abis.

387 5616 519 5671 Ante
547 5634 599 5672 xl
623 5603 722 5672 cal.
769 5615 960 5676 April.
994 5611 1200 5666 etiamsi
1244 5611 1369 5662 luna
1408 5609 1706 5676 occurrerit,
1741 5603 1817 5656 vel
1861 5611 1973 5676 post

390 5699 457 5738 vlt
487 5689 586 5742 cal.
617 5687 768 5749 Maii,
799 5673 1002 5740 Pascha
1024 5681 1319 5736 nullatenus
1340 5674 1638 5749 celebrabis.
1672 5673 1974 5749 Quomodo

385 5744 1068 5811 Alexandrini'terminum
1120 5749 1392 5820 paschatis
1436 5744 1844 5820 ultiinuni,__die
1886 5758 1974 5796 xxi

387 5827 560 5893 April.
607 5826 902 5892 antiquitus
948 5815 1324 5893 constitutum,
1376 5833 1551 5893 usque
1583 5815 1650 5893 ad
1675 5816 1836 5893 _diem
1869 5828 1974 5866 xxv

391 5887 560 5967 April.
594 5887 915 5966 protulerint
935 5934 951 5962 ,
979 5891 1214 5949 ostendit
1262 5888 1554 5947 Bucherius
1583 5888 1638 5944 in
1667 5887 1970 5945 Comment.

2009 3189 2057 3252 C

2094 538 2300 593 Domini
2333 539 2501 593 nostri
2545 537 2671 594 Jesu
2693 538 2911 604 Christi,
2942 550 3000 595 ut
3026 552 3178 612 puta,
3228 559 3400 600 annos
3438 562 3669 604 occxxv.

2091 633 2272 688 Deduc
2299 648 2494 698 assem,
2527 642 2812 689 remanent
2857 650 3103 690 nccxxrv.
3136 635 3248 692 llos
3296 653 3391 707 per
3426 650 3672 708 quartam

2089 735 2294 796 partem
2343 725 2579 795 partiris,
2611 733 2667 779 et
2693 735 2938 794 quartam
2971 735 3197 797 partem,
3245 743 3405 796 quam
3450 731 3675 799 partitus

2087 831 2166 880 es,
2197 815 2416 884 adjicies
2443 831 2605 886 super
2633 832 2878 882 DCLXXIV,
2905 818 3038 872 iiunt
3072 818 3228 872 simul
3257 833 3517 874 ucccxcn.
3567 821 3676 878 Hos

2087 909 2304 980 partiris
2331 924 2430 979 per
2453 925 2545 974 vn,
2569 917 2848 965 remanent
2881 926 2939 965 ιι.
2981 908 3227 966 Secunda
3256 922 3338 966 est
3355 911 3472 967 dies
3495 911 3677 966 calen-

2087 1001 2276 1057 darum
2302 998 2522 1055 Januar.
2551 999 2609 1055 Si
2651 1016 2704 1065 v,
2731 1001 2916 1070 quinta
2951 999 3110 1067 feria;
3133 1001 3178 1055 si
3207 1014 3349 1067 asse,
3577 1015 3671 1064 ca;

2086 1090 2133 1146 si
2162 1091 2314 1156 nihil,
2346 1089 2628 1146 sabbatum
2660 1087 2707 1142 ιι.

2235 1269 2366 1325 Anc.
2410 1267 2544 1323 Xlll.
2591 1267 2667 1322 De
2713 1268 2838 1322 luna
2885 1268 3223 1323 calendarum
3265 1267 3532 1326 Januarii.

2157 1381 2214 1438 Si
2239 1382 2320 1439 vis
2345 1382 2486 1438 scire
2509 1390 2676 1453 quota
2715 1381 2840 1437 luna
2871 1382 2939 1437 sit
2967 1379 3208 1437 calendis
3235 1380 3496 1449 Januarii,
3543 1385 3682 1440 scito

2085 1482 2284 1543 quotus
2309 1473 2510 1528 lunaris
2555 1473 2742 1544 cyclus
2788 1473 2878 1539 sit,
2933 1472 3084 1528 verbi
3126 1474 3295 1541 gratia
3350 1475 3534 1546 cyclus
3589 1493 3682 1530 xv.

2087 1561 2236 1618 Tene
2279 1562 2374 1617 tibi
2411 1577 2601 1629 unum,
2648 1561 2702 1616 id
2729 1569 2814 1616 est
2863 1563 3003 1631 ipsas
3047 1561 3300 1617 calendas
3335 1561 3598 1629 Januarii,
3628 1576 3684 1620 et

2084 1653 2250 1709 duces
2276 1652 2560 1722 quinquies
2581 1651 2863 1723 quinquies
2885 1651 3066 1706 decies
3090 1669 3102 1705 :
3127 1650 3327 1708 faciunt
3351 1670 3522 1722 cxxv;
3545 1672 3684 1726 quos

2089 1743 2314 1814 adjicies
2338 1760 2502 1816 super
2530 1759 2718 1808 unum,
2765 1751 2821 1798 et
2849 1742 2982 1797 ﬁunt
3019 1759 3200 1798 uxvx.
3233 1742 3381 1799 ltem‘
3405 1745 3570 1802 duces
3596 1763 3682 1802 se-

2013 1824 2061 1884 B
2088 1836 2204 1890 xies
2227 1836 2407 1891 decies
2427 1834 2734 1904 quinquies,
2763 1831 2966 1889 faciunt
2984 1849 3085 1900 xc;
3115 1849 3252 1904 quos
3276 1835 3498 1905 adjicies
3517 1853 3684 1908 super

2082 1946 2264 1996 Lxxw,
2295 1929 2439 1984 etsic
2462 1943 2672 1984 summa
2692 1942 3038 1984 numerorum
3065 1942 3252 1995 cum;
3277 1927 3331 1984 in
3354 1930 3548 1998 quibus
3559 1946 3685 2000 par-

2082 2021 2200 2075 tiris
2226 2019 2521 2083 tricesima.
2554 2025 2840 2074 remanent
2869 2033 2977 2072 xw.
3014 2016 3179 2073 Sexta
3212 2017 3421 2074 decima
3448 2019 3574 2075 luna
3598 2031 3681 2077 est

2081 2111 2322 2166 calendis
2349 2108 2608 2176 Januarii,
2640 2117 2694 2164 et
2721 2109 2908 2180 puncti
2943 2108 2958 2146 ί
2993 2125 3102 2164 ινι.
3134 2107 3242 2164 Isto
3275 2111 3435 2165 modo
3465 2127 3562 2183 per
3590 2127 3683 2169 six

2081 2202 2264 2274 cyclos
2289 2201 2507 2256 lunares
2527 2199 2864 2271 computabis
2883 2215 3116 2270 semper,
3150 2209 3205 2256 et
3220 2201 3457 2257 calendis
3477 2204 3684 2260 Janua-

2081 2297 2167 2362 rii,
2189 2304 2354 2366 quota
2379 2296 2452 2352 sit
2477 2295 2623 2361 luna,
2651 2293 2855 2364 absque
2883 2309 3068 2354 errore
3093 2295 3350 2364 reperies.

2154 2407 2288 2463 Dum
2317 2414 2496 2461 autem
2525 2405 2738 2460 veneris
2757 2402 2825 2458 ad
2847 2418 2956 2458 xvn
2976 2403 3112 2475 cycli
3137 2403 3338 2460 lunaris
3359 2404 3402 2471 i,
3435 2413 3491 2460 et
3510 2406 3682 2462 duxe-

2082 2500 2157 2555 ris
2183 2497 2466 2569 quinquies
2493 2496 2675 2552 decies
2702 2496 2920 2566 septies,
2951 2511 3116 2566 super
3142 2496 3246 2551 cal.
3289 2495 3435 2562 Jan.,
3472 2499 3563 2567 qui
3589 2497 3674 2552 la-

2081 2599 2230 2654 ciunt
2255 2611 2434 2651 Lxxxv
2461 2591 2511 2657 ι.
2542 2593 2585 2648 si
2618 2592 2834 2664 partiris
2861 2592 3214 2660 sexagesima,
3260 2600 3316 2647 et
3349 2592 3567 2661 adjicies
3593 2593 3680 2665 ip—

2080 2703 2200 2743 sum
2231 2701 2430 2751 assem,
2471 2683 2605 2738 fiunt
2633 2699 2848 2738 uxxvn.
2884 2681 3089 2738 Deinde
3114 2682 3263 2738 ducis
3291 2685 3467 2739 sexies
3495 2686 3679 2742 decies

2081 2784 2282 2855 septies
2314 2784 2359 2847 ι,
2413 2779 2547 2835 liunt
2575 2795 2666 2835 cn.
2697 2777 2802 2834 Eos
2831 2776 3052 2846 adjicies
3078 2792 3240 2848 super
3284 2795 3484 2836 LXXXVI
3529 2790 3589 2847 ιιι,
3619 2790 3680 2837 et

2085 2877 2221 2932 ﬁunt
2263 2890 2558 2932 ccxxxvni.
2608 2871 2818 2928 Partire
2866 2871 2938 2926 ibi
2968 2872 3258 2934 tricesima,
3290 2883 3571 2930 remanent
3593 2891 3673 2932 ix.

2082 2968 2232 3023 Nona
2261 2967 2386 3021 luna
2414 2973 2496 3020 est
2527 2961 2761 3018 calendis
2787 2959 3050 3026 Januarii,
3092 2969 3146 3017 et
3179 2963 3365 3031 puncti
3404 2979 3550 3018 xxvr.
3581 2963 3675 3020 Sic

2081 3069 2138 3116 et
2163 3059 2220 3116 in
2250 3073 2375 3114 xvm
2404 3066 2459 3112 et
2505 3071 2595 3110 xix
2625 3054 2778 3126 cyclo
2825 3051 3009 3109 facies.
3053 3053 3099 3107 Α
3148 3054 3323 3124 primo
3353 3069 3480 3110 vero
3520 3057 3672 3128 cyclo

2086 3151 2284 3216 lunari,
2313 3163 2482 3218 usque
2508 3147 2561 3202 in
2590 3153 2802 3202 sextum
2823 3145 3113 3211 decimum,
3143 3161 3250 3202 non
3271 3147 3672 3217 partiris-sexa-

2088 3242 2371 3314 gesimum,
2406 3254 2472 3294 ne
2504 3239 2555 3293 in
2587 3252 2828 3293 errorem
2859 3233 3081 3290 incidas.

2081 3491 2149 3546 ad
2173 3489 2394 3546 Victorii
2423 3487 2554 3542 Can.
2588 3485 2799 3555 pascb.,
2828 3499 2881 3554 p.
2916 3483 3036 3537 104.
3061 3481 3162 3550 Qui
3189 3483 3342 3554 plura
3370 3484 3435 3537 de
3463 3486 3677 3542 ratione

2081 3571 2139 3617 et
2175 3558 2477 3616 diil'erentia
2525 3565 2793 3610 metarum
2824 3555 3195 3625 paschalium,
3245 3556 3538 3610 secundum
3567 3556 3674 3610 La-

2083 3626 2226 3687 tiﬂos
2255 3640 2310 3686 et
2357 3627 2750 3684 Alexandrinos
2779 3624 3070 3686 desiderat,
3090 3624 3261 3678 adeat
3298 3626 3490 3679 Nnrisii
3541 3628 3671 3682 diss.

2080 3701 2147 3757 de
2176 3701 2420 3756 Paschali
2455 3699 2762 3753 Latinorum
2787 3697 2958 3767 cyclo,
2993 3711 3044 3764 p.
3089 3696 3177 3750 96.
3221 3695 3318 3749 illo
3338 3696 3455 3764 ipso
3496 3696 3586 3751 die
3612 3715 3669 3753 xi

2083 3774 2187 3827 cal.
2229 3772 2396 3839 April.
2433 3769 2812 3839 aequinoctium
2845 3781 3065 3839 vernum
3113 3767 3361 3839 proxime
3397 3771 3671 3834 sequenti,

2083 3835 2463 3897 inserebantur
2492 3835 2714 3906 epaeue.
2763 3835 2906 3904 Lege
2943 3836 3092 3890 Beda
3137 3835 3205 3889 de
3234 3835 3355 3889 Rat.
3404 3852 3584 3906 comp.
3622 3855 3672 3892 c.

2085 3913 2172 3969 Η.
2202 3913 2332 3979 Qua:
2363 3905 2587 3980 proinde
2629 3924 2697 3963 ex
2720 3908 3093 3980 _iiive_stigata__
3114 3906 3237 3960 luna
3282 3907 3423 3980 illius
3447 3905 3554 3960 diei
3583 3924 3678 3964 co-

2080 3975 2501 4052 gnoscebantur,
2532 3978 2828 4052 secundum
2863 3977 3018 4031 Beda:
3055 3975 3328 4052 Canonem
3377 3978 3624 4052 lunarem
3657 3999 3670 4032 :

2084 4047 2146 4110 Si
2178 4055 2253 4108 vis
2295 4055 2426 4108 scire
2455 4061 2610 4122 quota
2637 4049 2926 4122 sitepacta,
2952 4063 3208 4122 annoquo
3239 4047 3458 4122 volneris
3483 4090 3498 4113 ,
3532 4065 3675 4102 com-

2081 4135 2206 4195 puta
2227 4134 2382 4195 quota
2426 4117 2491 4195 sit
2523 4121 2645 4195 (una
2673 4120 2726 4172 in
2757 4134 2814 4195 δι
2844 4118 2962 4195 cnl._
2984 4117 3175 4195 Ap_ril.,
3211 4128 3258 4195 et
3282 4119 3395 4186 ipsa
3425 4117 3549 4170 Imm
3580 4123 3678 4171 erit

2080 4188 2287 4266 epacta.
2324 4192 2474 4247 Verbi
2499 4193 2692 4266 gravia,
2725 4190 2768 4242 si
2791 4189 2914 4242 luna
2939 4190 3090 4266 fuerit
3112 4203 3183 4251 Ix,
3212 4188 3264 4266 in
3293 4203 3342 4240 xi
3369 4192 3468 4240 cal.
3505 4192 3674 4258 April.

2078 4258 2194 4334 ipsa
2215 4265 2312 4318 erit
2333 4258 2531 4334 epacld,
2552 4261 2984 4334 velqaanumero
3009 4258 3184 4334 lunam
3213 4259 3487 4320 inveneris,
3507 4261 3674 4327 ipstmt

2080 4327 2567 4403 numerum-opacla
2616 4327 2840 4384 habebit.
2891 4327 3310 4380 Fundamentum
3349 4345 3472 4398 ergo
3521 4329 3674 4400 hujus

2074 4407 2300 4475 computi
2350 4413 2651 4476 epactarum
2701 4415 2931 4470 praesens
2973 4407 3332 4468 argumentum
3405 4415 3673 4453 common-

2076 4485 2227 4531 strat.

2149 4557 2174 4594 8
2200 4545 2335 4602 Cod.
2363 4545 2603 4605 Cotton...
2629 4557 2952 4597 octxxxvm.

2143 4614 2168 4653 δ
2197 4616 2254 4670 ln
2294 4615 2414 4671 cod.
2465 4613 2680 4669 Cotton.
2750 4615 2851 4666 huc
2897 4617 3266 4680 argumentum
3310 4609 3382 4664 ita
3425 4610 3628 4679 legitur
3663 4633 3678 4669 :

2081 4687 2142 4742 Si
2171 4689 2242 4742 vis
2269 4702 2421 4741 nosse
2441 4685 2576 4738 diem
2597 4683 2930 4736 cnlaudat-um
2959 4681 3085 4753 Jan.
3119 4697 3209 4750 per
3232 4681 3684 4753 singulos_annos,

2079 4769 2233 4829 quota
2257 4760 2324 4812 sit
2375 4758 2703 4829 [eija,4su_mc
2751 4768 2916 4807 annos
2948 4753 3009 4829 a_b
3057 4751 3418 4829 incarnatione
3462 4751 3685 4810 Domini

2080 4822 2244 4884 nostri
2272 4822 2395 4881 Jesa
2424 4824 2616 4879 Chriin
2647 4839 2935 4884 DCLxxxu.
2961 4822 3139 4876 Deduc
3166 4837 3366 4886 assem,
3409 4836 3688 4880 remanent

2080 4914 2400 4954 nccxxxvm.
2437 4895 2484 4948 Η
2494 4913 2551 4949 os
2590 4913 2680 4966 per
2709 4903 2948 4966 quartam
2975 4901 3172 4963 partem
3197 4893 3430 4960 partiris,
3476 4904 3528 4947 et
3551 4913 3686 4963 par-

2082 4979 2182 5040 tem
2201 4987 2354 5040 quam
2381 4964 2603 5040 partitas
2634 4983 2687 5024 es
2719 4964 2932 5040 adjicies
2971 4978 3123 5033 super
3166 4976 3493 5027 DCLXXXVIII,
3545 4966 3691 5034 ﬁunt

2081 5035 2236 5094 simul
2256 5035 2479 5094 DCCCCLX.
2508 5035 2622 5108 Hos
2645 5035 2839 5108 partire
2865 5051 2953 5108 ger
2975 5049 3063 5092 vn.
3090 5042 3357 5108 remanent
3381 5049 3504 5108 sar:
3532 5047 3691 5089 serta

2082 5111 2215 5179 feria
2235 5119 2311 5162 est
2332 5107 2560 5164 calendis
2582 5104 2850 5179 annarii.
2867 5105 2926 5161 Si
2950 5121 3002 5168 x,
3027 5104 3208 5176 quinta
3229 5105 3393 5172 feria;
3416 5104 3465 5156 si
3479 5108 3693 5174 prima,

2081 5175 2434 5238 dominicum;
2465 5181 2510 5235 si
2540 5177 2704 5236 nihil,
2736 5175 3026 5230 sabbatum.

2158 5260 2174 5287 ι
2207 5249 2390 5304 Codex
2421 5247 2570 5314 Digb.
2614 5247 2816 5311 habet,
2854 5256 3065 5314 puncta.
3115 5245 3222 5300 Sed
3270 5246 3551 5314 se;;uinmr
3602 5247 3696 5302 hic

2080 5320 2297 5375 Cotton.
2331 5318 2422 5374 Sic
2449 5313 2504 5370 et
2546 5317 2686 5386 apud
2718 5313 2912 5369 Beda’in
2963 5315 3015 5368 in
3065 5314 3197 5369 (Ian.
3242 5314 3398 5375 Lum,
3434 5331 3488 5380 ι).
3524 5313 3636 5369 575
3678 5337 3694 5370 :

2081 5391 2140 5447 Si
2171 5392 2242 5446 vis
2274 5407 2424 5460 nosse
2453 5397 2571 5460 quot
2587 5396 2811 5460 ynnclqs
2833 5402 3150 5460 unaquceque
3179 5387 3301 5460 luna
3327 5386 3387 5460 in
3406 5387 3499 5460 die
3526 5387 3695 5451 lucet,

2080 5471 2184 5517 etc.
2219 5459 2373 5515 Conf.
2425 5454 2528 5513 col.
2579 5457 2704 5510 211.
2761 5457 2872 5510 lino
2921 5454 2971 5509 in
3025 5454 3140 5524 ipso
3184 5457 3303 5508 cod.
3357 5454 3512 5522 Digli.
3568 5473 3698 5525 mg.

2082 5531 2198 5586 XVI
2229 5532 2421 5599 legitur
2450 5547 2461 5580 :
2491 5527 2722 5581 Punctus
2746 5544 2860 5599 vero
2892 5543 3023 5599 unus
3045 5535 3228 5595 quarta
3259 5543 3382 5596 pars
3416 5526 3562 5578 hora:
3589 5539 3694 5578 est.

2157 5605 2170 5652 i
2211 5596 2453 5662 Cottum,
2480 5607 2686 5652 χνιπιυιιτ
2712 5597 2906 5667 cytlum
2939 5596 3194 5650 lunarem.

2155 5676 2174 5708 ¹ι
2203 5672 2444 5734 Cotton.,
2471 5669 2580 5720 dies
2607 5684 2769 5721 LXXX.
3365 5686 3406 5707 ς

2161 5741 2174 5779 ¹
2205 5740 2444 5804 Cottou.,
2469 5739 2635 5792 sexies
2667 5737 2832 5790 decies
2859 5739 3104 5808 quinltes.

2154 5823 2192 5851 πυ
2217 5810 2459 5876 Cottum,
2487 5825 2724 5871 Lxxxvu.
