  <div class='ocr_page' id='page_1' title='image "/cluster/home/n/w/nwhite01/storage/ocr_20150623/67/hvd.32044073505141/260.png"; bbox 0 0 4000 6344; ppageno 0'>
   <div class='ocr_carea' id='block_1_1' title="bbox 237 381 344 436">
    <p class='ocr_par' dir='ltr' id='par_1_1' title="bbox 237 381 344 436">
     <span class='ocr_line' id='line_1_1' title="bbox 237 381 344 436; baseline 0 0"><span class='ocrx_word' id='word_1_1' title='bbox 237 381 344 436; x_wconf 69' lang='grc'><strong>505</strong></span> 
     </span>
    </p>
   </div>
   <div class='ocr_carea' id='block_1_2' title="bbox 1064 371 2689 432">
    <p class='ocr_par' dir='ltr' id='par_1_2' title="bbox 1064 371 2689 432">
     <span class='ocr_line' id='line_1_2' title="bbox 1064 371 2689 432; baseline 0 -2"><span class='ocrx_word' id='word_1_2' title='bbox 1064 374 1265 431; x_wconf 73' lang='lat' dir='ltr'><strong>LIBER</strong></span> <span class='ocrx_word' id='word_1_3' title='bbox 1304 372 1390 429; x_wconf 87' lang='lat' dir='ltr'><strong>DE</strong></span> <span class='ocrx_word' id='word_1_4' title='bbox 1421 372 1797 430; x_wconf 78' lang='lat' dir='ltr'><strong>PASCIIATE.</strong></span> <span class='ocrx_word' id='word_1_5' title='bbox 1825 371 2253 429; x_wconf 72' lang='lat' dir='ltr'><strong>ARGUMENTA</strong></span> <span class='ocrx_word' id='word_1_6' title='bbox 2286 374 2689 432; x_wconf 80' lang='lat' dir='ltr'><strong>PASCHALIA.</strong></span> 
     </span>
    </p>
   </div>
   <div class='ocr_carea' id='block_1_3' title="bbox 3432 385 3538 438">
    <p class='ocr_par' dir='ltr' id='par_1_3' title="bbox 3432 385 3538 438">
     <span class='ocr_line' id='line_1_3' title="bbox 3432 385 3538 438; baseline 0.009 -1"><span class='ocrx_word' id='word_1_7' title='bbox 3432 385 3538 438; x_wconf 71' lang='lat'><strong>506</strong></span> 
     </span>
    </p>
   </div>
   <div class='ocr_carea' id='block_1_4' title="bbox 236 488 3536 562">
    <p class='ocr_par' dir='ltr' id='par_1_4' title="bbox 236 488 3536 562">
     <span class='ocr_line' id='line_1_4' title="bbox 236 488 3536 562; baseline 0.001 -10"><span class='ocrx_word' id='word_1_8' title='bbox 236 504 372 552; x_wconf 79' lang='lat' dir='ltr'><strong>Anc.</strong></span> <span class='ocrx_word' id='word_1_9' title='bbox 417 488 552 547; x_wconf 79' lang='lat' dir='ltr'><strong>XIV.</strong></span> <span class='ocrx_word' id='word_1_10' title='bbox 593 488 765 556; x_wconf 77' lang='lat' dir='ltr'><strong>Quota</strong></span> <span class='ocrx_word' id='word_1_11' title='bbox 817 491 950 562; x_wconf 78' lang='lat' dir='ltr'><strong>feria</strong></span> <span class='ocrx_word' id='word_1_12' title='bbox 996 492 1121 546; x_wconf 78' lang='lat' dir='ltr'><strong>luna</strong></span> <span class='ocrx_word' id='word_1_13' title='bbox 1168 507 1257 545; x_wconf 77' lang='lat' dir='ltr'><strong>xiv</strong></span> <span class='ocrx_word' id='word_1_14' title='bbox 1311 489 1511 562; x_wconf 83' lang='lat' dir='ltr'><strong>incidat</strong></span> <span class='ocrx_word' id='word_1_15' title='bbox 1556 488 1687 561; x_wconf 84' lang='lat' dir='ltr'><strong>cycli</strong></span> <span class='ocrx_word' id='word_1_16' title='bbox 1744 488 1835 543; x_wconf 83' lang='lat' dir='ltr'><strong>de-</strong></span> <span class='ocrx_word' id='word_1_17' title='bbox 1862 497 1909 553; x_wconf 78' lang='grc' dir='ltr'>Α</span> <span class='ocrx_word' id='word_1_18' title='bbox 1941 491 2065 544; x_wconf 88' lang='lat' dir='ltr'><strong>anni</strong></span> <span class='ocrx_word' id='word_1_19' title='bbox 2093 492 2540 547; x_wconf 81' lang='lat' dir='ltr'><strong>concurrentibus</strong></span> <span class='ocrx_word' id='word_1_20' title='bbox 2567 494 2676 548; x_wconf 85' lang='lat' dir='ltr'><strong>suis</strong></span> <span class='ocrx_word' id='word_1_21' title='bbox 2722 494 2997 561; x_wconf 76' lang='lat' dir='ltr'><strong>regulares</strong></span> <span class='ocrx_word' id='word_1_22' title='bbox 3051 496 3102 550; x_wconf 93' lang='lat' dir='ltr'><strong>in</strong></span> <span class='ocrx_word' id='word_1_23' title='bbox 3160 496 3264 552; x_wconf 88' lang='lat' dir='ltr'><strong>ﬁne</strong></span> <span class='ocrx_word' id='word_1_24' title='bbox 3320 514 3390 554; x_wconf 86' lang='lat' dir='ltr'><strong>vu</strong></span> <span class='ocrx_word' id='word_1_25' title='bbox 3436 515 3536 556; x_wconf 86' lang='lat' dir='ltr'><strong>au-</strong></span> 
     </span>
    </p>
   </div>
   <div class='ocr_carea' id='block_1_5' title="bbox 630 561 1447 631">
    <p class='ocr_par' dir='ltr' id='par_1_5' title="bbox 630 561 1447 631">
     <span class='ocr_line' id='line_1_5' title="bbox 630 561 1447 631; baseline -0.005 -14"><span class='ocrx_word' id='word_1_26' title='bbox 630 561 1042 617; x_wconf 73' lang='lat' dir='ltr'><strong>cemnouemtalis</strong></span> <span class='ocrx_word' id='word_1_27' title='bbox 1082 579 1221 617; x_wconf 85' lang='lat' dir='ltr'><strong>anno</strong></span> <span class='ocrx_word' id='word_1_28' title='bbox 1259 561 1447 631; x_wconf 80' lang='lat' dir='ltr'><strong>primo.</strong></span> 
     </span>
    </p>
   </div>
   <div class='ocr_carea' id='block_1_6' title="bbox 305 676 1831 752">
    <p class='ocr_par' dir='ltr' id='par_1_6' title="bbox 305 676 1831 752">
     <span class='ocr_line' id='line_1_6' title="bbox 305 676 1831 752; baseline -0.005 -15"><span class='ocrx_word' id='word_1_29' title='bbox 305 681 500 752; x_wconf 80' lang='lat' dir='ltr'><strong>incipit</strong></span> <span class='ocrx_word' id='word_1_30' title='bbox 542 679 829 735; x_wconf 86' lang='lat' dir='ltr'><strong>calculatio</strong></span> <span class='ocrx_word' id='word_1_31' title='bbox 877 676 1150 747; x_wconf 87' lang='lat' dir='ltr'><strong>quomodo</strong></span> <span class='ocrx_word' id='word_1_32' title='bbox 1189 678 1414 747; x_wconf 89' lang='lat' dir='ltr'><strong>reperiri</strong></span> <span class='ocrx_word' id='word_1_33' title='bbox 1457 677 1627 748; x_wconf 89' lang='lat' dir='ltr'><strong>possit</strong></span> <span class='ocrx_word' id='word_1_34' title='bbox 1666 685 1831 746; x_wconf 90' lang='lat' dir='ltr'><strong>quota</strong></span> 
     </span>
    </p>
   </div>
   <div class='ocr_carea' id='block_1_7' title="bbox 233 769 1834 843">
    <p class='ocr_par' dir='ltr' id='par_1_7' title="bbox 233 769 1834 843">
     <span class='ocr_line' id='line_1_7' title="bbox 233 769 1834 843; baseline -0.005 -12"><span class='ocrx_word' id='word_1_35' title='bbox 233 775 366 833; x_wconf 76' lang='lat' dir='ltr'><strong>feria</strong></span> <span class='ocrx_word' id='word_1_36' title='bbox 393 772 679 843; x_wconf 73' lang='lat' dir='ltr'><strong>singularis</strong></span> <span class='ocrx_word' id='word_1_37' title='bbox 698 772 824 827; x_wconf 92' lang='lat' dir='ltr'><strong>anni</strong></span> <span class='ocrx_word' id='word_1_38' title='bbox 852 782 876 809; x_wconf 78' lang='grc'><strong><em>⁸</em></strong></span> <span class='ocrx_word' id='word_1_39' title='bbox 891 772 1099 828; x_wconf 89' lang='lat' dir='ltr'><strong>decima</strong></span> <span class='ocrx_word' id='word_1_40' title='bbox 1119 780 1310 841; x_wconf 81' lang='lat' dir='ltr'><strong>quarta</strong></span> <span class='ocrx_word' id='word_1_41' title='bbox 1331 772 1455 826; x_wconf 91' lang='lat' dir='ltr'><strong>luna</strong></span> <span class='ocrx_word' id='word_1_42' title='bbox 1478 770 1765 841; x_wconf 82' lang='lat' dir='ltr'><strong>paschalis,</strong></span> <span class='ocrx_word' id='word_1_43' title='bbox 1780 769 1834 824; x_wconf 92' lang='lat' dir='ltr'><strong>id</strong></span> 
     </span>
    </p>
   </div>
   <div class='ocr_carea' id='block_1_8' title="bbox 232 863 1833 935">
    <p class='ocr_par' dir='ltr' id='par_1_8' title="bbox 232 863 1833 935">
     <span class='ocr_line' id='line_1_8' title="bbox 232 863 1833 935; baseline -0.002 -13"><span class='ocrx_word' id='word_1_44' title='bbox 232 875 317 922; x_wconf 76' lang='lat' dir='ltr'><strong>est</strong></span> <span class='ocrx_word' id='word_1_45' title='bbox 344 864 503 935; x_wconf 87' lang='lat' dir='ltr'><strong>primi</strong></span> <span class='ocrx_word' id='word_1_46' title='bbox 530 863 718 920; x_wconf 89' lang='lat' dir='ltr'><strong>circuli</strong></span> <span class='ocrx_word' id='word_1_47' title='bbox 748 865 1277 920; x_wconf 86' lang='lat' dir='ltr'><strong>decemnovennalis.</strong></span> <span class='ocrx_word' id='word_1_48' title='bbox 1303 865 1460 920; x_wconf 90' lang='lat' dir='ltr'><strong>Anno</strong></span> <span class='ocrx_word' id='word_1_49' title='bbox 1487 865 1685 935; x_wconf 88' lang='lat' dir='ltr'><strong>primo,</strong></span> <span class='ocrx_word' id='word_1_50' title='bbox 1708 866 1833 935; x_wconf 87' lang='lat' dir='ltr'><strong>quia</strong></span> 
     </span>
    </p>
   </div>
   <div class='ocr_carea' id='block_1_9' title="bbox 233 955 1836 1027">
    <p class='ocr_par' dir='ltr' id='par_1_9' title="bbox 233 955 1836 1027">
     <span class='ocr_line' id='line_1_9' title="bbox 233 955 1836 1027; baseline 0 -16"><span class='ocrx_word' id='word_1_51' title='bbox 233 974 341 1012; x_wconf 90' lang='lat' dir='ltr'><strong>non</strong></span> <span class='ocrx_word' id='word_1_52' title='bbox 391 955 556 1010; x_wconf 81' lang='lat' dir='ltr'><strong>habet</strong></span> <span class='ocrx_word' id='word_1_53' title='bbox 603 964 823 1025; x_wconf 86' lang='lat' dir='ltr'><strong>epactas</strong></span> <span class='ocrx_word' id='word_1_54' title='bbox 860 956 1095 1021; x_wconf 89' lang='lat' dir='ltr'><strong>lunares,</strong></span> <span class='ocrx_word' id='word_1_55' title='bbox 1128 971 1227 1026; x_wconf 92' lang='lat' dir='ltr'><strong>pro</strong></span> <span class='ocrx_word' id='word_1_56' title='bbox 1274 973 1339 1011; x_wconf 88' lang='lat' dir='ltr'><strong>eo</strong></span> <span class='ocrx_word' id='word_1_57' title='bbox 1368 958 1511 1027; x_wconf 90' lang='lat' dir='ltr'><strong>quod</strong></span> <span class='ocrx_word' id='word_1_58' title='bbox 1552 974 1673 1013; x_wconf 89' lang='lat' dir='ltr'><strong>cum</strong></span> <span class='ocrx_word' id='word_1_59' title='bbox 1708 957 1836 1011; x_wconf 90' lang='lat' dir='ltr'><strong>noni</strong></span> 
     </span>
    </p>
   </div>
   <div class='ocr_carea' id='block_1_10' title="bbox 230 1048 1839 1119">
    <p class='ocr_par' dir='ltr' id='par_1_10' title="bbox 230 1048 1839 1119">
     <span class='ocr_line' id='line_1_10' title="bbox 230 1048 1839 1119; baseline -0.001 -14"><span class='ocrx_word' id='word_1_60' title='bbox 230 1049 426 1105; x_wconf 83' lang='lat' dir='ltr'><strong>decimi</strong></span> <span class='ocrx_word' id='word_1_61' title='bbox 456 1048 725 1103; x_wconf 83' lang='lat' dir='ltr'><strong>inferioris</strong></span> <span class='ocrx_word' id='word_1_62' title='bbox 772 1049 900 1103; x_wconf 89' lang='lat' dir='ltr'><strong>anni</strong></span> <span class='ocrx_word' id='word_1_63' title='bbox 947 1065 1096 1115; x_wconf 84' lang='lat' dir='ltr'><strong>xvm,</strong></span> <span class='ocrx_word' id='word_1_64' title='bbox 1125 1058 1180 1105; x_wconf 91' lang='lat' dir='ltr'><strong>et</strong></span> <span class='ocrx_word' id='word_1_65' title='bbox 1207 1050 1319 1105; x_wconf 89' lang='lat' dir='ltr'><strong>suis</strong></span> <span class='ocrx_word' id='word_1_66' title='bbox 1347 1066 1400 1104; x_wconf 85' lang='grc' dir='ltr'><strong>ιι</strong></span> <span class='ocrx_word' id='word_1_67' title='bbox 1430 1050 1637 1119; x_wconf 83' lang='lat' dir='ltr'><strong>epactis</strong></span> <span class='ocrx_word' id='word_1_68' title='bbox 1668 1049 1715 1115; x_wconf 69' lang='grc' dir='ltr'>δ,</span> <span class='ocrx_word' id='word_1_69' title='bbox 1740 1050 1839 1105; x_wconf 88' lang='lat' dir='ltr'><strong>ad-</strong></span> 
     </span>
    </p>
   </div>
   <div class='ocr_carea' id='block_1_11' title="bbox 230 1138 1840 1212">
    <p class='ocr_par' dir='ltr' id='par_1_11' title="bbox 230 1138 1840 1212">
     <span class='ocr_line' id='line_1_11' title="bbox 230 1138 1840 1212; baseline 0.002 -17"><span class='ocrx_word' id='word_1_70' title='bbox 230 1141 345 1196; x_wconf 89' lang='lat' dir='ltr'><strong>dito</strong></span> <span class='ocrx_word' id='word_1_71' title='bbox 373 1141 538 1195; x_wconf 87' lang='lat' dir='ltr'><strong>etiam</strong></span> <span class='ocrx_word' id='word_1_72' title='bbox 580 1140 649 1194; x_wconf 88' lang='lat' dir='ltr'><strong>ab</strong></span> <span class='ocrx_word' id='word_1_73' title='bbox 680 1138 951 1212; x_wconf 66' lang='lat' dir='ltr'><strong>Egyptiis</strong></span> <span class='ocrx_word' id='word_1_74' title='bbox 994 1141 1081 1196; x_wconf 90' lang='lat' dir='ltr'><strong>die</strong></span> <span class='ocrx_word' id='word_1_75' title='bbox 1126 1157 1253 1205; x_wconf 88' lang='lat' dir='ltr'><strong>una,</strong></span> <span class='ocrx_word' id='word_1_76' title='bbox 1302 1141 1436 1197; x_wconf 90' lang='lat' dir='ltr'><strong>ﬁunt</strong></span> <span class='ocrx_word' id='word_1_77' title='bbox 1486 1158 1617 1208; x_wconf 88' lang='lat' dir='ltr'><strong>xxx,</strong></span> <span class='ocrx_word' id='word_1_78' title='bbox 1675 1144 1726 1198; x_wconf 88' lang='lat' dir='ltr'><strong>id</strong></span> <span class='ocrx_word' id='word_1_79' title='bbox 1756 1152 1840 1198; x_wconf 90' lang='lat' dir='ltr'><strong>est</strong></span> 
     </span>
    </p>
   </div>
   <div class='ocr_carea' id='block_1_12' title="bbox 230 1231 1839 1305">
    <p class='ocr_par' dir='ltr' id='par_1_12' title="bbox 230 1231 1839 1305">
     <span class='ocr_line' id='line_1_12' title="bbox 230 1231 1839 1305; baseline 0.002 -20"><span class='ocrx_word' id='word_1_80' title='bbox 230 1231 355 1285; x_wconf 91' lang='lat' dir='ltr'><strong>luna</strong></span> <span class='ocrx_word' id='word_1_81' title='bbox 386 1232 589 1286; x_wconf 86' lang='lat' dir='ltr'><strong>mensis</strong></span> <span class='ocrx_word' id='word_1_82' title='bbox 618 1232 777 1286; x_wconf 90' lang='lat' dir='ltr'><strong>unius</strong></span> <span class='ocrx_word' id='word_1_83' title='bbox 808 1232 1037 1300; x_wconf 83' lang='lat' dir='ltr'><strong>integra,</strong></span> <span class='ocrx_word' id='word_1_84' title='bbox 1069 1242 1123 1287; x_wconf 92' lang='lat' dir='ltr'><strong>et</strong></span> <span class='ocrx_word' id='word_1_85' title='bbox 1147 1234 1280 1288; x_wconf 87' lang='lat' dir='ltr'><strong>nihil</strong></span> <span class='ocrx_word' id='word_1_86' title='bbox 1323 1243 1569 1289; x_wconf 76' lang='lat' dir='ltr'><strong>remanet</strong></span> <span class='ocrx_word' id='word_1_87' title='bbox 1600 1234 1668 1291; x_wconf 91' lang='lat' dir='ltr'><strong>de</strong></span> <span class='ocrx_word' id='word_1_88' title='bbox 1709 1250 1839 1305; x_wconf 87' lang='lat' dir='ltr'><strong>epa-</strong></span> 
     </span>
    </p>
   </div>
   <div class='ocr_carea' id='block_1_13' title="bbox 230 1321 1839 1392">
    <p class='ocr_par' dir='ltr' id='par_1_13' title="bbox 230 1321 1839 1392">
     <span class='ocr_line' id='line_1_13' title="bbox 230 1321 1839 1392; baseline 0.002 -15"><span class='ocrx_word' id='word_1_89' title='bbox 230 1323 353 1387; x_wconf 88' lang='lat' dir='ltr'><strong>ctis,</strong></span> <span class='ocrx_word' id='word_1_90' title='bbox 378 1332 437 1376; x_wconf 89' lang='lat' dir='ltr'><strong>et</strong></span> <span class='ocrx_word' id='word_1_91' title='bbox 468 1321 617 1392; x_wconf 88' lang='lat' dir='ltr'><strong>quod</strong></span> <span class='ocrx_word' id='word_1_92' title='bbox 666 1323 719 1376; x_wconf 91' lang='lat' dir='ltr'><strong>in</strong></span> <span class='ocrx_word' id='word_1_93' title='bbox 759 1322 928 1392; x_wconf 85' lang='lat' dir='ltr'><strong>Aprili</strong></span> <span class='ocrx_word' id='word_1_94' title='bbox 976 1339 1163 1380; x_wconf 89' lang='lat' dir='ltr'><strong>mense</strong></span> <span class='ocrx_word' id='word_1_95' title='bbox 1210 1324 1399 1383; x_wconf 88' lang='lat' dir='ltr'><strong>incidit</strong></span> <span class='ocrx_word' id='word_1_96' title='bbox 1428 1340 1495 1380; x_wconf 91' lang='lat' dir='ltr'><strong>eo</strong></span> <span class='ocrx_word' id='word_1_97' title='bbox 1524 1340 1667 1381; x_wconf 89' lang='lat' dir='ltr'><strong>anno</strong></span> <span class='ocrx_word' id='word_1_98' title='bbox 1710 1326 1839 1381; x_wconf 90' lang='lat' dir='ltr'><strong>luna</strong></span> 
     </span>
    </p>
   </div>
   <div class='ocr_carea' id='block_1_14' title="bbox 229 1412 1837 1486">
    <p class='ocr_par' dir='ltr' id='par_1_14' title="bbox 229 1412 1837 1486">
     <span class='ocr_line' id='line_1_14' title="bbox 229 1412 1837 1486; baseline 0.003 -20"><span class='ocrx_word' id='word_1_99' title='bbox 229 1412 502 1482; x_wconf 81' lang='lat' dir='ltr'><strong>paschalis</strong></span> <span class='ocrx_word' id='word_1_100' title='bbox 522 1428 632 1479; x_wconf 77' lang='lat' dir='ltr'><strong>xlv,</strong></span> <span class='ocrx_word' id='word_1_101' title='bbox 664 1421 787 1467; x_wconf 90' lang='lat' dir='ltr'><strong>tene</strong></span> <span class='ocrx_word' id='word_1_102' title='bbox 816 1413 1089 1482; x_wconf 79' lang='lat' dir='ltr'><strong>regulares</strong></span> <span class='ocrx_word' id='word_1_103' title='bbox 1116 1414 1165 1468; x_wconf 93' lang='lat' dir='ltr'><strong>in</strong></span> <span class='ocrx_word' id='word_1_104' title='bbox 1199 1430 1266 1469; x_wconf 89' lang='lat' dir='ltr'><strong>eo</strong></span> <span class='ocrx_word' id='word_1_105' title='bbox 1279 1431 1495 1486; x_wconf 87' lang='lat' dir='ltr'><strong>semper</strong></span> <span class='ocrx_word' id='word_1_106' title='bbox 1510 1432 1677 1485; x_wconf 89' lang='lat' dir='ltr'><strong>xxxv,</strong></span> <span class='ocrx_word' id='word_1_107' title='bbox 1706 1418 1837 1472; x_wconf 90' lang='lat' dir='ltr'><strong>sub-</strong></span> 
     </span>
    </p>
   </div>
   <div class='ocr_carea' id='block_1_15' title="bbox 234 1506 1835 1578">
    <p class='ocr_par' dir='ltr' id='par_1_15' title="bbox 234 1506 1835 1578">
     <span class='ocr_line' id='line_1_15' title="bbox 234 1506 1835 1578; baseline 0.005 -21"><span class='ocrx_word' id='word_1_108' title='bbox 234 1506 391 1560; x_wconf 89' lang='lat' dir='ltr'><strong>trahe</strong></span> <span class='ocrx_word' id='word_1_109' title='bbox 422 1521 550 1571; x_wconf 88' lang='lat' dir='ltr'><strong>xxx,</strong></span> <span class='ocrx_word' id='word_1_110' title='bbox 581 1506 635 1561; x_wconf 88' lang='lat' dir='ltr'><strong>id</strong></span> <span class='ocrx_word' id='word_1_111' title='bbox 665 1515 746 1561; x_wconf 92' lang='lat' dir='ltr'><strong>est</strong></span> <span class='ocrx_word' id='word_1_112' title='bbox 778 1506 891 1575; x_wconf 91' lang='lat' dir='ltr'><strong>ipsa</strong></span> <span class='ocrx_word' id='word_1_113' title='bbox 938 1507 1064 1561; x_wconf 89' lang='lat' dir='ltr'><strong>luna</strong></span> <span class='ocrx_word' id='word_1_114' title='bbox 1114 1508 1347 1578; x_wconf 84' lang='lat' dir='ltr'><strong>integra,</strong></span> <span class='ocrx_word' id='word_1_115' title='bbox 1378 1518 1434 1565; x_wconf 91' lang='lat' dir='ltr'><strong>et</strong></span> <span class='ocrx_word' id='word_1_116' title='bbox 1463 1520 1745 1566; x_wconf 88' lang='lat' dir='ltr'><strong>remanent</strong></span> <span class='ocrx_word' id='word_1_117' title='bbox 1784 1528 1835 1566; x_wconf 89' lang='lat' dir='ltr'><strong>v.</strong></span> 
     </span>
    </p>
   </div>
   <div class='ocr_carea' id='block_1_16' title="bbox 227 1596 1839 1671">
    <p class='ocr_par' dir='ltr' id='par_1_16' title="bbox 227 1596 1839 1671">
     <span class='ocr_line' id='line_1_16' title="bbox 227 1596 1839 1671; baseline 0.005 -21"><span class='ocrx_word' id='word_1_118' title='bbox 227 1596 434 1664; x_wconf 87' lang='lat' dir='ltr'><strong>Quinto</strong></span> <span class='ocrx_word' id='word_1_119' title='bbox 457 1597 546 1652; x_wconf 92' lang='lat' dir='ltr'><strong>die</strong></span> <span class='ocrx_word' id='word_1_120' title='bbox 566 1612 596 1651; x_wconf 92' lang='lat' dir='ltr'><strong>a</strong></span> <span class='ocrx_word' id='word_1_121' title='bbox 610 1598 868 1665; x_wconf 90' lang='lat' dir='ltr'><strong>calendis,</strong></span> <span class='ocrx_word' id='word_1_122' title='bbox 892 1599 994 1654; x_wconf 93' lang='lat' dir='ltr'><strong>hoc</strong></span> <span class='ocrx_word' id='word_1_123' title='bbox 1009 1608 1094 1654; x_wconf 91' lang='lat' dir='ltr'><strong>est</strong></span> <span class='ocrx_word' id='word_1_124' title='bbox 1115 1616 1242 1655; x_wconf 91' lang='lat' dir='ltr'><strong>non.</strong></span> <span class='ocrx_word' id='word_1_125' title='bbox 1258 1600 1451 1671; x_wconf 90' lang='lat' dir='ltr'><strong>April.,</strong></span> <span class='ocrx_word' id='word_1_126' title='bbox 1466 1603 1839 1659; x_wconf 90' lang='lat' dir='ltr'><strong>occurritluna</strong></span> 
     </span>
    </p>
   </div>
   <div class='ocr_carea' id='block_1_17' title="bbox 227 1688 1841 1761">
    <p class='ocr_par' dir='ltr' id='par_1_17' title="bbox 227 1688 1841 1761">
     <span class='ocr_line' id='line_1_17' title="bbox 227 1688 1841 1761; baseline 0.003 -19"><span class='ocrx_word' id='word_1_127' title='bbox 227 1688 499 1759; x_wconf 82' lang='lat' dir='ltr'><strong>paschalis</strong></span> <span class='ocrx_word' id='word_1_128' title='bbox 537 1704 645 1743; x_wconf 77' lang='lat' dir='ltr'><strong>xiv.</strong></span> <span class='ocrx_word' id='word_1_129' title='bbox 677 1688 825 1744; x_wconf 90' lang='lat' dir='ltr'><strong>Tene</strong></span> <span class='ocrx_word' id='word_1_130' title='bbox 853 1692 1253 1761; x_wconf 89' lang='lat' dir='ltr'><strong>suprascriptos</strong></span> <span class='ocrx_word' id='word_1_131' title='bbox 1282 1709 1337 1760; x_wconf 72' lang='grc' dir='ltr'>ν,</span> <span class='ocrx_word' id='word_1_132' title='bbox 1379 1692 1515 1748; x_wconf 84' lang='lat' dir='ltr'><strong>adde</strong></span> <span class='ocrx_word' id='word_1_133' title='bbox 1538 1703 1595 1749; x_wconf 93' lang='lat' dir='ltr'><strong>et</strong></span> <span class='ocrx_word' id='word_1_134' title='bbox 1617 1708 1841 1750; x_wconf 89' lang='lat' dir='ltr'><strong>concur-</strong></span> 
     </span>
    </p>
   </div>
   <div class='ocr_carea' id='block_1_18' title="bbox 226 1771 1840 1852">
    <p class='ocr_par' dir='ltr' id='par_1_18' title="bbox 226 1771 1840 1852">
     <span class='ocr_line' id='line_1_18' title="bbox 226 1771 1840 1852; baseline 0.002 -19"><span class='ocrx_word' id='word_1_135' title='bbox 226 1786 412 1833; x_wconf 85' lang='lat' dir='ltr'><strong>rentes</strong></span> <span class='ocrx_word' id='word_1_136' title='bbox 455 1771 695 1847; x_wconf 76' lang='lat' dir='ltr'><strong>ejusdem</strong></span> <span class='ocrx_word' id='word_1_137' title='bbox 728 1780 854 1833; x_wconf 88' lang='lat' dir='ltr'><strong>anni</strong></span> <span class='ocrx_word' id='word_1_138' title='bbox 900 1796 971 1844; x_wconf 81' lang='lat' dir='ltr'><strong>1v,</strong></span> <span class='ocrx_word' id='word_1_139' title='bbox 1021 1780 1157 1834; x_wconf 88' lang='lat' dir='ltr'><strong>liunt</strong></span> <span class='ocrx_word' id='word_1_140' title='bbox 1184 1797 1257 1835; x_wconf 88' lang='grc' dir='ltr'>ιι.</span> <span class='ocrx_word' id='word_1_141' title='bbox 1293 1782 1442 1837; x_wconf 87' lang='lat' dir='ltr'><strong>Adde</strong></span> <span class='ocrx_word' id='word_1_142' title='bbox 1472 1790 1524 1837; x_wconf 89' lang='lat' dir='ltr'><strong>et</strong></span> <span class='ocrx_word' id='word_1_143' title='bbox 1565 1783 1840 1852; x_wconf 81' lang='lat' dir='ltr'><strong>regulares</strong></span> 
     </span>
    </p>
   </div>
   <div class='ocr_carea' id='block_1_19' title="bbox 1936 584 3533 659">
    <p class='ocr_par' dir='ltr' id='par_1_19' title="bbox 1936 584 3533 659">
     <span class='ocr_line' id='line_1_19' title="bbox 1936 584 3533 659; baseline 0.005 -21"><span class='ocrx_word' id='word_1_144' title='bbox 1936 592 2171 653; x_wconf 89' lang='lat' dir='ltr'><strong>gmenla.</strong></span> <span class='ocrx_word' id='word_1_145' title='bbox 2196 584 2428 641; x_wconf 89' lang='lat' dir='ltr'><strong>Facilius</strong></span> <span class='ocrx_word' id='word_1_146' title='bbox 2454 596 2478 622; x_wconf 79' lang='grc' dir='ltr'><strong><em>ο</em></strong></span> <span class='ocrx_word' id='word_1_147' title='bbox 2507 601 2738 655; x_wconf 84' lang='lat' dir='ltr'><strong>namque</strong></span> <span class='ocrx_word' id='word_1_148' title='bbox 2783 597 2839 641; x_wconf 92' lang='lat' dir='ltr'><strong>et</strong></span> <span class='ocrx_word' id='word_1_149' title='bbox 2882 589 3098 643; x_wconf 79' lang='lat' dir='ltr'><strong>brevius</strong></span> <span class='ocrx_word' id='word_1_150' title='bbox 3140 590 3324 644; x_wconf 86' lang='lat' dir='ltr'><strong>omnia</strong></span> <span class='ocrx_word' id='word_1_151' title='bbox 3369 607 3533 659; x_wconf 80' lang='lat' dir='ltr'><strong>argu-</strong></span> 
     </span>
    </p>
   </div>
   <div class='ocr_carea' id='block_1_20' title="bbox 1938 677 3529 753">
    <p class='ocr_par' dir='ltr' id='par_1_20' title="bbox 1938 677 3529 753">
     <span class='ocr_line' id='line_1_20' title="bbox 1938 677 3529 753; baseline 0.006 -23"><span class='ocrx_word' id='word_1_152' title='bbox 1938 684 2119 731; x_wconf 87' lang='lat' dir='ltr'><strong>menta</strong></span> <span class='ocrx_word' id='word_1_153' title='bbox 2146 677 2416 747; x_wconf 86' lang='lat' dir='ltr'><strong>paschalia</strong></span> <span class='ocrx_word' id='word_1_154' title='bbox 2446 678 2755 734; x_wconf 89' lang='lat' dir='ltr'><strong>calculabis.</strong></span> <span class='ocrx_word' id='word_1_155' title='bbox 2788 677 2902 733; x_wconf 81' lang='lat' dir='ltr'><strong>Hoc</strong></span> <span class='ocrx_word' id='word_1_156' title='bbox 2931 686 3109 733; x_wconf 90' lang='lat' dir='ltr'><strong>tamen</strong></span> <span class='ocrx_word' id='word_1_157' title='bbox 3153 691 3411 753; x_wconf 75' lang='lat' dir='ltr'><strong>przeterea</strong></span> <span class='ocrx_word' id='word_1_158' title='bbox 3451 685 3529 739; x_wconf 84' lang='lat' dir='ltr'><strong>le-</strong></span> 
     </span>
    </p>
   </div>
   <div class='ocr_carea' id='block_1_21' title="bbox 1936 768 3532 839">
    <p class='ocr_par' dir='ltr' id='par_1_21' title="bbox 1936 768 3532 839">
     <span class='ocr_line' id='line_1_21' title="bbox 1936 768 3532 839; baseline 0.004 -17"><span class='ocrx_word' id='word_1_159' title='bbox 1936 768 2072 822; x_wconf 90' lang='lat' dir='ltr'><strong>ctori</strong></span> <span class='ocrx_word' id='word_1_160' title='bbox 2117 770 2186 823; x_wconf 90' lang='lat' dir='ltr'><strong>sit</strong></span> <span class='ocrx_word' id='word_1_161' title='bbox 2214 769 2508 837; x_wconf 85' lang='lat' dir='ltr'><strong>cognitum,</strong></span> <span class='ocrx_word' id='word_1_162' title='bbox 2557 771 2770 839; x_wconf 88' lang='lat' dir='ltr'><strong>quoties</strong></span> <span class='ocrx_word' id='word_1_163' title='bbox 2800 769 2852 823; x_wconf 91' lang='lat' dir='ltr'><strong>in</strong></span> <span class='ocrx_word' id='word_1_164' title='bbox 2880 778 3137 839; x_wconf 86' lang='lat' dir='ltr'><strong>utrosque</strong></span> <span class='ocrx_word' id='word_1_165' title='bbox 3183 789 3397 830; x_wconf 88' lang='lat' dir='ltr'><strong>menses</strong></span> <span class='ocrx_word' id='word_1_166' title='bbox 3437 791 3532 829; x_wconf 89' lang='lat' dir='ltr'><strong>su-</strong></span> 
     </span>
    </p>
   </div>
   <div class='ocr_carea' id='block_1_22' title="bbox 1936 863 3533 933">
    <p class='ocr_par' dir='ltr' id='par_1_22' title="bbox 1936 863 3533 933">
     <span class='ocr_line' id='line_1_22' title="bbox 1936 863 3533 933; baseline 0.004 -18"><span class='ocrx_word' id='word_1_167' title='bbox 1936 864 2266 932; x_wconf 89' lang='lat' dir='ltr'><strong>prascriptos</strong></span> <span class='ocrx_word' id='word_1_168' title='bbox 2291 863 2342 916; x_wconf 91' lang='lat' dir='ltr'><strong>in</strong></span> <span class='ocrx_word' id='word_1_169' title='bbox 2384 863 2555 932; x_wconf 89' lang='lat' dir='ltr'><strong>prima</strong></span> <span class='ocrx_word' id='word_1_170' title='bbox 2586 863 2768 931; x_wconf 86' lang='lat' dir='ltr'><strong>regula</strong></span> <span class='ocrx_word' id='word_1_171' title='bbox 2796 864 3081 932; x_wconf 77' lang='lat' dir='ltr'><strong>contigerit</strong></span> <span class='ocrx_word' id='word_1_172' title='bbox 3115 864 3159 933; x_wconf 75' lang='grc' dir='ltr'>ί,</span> <span class='ocrx_word' id='word_1_173' title='bbox 3191 874 3250 920; x_wconf 86' lang='grc' dir='ltr'><strong>ιιι</strong></span> <span class='ocrx_word' id='word_1_174' title='bbox 3276 866 3533 923; x_wconf 87' lang='lat' dir='ltr'><strong>deductas</strong></span> 
     </span>
    </p>
   </div>
   <div class='ocr_carea' id='block_1_23' title="bbox 1938 954 3531 1022">
    <p class='ocr_par' dir='ltr' id='par_1_23' title="bbox 1938 954 3531 1022">
     <span class='ocr_line' id='line_1_23' title="bbox 1938 954 3531 1022; baseline 0.007 -17"><span class='ocrx_word' id='word_1_175' title='bbox 1938 960 2154 1021; x_wconf 86' lang='lat' dir='ltr'><strong>epactas</strong></span> <span class='ocrx_word' id='word_1_176' title='bbox 2180 962 2227 1018; x_wconf 80' lang='lat'><strong>8,</strong></span> <span class='ocrx_word' id='word_1_177' title='bbox 2274 954 2504 1022; x_wconf 83' lang='lat' dir='ltr'><strong>amplius</strong></span> <span class='ocrx_word' id='word_1_178' title='bbox 2533 968 2564 1007; x_wconf 92' lang='lat' dir='ltr'><strong>a</strong></span> <span class='ocrx_word' id='word_1_179' title='bbox 2592 970 2700 1007; x_wconf 88' lang='lat' dir='ltr'><strong>xxx</strong></span> <span class='ocrx_word' id='word_1_180' title='bbox 2747 963 3080 1020; x_wconf 84' lang='lat' dir='ltr'><strong>remaneant,</strong></span> <span class='ocrx_word' id='word_1_181' title='bbox 3136 958 3347 1014; x_wconf 85' lang='lat' dir='ltr'><strong>dimitte</strong></span> <span class='ocrx_word' id='word_1_182' title='bbox 3400 976 3531 1016; x_wconf 79' lang='lat' dir='ltr'><strong>xxx.</strong></span> 
     </span>
    </p>
   </div>
   <div class='ocr_carea' id='block_1_24' title="bbox 1938 1043 3533 1118">
    <p class='ocr_par' dir='ltr' id='par_1_24' title="bbox 1938 1043 3533 1118">
     <span class='ocr_line' id='line_1_24' title="bbox 1938 1043 3533 1118; baseline 0.004 -19"><span class='ocrx_word' id='word_1_183' title='bbox 1938 1043 2093 1110; x_wconf 85' lang='lat' dir='ltr'><strong>Quod</strong></span> <span class='ocrx_word' id='word_1_184' title='bbox 2120 1046 2165 1099; x_wconf 91' lang='lat' dir='ltr'><strong>si</strong></span> <span class='ocrx_word' id='word_1_185' title='bbox 2194 1061 2332 1100; x_wconf 88' lang='lat' dir='ltr'><strong>unus</strong></span> <span class='ocrx_word' id='word_1_186' title='bbox 2357 1053 2450 1100; x_wconf 88' lang='lat' dir='ltr'><strong>aut</strong></span> <span class='ocrx_word' id='word_1_187' title='bbox 2476 1046 2613 1111; x_wconf 89' lang='lat' dir='ltr'><strong>duo,</strong></span> <span class='ocrx_word' id='word_1_188' title='bbox 2646 1047 2732 1101; x_wconf 87' lang='lat' dir='ltr'><strong>vel</strong></span> <span class='ocrx_word' id='word_1_189' title='bbox 2778 1048 3010 1117; x_wconf 88' lang='lat' dir='ltr'><strong>amplius</strong></span> <span class='ocrx_word' id='word_1_190' title='bbox 3041 1050 3420 1118; x_wconf 84' lang='lat' dir='ltr'><strong>superfuerint,</strong></span> <span class='ocrx_word' id='word_1_191' title='bbox 3452 1061 3533 1107; x_wconf 88' lang='lat' dir='ltr'><strong>tot</strong></span> 
     </span>
    </p>
   </div>
   <div class='ocr_carea' id='block_1_25' title="bbox 1938 1133 3539 1212">
    <p class='ocr_par' dir='ltr' id='par_1_25' title="bbox 1938 1133 3539 1212">
     <span class='ocr_line' id='line_1_25' title="bbox 1938 1133 3539 1212; baseline 0.006 -24"><span class='ocrx_word' id='word_1_192' title='bbox 1938 1133 2053 1189; x_wconf 91' lang='lat' dir='ltr'><strong>dies</strong></span> <span class='ocrx_word' id='word_1_193' title='bbox 2082 1135 2247 1205; x_wconf 87' lang='lat' dir='ltr'><strong>ipsius</strong></span> <span class='ocrx_word' id='word_1_194' title='bbox 2269 1137 2466 1191; x_wconf 88' lang='lat' dir='ltr'><strong>mensis</strong></span> <span class='ocrx_word' id='word_1_195' title='bbox 2495 1151 2525 1191; x_wconf 90' lang='lat' dir='ltr'><strong>a</strong></span> <span class='ocrx_word' id='word_1_196' title='bbox 2548 1136 2784 1193; x_wconf 90' lang='lat' dir='ltr'><strong>calendis</strong></span> <span class='ocrx_word' id='word_1_197' title='bbox 2804 1136 3042 1193; x_wconf 83' lang='lat' dir='ltr'><strong>Januarii</strong></span> <span class='ocrx_word' id='word_1_198' title='bbox 3063 1141 3133 1194; x_wconf 88' lang='lat' dir='ltr'><strong>sit</strong></span> <span class='ocrx_word' id='word_1_199' title='bbox 3163 1142 3287 1196; x_wconf 90' lang='lat' dir='ltr'><strong>luna</strong></span> <span class='ocrx_word' id='word_1_200' title='bbox 3318 1143 3539 1212; x_wconf 87' lang='lat' dir='ltr'><strong>pascha-</strong></span> 
     </span>
    </p>
   </div>
   <div class='ocr_carea' id='block_1_26' title="bbox 1938 1226 3535 1303">
    <p class='ocr_par' dir='ltr' id='par_1_26' title="bbox 1938 1226 3535 1303">
     <span class='ocr_line' id='line_1_26' title="bbox 1938 1226 3535 1303; baseline 0.004 -22"><span class='ocrx_word' id='word_1_201' title='bbox 1938 1226 2005 1281; x_wconf 85' lang='lat' dir='ltr'><strong>lis</strong></span> <span class='ocrx_word' id='word_1_202' title='bbox 2032 1243 2141 1282; x_wconf 64' lang='grc' dir='ltr'>ιιι.</span> <span class='ocrx_word' id='word_1_203' title='bbox 2172 1226 2400 1294; x_wconf 85' lang='lat' dir='ltr'><strong>Quando</strong></span> <span class='ocrx_word' id='word_1_204' title='bbox 2425 1238 2605 1284; x_wconf 90' lang='lat' dir='ltr'><strong>autem</strong></span> <span class='ocrx_word' id='word_1_205' title='bbox 2637 1229 2800 1299; x_wconf 86' lang='lat' dir='ltr'><strong>(post)</strong></span> <span class='ocrx_word' id='word_1_206' title='bbox 2847 1230 3110 1286; x_wconf 87' lang='lat' dir='ltr'><strong>deductas</strong></span> <span class='ocrx_word' id='word_1_207' title='bbox 3136 1241 3356 1303; x_wconf 87' lang='lat' dir='ltr'><strong>epactas</strong></span> <span class='ocrx_word' id='word_1_208' title='bbox 3398 1234 3535 1289; x_wconf 83' lang='lat' dir='ltr'><strong>infra</strong></span> 
     </span>
    </p>
   </div>
   <div class='ocr_carea' id='block_1_27' title="bbox 1940 1319 3535 1389">
    <p class='ocr_par' dir='ltr' id='par_1_27' title="bbox 1940 1319 3535 1389">
     <span class='ocr_line' id='line_1_27' title="bbox 1940 1319 3535 1389; baseline 0.004 -17"><span class='ocrx_word' id='word_1_209' title='bbox 1940 1333 2069 1377; x_wconf 89' lang='lat' dir='ltr'><strong>xxx,</strong></span> <span class='ocrx_word' id='word_1_210' title='bbox 2101 1326 2159 1371; x_wconf 89' lang='lat' dir='ltr'><strong>ut</strong></span> <span class='ocrx_word' id='word_1_211' title='bbox 2197 1326 2325 1385; x_wconf 85' lang='lat' dir='ltr'><strong>puta</strong></span> <span class='ocrx_word' id='word_1_212' title='bbox 2352 1334 2443 1382; x_wconf 89' lang='lat' dir='ltr'><strong>xx,</strong></span> <span class='ocrx_word' id='word_1_213' title='bbox 2477 1334 2572 1373; x_wconf 85' lang='lat' dir='ltr'><strong>seu</strong></span> <span class='ocrx_word' id='word_1_214' title='bbox 2601 1319 2830 1389; x_wconf 87' lang='lat' dir='ltr'><strong>amplius</strong></span> <span class='ocrx_word' id='word_1_215' title='bbox 2876 1321 3120 1377; x_wconf 85' lang='lat' dir='ltr'><strong>minusve</strong></span> <span class='ocrx_word' id='word_1_216' title='bbox 3160 1326 3535 1389; x_wconf 83' lang='lat' dir='ltr'><strong>remanserint.</strong></span> 
     </span>
    </p>
   </div>
   <div class='ocr_carea' id='block_1_28' title="bbox 1939 1406 3535 1480">
    <p class='ocr_par' dir='ltr' id='par_1_28' title="bbox 1939 1406 3535 1480">
     <span class='ocr_line' id='line_1_28' title="bbox 1939 1406 3535 1480; baseline 0.007 -20"><span class='ocrx_word' id='word_1_217' title='bbox 1939 1406 2086 1477; x_wconf 89' lang='lat' dir='ltr'><strong>quod</strong></span> <span class='ocrx_word' id='word_1_218' title='bbox 2130 1407 2296 1462; x_wconf 89' lang='lat' dir='ltr'><strong>semel</strong></span> <span class='ocrx_word' id='word_1_219' title='bbox 2354 1408 2407 1461; x_wconf 92' lang='lat' dir='ltr'><strong>in</strong></span> <span class='ocrx_word' id='word_1_220' title='bbox 2470 1424 2559 1463; x_wconf 83' lang='grc' dir='ltr'><strong>ιιι</strong></span> <span class='ocrx_word' id='word_1_221' title='bbox 2592 1410 2748 1465; x_wconf 91' lang='lat' dir='ltr'><strong>annis</strong></span> <span class='ocrx_word' id='word_1_222' title='bbox 2776 1410 3023 1467; x_wconf 89' lang='lat' dir='ltr'><strong>accidere</strong></span> <span class='ocrx_word' id='word_1_223' title='bbox 3049 1412 3394 1471; x_wconf 81' lang='lat' dir='ltr'><strong>manifestum</strong></span> <span class='ocrx_word' id='word_1_224' title='bbox 3432 1427 3535 1480; x_wconf 89' lang='lat' dir='ltr'><strong>est,</strong></span> 
     </span>
    </p>
   </div>
   <div class='ocr_carea' id='block_1_29' title="bbox 1942 1497 3151 1570">
    <p class='ocr_par' dir='ltr' id='par_1_29' title="bbox 1942 1497 3151 1570">
     <span class='ocr_line' id='line_1_29' title="bbox 1942 1497 3151 1570; baseline 0.003 -18"><span class='ocrx_word' id='word_1_225' title='bbox 1942 1514 2051 1552; x_wconf 87' lang='lat' dir='ltr'><strong>xxx</strong></span> <span class='ocrx_word' id='word_1_226' title='bbox 2077 1497 2164 1553; x_wconf 88' lang='lat' dir='ltr'><strong>die</strong></span> <span class='ocrx_word' id='word_1_227' title='bbox 2183 1498 2383 1567; x_wconf 83' lang='lat' dir='ltr'><strong>Aprilis</strong></span> <span class='ocrx_word' id='word_1_228' title='bbox 2411 1500 2513 1553; x_wconf 84' lang='lat' dir='ltr'><strong>erit</strong></span> <span class='ocrx_word' id='word_1_229' title='bbox 2536 1499 2661 1554; x_wconf 89' lang='lat' dir='ltr'><strong>luna</strong></span> <span class='ocrx_word' id='word_1_230' title='bbox 2692 1500 2958 1570; x_wconf 89' lang='lat' dir='ltr'><strong>paschalis</strong></span> <span class='ocrx_word' id='word_1_231' title='bbox 2988 1517 3076 1556; x_wconf 78' lang='lat' dir='ltr'><strong>xiv</strong></span> <span class='ocrx_word' id='word_1_232' title='bbox 3103 1500 3151 1556; x_wconf 65' lang='grc' dir='ltr'>ιι.</span> 
     </span>
    </p>
   </div>
   <div class='ocr_carea' id='block_1_30' title="bbox 2122 1610 3347 1684">
    <p class='ocr_par' dir='ltr' id='par_1_30' title="bbox 2122 1610 3347 1684">
     <span class='ocr_line' id='line_1_30' title="bbox 2122 1610 3347 1684; baseline 0.007 -20"><span class='ocrx_word' id='word_1_233' title='bbox 2122 1611 2254 1667; x_wconf 80' lang='lat' dir='ltr'><strong>Anc.</strong></span> <span class='ocrx_word' id='word_1_234' title='bbox 2298 1610 2415 1665; x_wconf 84' lang='lat' dir='ltr'><strong>XV.</strong></span> <span class='ocrx_word' id='word_1_235' title='bbox 2463 1611 2538 1666; x_wconf 89' lang='lat' dir='ltr'><strong>De</strong></span> <span class='ocrx_word' id='word_1_236' title='bbox 2575 1613 2660 1666; x_wconf 87' lang='lat' dir='ltr'><strong>die</strong></span> <span class='ocrx_word' id='word_1_237' title='bbox 2698 1615 2994 1684; x_wconf 73' lang='lat' dir='ltr'><strong>a&#39;quinoctii</strong></span> <span class='ocrx_word' id='word_1_238' title='bbox 3032 1625 3082 1669; x_wconf 88' lang='lat' dir='ltr'><strong>et</strong></span> <span class='ocrx_word' id='word_1_239' title='bbox 3118 1617 3347 1672; x_wconf 78' lang='lat' dir='ltr'><strong>solstitii.</strong></span> 
     </span>
    </p>
   </div>
   <div class='ocr_carea' id='block_1_31' title="bbox 2015 1702 3538 1769">
    <p class='ocr_par' dir='ltr' id='par_1_31' title="bbox 2015 1702 3538 1769">
     <span class='ocr_line' id='line_1_31' title="bbox 2015 1702 3538 1769; baseline 0.006 -13"><span class='ocrx_word' id='word_1_240' title='bbox 2015 1702 2128 1769; x_wconf 88' lang='lat' dir='ltr'><strong>Qua</strong></span> <span class='ocrx_word' id='word_1_241' title='bbox 2155 1702 2241 1758; x_wconf 92' lang='lat' dir='ltr'><strong>die</strong></span> <span class='ocrx_word' id='word_1_242' title='bbox 2272 1710 2429 1759; x_wconf 91' lang='lat' dir='ltr'><strong>natus</strong></span> <span class='ocrx_word' id='word_1_243' title='bbox 2458 1712 2541 1757; x_wconf 88' lang='lat' dir='ltr'><strong>est</strong></span> <span class='ocrx_word' id='word_1_244' title='bbox 2572 1704 2829 1761; x_wconf 90' lang='lat' dir='ltr'><strong>Dominus</strong></span> <span class='ocrx_word' id='word_1_245' title='bbox 2858 1704 3013 1761; x_wconf 89' lang='lat' dir='ltr'><strong>Jesus</strong></span> <span class='ocrx_word' id='word_1_246' title='bbox 3050 1707 3297 1764; x_wconf 83' lang='lat' dir='ltr'><strong>Christus</strong></span> <span class='ocrx_word' id='word_1_247' title='bbox 3341 1724 3538 1765; x_wconf 73' lang='lat' dir='ltr'><strong>secun~</strong></span> 
     </span>
    </p>
   </div>
   <div class='ocr_carea' id='block_1_32' title="bbox 1942 1793 3536 1869">
    <p class='ocr_par' dir='ltr' id='par_1_32' title="bbox 1942 1793 3536 1869">
     <span class='ocr_line' id='line_1_32' title="bbox 1942 1793 3536 1869; baseline 0.004 -21"><span class='ocrx_word' id='word_1_248' title='bbox 1942 1793 2069 1848; x_wconf 92' lang='lat' dir='ltr'><strong>dum</strong></span> <span class='ocrx_word' id='word_1_249' title='bbox 2098 1810 2314 1849; x_wconf 90' lang='lat' dir='ltr'><strong>carnem</strong></span> <span class='ocrx_word' id='word_1_250' title='bbox 2346 1810 2412 1848; x_wconf 91' lang='lat' dir='ltr'><strong>ex</strong></span> <span class='ocrx_word' id='word_1_251' title='bbox 2444 1794 2609 1847; x_wconf 83' lang='lat' dir='ltr'><strong>Maria</strong></span> <span class='ocrx_word' id='word_1_252' title='bbox 2633 1794 2851 1861; x_wconf 78' lang='lat' dir='ltr'><strong>Virgine</strong></span> <span class='ocrx_word' id='word_1_253' title='bbox 2881 1796 2931 1849; x_wconf 90' lang='lat' dir='ltr'><strong>in</strong></span> <span class='ocrx_word' id='word_1_254' title='bbox 2963 1797 3300 1866; x_wconf 88' lang='lat' dir='ltr'><strong>Bethlehem,</strong></span> <span class='ocrx_word' id='word_1_255' title='bbox 3323 1798 3376 1853; x_wconf 92' lang='lat' dir='ltr'><strong>in</strong></span> <span class='ocrx_word' id='word_1_256' title='bbox 3393 1799 3536 1869; x_wconf 81' lang='lat' dir='ltr'><strong>quai</strong></span> 
     </span>
    </p>
   </div>
   <div class='ocr_carea' id='block_1_33' title="bbox 225 1868 3538 1958">
    <p class='ocr_par' dir='ltr' id='par_1_33' title="bbox 225 1868 3538 1958">
     <span class='ocr_line' id='line_1_33' title="bbox 225 1868 3538 1958; baseline 0.007 -33"><span class='ocrx_word' id='word_1_257' title='bbox 225 1872 279 1925; x_wconf 89' lang='lat' dir='ltr'><strong>in</strong></span> <span class='ocrx_word' id='word_1_258' title='bbox 310 1868 506 1926; x_wconf 90' lang='lat' dir='ltr'><strong>eodem</strong></span> <span class='ocrx_word' id='word_1_259' title='bbox 537 1884 752 1952; x_wconf 61' lang='lat' dir='ltr'><strong>semper</strong></span> <span class='ocrx_word' id='word_1_260' title='bbox 794 1886 979 1926; x_wconf 89' lang='lat' dir='ltr'><strong>mense</strong></span> <span class='ocrx_word' id='word_1_261' title='bbox 1025 1872 1194 1941; x_wconf 84' lang='lat' dir='ltr'><strong>Aprili</strong></span> <span class='ocrx_word' id='word_1_262' title='bbox 1234 1890 1325 1937; x_wconf 87' lang='lat' dir='ltr'><strong>vn,</strong></span> <span class='ocrx_word' id='word_1_263' title='bbox 1377 1874 1511 1929; x_wconf 81' lang='lat' dir='ltr'><strong>ﬁunt</strong></span> <span class='ocrx_word' id='word_1_264' title='bbox 1558 1892 1667 1931; x_wconf 77' lang='lat' dir='ltr'><strong>xw.</strong></span> <span class='ocrx_word' id='word_1_265' title='bbox 1721 1874 1832 1930; x_wconf 80' lang='lat' dir='ltr'><strong>H08</strong></span> <span class='ocrx_word' id='word_1_266' title='bbox 1869 1876 1908 1932; x_wconf 84' lang='grc' dir='ltr'>Β</span> <span class='ocrx_word' id='word_1_267' title='bbox 1937 1886 2125 1955; x_wconf 88' lang='lat' dir='ltr'><strong>incipit</strong></span> <span class='ocrx_word' id='word_1_268' title='bbox 2145 1899 2389 1940; x_wconf 88' lang='lat' dir='ltr'><strong>crescere</strong></span> <span class='ocrx_word' id='word_1_269' title='bbox 2411 1884 2546 1939; x_wconf 90' lang='lat' dir='ltr'><strong>dies.</strong></span> <span class='ocrx_word' id='word_1_270' title='bbox 2573 1884 2980 1955; x_wconf 66' lang='lat' dir='ltr'><strong>quuinoctium</strong></span> <span class='ocrx_word' id='word_1_271' title='bbox 3006 1889 3237 1958; x_wconf 88' lang='lat' dir='ltr'><strong>primum</strong></span> <span class='ocrx_word' id='word_1_272' title='bbox 3262 1897 3344 1946; x_wconf 89' lang='lat' dir='ltr'><strong>est</strong></span> <span class='ocrx_word' id='word_1_273' title='bbox 3366 1868 3423 1945; x_wconf 84' lang='lat' dir='ltr'><strong>in</strong></span> <span class='ocrx_word' id='word_1_274' title='bbox 3449 1908 3538 1947; x_wconf 88' lang='lat' dir='ltr'><strong>vul</strong></span> 
     </span>
    </p>
   </div>
   <div class='ocr_carea' id='block_1_34' title="bbox 225 1960 1828 2034">
    <p class='ocr_par' dir='ltr' id='par_1_34' title="bbox 225 1960 1828 2034">
     <span class='ocr_line' id='line_1_34' title="bbox 225 1960 1828 2034; baseline 0.004 -20"><span class='ocrx_word' id='word_1_275' title='bbox 225 1961 433 2031; x_wconf 84' lang='lat' dir='ltr'><strong>partire</strong></span> <span class='ocrx_word' id='word_1_276' title='bbox 462 1976 561 2030; x_wconf 83' lang='lat' dir='ltr'><strong>per</strong></span> <span class='ocrx_word' id='word_1_277' title='bbox 588 1976 679 2027; x_wconf 88' lang='lat' dir='ltr'><strong>vn,</strong></span> <span class='ocrx_word' id='word_1_278' title='bbox 726 1960 781 2014; x_wconf 87' lang='lat' dir='ltr'><strong>id</strong></span> <span class='ocrx_word' id='word_1_279' title='bbox 811 1969 896 2017; x_wconf 88' lang='lat' dir='ltr'><strong>est</strong></span> <span class='ocrx_word' id='word_1_280' title='bbox 938 1962 1021 2017; x_wconf 90' lang='lat' dir='ltr'><strong>bis</strong></span> <span class='ocrx_word' id='word_1_281' title='bbox 1066 1965 1277 2034; x_wconf 90' lang='lat' dir='ltr'><strong>septeni</strong></span> <span class='ocrx_word' id='word_1_282' title='bbox 1320 1982 1430 2030; x_wconf 83' lang='lat' dir='ltr'><strong>xiv,</strong></span> <span class='ocrx_word' id='word_1_283' title='bbox 1464 1976 1747 2022; x_wconf 88' lang='lat' dir='ltr'><strong>remanent</strong></span> <span class='ocrx_word' id='word_1_284' title='bbox 1774 1983 1828 2021; x_wconf 87' lang='grc' dir='ltr'>ιι.</span> 
     </span>
    </p>
   </div>
   <div class='ocr_carea' id='block_1_35' title="bbox 224 2051 1835 2126">
    <p class='ocr_par' dir='ltr' id='par_1_35' title="bbox 224 2051 1835 2126">
     <span class='ocr_line' id='line_1_35' title="bbox 224 2051 1835 2126; baseline 0.004 -19"><span class='ocrx_word' id='word_1_285' title='bbox 224 2052 405 2108; x_wconf 89' lang='lat' dir='ltr'><strong>Secun</strong></span> <span class='ocrx_word' id='word_1_286' title='bbox 430 2052 478 2106; x_wconf 89' lang='lat' dir='ltr'><strong>la</strong></span> <span class='ocrx_word' id='word_1_287' title='bbox 507 2051 634 2107; x_wconf 88' lang='lat' dir='ltr'><strong>l‘eria</strong></span> <span class='ocrx_word' id='word_1_288' title='bbox 663 2056 903 2108; x_wconf 91' lang='lat' dir='ltr'><strong>occurrit</strong></span> <span class='ocrx_word' id='word_1_289' title='bbox 931 2054 1054 2109; x_wconf 92' lang='lat' dir='ltr'><strong>luna</strong></span> <span class='ocrx_word' id='word_1_290' title='bbox 1084 2057 1354 2126; x_wconf 84' lang='lat' dir='ltr'><strong>paschalis</strong></span> <span class='ocrx_word' id='word_1_291' title='bbox 1379 2074 1489 2121; x_wconf 82' lang='lat' dir='ltr'><strong>xlv,</strong></span> <span class='ocrx_word' id='word_1_292' title='bbox 1520 2067 1578 2113; x_wconf 92' lang='lat' dir='ltr'><strong>et</strong></span> <span class='ocrx_word' id='word_1_293' title='bbox 1610 2058 1835 2113; x_wconf 88' lang='lat' dir='ltr'><strong>domini-</strong></span> 
     </span>
    </p>
   </div>
   <div class='ocr_carea' id='block_1_36' title="bbox 223 2145 1242 2215">
    <p class='ocr_par' dir='ltr' id='par_1_36' title="bbox 223 2145 1242 2215">
     <span class='ocr_line' id='line_1_36' title="bbox 223 2145 1242 2215; baseline 0.002 -13"><span class='ocrx_word' id='word_1_294' title='bbox 223 2162 321 2202; x_wconf 90' lang='lat' dir='ltr'><strong>cus</strong></span> <span class='ocrx_word' id='word_1_295' title='bbox 370 2145 495 2201; x_wconf 82' lang='lat' dir='ltr'><strong>festi</strong></span> <span class='ocrx_word' id='word_1_296' title='bbox 539 2145 809 2215; x_wconf 85' lang='lat' dir='ltr'><strong>paschalis</strong></span> <span class='ocrx_word' id='word_1_297' title='bbox 837 2147 954 2203; x_wconf 90' lang='lat' dir='ltr'><strong>dies</strong></span> <span class='ocrx_word' id='word_1_298' title='bbox 984 2148 1107 2203; x_wconf 90' lang='lat' dir='ltr'><strong>luna</strong></span> <span class='ocrx_word' id='word_1_299' title='bbox 1152 2166 1242 2204; x_wconf 91' lang='lat' dir='ltr'><strong>xx.</strong></span> 
     </span>
    </p>
   </div>
   <div class='ocr_carea' id='block_1_37' title="bbox 293 2258 1835 2329">
    <p class='ocr_par' dir='ltr' id='par_1_37' title="bbox 293 2258 1835 2329">
     <span class='ocr_line' id='line_1_37' title="bbox 293 2258 1835 2329; baseline 0.003 -19"><span class='ocrx_word' id='word_1_300' title='bbox 293 2258 453 2311; x_wconf 78' lang='lat' dir='ltr'><strong>Anno</strong></span> <span class='ocrx_word' id='word_1_301' title='bbox 487 2258 969 2314; x_wconf 64' lang='lat' dir='ltr'><strong>secundm—Item</strong></span> <span class='ocrx_word' id='word_1_302' title='bbox 998 2258 1205 2329; x_wconf 69' lang='lat' dir='ltr'><strong>praelati</strong></span> <span class='ocrx_word' id='word_1_303' title='bbox 1236 2260 1419 2314; x_wconf 85' lang='lat' dir='ltr'><strong>circuli</strong></span> <span class='ocrx_word' id='word_1_304' title='bbox 1450 2276 1621 2315; x_wconf 90' lang='lat' dir='ltr'><strong>annus</strong></span> <span class='ocrx_word' id='word_1_305' title='bbox 1643 2275 1835 2315; x_wconf 88' lang='lat' dir='ltr'><strong>secun-</strong></span> 
     </span>
    </p>
   </div>
   <div class='ocr_carea' id='block_1_38' title="bbox 222 2350 1831 2423">
    <p class='ocr_par' dir='ltr' id='par_1_38' title="bbox 222 2350 1831 2423">
     <span class='ocr_line' id='line_1_38' title="bbox 222 2350 1831 2423; baseline 0.002 -18"><span class='ocrx_word' id='word_1_306' title='bbox 222 2350 345 2415; x_wconf 87' lang='lat' dir='ltr'><strong>dus,</strong></span> <span class='ocrx_word' id='word_1_307' title='bbox 377 2364 409 2403; x_wconf 89' lang='lat' dir='ltr'><strong>a</strong></span> <span class='ocrx_word' id='word_1_308' title='bbox 457 2364 568 2419; x_wconf 91' lang='lat' dir='ltr'><strong>quo</strong></span> <span class='ocrx_word' id='word_1_309' title='bbox 613 2360 830 2405; x_wconf 88' lang='lat' dir='ltr'><strong>sumunt</strong></span> <span class='ocrx_word' id='word_1_310' title='bbox 866 2352 1146 2407; x_wconf 89' lang='lat' dir='ltr'><strong>exordium</strong></span> <span class='ocrx_word' id='word_1_311' title='bbox 1176 2360 1381 2423; x_wconf 63' lang='lat' dir='ltr'><strong>epacta:</strong></span> <span class='ocrx_word' id='word_1_312' title='bbox 1424 2369 1496 2407; x_wconf 89' lang='grc' dir='ltr'>ιι.</span> <span class='ocrx_word' id='word_1_313' title='bbox 1548 2353 1740 2409; x_wconf 84' lang='lat' dir='ltr'><strong>Incidit</strong></span> <span class='ocrx_word' id='word_1_314' title='bbox 1777 2356 1831 2409; x_wconf 90' lang='lat' dir='ltr'><strong>in</strong></span> 
     </span>
    </p>
   </div>
   <div class='ocr_carea' id='block_1_39' title="bbox 222 2442 1835 2513">
    <p class='ocr_par' dir='ltr' id='par_1_39' title="bbox 222 2442 1835 2513">
     <span class='ocr_line' id='line_1_39' title="bbox 222 2442 1835 2513; baseline 0.001 -14"><span class='ocrx_word' id='word_1_315' title='bbox 222 2458 291 2499; x_wconf 89' lang='lat' dir='ltr'><strong>eo</strong></span> <span class='ocrx_word' id='word_1_316' title='bbox 351 2457 496 2497; x_wconf 87' lang='lat' dir='ltr'><strong>anno</strong></span> <span class='ocrx_word' id='word_1_317' title='bbox 552 2442 678 2497; x_wconf 91' lang='lat' dir='ltr'><strong>luna</strong></span> <span class='ocrx_word' id='word_1_318' title='bbox 740 2444 1011 2513; x_wconf 86' lang='lat' dir='ltr'><strong>paschalis</strong></span> <span class='ocrx_word' id='word_1_319' title='bbox 1066 2461 1155 2500; x_wconf 76' lang='lat' dir='ltr'><strong>xiv</strong></span> <span class='ocrx_word' id='word_1_320' title='bbox 1194 2460 1380 2500; x_wconf 91' lang='lat' dir='ltr'><strong>mense</strong></span> <span class='ocrx_word' id='word_1_321' title='bbox 1433 2445 1628 2501; x_wconf 82' lang='lat' dir='ltr'><strong>Martii.</strong></span> <span class='ocrx_word' id='word_1_322' title='bbox 1688 2446 1835 2502; x_wconf 88' lang='lat' dir='ltr'><strong>Tene</strong></span> 
     </span>
    </p>
   </div>
   <div class='ocr_carea' id='block_1_40' title="bbox 221 2534 1827 2610">
    <p class='ocr_par' dir='ltr' id='par_1_40' title="bbox 221 2534 1827 2610">
     <span class='ocr_line' id='line_1_40' title="bbox 221 2534 1827 2610; baseline 0.002 -21"><span class='ocrx_word' id='word_1_323' title='bbox 221 2550 390 2589; x_wconf 76' lang='lat' dir='ltr'><strong>xxxvr</strong></span> <span class='ocrx_word' id='word_1_324' title='bbox 458 2534 732 2604; x_wconf 73' lang='lat' dir='ltr'><strong>regulares</strong></span> <span class='ocrx_word' id='word_1_325' title='bbox 784 2536 838 2590; x_wconf 91' lang='lat' dir='ltr'><strong>in</strong></span> <span class='ocrx_word' id='word_1_326' title='bbox 903 2551 971 2591; x_wconf 91' lang='lat' dir='ltr'><strong>eo</strong></span> <span class='ocrx_word' id='word_1_327' title='bbox 1018 2551 1255 2607; x_wconf 88' lang='lat' dir='ltr'><strong>semper,</strong></span> <span class='ocrx_word' id='word_1_328' title='bbox 1298 2539 1555 2594; x_wconf 86' lang='lat' dir='ltr'><strong>subtrahe</strong></span> <span class='ocrx_word' id='word_1_329' title='bbox 1610 2555 1827 2610; x_wconf 88' lang='lat' dir='ltr'><strong>semper</strong></span> 
     </span>
    </p>
   </div>
   <div class='ocr_carea' id='block_1_41' title="bbox 222 2629 1831 2701">
    <p class='ocr_par' dir='ltr' id='par_1_41' title="bbox 222 2629 1831 2701">
     <span class='ocr_line' id='line_1_41' title="bbox 222 2629 1831 2701; baseline 0.001 -16"><span class='ocrx_word' id='word_1_330' title='bbox 222 2635 456 2698; x_wconf 81' lang='lat' dir='ltr'><strong>epaetas</strong></span> <span class='ocrx_word' id='word_1_331' title='bbox 486 2644 563 2696; x_wconf 90' lang='grc' dir='ltr'><strong>ιι,</strong></span> <span class='ocrx_word' id='word_1_332' title='bbox 587 2639 871 2683; x_wconf 86' lang='lat' dir='ltr'><strong>remanent</strong></span> <span class='ocrx_word' id='word_1_333' title='bbox 895 2645 1022 2684; x_wconf 88' lang='lat' dir='ltr'><strong>xxv.</strong></span> <span class='ocrx_word' id='word_1_334' title='bbox 1053 2629 1324 2686; x_wconf 80' lang='lat' dir='ltr'><strong>Vicesimo</strong></span> <span class='ocrx_word' id='word_1_335' title='bbox 1351 2632 1541 2701; x_wconf 90' lang='lat' dir='ltr'><strong>quinto</strong></span> <span class='ocrx_word' id='word_1_336' title='bbox 1568 2631 1655 2687; x_wconf 92' lang='lat' dir='ltr'><strong>die</strong></span> <span class='ocrx_word' id='word_1_337' title='bbox 1676 2647 1707 2686; x_wconf 90' lang='lat' dir='ltr'><strong>a</strong></span> <span class='ocrx_word' id='word_1_338' title='bbox 1737 2647 1831 2687; x_wconf 82' lang='lat' dir='ltr'><strong>ca-</strong></span> 
     </span>
    </p>
   </div>
   <div class='ocr_carea' id='block_1_42' title="bbox 220 2719 1833 2793">
    <p class='ocr_par' dir='ltr' id='par_1_42' title="bbox 220 2719 1833 2793">
     <span class='ocr_line' id='line_1_42' title="bbox 220 2719 1833 2793; baseline 0.001 -18"><span class='ocrx_word' id='word_1_339' title='bbox 220 2720 398 2777; x_wconf 87' lang='lat' dir='ltr'><strong>lendis</strong></span> <span class='ocrx_word' id='word_1_340' title='bbox 428 2719 623 2786; x_wconf 78' lang='lat' dir='ltr'><strong>Martii,</strong></span> <span class='ocrx_word' id='word_1_341' title='bbox 653 2720 799 2789; x_wconf 84' lang='lat' dir='ltr'><strong>quod</strong></span> <span class='ocrx_word' id='word_1_342' title='bbox 839 2730 924 2777; x_wconf 90' lang='lat' dir='ltr'><strong>est</strong></span> <span class='ocrx_word' id='word_1_343' title='bbox 948 2737 1042 2777; x_wconf 89' lang='lat' dir='ltr'><strong>vm</strong></span> <span class='ocrx_word' id='word_1_344' title='bbox 1081 2722 1185 2777; x_wconf 92' lang='lat' dir='ltr'><strong>cal.</strong></span> <span class='ocrx_word' id='word_1_345' title='bbox 1219 2722 1415 2793; x_wconf 86' lang='lat' dir='ltr'><strong>April.,</strong></span> <span class='ocrx_word' id='word_1_346' title='bbox 1441 2724 1681 2779; x_wconf 87' lang='lat' dir='ltr'><strong>occurrit</strong></span> <span class='ocrx_word' id='word_1_347' title='bbox 1708 2723 1833 2777; x_wconf 87' lang='lat' dir='ltr'><strong>luna</strong></span> 
     </span>
    </p>
   </div>
   <div class='ocr_carea' id='block_1_43' title="bbox 219 2810 1834 2884">
    <p class='ocr_par' dir='ltr' id='par_1_43' title="bbox 219 2810 1834 2884">
     <span class='ocr_line' id='line_1_43' title="bbox 219 2810 1834 2884; baseline 0.002 -19"><span class='ocrx_word' id='word_1_348' title='bbox 219 2810 496 2883; x_wconf 80' lang='lat' dir='ltr'><strong>paschalis</strong></span> <span class='ocrx_word' id='word_1_349' title='bbox 534 2828 645 2867; x_wconf 76' lang='lat' dir='ltr'><strong>xiv.</strong></span> <span class='ocrx_word' id='word_1_350' title='bbox 679 2811 827 2868; x_wconf 87' lang='lat' dir='ltr'><strong>Tene</strong></span> <span class='ocrx_word' id='word_1_351' title='bbox 854 2814 1252 2884; x_wconf 89' lang='lat' dir='ltr'><strong>suprascriptos</strong></span> <span class='ocrx_word' id='word_1_352' title='bbox 1279 2829 1408 2878; x_wconf 90' lang='lat' dir='ltr'><strong>xxv,</strong></span> <span class='ocrx_word' id='word_1_353' title='bbox 1438 2812 1581 2869; x_wconf 91' lang='lat' dir='ltr'><strong>adde</strong></span> <span class='ocrx_word' id='word_1_354' title='bbox 1602 2829 1834 2870; x_wconf 91' lang='lat' dir='ltr'><strong>concur-</strong></span> 
     </span>
    </p>
   </div>
   <div class='ocr_carea' id='block_1_44' title="bbox 218 2903 1833 2976">
    <p class='ocr_par' dir='ltr' id='par_1_44' title="bbox 218 2903 1833 2976">
     <span class='ocr_line' id='line_1_44' title="bbox 218 2903 1833 2976; baseline -0.001 -15"><span class='ocrx_word' id='word_1_355' title='bbox 218 2912 410 2962; x_wconf 79' lang='lat' dir='ltr'><strong>rentes</strong></span> <span class='ocrx_word' id='word_1_356' title='bbox 462 2903 704 2972; x_wconf 85' lang='lat' dir='ltr'><strong>ejusdem</strong></span> <span class='ocrx_word' id='word_1_357' title='bbox 755 2905 882 2960; x_wconf 93' lang='lat' dir='ltr'><strong>anni</strong></span> <span class='ocrx_word' id='word_1_358' title='bbox 910 2921 965 2971; x_wconf 89' lang='lat' dir='ltr'><strong>v,</strong></span> <span class='ocrx_word' id='word_1_359' title='bbox 1009 2904 1146 2960; x_wconf 89' lang='lat' dir='ltr'><strong>ﬁunt</strong></span> <span class='ocrx_word' id='word_1_360' title='bbox 1176 2922 1304 2960; x_wconf 89' lang='lat' dir='ltr'><strong>xxx.</strong></span> <span class='ocrx_word' id='word_1_361' title='bbox 1340 2905 1503 2961; x_wconf 84' lang='lat' dir='ltr'><strong>Adde</strong></span> <span class='ocrx_word' id='word_1_362' title='bbox 1527 2921 1741 2976; x_wconf 92' lang='lat' dir='ltr'><strong>semper</strong></span> <span class='ocrx_word' id='word_1_363' title='bbox 1779 2907 1833 2960; x_wconf 94' lang='lat' dir='ltr'><strong>in</strong></span> 
     </span>
    </p>
   </div>
   <div class='ocr_carea' id='block_1_45' title="bbox 220 3000 1831 3073">
    <p class='ocr_par' dir='ltr' id='par_1_45' title="bbox 220 3000 1831 3073">
     <span class='ocr_line' id='line_1_45' title="bbox 220 3000 1831 3073; baseline 0.002 -18"><span class='ocrx_word' id='word_1_364' title='bbox 220 3000 333 3056; x_wconf 85' lang='lat' dir='ltr'><strong>ﬁne</strong></span> <span class='ocrx_word' id='word_1_365' title='bbox 363 3001 527 3070; x_wconf 81' lang='lat' dir='ltr'><strong>hujus</strong></span> <span class='ocrx_word' id='word_1_366' title='bbox 575 3000 777 3058; x_wconf 84' lang='lat' dir='ltr'><strong>mensis</strong></span> <span class='ocrx_word' id='word_1_367' title='bbox 823 3001 1100 3072; x_wconf 82' lang='lat' dir='ltr'><strong>regulares</strong></span> <span class='ocrx_word' id='word_1_368' title='bbox 1140 3018 1213 3070; x_wconf 86' lang='lat' dir='ltr'><strong>Iv,</strong></span> <span class='ocrx_word' id='word_1_369' title='bbox 1248 3003 1346 3058; x_wconf 90' lang='lat' dir='ltr'><strong>hos</strong></span> <span class='ocrx_word' id='word_1_370' title='bbox 1386 3003 1586 3073; x_wconf 91' lang='lat' dir='ltr'><strong>partire</strong></span> <span class='ocrx_word' id='word_1_371' title='bbox 1616 3020 1713 3073; x_wconf 92' lang='lat' dir='ltr'><strong>per</strong></span> <span class='ocrx_word' id='word_1_372' title='bbox 1740 3020 1831 3072; x_wconf 87' lang='lat' dir='ltr'><strong>vn,</strong></span> 
     </span>
    </p>
   </div>
   <div class='ocr_carea' id='block_1_46' title="bbox 219 3091 1836 3162">
    <p class='ocr_par' dir='ltr' id='par_1_46' title="bbox 219 3091 1836 3162">
     <span class='ocr_line' id='line_1_46' title="bbox 219 3091 1836 3162; baseline 0.002 -16"><span class='ocrx_word' id='word_1_373' title='bbox 219 3091 272 3146; x_wconf 89' lang='lat' dir='ltr'><strong>id</strong></span> <span class='ocrx_word' id='word_1_374' title='bbox 294 3099 382 3147; x_wconf 89' lang='lat' dir='ltr'><strong>est</strong></span> <span class='ocrx_word' id='word_1_375' title='bbox 405 3092 611 3162; x_wconf 86' lang='lat' dir='ltr'><strong>septies</strong></span> <span class='ocrx_word' id='word_1_376' title='bbox 638 3096 889 3161; x_wconf 87' lang='lat' dir='ltr'><strong>quaterni</strong></span> <span class='ocrx_word' id='word_1_377' title='bbox 928 3112 1110 3159; x_wconf 84' lang='lat' dir='ltr'><strong>xxvm,</strong></span> <span class='ocrx_word' id='word_1_378' title='bbox 1148 3105 1433 3153; x_wconf 84' lang='lat' dir='ltr'><strong>remanent</strong></span> <span class='ocrx_word' id='word_1_379' title='bbox 1459 3110 1532 3149; x_wconf 82' lang='lat' dir='ltr'><strong>vi.</strong></span> <span class='ocrx_word' id='word_1_380' title='bbox 1564 3094 1728 3149; x_wconf 85' lang='lat' dir='ltr'><strong>Sexta</strong></span> <span class='ocrx_word' id='word_1_381' title='bbox 1760 3095 1836 3151; x_wconf 88' lang='lat' dir='ltr'><strong>l‘e-</strong></span> 
     </span>
    </p>
   </div>
   <div class='ocr_carea' id='block_1_47' title="bbox 218 3183 1813 3257">
    <p class='ocr_par' dir='ltr' id='par_1_47' title="bbox 218 3183 1813 3257">
     <span class='ocr_line' id='line_1_47' title="bbox 218 3183 1813 3257; baseline 0.001 -20"><span class='ocrx_word' id='word_1_382' title='bbox 218 3184 296 3237; x_wconf 88' lang='lat' dir='ltr'><strong>ria</strong></span> <span class='ocrx_word' id='word_1_383' title='bbox 340 3183 580 3239; x_wconf 88' lang='lat' dir='ltr'><strong>occurrit</strong></span> <span class='ocrx_word' id='word_1_384' title='bbox 610 3183 736 3239; x_wconf 89' lang='lat' dir='ltr'><strong>luna</strong></span> <span class='ocrx_word' id='word_1_385' title='bbox 779 3201 870 3240; x_wconf 80' lang='lat' dir='ltr'><strong>xiv</strong></span> <span class='ocrx_word' id='word_1_386' title='bbox 900 3187 1196 3257; x_wconf 86' lang='lat' dir='ltr'><strong>paschalis.</strong></span> <span class='ocrx_word' id='word_1_387' title='bbox 1248 3198 1301 3243; x_wconf 81' lang='lat' dir='ltr'><strong>et</strong></span> <span class='ocrx_word' id='word_1_388' title='bbox 1352 3186 1656 3245; x_wconf 88' lang='lat' dir='ltr'><strong>dominicus</strong></span> <span class='ocrx_word' id='word_1_389' title='bbox 1710 3186 1813 3241; x_wconf 86' lang='lat' dir='ltr'><strong>l‘est</strong></span> 
     </span>
    </p>
   </div>
   <div class='ocr_carea' id='block_1_48' title="bbox 219 3275 936 3345">
    <p class='ocr_par' dir='ltr' id='par_1_48' title="bbox 219 3275 936 3345">
     <span class='ocr_line' id='line_1_48' title="bbox 219 3275 936 3345; baseline 0.004 -16"><span class='ocrx_word' id='word_1_390' title='bbox 219 3275 498 3345; x_wconf 87' lang='lat' dir='ltr'><strong>paschalis</strong></span> <span class='ocrx_word' id='word_1_391' title='bbox 525 3276 642 3331; x_wconf 91' lang='lat' dir='ltr'><strong>dies</strong></span> <span class='ocrx_word' id='word_1_392' title='bbox 673 3276 799 3332; x_wconf 91' lang='lat' dir='ltr'><strong>luna</strong></span> <span class='ocrx_word' id='word_1_393' title='bbox 827 3294 936 3333; x_wconf 74' lang='lat' dir='ltr'><strong>xw.</strong></span> 
     </span>
    </p>
   </div>
   <div class='ocr_carea' id='block_1_49' title="bbox 287 3367 1834 3446">
    <p class='ocr_par' dir='ltr' id='par_1_49' title="bbox 287 3367 1834 3446">
     <span class='ocr_line' id='line_1_49' title="bbox 287 3367 1834 3446; baseline 0.008 -27"><span class='ocrx_word' id='word_1_394' title='bbox 287 3367 447 3420; x_wconf 77' lang='lat' dir='ltr'><strong>Anno</strong></span> <span class='ocrx_word' id='word_1_395' title='bbox 476 3368 647 3421; x_wconf 85' lang='lat' dir='ltr'><strong>tertio.</strong></span> <span class='ocrx_word' id='word_1_396' title='bbox 696 3397 769 3407; x_wconf 97' lang='lat'><strong>—</strong></span> <span class='ocrx_word' id='word_1_397' title='bbox 795 3368 929 3424; x_wconf 89' lang='lat' dir='ltr'><strong>Item</strong></span> <span class='ocrx_word' id='word_1_398' title='bbox 959 3386 1144 3428; x_wconf 89' lang='lat' dir='ltr'><strong>mense</strong></span> <span class='ocrx_word' id='word_1_399' title='bbox 1187 3373 1356 3443; x_wconf 82' lang='lat' dir='ltr'><strong>Aprili</strong></span> <span class='ocrx_word' id='word_1_400' title='bbox 1387 3390 1529 3446; x_wconf 69' lang='lat' dir='ltr'><strong>smpe</strong></span> <span class='ocrx_word' id='word_1_401' title='bbox 1557 3374 1687 3431; x_wconf 91' lang='lat' dir='ltr'><strong>dicti</strong></span> <span class='ocrx_word' id='word_1_402' title='bbox 1736 3375 1834 3432; x_wconf 89' lang='lat' dir='ltr'><strong>cir-</strong></span> 
     </span>
    </p>
   </div>
   <div class='ocr_carea' id='block_1_50' title="bbox 219 3456 1831 3535">
    <p class='ocr_par' dir='ltr' id='par_1_50' title="bbox 219 3456 1831 3535">
     <span class='ocr_line' id='line_1_50' title="bbox 219 3456 1831 3535; baseline 0.007 -23"><span class='ocrx_word' id='word_1_403' title='bbox 219 3457 331 3512; x_wconf 90' lang='lat' dir='ltr'><strong>culi</strong></span> <span class='ocrx_word' id='word_1_404' title='bbox 359 3456 519 3527; x_wconf 90' lang='lat' dir='ltr'><strong>primi</strong></span> <span class='ocrx_word' id='word_1_405' title='bbox 567 3472 709 3513; x_wconf 90' lang='lat' dir='ltr'><strong>anno</strong></span> <span class='ocrx_word' id='word_1_406' title='bbox 747 3461 927 3516; x_wconf 84' lang='lat' dir='ltr'><strong>tertio.</strong></span> <span class='ocrx_word' id='word_1_407' title='bbox 974 3461 1123 3518; x_wconf 91' lang='lat' dir='ltr'><strong>Tene</strong></span> <span class='ocrx_word' id='word_1_408' title='bbox 1148 3479 1363 3535; x_wconf 90' lang='lat' dir='ltr'><strong>semper</strong></span> <span class='ocrx_word' id='word_1_409' title='bbox 1406 3466 1460 3520; x_wconf 92' lang='lat' dir='ltr'><strong>in</strong></span> <span class='ocrx_word' id='word_1_410' title='bbox 1495 3482 1562 3522; x_wconf 93' lang='lat' dir='ltr'><strong>eo</strong></span> <span class='ocrx_word' id='word_1_411' title='bbox 1590 3482 1776 3523; x_wconf 84' lang='lat' dir='ltr'><strong>mense</strong></span> <span class='ocrx_word' id='word_1_412' title='bbox 1808 3478 1831 3507; x_wconf 73' lang='grc' dir='ltr'>ε</span> 
     </span>
    </p>
   </div>
   <div class='ocr_carea' id='block_1_51' title="bbox 220 3548 1832 3631">
    <p class='ocr_par' dir='ltr' id='par_1_51' title="bbox 220 3548 1832 3631">
     <span class='ocr_line' id='line_1_51' title="bbox 220 3548 1832 3631; baseline 0.007 -28"><span class='ocrx_word' id='word_1_413' title='bbox 220 3548 492 3620; x_wconf 84' lang='lat' dir='ltr'><strong>imprimis</strong></span> <span class='ocrx_word' id='word_1_414' title='bbox 518 3550 796 3619; x_wconf 77' lang='lat' dir='ltr'><strong>regulares</strong></span> <span class='ocrx_word' id='word_1_415' title='bbox 826 3570 991 3608; x_wconf 87' lang='lat' dir='ltr'><strong>xxxv.</strong></span> <span class='ocrx_word' id='word_1_416' title='bbox 1037 3555 1307 3613; x_wconf 85' lang='lat' dir='ltr'><strong>Subtrahe</strong></span> <span class='ocrx_word' id='word_1_417' title='bbox 1347 3568 1565 3629; x_wconf 90' lang='lat' dir='ltr'><strong>epactas</strong></span> <span class='ocrx_word' id='word_1_418' title='bbox 1594 3561 1832 3631; x_wconf 88' lang='lat' dir='ltr'><strong>ejusdem</strong></span> 
     </span>
    </p>
   </div>
   <div class='ocr_carea' id='block_1_52' title="bbox 219 3643 1831 3719">
    <p class='ocr_par' dir='ltr' id='par_1_52' title="bbox 219 3643 1831 3719">
     <span class='ocr_line' id='line_1_52' title="bbox 219 3643 1831 3719; baseline 0.007 -23"><span class='ocrx_word' id='word_1_419' title='bbox 219 3643 347 3698; x_wconf 88' lang='lat' dir='ltr'><strong>anni</strong></span> <span class='ocrx_word' id='word_1_420' title='bbox 376 3658 515 3708; x_wconf 87' lang='lat' dir='ltr'><strong>xxn,</strong></span> <span class='ocrx_word' id='word_1_421' title='bbox 549 3654 832 3699; x_wconf 88' lang='lat' dir='ltr'><strong>remanent</strong></span> <span class='ocrx_word' id='word_1_422' title='bbox 862 3663 978 3701; x_wconf 88' lang='lat' dir='ltr'><strong>xm.</strong></span> <span class='ocrx_word' id='word_1_423' title='bbox 1011 3647 1196 3705; x_wconf 90' lang='lat' dir='ltr'><strong>Tertio</strong></span> <span class='ocrx_word' id='word_1_424' title='bbox 1226 3651 1437 3706; x_wconf 91' lang='lat' dir='ltr'><strong>decimo</strong></span> <span class='ocrx_word' id='word_1_425' title='bbox 1486 3652 1575 3708; x_wconf 89' lang='lat' dir='ltr'><strong>die</strong></span> <span class='ocrx_word' id='word_1_426' title='bbox 1614 3653 1831 3719; x_wconf 91' lang='lat' dir='ltr'><strong>mensis,</strong></span> 
     </span>
    </p>
   </div>
   <div class='ocr_carea' id='block_1_53' title="bbox 220 3734 1836 3811">
    <p class='ocr_par' dir='ltr' id='par_1_53' title="bbox 220 3734 1836 3811">
     <span class='ocr_line' id='line_1_53' title="bbox 220 3734 1836 3811; baseline 0.007 -24"><span class='ocrx_word' id='word_1_427' title='bbox 220 3734 272 3787; x_wconf 92' lang='lat' dir='ltr'><strong>id</strong></span> <span class='ocrx_word' id='word_1_428' title='bbox 294 3742 380 3789; x_wconf 85' lang='lat' dir='ltr'><strong>est</strong></span> <span class='ocrx_word' id='word_1_429' title='bbox 401 3734 688 3805; x_wconf 87' lang='lat' dir='ltr'><strong>id.April.,</strong></span> <span class='ocrx_word' id='word_1_430' title='bbox 710 3737 944 3792; x_wconf 85' lang='lat' dir='ltr'><strong>occurrit</strong></span> <span class='ocrx_word' id='word_1_431' title='bbox 962 3738 1084 3794; x_wconf 89' lang='lat' dir='ltr'><strong>luna</strong></span> <span class='ocrx_word' id='word_1_432' title='bbox 1116 3743 1382 3811; x_wconf 85' lang='lat' dir='ltr'><strong>paschalis</strong></span> <span class='ocrx_word' id='word_1_433' title='bbox 1413 3760 1522 3799; x_wconf 85' lang='lat' dir='ltr'><strong>xlv.</strong></span> <span class='ocrx_word' id='word_1_434' title='bbox 1557 3744 1705 3799; x_wconf 84' lang='lat' dir='ltr'><strong>Tene</strong></span> <span class='ocrx_word' id='word_1_435' title='bbox 1737 3746 1836 3799; x_wconf 92' lang='lat' dir='ltr'><strong>hos</strong></span> 
     </span>
    </p>
   </div>
   <div class='ocr_carea' id='block_1_54' title="bbox 220 3825 1835 3904">
    <p class='ocr_par' dir='ltr' id='par_1_54' title="bbox 220 3825 1835 3904">
     <span class='ocr_line' id='line_1_54' title="bbox 220 3825 1835 3904; baseline 0.006 -25"><span class='ocrx_word' id='word_1_436' title='bbox 220 3841 337 3891; x_wconf 87' lang='lat' dir='ltr'><strong>xm,</strong></span> <span class='ocrx_word' id='word_1_437' title='bbox 369 3825 512 3880; x_wconf 82' lang='lat' dir='ltr'><strong>adde</strong></span> <span class='ocrx_word' id='word_1_438' title='bbox 560 3837 948 3883; x_wconf 88' lang='lat' dir='ltr'><strong>concurrentes</strong></span> <span class='ocrx_word' id='word_1_439' title='bbox 973 3846 1044 3896; x_wconf 81' lang='lat' dir='ltr'><strong>Vl,</strong></span> <span class='ocrx_word' id='word_1_440' title='bbox 1076 3830 1212 3886; x_wconf 89' lang='lat' dir='ltr'><strong>ﬁunt</strong></span> <span class='ocrx_word' id='word_1_441' title='bbox 1242 3851 1350 3889; x_wconf 80' lang='grc' dir='ltr'>ιιι.</span> <span class='ocrx_word' id='word_1_442' title='bbox 1395 3834 1545 3889; x_wconf 89' lang='lat' dir='ltr'><strong>Adde</strong></span> <span class='ocrx_word' id='word_1_443' title='bbox 1584 3835 1637 3889; x_wconf 91' lang='lat' dir='ltr'><strong>in</strong></span> <span class='ocrx_word' id='word_1_444' title='bbox 1668 3834 1835 3904; x_wconf 87' lang='lat' dir='ltr'><strong>Aprili</strong></span> 
     </span>
    </p>
   </div>
   <div class='ocr_carea' id='block_1_55' title="bbox 221 3914 1835 3996">
    <p class='ocr_par' dir='ltr' id='par_1_55' title="bbox 221 3914 1835 3996">
     <span class='ocr_line' id='line_1_55' title="bbox 221 3914 1835 3996; baseline 0.006 -25"><span class='ocrx_word' id='word_1_445' title='bbox 221 3930 444 3987; x_wconf 72' lang='lat' dir='ltr'><strong>semper</strong></span> <span class='ocrx_word' id='word_1_446' title='bbox 470 3914 696 3973; x_wconf 66' lang='lat' dir='ltr'><strong>inferius</strong></span> <span class='ocrx_word' id='word_1_447' title='bbox 720 3919 993 3988; x_wconf 85' lang='lat' dir='ltr'><strong>regulares</strong></span> <span class='ocrx_word' id='word_1_448' title='bbox 1015 3937 1108 3986; x_wconf 91' lang='lat' dir='ltr'><strong>vn,</strong></span> <span class='ocrx_word' id='word_1_449' title='bbox 1141 3921 1274 3978; x_wconf 91' lang='lat' dir='ltr'><strong>ﬁunt</strong></span> <span class='ocrx_word' id='word_1_450' title='bbox 1300 3941 1444 3979; x_wconf 81' lang='lat' dir='ltr'><strong>xxvi.</strong></span> <span class='ocrx_word' id='word_1_451' title='bbox 1496 3924 1607 3982; x_wconf 90' lang='lat' dir='ltr'><strong>IIos</strong></span> <span class='ocrx_word' id='word_1_452' title='bbox 1636 3926 1835 3996; x_wconf 87' lang='lat' dir='ltr'><strong>partire</strong></span> 
     </span>
    </p>
   </div>
   <div class='ocr_carea' id='block_1_56' title="bbox 223 4010 1835 4086">
    <p class='ocr_par' dir='ltr' id='par_1_56' title="bbox 223 4010 1835 4086">
     <span class='ocr_line' id='line_1_56' title="bbox 223 4010 1835 4086; baseline 0.008 -27"><span class='ocrx_word' id='word_1_453' title='bbox 223 4023 324 4076; x_wconf 86' lang='lat' dir='ltr'><strong>per</strong></span> <span class='ocrx_word' id='word_1_454' title='bbox 352 4023 429 4062; x_wconf 83' lang='lat' dir='ltr'><strong>vn</strong></span> <span class='ocrx_word' id='word_1_455' title='bbox 472 4016 557 4063; x_wconf 90' lang='lat' dir='ltr'><strong>ter</strong></span> <span class='ocrx_word' id='word_1_456' title='bbox 610 4010 839 4078; x_wconf 89' lang='lat' dir='ltr'><strong>septeni,</strong></span> <span class='ocrx_word' id='word_1_457' title='bbox 891 4026 1005 4076; x_wconf 84' lang='lat' dir='ltr'><strong>xxI,</strong></span> <span class='ocrx_word' id='word_1_458' title='bbox 1034 4024 1315 4069; x_wconf 87' lang='lat' dir='ltr'><strong>remanent</strong></span> <span class='ocrx_word' id='word_1_459' title='bbox 1343 4016 1600 4086; x_wconf 89' lang='lat' dir='ltr'><strong>quinque.</strong></span> <span class='ocrx_word' id='word_1_460' title='bbox 1637 4016 1835 4083; x_wconf 83' lang='lat' dir='ltr'><strong>Quinta</strong></span> 
     </span>
    </p>
   </div>
   <div class='ocr_carea' id='block_1_57' title="bbox 223 4098 1837 4176">
    <p class='ocr_par' dir='ltr' id='par_1_57' title="bbox 223 4098 1837 4176">
     <span class='ocr_line' id='line_1_57' title="bbox 223 4098 1837 4176; baseline 0.009 -23"><span class='ocrx_word' id='word_1_461' title='bbox 223 4098 359 4154; x_wconf 81' lang='lat' dir='ltr'><strong>feria</strong></span> <span class='ocrx_word' id='word_1_462' title='bbox 390 4100 494 4154; x_wconf 89' lang='lat' dir='ltr'><strong>erit</strong></span> <span class='ocrx_word' id='word_1_463' title='bbox 518 4100 725 4155; x_wconf 90' lang='lat' dir='ltr'><strong>decima</strong></span> <span class='ocrx_word' id='word_1_464' title='bbox 755 4113 946 4172; x_wconf 87' lang='lat' dir='ltr'><strong>quarta</strong></span> <span class='ocrx_word' id='word_1_465' title='bbox 975 4105 1096 4159; x_wconf 90' lang='lat' dir='ltr'><strong>luna</strong></span> <span class='ocrx_word' id='word_1_466' title='bbox 1129 4108 1416 4176; x_wconf 85' lang='lat' dir='ltr'><strong>paschalis,</strong></span> <span class='ocrx_word' id='word_1_467' title='bbox 1450 4119 1505 4165; x_wconf 90' lang='lat' dir='ltr'><strong>et</strong></span> <span class='ocrx_word' id='word_1_468' title='bbox 1533 4111 1837 4167; x_wconf 88' lang='lat' dir='ltr'><strong>dominicus</strong></span> 
     </span>
    </p>
   </div>
   <div class='ocr_carea' id='block_1_58' title="bbox 221 4191 1835 4268">
    <p class='ocr_par' dir='ltr' id='par_1_58' title="bbox 221 4191 1835 4268">
     <span class='ocr_line' id='line_1_58' title="bbox 221 4191 1835 4268; baseline 0.008 -23"><span class='ocrx_word' id='word_1_469' title='bbox 221 4191 341 4247; x_wconf 86' lang='lat' dir='ltr'><strong>dies</strong></span> <span class='ocrx_word' id='word_1_470' title='bbox 370 4192 649 4262; x_wconf 88' lang='lat' dir='ltr'><strong>paschalis</strong></span> <span class='ocrx_word' id='word_1_471' title='bbox 700 4194 821 4248; x_wconf 78' lang='lat' dir='ltr'><strong>festi</strong></span> <span class='ocrx_word' id='word_1_472' title='bbox 854 4195 979 4250; x_wconf 86' lang='lat' dir='ltr'><strong>luna</strong></span> <span class='ocrx_word' id='word_1_473' title='bbox 1030 4213 1159 4252; x_wconf 87' lang='lat' dir='ltr'><strong>xvn.</strong></span> <span class='ocrx_word' id='word_1_474' title='bbox 1213 4198 1291 4253; x_wconf 88' lang='lat' dir='ltr'><strong>Ita</strong></span> <span class='ocrx_word' id='word_1_475' title='bbox 1338 4200 1559 4268; x_wconf 83' lang='lat' dir='ltr'><strong>singulis</strong></span> <span class='ocrx_word' id='word_1_476' title='bbox 1605 4203 1759 4257; x_wconf 91' lang='lat' dir='ltr'><strong>annis</strong></span> <span class='ocrx_word' id='word_1_477' title='bbox 1805 4218 1835 4258; x_wconf 86' lang='lat' dir='ltr'><strong>a</strong></span> 
     </span>
    </p>
   </div>
   <div class='ocr_carea' id='block_1_59' title="bbox 224 4283 1835 4359">
    <p class='ocr_par' dir='ltr' id='par_1_59' title="bbox 224 4283 1835 4359">
     <span class='ocr_line' id='line_1_59' title="bbox 224 4283 1835 4359; baseline 0.007 -24"><span class='ocrx_word' id='word_1_478' title='bbox 224 4283 403 4352; x_wconf 90' lang='lat' dir='ltr'><strong>primo</strong></span> <span class='ocrx_word' id='word_1_479' title='bbox 433 4297 607 4352; x_wconf 90' lang='lat' dir='ltr'><strong>usque</strong></span> <span class='ocrx_word' id='word_1_480' title='bbox 651 4285 717 4337; x_wconf 90' lang='lat' dir='ltr'><strong>ad</strong></span> <span class='ocrx_word' id='word_1_481' title='bbox 763 4287 1176 4356; x_wconf 87' lang='lat' dir='ltr'><strong>nonagesimum</strong></span> <span class='ocrx_word' id='word_1_482' title='bbox 1207 4290 1451 4359; x_wconf 90' lang='lat' dir='ltr'><strong>quintum</strong></span> <span class='ocrx_word' id='word_1_483' title='bbox 1500 4307 1700 4347; x_wconf 89' lang='lat' dir='ltr'><strong>annum</strong></span> <span class='ocrx_word' id='word_1_484' title='bbox 1728 4294 1835 4348; x_wconf 88' lang='lat' dir='ltr'><strong>ca!-</strong></span> 
     </span>
    </p>
   </div>
   <div class='ocr_carea' id='block_1_60' title="bbox 222 4371 458 4426">
    <p class='ocr_par' dir='ltr' id='par_1_60' title="bbox 222 4371 458 4426">
     <span class='ocr_line' id='line_1_60' title="bbox 222 4371 458 4426; baseline -0.004 0"><span class='ocrx_word' id='word_1_485' title='bbox 222 4371 458 4426; x_wconf 87' lang='lat' dir='ltr'><strong>culabis.</strong></span> 
     </span>
    </p>
   </div>
   <div class='ocr_carea' id='block_1_61' title="bbox 300 4462 1831 4541">
    <p class='ocr_par' dir='ltr' id='par_1_61' title="bbox 300 4462 1831 4541">
     <span class='ocr_line' id='line_1_61' title="bbox 300 4462 1831 4541; baseline 0.009 -27"><span class='ocrx_word' id='word_1_486' title='bbox 300 4462 355 4515; x_wconf 88' lang='lat' dir='ltr'><strong>Si</strong></span> <span class='ocrx_word' id='word_1_487' title='bbox 386 4462 612 4531; x_wconf 90' lang='lat' dir='ltr'><strong>quando</strong></span> <span class='ocrx_word' id='word_1_488' title='bbox 638 4478 822 4520; x_wconf 89' lang='lat' dir='ltr'><strong>mense</strong></span> <span class='ocrx_word' id='word_1_489' title='bbox 851 4464 1044 4523; x_wconf 80' lang='lat' dir='ltr'><strong>Martio</strong></span> <span class='ocrx_word' id='word_1_490' title='bbox 1073 4485 1162 4524; x_wconf 78' lang='lat' dir='ltr'><strong>xlv</strong></span> <span class='ocrx_word' id='word_1_491' title='bbox 1204 4470 1329 4525; x_wconf 90' lang='lat' dir='ltr'><strong>luna</strong></span> <span class='ocrx_word' id='word_1_492' title='bbox 1359 4473 1629 4541; x_wconf 89' lang='lat' dir='ltr'><strong>paschalis</strong></span> <span class='ocrx_word' id='word_1_493' title='bbox 1658 4466 1831 4530; x_wconf 70' lang='lat' dir='ltr'><strong>in’eiir-</strong></span> 
     </span>
    </p>
   </div>
   <div class='ocr_carea' id='block_1_62' title="bbox 223 4552 1839 4636">
    <p class='ocr_par' dir='ltr' id='par_1_62' title="bbox 223 4552 1839 4636">
     <span class='ocr_line' id='line_1_62' title="bbox 223 4552 1839 4636; baseline 0.009 -30"><span class='ocrx_word' id='word_1_494' title='bbox 223 4552 316 4616; x_wconf 87' lang='lat' dir='ltr'><strong>rit,</strong></span> <span class='ocrx_word' id='word_1_495' title='bbox 349 4569 517 4607; x_wconf 71' lang='lat' dir='ltr'><strong>xxxv:</strong></span> <span class='ocrx_word' id='word_1_496' title='bbox 559 4556 835 4623; x_wconf 82' lang='lat' dir='ltr'><strong>regulares</strong></span> <span class='ocrx_word' id='word_1_497' title='bbox 865 4558 1126 4628; x_wconf 86' lang='lat' dir='ltr'><strong>imprimis</strong></span> <span class='ocrx_word' id='word_1_498' title='bbox 1155 4570 1362 4629; x_wconf 86' lang='lat' dir='ltr'><strong>teneas,</strong></span> <span class='ocrx_word' id='word_1_499' title='bbox 1402 4579 1467 4617; x_wconf 88' lang='lat' dir='ltr'><strong>ex</strong></span> <span class='ocrx_word' id='word_1_500' title='bbox 1498 4567 1690 4633; x_wconf 82' lang='lat' dir='ltr'><strong>quibus</strong></span> <span class='ocrx_word' id='word_1_501' title='bbox 1710 4584 1839 4636; x_wconf 79' lang='lat' dir='ltr'><strong>epa-</strong></span> 
     </span>
    </p>
   </div>
   <div class='ocr_carea' id='block_1_63' title="bbox 1856 3260 1903 3319">
    <p class='ocr_par' dir='ltr' id='par_1_63' title="bbox 1856 3260 1903 3319">
     <span class='ocr_line' id='line_1_63' title="bbox 1856 3260 1903 3319; baseline 0.043 -2"><span class='ocrx_word' id='word_1_502' title='bbox 1856 3260 1903 3319; x_wconf 66' lang='lat' dir='ltr'><strong>ll</strong></span> 
     </span>
    </p>
   </div>
   <div class='ocr_carea' id='block_1_64' title="bbox 1938 1977 3537 2047">
    <p class='ocr_par' dir='ltr' id='par_1_64' title="bbox 1938 1977 3537 2047">
     <span class='ocr_line' id='line_1_64' title="bbox 1938 1977 3537 2047; baseline 0.001 -14"><span class='ocrx_word' id='word_1_503' title='bbox 1938 1978 2042 2033; x_wconf 87' lang='lat' dir='ltr'><strong>cal.</strong></span> <span class='ocrx_word' id='word_1_504' title='bbox 2074 1977 2240 2047; x_wconf 87' lang='lat' dir='ltr'><strong>April.</strong></span> <span class='ocrx_word' id='word_1_505' title='bbox 2265 2015 2279 2040; x_wconf 93' lang='lat'><strong>,</strong></span> <span class='ocrx_word' id='word_1_506' title='bbox 2313 1977 2365 2030; x_wconf 90' lang='lat' dir='ltr'><strong>in</strong></span> <span class='ocrx_word' id='word_1_507' title='bbox 2393 1992 2498 2045; x_wconf 88' lang='lat' dir='ltr'><strong>qua</strong></span> <span class='ocrx_word' id='word_1_508' title='bbox 2527 1986 2774 2047; x_wconf 80' lang='lat' dir='ltr'><strong>:equatur</strong></span> <span class='ocrx_word' id='word_1_509' title='bbox 2818 1978 2933 2034; x_wconf 88' lang='lat' dir='ltr'><strong>dies</strong></span> <span class='ocrx_word' id='word_1_510' title='bbox 2963 1994 3085 2034; x_wconf 89' lang='lat' dir='ltr'><strong>cum</strong></span> <span class='ocrx_word' id='word_1_511' title='bbox 3115 1989 3296 2036; x_wconf 91' lang='lat' dir='ltr'><strong>nocte.</strong></span> <span class='ocrx_word' id='word_1_512' title='bbox 3334 1980 3537 2038; x_wconf 86' lang='lat' dir='ltr'><strong>Eodem</strong></span> 
     </span>
    </p>
   </div>
   <div class='ocr_carea' id='block_1_65' title="bbox 1936 2067 3538 2141">
    <p class='ocr_par' dir='ltr' id='par_1_65' title="bbox 1936 2067 3538 2141">
     <span class='ocr_line' id='line_1_65' title="bbox 1936 2067 3538 2141; baseline 0.002 -17"><span class='ocrx_word' id='word_1_513' title='bbox 1936 2069 2023 2124; x_wconf 91' lang='lat' dir='ltr'><strong>die</strong></span> <span class='ocrx_word' id='word_1_514' title='bbox 2052 2067 2267 2123; x_wconf 87' lang='lat' dir='ltr'><strong>Gabriel</strong></span> <span class='ocrx_word' id='word_1_515' title='bbox 2300 2069 2509 2123; x_wconf 89' lang='lat' dir='ltr'><strong>nuntiat</strong></span> <span class='ocrx_word' id='word_1_516' title='bbox 2537 2068 2595 2124; x_wconf 93' lang='lat' dir='ltr'><strong>S.</strong></span> <span class='ocrx_word' id='word_1_517' title='bbox 2620 2068 2823 2137; x_wconf 70' lang='lat' dir='ltr'><strong>Mariaz,</strong></span> <span class='ocrx_word' id='word_1_518' title='bbox 2848 2070 3061 2126; x_wconf 87' lang='lat' dir='ltr'><strong>dicens:</strong></span> <span class='ocrx_word' id='word_1_519' title='bbox 3080 2071 3307 2141; x_wconf 81' lang='lat' dir='ltr'><strong>Spiritus</strong></span> <span class='ocrx_word' id='word_1_520' title='bbox 3328 2085 3538 2128; x_wconf 83' lang='lat' dir='ltr'><strong>sanctus</strong></span> 
     </span>
    </p>
   </div>
   <div class='ocr_carea' id='block_1_66' title="bbox 1935 2162 3536 2233">
    <p class='ocr_par' dir='ltr' id='par_1_66' title="bbox 1935 2162 3536 2233">
     <span class='ocr_line' id='line_1_66' title="bbox 1935 2162 3536 2233; baseline 0 -16"><span class='ocrx_word' id='word_1_521' title='bbox 1935 2164 2257 2233; x_wconf 70' lang='lat' dir='ltr'><strong>superueniet</strong></span> <span class='ocrx_word' id='word_1_522' title='bbox 2300 2164 2355 2217; x_wconf 88' lang='lat' dir='ltr'><strong>in</strong></span> <span class='ocrx_word' id='word_1_523' title='bbox 2392 2172 2469 2229; x_wconf 87' lang='lat' dir='ltr'><strong>te,</strong></span> <span class='ocrx_word' id='word_1_524' title='bbox 2520 2172 2571 2216; x_wconf 87' lang='lat' dir='ltr'><strong>et</strong></span> <span class='ocrx_word' id='word_1_525' title='bbox 2611 2164 2770 2217; x_wconf 84' lang='lat' dir='ltr'><strong>virtus</strong></span> <span class='ocrx_word' id='word_1_526' title='bbox 2815 2162 3071 2217; x_wconf 84' lang='lat' dir='ltr'><strong>Altissimi</strong></span> <span class='ocrx_word' id='word_1_527' title='bbox 3115 2162 3439 2219; x_wconf 85' lang='lat' dir='ltr'><strong>obumbrabit</strong></span> <span class='ocrx_word' id='word_1_528' title='bbox 3471 2176 3536 2219; x_wconf 87' lang='lat' dir='ltr'><strong>te.</strong></span> 
     </span>
    </p>
   </div>
   <div class='ocr_carea' id='block_1_67' title="bbox 1942 2252 3536 2328">
    <p class='ocr_par' dir='ltr' id='par_1_67' title="bbox 1942 2252 3536 2328">
     <span class='ocr_line' id='line_1_67' title="bbox 1942 2252 3536 2328; baseline 0.002 -20"><span class='ocrx_word' id='word_1_529' title='bbox 1942 2252 2229 2326; x_wconf 71' lang='lat' dir='ltr'><strong>I’ropierea</strong></span> <span class='ocrx_word' id='word_1_530' title='bbox 2256 2256 2394 2328; x_wconf 84' lang='lat' dir='ltr'><strong>quod</strong></span> <span class='ocrx_word' id='word_1_531' title='bbox 2419 2272 2485 2310; x_wconf 79' lang='lat' dir='ltr'><strong>ex</strong></span> <span class='ocrx_word' id='word_1_532' title='bbox 2535 2266 2582 2309; x_wconf 88' lang='lat' dir='ltr'><strong>te</strong></span> <span class='ocrx_word' id='word_1_533' title='bbox 2619 2264 2883 2321; x_wconf 77' lang='lat' dir='ltr'><strong>nascetur,</strong></span> <span class='ocrx_word' id='word_1_534' title='bbox 2924 2254 3189 2310; x_wconf 74' lang='lat' dir='ltr'><strong>vocabitur</strong></span> <span class='ocrx_word' id='word_1_535' title='bbox 3216 2255 3390 2311; x_wconf 77' lang='lat' dir='ltr'><strong>Filius</strong></span> <span class='ocrx_word' id='word_1_536' title='bbox 3418 2256 3536 2311; x_wconf 79' lang='lat' dir='ltr'><strong>Dei.</strong></span> 
     </span>
    </p>
   </div>
   <div class='ocr_carea' id='block_1_68' title="bbox 1938 2346 3538 2418">
    <p class='ocr_par' dir='ltr' id='par_1_68' title="bbox 1938 2346 3538 2418">
     <span class='ocr_line' id='line_1_68' title="bbox 1938 2346 3538 2418; baseline -0.001 -16"><span class='ocrx_word' id='word_1_537' title='bbox 1938 2346 1994 2403; x_wconf 90' lang='lat' dir='ltr'><strong>In</strong></span> <span class='ocrx_word' id='word_1_538' title='bbox 2026 2364 2131 2418; x_wconf 89' lang='lat' dir='ltr'><strong>qua</strong></span> <span class='ocrx_word' id='word_1_539' title='bbox 2163 2350 2325 2402; x_wconf 88' lang='lat' dir='ltr'><strong>etiam</strong></span> <span class='ocrx_word' id='word_1_540' title='bbox 2356 2363 2547 2418; x_wconf 89' lang='lat' dir='ltr'><strong>passus</strong></span> <span class='ocrx_word' id='word_1_541' title='bbox 2576 2354 2660 2401; x_wconf 91' lang='lat' dir='ltr'><strong>est</strong></span> <span class='ocrx_word' id='word_1_542' title='bbox 2701 2346 2946 2402; x_wconf 90' lang='lat' dir='ltr'><strong>Christus</strong></span> <span class='ocrx_word' id='word_1_543' title='bbox 2974 2347 3268 2402; x_wconf 87' lang='lat' dir='ltr'><strong>secundum</strong></span> <span class='ocrx_word' id='word_1_544' title='bbox 3296 2364 3538 2403; x_wconf 89' lang='lat' dir='ltr'><strong>carnem.</strong></span> 
     </span>
    </p>
   </div>
   <div class='ocr_carea' id='block_1_69' title="bbox 1937 2437 3539 2507">
    <p class='ocr_par' dir='ltr' id='par_1_69' title="bbox 1937 2437 3539 2507">
     <span class='ocr_line' id='line_1_69' title="bbox 1937 2437 3539 2507; baseline -0.001 -13"><span class='ocrx_word' id='word_1_545' title='bbox 1937 2437 2240 2494; x_wconf 90' lang='lat' dir='ltr'><strong>Solstitium</strong></span> <span class='ocrx_word' id='word_1_546' title='bbox 2263 2439 2560 2493; x_wconf 89' lang='lat' dir='ltr'><strong>secundum</strong></span> <span class='ocrx_word' id='word_1_547' title='bbox 2583 2446 2667 2492; x_wconf 90' lang='lat' dir='ltr'><strong>est</strong></span> <span class='ocrx_word' id='word_1_548' title='bbox 2696 2454 2787 2493; x_wconf 79' lang='lat' dir='ltr'><strong>vin</strong></span> <span class='ocrx_word' id='word_1_549' title='bbox 2816 2438 2919 2493; x_wconf 88' lang='lat' dir='ltr'><strong>cal.</strong></span> <span class='ocrx_word' id='word_1_550' title='bbox 2948 2437 3097 2506; x_wconf 84' lang='lat' dir='ltr'><strong>Julii,</strong></span> <span class='ocrx_word' id='word_1_551' title='bbox 3128 2438 3347 2507; x_wconf 88' lang='lat' dir='ltr'><strong>quando</strong></span> <span class='ocrx_word' id='word_1_552' title='bbox 3376 2440 3539 2494; x_wconf 85' lang='lat' dir='ltr'><strong>etiam</strong></span> 
     </span>
    </p>
   </div>
   <div class='ocr_carea' id='block_1_70' title="bbox 1938 2528 3537 2599">
    <p class='ocr_par' dir='ltr' id='par_1_70' title="bbox 1938 2528 3537 2599">
     <span class='ocr_line' id='line_1_70' title="bbox 1938 2528 3537 2599; baseline 0.001 -16"><span class='ocrx_word' id='word_1_553' title='bbox 1938 2539 2097 2585; x_wconf 89' lang='lat' dir='ltr'><strong>natus</strong></span> <span class='ocrx_word' id='word_1_554' title='bbox 2125 2540 2208 2585; x_wconf 87' lang='lat' dir='ltr'><strong>est</strong></span> <span class='ocrx_word' id='word_1_555' title='bbox 2250 2529 2308 2584; x_wconf 92' lang='lat' dir='ltr'><strong>S.</strong></span> <span class='ocrx_word' id='word_1_556' title='bbox 2338 2528 2574 2584; x_wconf 80' lang='lat' dir='ltr'><strong>Joannes</strong></span> <span class='ocrx_word' id='word_1_557' title='bbox 2616 2529 2856 2599; x_wconf 91' lang='lat' dir='ltr'><strong>Baptista</strong></span> <span class='ocrx_word' id='word_1_558' title='bbox 2884 2544 2951 2584; x_wconf 92' lang='lat' dir='ltr'><strong>ex</strong></span> <span class='ocrx_word' id='word_1_559' title='bbox 2992 2544 3101 2599; x_wconf 91' lang='lat' dir='ltr'><strong>quo</strong></span> <span class='ocrx_word' id='word_1_560' title='bbox 3131 2530 3318 2599; x_wconf 90' lang='lat' dir='ltr'><strong>incipit</strong></span> <span class='ocrx_word' id='word_1_561' title='bbox 3355 2529 3537 2585; x_wconf 83' lang='lat' dir='ltr'><strong>decre-</strong></span> 
     </span>
    </p>
   </div>
   <div class='ocr_carea' id='block_1_71' title="bbox 1936 2620 3538 2691">
    <p class='ocr_par' dir='ltr' id='par_1_71' title="bbox 1936 2620 3538 2691">
     <span class='ocr_line' id='line_1_71' title="bbox 1936 2620 3538 2691; baseline -0.002 -13"><span class='ocrx_word' id='word_1_562' title='bbox 1936 2637 2089 2678; x_wconf 85' lang='lat' dir='ltr'><strong>scere</strong></span> <span class='ocrx_word' id='word_1_563' title='bbox 2118 2622 2251 2677; x_wconf 88' lang='lat' dir='ltr'><strong>dies.</strong></span> <span class='ocrx_word' id='word_1_564' title='bbox 2282 2620 2691 2691; x_wconf 66' lang='lat' dir='ltr'><strong>Aiquinoctium</strong></span> <span class='ocrx_word' id='word_1_565' title='bbox 2714 2621 3009 2676; x_wconf 87' lang='lat' dir='ltr'><strong>secundum</strong></span> <span class='ocrx_word' id='word_1_566' title='bbox 3035 2632 3121 2677; x_wconf 92' lang='lat' dir='ltr'><strong>est</strong></span> <span class='ocrx_word' id='word_1_567' title='bbox 3142 2638 3233 2677; x_wconf 87' lang='lat' dir='ltr'><strong>vm</strong></span> <span class='ocrx_word' id='word_1_568' title='bbox 3258 2622 3364 2676; x_wconf 90' lang='lat' dir='ltr'><strong>cal.</strong></span> <span class='ocrx_word' id='word_1_569' title='bbox 3392 2622 3538 2685; x_wconf 87' lang='lat' dir='ltr'><strong>0ct.,</strong></span> 
     </span>
    </p>
   </div>
   <div class='ocr_carea' id='block_1_72' title="bbox 1936 2712 3540 2784">
    <p class='ocr_par' dir='ltr' id='par_1_72' title="bbox 1936 2712 3540 2784">
     <span class='ocr_line' id='line_1_72' title="bbox 1936 2712 3540 2784; baseline 0 -15"><span class='ocrx_word' id='word_1_570' title='bbox 1936 2715 1993 2770; x_wconf 90' lang='lat' dir='ltr'><strong>in</strong></span> <span class='ocrx_word' id='word_1_571' title='bbox 2020 2728 2127 2784; x_wconf 88' lang='lat' dir='ltr'><strong>qua</strong></span> <span class='ocrx_word' id='word_1_572' title='bbox 2153 2712 2240 2769; x_wconf 90' lang='lat' dir='ltr'><strong>die</strong></span> <span class='ocrx_word' id='word_1_573' title='bbox 2271 2721 2567 2783; x_wconf 89' lang='lat' dir='ltr'><strong>conceptus</strong></span> <span class='ocrx_word' id='word_1_574' title='bbox 2594 2720 2677 2767; x_wconf 88' lang='lat' dir='ltr'><strong>est</strong></span> <span class='ocrx_word' id='word_1_575' title='bbox 2718 2712 2958 2768; x_wconf 84' lang='lat' dir='ltr'><strong>Joannes</strong></span> <span class='ocrx_word' id='word_1_576' title='bbox 3006 2713 3271 2784; x_wconf 89' lang='lat' dir='ltr'><strong>Baptista.</strong></span> <span class='ocrx_word' id='word_1_577' title='bbox 3308 2713 3375 2768; x_wconf 88' lang='lat' dir='ltr'><strong>Et</strong></span> <span class='ocrx_word' id='word_1_578' title='bbox 3414 2713 3540 2769; x_wconf 83' lang='lat' dir='ltr'><strong>hinc</strong></span> 
     </span>
    </p>
   </div>
   <div class='ocr_carea' id='block_1_73' title="bbox 1931 2802 3545 2875">
    <p class='ocr_par' dir='ltr' id='par_1_73' title="bbox 1931 2802 3545 2875">
     <span class='ocr_line' id='line_1_73' title="bbox 1931 2802 3545 2875; baseline 0.001 -15"><span class='ocrx_word' id='word_1_579' title='bbox 1931 2804 2043 2875; x_wconf 83' lang='lat' dir='ltr'><strong>jam</strong></span> <span class='ocrx_word' id='word_1_580' title='bbox 2070 2806 2247 2860; x_wconf 88' lang='lat' dir='ltr'><strong>minor</strong></span> <span class='ocrx_word' id='word_1_581' title='bbox 2273 2802 2503 2859; x_wconf 78' lang='lat' dir='ltr'><strong>efﬁcitur</strong></span> <span class='ocrx_word' id='word_1_582' title='bbox 2522 2803 2638 2859; x_wconf 91' lang='lat' dir='ltr'><strong>dies</strong></span> <span class='ocrx_word' id='word_1_583' title='bbox 2663 2813 2844 2869; x_wconf 90' lang='lat' dir='ltr'><strong>nocte,</strong></span> <span class='ocrx_word' id='word_1_584' title='bbox 2878 2818 3049 2873; x_wconf 91' lang='lat' dir='ltr'><strong>usque</strong></span> <span class='ocrx_word' id='word_1_585' title='bbox 3073 2805 3142 2859; x_wconf 90' lang='lat' dir='ltr'><strong>ad</strong></span> <span class='ocrx_word' id='word_1_586' title='bbox 3164 2806 3400 2859; x_wconf 88' lang='lat' dir='ltr'><strong>natalem</strong></span> <span class='ocrx_word' id='word_1_587' title='bbox 3432 2804 3545 2861; x_wconf 91' lang='lat' dir='ltr'><strong>Do-</strong></span> 
     </span>
    </p>
   </div>
   <div class='ocr_carea' id='block_1_74' title="bbox 1937 2894 3537 2967">
    <p class='ocr_par' dir='ltr' id='par_1_74' title="bbox 1937 2894 3537 2967">
     <span class='ocr_line' id='line_1_74' title="bbox 1937 2894 3537 2967; baseline -0.002 -15"><span class='ocrx_word' id='word_1_588' title='bbox 1937 2898 2069 2953; x_wconf 88' lang='lat' dir='ltr'><strong>mini</strong></span> <span class='ocrx_word' id='word_1_589' title='bbox 2094 2896 2408 2953; x_wconf 87' lang='lat' dir='ltr'><strong>Salvatoris.</strong></span> <span class='ocrx_word' id='word_1_590' title='bbox 2438 2895 2520 2949; x_wconf 87' lang='lat' dir='ltr'><strong>Ex</strong></span> <span class='ocrx_word' id='word_1_591' title='bbox 2550 2912 2641 2951; x_wconf 87' lang='lat' dir='ltr'><strong>vm</strong></span> <span class='ocrx_word' id='word_1_592' title='bbox 2661 2895 2766 2951; x_wconf 89' lang='lat' dir='ltr'><strong>cal.</strong></span> <span class='ocrx_word' id='word_1_593' title='bbox 2800 2894 2970 2967; x_wconf 88' lang='lat' dir='ltr'><strong>April.</strong></span> <span class='ocrx_word' id='word_1_594' title='bbox 3004 2904 3061 2950; x_wconf 90' lang='lat' dir='ltr'><strong>et</strong></span> <span class='ocrx_word' id='word_1_595' title='bbox 3086 2897 3139 2949; x_wconf 92' lang='lat' dir='ltr'><strong>in</strong></span> <span class='ocrx_word' id='word_1_596' title='bbox 3162 2911 3253 2951; x_wconf 87' lang='lat' dir='ltr'><strong>vm</strong></span> <span class='ocrx_word' id='word_1_597' title='bbox 3282 2896 3386 2951; x_wconf 91' lang='lat' dir='ltr'><strong>cal.</strong></span> <span class='ocrx_word' id='word_1_598' title='bbox 3416 2894 3537 2950; x_wconf 89' lang='lat' dir='ltr'><strong>Jan.</strong></span> 
     </span>
    </p>
   </div>
   <div class='ocr_carea' id='block_1_75' title="bbox 1937 2988 3539 3047">
    <p class='ocr_par' dir='ltr' id='par_1_75' title="bbox 1937 2988 3539 3047">
     <span class='ocr_line' id='line_1_75' title="bbox 1937 2988 3539 3047; baseline -0.001 0"><span class='ocrx_word' id='word_1_599' title='bbox 1937 2992 2053 3047; x_wconf 90' lang='lat' dir='ltr'><strong>dies</strong></span> <span class='ocrx_word' id='word_1_600' title='bbox 2080 2997 2440 3045; x_wconf 89' lang='lat' dir='ltr'><strong>numerantur</strong></span> <span class='ocrx_word' id='word_1_601' title='bbox 2485 3005 2700 3045; x_wconf 73' lang='grc' dir='ltr'>οειιιι.</span> <span class='ocrx_word' id='word_1_602' title='bbox 2733 2988 2888 3045; x_wconf 87' lang='lat' dir='ltr'><strong>Unde</strong></span> <span class='ocrx_word' id='word_1_603' title='bbox 2916 2990 3212 3047; x_wconf 88' lang='lat' dir='ltr'><strong>secundum</strong></span> <span class='ocrx_word' id='word_1_604' title='bbox 3258 3006 3539 3046; x_wconf 88' lang='lat' dir='ltr'><strong>numerum</strong></span> 
     </span>
    </p>
   </div>
   <div class='ocr_carea' id='block_1_76' title="bbox 1938 3080 3537 3152">
    <p class='ocr_par' dir='ltr' id='par_1_76' title="bbox 1938 3080 3537 3152">
     <span class='ocr_line' id='line_1_76' title="bbox 1938 3080 3537 3152; baseline 0 -15"><span class='ocrx_word' id='word_1_605' title='bbox 1938 3082 2148 3138; x_wconf 90' lang='lat' dir='ltr'><strong>dierum</strong></span> <span class='ocrx_word' id='word_1_606' title='bbox 2179 3090 2476 3152; x_wconf 89' lang='lat' dir='ltr'><strong>conceptus</strong></span> <span class='ocrx_word' id='word_1_607' title='bbox 2508 3089 2594 3136; x_wconf 88' lang='lat' dir='ltr'><strong>est</strong></span> <span class='ocrx_word' id='word_1_608' title='bbox 2643 3081 2889 3137; x_wconf 88' lang='lat' dir='ltr'><strong>Christus</strong></span> <span class='ocrx_word' id='word_1_609' title='bbox 2935 3080 3195 3137; x_wconf 85' lang='lat' dir='ltr'><strong>Dominus</strong></span> <span class='ocrx_word' id='word_1_610' title='bbox 3249 3091 3434 3137; x_wconf 91' lang='lat' dir='ltr'><strong>noster</strong></span> <span class='ocrx_word' id='word_1_611' title='bbox 3483 3082 3537 3137; x_wconf 93' lang='lat' dir='ltr'><strong>iu</strong></span> 
     </span>
    </p>
   </div>
   <div class='ocr_carea' id='block_1_77' title="bbox 1941 3173 3533 3245">
    <p class='ocr_par' dir='ltr' id='par_1_77' title="bbox 1941 3173 3533 3245">
     <span class='ocr_line' id='line_1_77' title="bbox 1941 3173 3533 3245; baseline 0 -16"><span class='ocrx_word' id='word_1_612' title='bbox 1941 3175 2030 3231; x_wconf 89' lang='lat' dir='ltr'><strong>die</strong></span> <span class='ocrx_word' id='word_1_613' title='bbox 2058 3175 2325 3230; x_wconf 86' lang='lat' dir='ltr'><strong>dominica</strong></span> <span class='ocrx_word' id='word_1_614' title='bbox 2348 3190 2439 3229; x_wconf 88' lang='lat' dir='ltr'><strong>vm</strong></span> <span class='ocrx_word' id='word_1_615' title='bbox 2467 3175 2569 3229; x_wconf 90' lang='lat' dir='ltr'><strong>cal.</strong></span> <span class='ocrx_word' id='word_1_616' title='bbox 2603 3174 2819 3245; x_wconf 88' lang='lat' dir='ltr'><strong>Aprilis,</strong></span> <span class='ocrx_word' id='word_1_617' title='bbox 2858 3183 2914 3231; x_wconf 93' lang='lat' dir='ltr'><strong>et</strong></span> <span class='ocrx_word' id='word_1_618' title='bbox 2940 3183 3097 3229; x_wconf 90' lang='lat' dir='ltr'><strong>natus</strong></span> <span class='ocrx_word' id='word_1_619' title='bbox 3122 3184 3205 3229; x_wconf 88' lang='lat' dir='ltr'><strong>est</strong></span> <span class='ocrx_word' id='word_1_620' title='bbox 3231 3174 3282 3228; x_wconf 92' lang='lat' dir='ltr'><strong>in</strong></span> <span class='ocrx_word' id='word_1_621' title='bbox 3314 3191 3372 3229; x_wconf 90' lang='grc' dir='ltr'><strong>ιιι</strong></span> <span class='ocrx_word' id='word_1_622' title='bbox 3401 3173 3533 3229; x_wconf 82' lang='lat' dir='ltr'><strong>feria</strong></span> 
     </span>
    </p>
   </div>
   <div class='ocr_carea' id='block_1_78' title="bbox 1937 3263 3539 3335">
    <p class='ocr_par' dir='ltr' id='par_1_78' title="bbox 1937 3263 3539 3335">
     <span class='ocr_line' id='line_1_78' title="bbox 1937 3263 3539 3335; baseline -0.001 -14"><span class='ocrx_word' id='word_1_623' title='bbox 1937 3283 2027 3321; x_wconf 87' lang='lat' dir='ltr'><strong>xm</strong></span> <span class='ocrx_word' id='word_1_624' title='bbox 2059 3267 2159 3321; x_wconf 83' lang='lat' dir='ltr'><strong>cal.</strong></span> <span class='ocrx_word' id='word_1_625' title='bbox 2185 3264 2407 3320; x_wconf 89' lang='lat' dir='ltr'><strong>Januar.</strong></span> <span class='ocrx_word' id='word_1_626' title='bbox 2438 3264 2688 3321; x_wconf 87' lang='lat' dir='ltr'><strong>Christus</strong></span> <span class='ocrx_word' id='word_1_627' title='bbox 2714 3266 2976 3322; x_wconf 89' lang='lat' dir='ltr'><strong>Dominus</strong></span> <span class='ocrx_word' id='word_1_628' title='bbox 2996 3274 3201 3321; x_wconf 89' lang='lat' dir='ltr'><strong>noster.</strong></span> <span class='ocrx_word' id='word_1_629' title='bbox 3234 3263 3292 3320; x_wconf 94' lang='lat' dir='ltr'><strong>In</strong></span> <span class='ocrx_word' id='word_1_630' title='bbox 3321 3266 3412 3321; x_wconf 92' lang='lat' dir='ltr'><strong>die</strong></span> <span class='ocrx_word' id='word_1_631' title='bbox 3434 3280 3539 3335; x_wconf 88' lang='lat' dir='ltr'><strong>qua</strong></span> 
     </span>
    </p>
   </div>
   <div class='ocr_carea' id='block_1_79' title="bbox 1936 3356 3540 3434">
    <p class='ocr_par' dir='ltr' id='par_1_79' title="bbox 1936 3356 3540 3434">
     <span class='ocr_line' id='line_1_79' title="bbox 1936 3356 3540 3434; baseline 0.001 -22"><span class='ocrx_word' id='word_1_632' title='bbox 1936 3380 2126 3434; x_wconf 78' lang='lat' dir='ltr'><strong>passus</strong></span> <span class='ocrx_word' id='word_1_633' title='bbox 2155 3366 2256 3428; x_wconf 79' lang='lat' dir='ltr'><strong>est,</strong></span> <span class='ocrx_word' id='word_1_634' title='bbox 2290 3356 2422 3418; x_wconf 79' lang='lat' dir='ltr'><strong>ﬁunt</strong></span> <span class='ocrx_word' id='word_1_635' title='bbox 2443 3358 2569 3413; x_wconf 88' lang='lat' dir='ltr'><strong>anni</strong></span> <span class='ocrx_word' id='word_1_636' title='bbox 2592 3374 2795 3413; x_wconf 86' lang='lat' dir='ltr'><strong>cxxxm</strong></span> <span class='ocrx_word' id='word_1_637' title='bbox 2823 3358 2837 3409; x_wconf 84' lang='lat' dir='ltr'><strong>i</strong></span> <span class='ocrx_word' id='word_1_638' title='bbox 2881 3368 2938 3413; x_wconf 90' lang='lat' dir='ltr'><strong>et</strong></span> <span class='ocrx_word' id='word_1_639' title='bbox 2965 3374 3178 3413; x_wconf 86' lang='lat' dir='ltr'><strong>menses</strong></span> <span class='ocrx_word' id='word_1_640' title='bbox 3198 3374 3276 3424; x_wconf 89' lang='grc' dir='ltr'>ιιι,</span> <span class='ocrx_word' id='word_1_641' title='bbox 3302 3358 3393 3427; x_wconf 90' lang='lat' dir='ltr'><strong>qui</strong></span> <span class='ocrx_word' id='word_1_642' title='bbox 3420 3367 3540 3413; x_wconf 90' lang='lat' dir='ltr'><strong>sunt</strong></span> 
     </span>
    </p>
   </div>
   <div class='ocr_carea' id='block_1_80' title="bbox 1934 3449 3534 3512">
    <p class='ocr_par' dir='ltr' id='par_1_80' title="bbox 1934 3449 3534 3512">
     <span class='ocr_line' id='line_1_80' title="bbox 1934 3449 3534 3512; baseline -0.006 0"><span class='ocrx_word' id='word_1_643' title='bbox 1934 3457 2051 3512; x_wconf 83' lang='lat' dir='ltr'><strong>dies</strong></span> <span class='ocrx_word' id='word_1_644' title='bbox 2081 3472 2419 3512; x_wconf 87' lang='lat' dir='ltr'><strong>xuccccxnu.</strong></span> <span class='ocrx_word' id='word_1_645' title='bbox 2455 3451 2607 3511; x_wconf 91' lang='lat' dir='ltr'><strong>Unde</strong></span> <span class='ocrx_word' id='word_1_646' title='bbox 2649 3450 2944 3511; x_wconf 77' lang='lat' dir='ltr'><strong>secundum</strong></span> <span class='ocrx_word' id='word_1_647' title='bbox 2991 3465 3273 3503; x_wconf 87' lang='lat' dir='ltr'><strong>numerum</strong></span> <span class='ocrx_word' id='word_1_648' title='bbox 3323 3449 3534 3503; x_wconf 89' lang='lat' dir='ltr'><strong>dierum</strong></span> 
     </span>
    </p>
   </div>
   <div class='ocr_carea' id='block_1_81' title="bbox 1936 3540 3539 3616">
    <p class='ocr_par' dir='ltr' id='par_1_81' title="bbox 1936 3540 3539 3616">
     <span class='ocr_line' id='line_1_81' title="bbox 1936 3540 3539 3616; baseline -0.005 -15"><span class='ocrx_word' id='word_1_649' title='bbox 1936 3547 2054 3616; x_wconf 87' lang='lat' dir='ltr'><strong>ejus</strong></span> <span class='ocrx_word' id='word_1_650' title='bbox 2081 3556 2188 3602; x_wconf 85' lang='lat' dir='ltr'><strong>stat</strong></span> <span class='ocrx_word' id='word_1_651' title='bbox 2208 3563 2330 3603; x_wconf 89' lang='lat' dir='ltr'><strong>cum</strong></span> <span class='ocrx_word' id='word_1_652' title='bbox 2357 3563 2413 3603; x_wconf 90' lang='grc' dir='ltr'><strong>ιιι</strong></span> <span class='ocrx_word' id='word_1_653' title='bbox 2445 3545 2575 3601; x_wconf 79' lang='lat' dir='ltr'><strong>feria</strong></span> <span class='ocrx_word' id='word_1_654' title='bbox 2608 3556 2812 3609; x_wconf 86' lang='lat' dir='ltr'><strong>natum,</strong></span> <span class='ocrx_word' id='word_1_655' title='bbox 2842 3555 2896 3600; x_wconf 92' lang='lat' dir='ltr'><strong>et</strong></span> <span class='ocrx_word' id='word_1_656' title='bbox 2923 3556 3136 3615; x_wconf 76' lang='lat' dir='ltr'><strong>passum</strong></span> <span class='ocrx_word' id='word_1_657' title='bbox 3162 3556 3212 3597; x_wconf 85' lang='lat' dir='ltr'><strong>vl</strong></span> <span class='ocrx_word' id='word_1_658' title='bbox 3241 3540 3370 3595; x_wconf 78' lang='lat' dir='ltr'><strong>feria</strong></span> <span class='ocrx_word' id='word_1_659' title='bbox 3404 3557 3416 3592; x_wconf 93' lang='lat'>:</span> <span class='ocrx_word' id='word_1_660' title='bbox 3451 3555 3539 3593; x_wconf 85' lang='lat' dir='ltr'><strong>na-</strong></span> 
     </span>
    </p>
   </div>
   <div class='ocr_carea' id='block_1_82' title="bbox 1937 3634 3540 3705">
    <p class='ocr_par' dir='ltr' id='par_1_82' title="bbox 1937 3634 3540 3705">
     <span class='ocr_line' id='line_1_82' title="bbox 1937 3634 3540 3705; baseline -0.001 -15"><span class='ocrx_word' id='word_1_661' title='bbox 1937 3646 2048 3691; x_wconf 92' lang='lat' dir='ltr'><strong>tum</strong></span> <span class='ocrx_word' id='word_1_662' title='bbox 2077 3652 2168 3692; x_wconf 78' lang='lat' dir='ltr'><strong>vui</strong></span> <span class='ocrx_word' id='word_1_663' title='bbox 2196 3637 2300 3692; x_wconf 90' lang='lat' dir='ltr'><strong>cal.</strong></span> <span class='ocrx_word' id='word_1_664' title='bbox 2328 3636 2570 3699; x_wconf 88' lang='lat' dir='ltr'><strong>Januar.,</strong></span> <span class='ocrx_word' id='word_1_665' title='bbox 2603 3651 2815 3705; x_wconf 87' lang='lat' dir='ltr'><strong>passum</strong></span> <span class='ocrx_word' id='word_1_666' title='bbox 2858 3652 2947 3689; x_wconf 85' lang='lat' dir='ltr'><strong>vni</strong></span> <span class='ocrx_word' id='word_1_667' title='bbox 2972 3638 3076 3690; x_wconf 91' lang='lat' dir='ltr'><strong>cal.</strong></span> <span class='ocrx_word' id='word_1_668' title='bbox 3108 3635 3276 3704; x_wconf 91' lang='lat' dir='ltr'><strong>April.</strong></span> <span class='ocrx_word' id='word_1_669' title='bbox 3308 3634 3387 3689; x_wconf 85' lang='lat' dir='ltr'><strong>Ex</strong></span> <span class='ocrx_word' id='word_1_670' title='bbox 3431 3650 3540 3704; x_wconf 87' lang='lat' dir='ltr'><strong>quo</strong></span> 
     </span>
    </p>
   </div>
   <div class='ocr_carea' id='block_1_83' title="bbox 1936 3728 3540 3803">
    <p class='ocr_par' dir='ltr' id='par_1_83' title="bbox 1936 3728 3540 3803">
     <span class='ocr_line' id='line_1_83' title="bbox 1936 3728 3540 3803; baseline -0.004 -15"><span class='ocrx_word' id='word_1_671' title='bbox 1936 3732 2238 3803; x_wconf 71' lang='lat' dir='ltr'><strong>baptizatus</strong></span> <span class='ocrx_word' id='word_1_672' title='bbox 2267 3740 2352 3786; x_wconf 88' lang='lat' dir='ltr'><strong>est</strong></span> <span class='ocrx_word' id='word_1_673' title='bbox 2395 3730 2552 3784; x_wconf 87' lang='lat' dir='ltr'><strong>Jesus</strong></span> <span class='ocrx_word' id='word_1_674' title='bbox 2581 3728 2826 3783; x_wconf 86' lang='lat' dir='ltr'><strong>Christus</strong></span> <span class='ocrx_word' id='word_1_675' title='bbox 2854 3728 3113 3783; x_wconf 90' lang='lat' dir='ltr'><strong>Dominus</strong></span> <span class='ocrx_word' id='word_1_676' title='bbox 3158 3736 3364 3793; x_wconf 84' lang='lat' dir='ltr'><strong>uoster,</strong></span> <span class='ocrx_word' id='word_1_677' title='bbox 3410 3729 3540 3782; x_wconf 88' lang='lat' dir='ltr'><strong>liunt</strong></span> 
     </span>
    </p>
   </div>
   <div class='ocr_carea' id='block_1_84' title="bbox 1938 3815 3539 3888">
    <p class='ocr_par' dir='ltr' id='par_1_84' title="bbox 1938 3815 3539 3888">
     <span class='ocr_line' id='line_1_84' title="bbox 1938 3815 3539 3888; baseline -0.002 -13"><span class='ocrx_word' id='word_1_678' title='bbox 1938 3821 2064 3875; x_wconf 91' lang='lat' dir='ltr'><strong>anni</strong></span> <span class='ocrx_word' id='word_1_679' title='bbox 2092 3836 2150 3884; x_wconf 88' lang='grc' dir='ltr'><strong>ιι,</strong></span> <span class='ocrx_word' id='word_1_680' title='bbox 2181 3828 2237 3874; x_wconf 88' lang='lat' dir='ltr'><strong>et</strong></span> <span class='ocrx_word' id='word_1_681' title='bbox 2252 3820 2367 3875; x_wconf 90' lang='lat' dir='ltr'><strong>dies</strong></span> <span class='ocrx_word' id='word_1_682' title='bbox 2396 3826 2750 3874; x_wconf 89' lang='lat' dir='ltr'><strong>numerantur</strong></span> <span class='ocrx_word' id='word_1_683' title='bbox 2776 3834 2861 3883; x_wconf 88' lang='lat' dir='ltr'><strong>xc,</strong></span> <span class='ocrx_word' id='word_1_684' title='bbox 2887 3818 2978 3888; x_wconf 90' lang='lat' dir='ltr'><strong>qui</strong></span> <span class='ocrx_word' id='word_1_685' title='bbox 3006 3815 3139 3872; x_wconf 89' lang='lat' dir='ltr'><strong>ﬁunt</strong></span> <span class='ocrx_word' id='word_1_686' title='bbox 3167 3833 3395 3886; x_wconf 83' lang='lat' dir='ltr'><strong>ncccxx,</strong></span> <span class='ocrx_word' id='word_1_687' title='bbox 3420 3834 3539 3873; x_wconf 93' lang='lat' dir='ltr'><strong>cum</strong></span> 
     </span>
    </p>
   </div>
   <div class='ocr_carea' id='block_1_85' title="bbox 1936 3905 3536 3979">
    <p class='ocr_par' dir='ltr' id='par_1_85' title="bbox 1936 3905 3536 3979">
     <span class='ocr_line' id='line_1_85' title="bbox 1936 3905 3536 3979; baseline -0.004 -13"><span class='ocrx_word' id='word_1_688' title='bbox 1936 3911 2039 3967; x_wconf 70' lang='lat' dir='ltr'><strong>bis.</strong></span> <span class='ocrx_word' id='word_1_689' title='bbox 2093 3909 2116 3948; x_wconf 77' lang='grc' dir='ltr'>¹ί</span> <span class='ocrx_word' id='word_1_690' title='bbox 2147 3910 2277 3975; x_wconf 91' lang='lat' dir='ltr'><strong>suis,</strong></span> <span class='ocrx_word' id='word_1_691' title='bbox 2310 3925 2375 3965; x_wconf 89' lang='lat' dir='ltr'><strong>ac</strong></span> <span class='ocrx_word' id='word_1_692' title='bbox 2420 3911 2498 3964; x_wconf 89' lang='lat' dir='ltr'><strong>sic</strong></span> <span class='ocrx_word' id='word_1_693' title='bbox 2544 3910 2850 3979; x_wconf 83' lang='lat' dir='ltr'><strong>baptizatur</strong></span> <span class='ocrx_word' id='word_1_694' title='bbox 2892 3924 2983 3963; x_wconf 78' lang='lat' dir='ltr'><strong>VIII</strong></span> <span class='ocrx_word' id='word_1_695' title='bbox 3012 3908 3084 3961; x_wconf 88' lang='lat' dir='ltr'><strong>id.</strong></span> <span class='ocrx_word' id='word_1_696' title='bbox 3116 3905 3338 3962; x_wconf 90' lang='lat' dir='ltr'><strong>Januar.</strong></span> <span class='ocrx_word' id='word_1_697' title='bbox 3370 3908 3477 3973; x_wconf 90' lang='lat' dir='ltr'><strong>die,</strong></span> <span class='ocrx_word' id='word_1_698' title='bbox 3511 3923 3536 3959; x_wconf 81' lang='grc' dir='ltr'>ν</span> 
     </span>
    </p>
   </div>
   <div class='ocr_carea' id='block_1_86' title="bbox 1935 4001 3539 4074">
    <p class='ocr_par' dir='ltr' id='par_1_86' title="bbox 1935 4001 3539 4074">
     <span class='ocr_line' id='line_1_86' title="bbox 1935 4001 3539 4074; baseline -0.002 -15"><span class='ocrx_word' id='word_1_699' title='bbox 1935 4005 2092 4073; x_wconf 77' lang='lat' dir='ltr'><strong>feria,</strong></span> <span class='ocrx_word' id='word_1_700' title='bbox 2132 4014 2189 4059; x_wconf 92' lang='lat' dir='ltr'><strong>et</strong></span> <span class='ocrx_word' id='word_1_701' title='bbox 2215 4019 2403 4074; x_wconf 88' lang='lat' dir='ltr'><strong>passus</strong></span> <span class='ocrx_word' id='word_1_702' title='bbox 2427 4011 2531 4067; x_wconf 90' lang='lat' dir='ltr'><strong>est,</strong></span> <span class='ocrx_word' id='word_1_703' title='bbox 2576 4012 2634 4057; x_wconf 89' lang='lat' dir='ltr'><strong>ut</strong></span> <span class='ocrx_word' id='word_1_704' title='bbox 2662 4002 2912 4072; x_wconf 87' lang='lat' dir='ltr'><strong>superius</strong></span> <span class='ocrx_word' id='word_1_705' title='bbox 2939 4002 3069 4067; x_wconf 82' lang='lat' dir='ltr'><strong>dixi,</strong></span> <span class='ocrx_word' id='word_1_706' title='bbox 3113 4017 3205 4056; x_wconf 87' lang='lat' dir='ltr'><strong>vm</strong></span> <span class='ocrx_word' id='word_1_707' title='bbox 3233 4001 3339 4057; x_wconf 90' lang='lat' dir='ltr'><strong>cal.</strong></span> <span class='ocrx_word' id='word_1_708' title='bbox 3366 4001 3539 4071; x_wconf 89' lang='lat' dir='ltr'><strong>April.</strong></span> 
     </span>
    </p>
   </div>
   <div class='ocr_carea' id='block_1_87' title="bbox 1936 4091 3539 4159">
    <p class='ocr_par' dir='ltr' id='par_1_87' title="bbox 1936 4091 3539 4159">
     <span class='ocr_line' id='line_1_87' title="bbox 1936 4091 3539 4159; baseline -0.002 -9"><span class='ocrx_word' id='word_1_709' title='bbox 1936 4110 1989 4150; x_wconf 75' lang='lat' dir='ltr'><strong>vr</strong></span> <span class='ocrx_word' id='word_1_710' title='bbox 2020 4094 2168 4149; x_wconf 76' lang='lat' dir='ltr'><strong>feria.</strong></span> <span class='ocrx_word' id='word_1_711' title='bbox 2202 4094 2336 4149; x_wconf 91' lang='lat' dir='ltr'><strong>Cum</strong></span> <span class='ocrx_word' id='word_1_712' title='bbox 2365 4094 2471 4149; x_wconf 81' lang='lat' dir='ltr'><strong>bis.</strong></span> <span class='ocrx_word' id='word_1_713' title='bbox 2503 4094 2615 4147; x_wconf 89' lang='lat' dir='ltr'><strong>suis</strong></span> <span class='ocrx_word' id='word_1_714' title='bbox 2659 4091 2789 4146; x_wconf 89' lang='lat' dir='ltr'><strong>ﬁunt</strong></span> <span class='ocrx_word' id='word_1_715' title='bbox 2832 4092 2990 4146; x_wconf 90' lang='lat' dir='ltr'><strong>simul</strong></span> <span class='ocrx_word' id='word_1_716' title='bbox 3018 4092 3133 4147; x_wconf 90' lang='lat' dir='ltr'><strong>dies</strong></span> <span class='ocrx_word' id='word_1_717' title='bbox 3160 4106 3458 4159; x_wconf 87' lang='lat' dir='ltr'><strong>xuccccxv,</strong></span> <span class='ocrx_word' id='word_1_718' title='bbox 3486 4099 3539 4146; x_wconf 87' lang='lat' dir='ltr'><strong>et</strong></span> 
     </span>
    </p>
   </div>
   <div class='ocr_carea' id='block_1_88' title="bbox 1938 4184 3198 4258">
    <p class='ocr_par' dir='ltr' id='par_1_88' title="bbox 1938 4184 3198 4258">
     <span class='ocr_line' id='line_1_88' title="bbox 1938 4184 3198 4258; baseline -0.001 -18"><span class='ocrx_word' id='word_1_719' title='bbox 1938 4184 2052 4258; x_wconf 74' lang='lat' dir='ltr'><strong>(ab)</strong></span> <span class='ocrx_word' id='word_1_720' title='bbox 2079 4202 2169 4243; x_wconf 85' lang='lat' dir='ltr'><strong>vnt</strong></span> <span class='ocrx_word' id='word_1_721' title='bbox 2194 4186 2267 4242; x_wconf 88' lang='lat' dir='ltr'><strong>id.</strong></span> <span class='ocrx_word' id='word_1_722' title='bbox 2298 4184 2419 4241; x_wconf 89' lang='lat' dir='ltr'><strong>Jan.</strong></span> <span class='ocrx_word' id='word_1_723' title='bbox 2454 4187 2506 4239; x_wconf 92' lang='lat' dir='ltr'><strong>in</strong></span> <span class='ocrx_word' id='word_1_724' title='bbox 2537 4202 2627 4240; x_wconf 83' lang='lat' dir='ltr'><strong>VIII</strong></span> <span class='ocrx_word' id='word_1_725' title='bbox 2659 4184 2762 4240; x_wconf 87' lang='lat' dir='ltr'><strong>cal.</strong></span> <span class='ocrx_word' id='word_1_726' title='bbox 2799 4184 2926 4254; x_wconf 86' lang='lat' dir='ltr'><strong>Apr.</strong></span> <span class='ocrx_word' id='word_1_727' title='bbox 2961 4185 3076 4241; x_wconf 89' lang='lat' dir='ltr'><strong>dies</strong></span> <span class='ocrx_word' id='word_1_728' title='bbox 3110 4201 3198 4241; x_wconf 85' lang='lat' dir='ltr'><strong>xc.</strong></span> 
     </span>
    </p>
   </div>
   <div class='ocr_carea' id='block_1_89' title="bbox 2293 4296 3195 4354">
    <p class='ocr_par' dir='ltr' id='par_1_89' title="bbox 2293 4296 3195 4354">
     <span class='ocr_line' id='line_1_89' title="bbox 2293 4296 3195 4354; baseline 0 -3"><span class='ocrx_word' id='word_1_729' title='bbox 2293 4299 2428 4354; x_wconf 76' lang='lat' dir='ltr'><strong>Anc.</strong></span> <span class='ocrx_word' id='word_1_730' title='bbox 2469 4296 2607 4351; x_wconf 80' lang='lat' dir='ltr'><strong>XVI.</strong></span> <span class='ocrx_word' id='word_1_731' title='bbox 2641 4297 2717 4351; x_wconf 85' lang='lat' dir='ltr'><strong>De</strong></span> <span class='ocrx_word' id='word_1_732' title='bbox 2739 4299 2939 4353; x_wconf 84' lang='lat' dir='ltr'><strong>ratione</strong></span> <span class='ocrx_word' id='word_1_733' title='bbox 2962 4297 3195 4353; x_wconf 76' lang='lat' dir='ltr'><strong>bissexti.</strong></span> 
     </span>
    </p>
   </div>
   <div class='ocr_carea' id='block_1_90' title="bbox 2012 4388 3537 4461">
    <p class='ocr_par' dir='ltr' id='par_1_90' title="bbox 2012 4388 3537 4461">
     <span class='ocr_line' id='line_1_90' title="bbox 2012 4388 3537 4461; baseline 0.003 -19"><span class='ocrx_word' id='word_1_734' title='bbox 2012 4388 2313 4445; x_wconf 83' lang='lat' dir='ltr'><strong>Bissextum</strong></span> <span class='ocrx_word' id='word_1_735' title='bbox 2345 4404 2453 4443; x_wconf 93' lang='lat' dir='ltr'><strong>non</strong></span> <span class='ocrx_word' id='word_1_736' title='bbox 2480 4390 2551 4444; x_wconf 89' lang='lat' dir='ltr'><strong>ob</strong></span> <span class='ocrx_word' id='word_1_737' title='bbox 2580 4390 2729 4443; x_wconf 91' lang='lat' dir='ltr'><strong>illum</strong></span> <span class='ocrx_word' id='word_1_738' title='bbox 2759 4390 2899 4444; x_wconf 89' lang='lat' dir='ltr'><strong>diem</strong></span> <span class='ocrx_word' id='word_1_739' title='bbox 2926 4391 3057 4455; x_wconf 88' lang='lat' dir='ltr'><strong>lieri,</strong></span> <span class='ocrx_word' id='word_1_740' title='bbox 3092 4400 3148 4445; x_wconf 91' lang='lat' dir='ltr'><strong>ut</strong></span> <span class='ocrx_word' id='word_1_741' title='bbox 3170 4391 3390 4459; x_wconf 89' lang='lat' dir='ltr'><strong>quidam</strong></span> <span class='ocrx_word' id='word_1_742' title='bbox 3439 4407 3537 4461; x_wconf 64' lang='grc' dir='ltr'><strong>ρας</strong></span> 
     </span>
    </p>
   </div>
   <div class='ocr_carea' id='block_1_91' title="bbox 1940 4481 3535 4553">
    <p class='ocr_par' dir='ltr' id='par_1_91' title="bbox 1940 4481 3535 4553">
     <span class='ocr_line' id='line_1_91' title="bbox 1940 4481 3535 4553; baseline 0.002 -17"><span class='ocrx_word' id='word_1_743' title='bbox 1940 4490 2077 4550; x_wconf 83' lang='lat' dir='ltr'><strong>tant,</strong></span> <span class='ocrx_word' id='word_1_744' title='bbox 2104 4498 2212 4553; x_wconf 91' lang='lat' dir='ltr'><strong>quo</strong></span> <span class='ocrx_word' id='word_1_745' title='bbox 2240 4481 2403 4537; x_wconf 91' lang='lat' dir='ltr'><strong>Josua</strong></span> <span class='ocrx_word' id='word_1_746' title='bbox 2438 4483 2612 4537; x_wconf 82' lang='lat' dir='ltr'><strong>oravit</strong></span> <span class='ocrx_word' id='word_1_747' title='bbox 2651 4485 2820 4538; x_wconf 91' lang='lat' dir='ltr'><strong>solem</strong></span> <span class='ocrx_word' id='word_1_748' title='bbox 2874 4492 3037 4549; x_wconf 87' lang='lat' dir='ltr'><strong>stare,</strong></span> <span class='ocrx_word' id='word_1_749' title='bbox 3064 4486 3387 4539; x_wconf 88' lang='lat' dir='ltr'><strong>credendum</strong></span> <span class='ocrx_word' id='word_1_750' title='bbox 3417 4496 3499 4539; x_wconf 82' lang='lat' dir='ltr'><strong>est</strong></span> <span class='ocrx_word' id='word_1_751' title='bbox 3524 4506 3535 4539; x_wconf 88' lang='lat'><em>:</em></span> 
     </span>
    </p>
   </div>
   <div class='ocr_carea' id='block_1_92' title="bbox 1942 4574 3539 4645">
    <p class='ocr_par' dir='ltr' id='par_1_92' title="bbox 1942 4574 3539 4645">
     <span class='ocr_line' id='line_1_92' title="bbox 1942 4574 3539 4645; baseline 0.001 -15"><span class='ocrx_word' id='word_1_752' title='bbox 1942 4577 2068 4644; x_wconf 89' lang='lat' dir='ltr'><strong>quia</strong></span> <span class='ocrx_word' id='word_1_753' title='bbox 2090 4576 2205 4630; x_wconf 91' lang='lat' dir='ltr'><strong>dies</strong></span> <span class='ocrx_word' id='word_1_754' title='bbox 2227 4576 2316 4631; x_wconf 90' lang='lat' dir='ltr'><strong>ille</strong></span> <span class='ocrx_word' id='word_1_755' title='bbox 2344 4586 2399 4631; x_wconf 88' lang='lat' dir='ltr'><strong>et</strong></span> <span class='ocrx_word' id='word_1_756' title='bbox 2425 4574 2544 4643; x_wconf 76' lang='lat' dir='ltr'><strong>fuit,</strong></span> <span class='ocrx_word' id='word_1_757' title='bbox 2576 4586 2630 4631; x_wconf 91' lang='lat' dir='ltr'><strong>et</strong></span> <span class='ocrx_word' id='word_1_758' title='bbox 2656 4578 2933 4645; x_wconf 72' lang='lat' dir='ltr'><strong>pneteriit.</strong></span> <span class='ocrx_word' id='word_1_759' title='bbox 2962 4577 3070 4632; x_wconf 88' lang='lat' dir='ltr'><strong>Sed</strong></span> <span class='ocrx_word' id='word_1_760' title='bbox 3100 4579 3169 4631; x_wconf 88' lang='lat' dir='ltr'><strong>ab</strong></span> <span class='ocrx_word' id='word_1_761' title='bbox 3212 4579 3314 4632; x_wconf 88' lang='lat' dir='ltr'><strong>hoc</strong></span> <span class='ocrx_word' id='word_1_762' title='bbox 3344 4579 3539 4633; x_wconf 86' lang='lat' dir='ltr'><strong>dicitur</strong></span> 
     </span>
    </p>
   </div>
   <div class='ocr_carea' id='block_1_93' title="bbox 223 4641 3538 4742">
    <p class='ocr_par' dir='ltr' id='par_1_93' title="bbox 223 4641 3538 4742">
     <span class='ocr_line' id='line_1_93' title="bbox 223 4641 3538 4742; baseline 0.01 -47"><span class='ocrx_word' id='word_1_763' title='bbox 223 4653 345 4698; x_wconf 82' lang='lat' dir='ltr'><strong>etas</strong></span> <span class='ocrx_word' id='word_1_764' title='bbox 372 4644 535 4711; x_wconf 88' lang='lat' dir='ltr'><strong>cujus</strong></span> <span class='ocrx_word' id='word_1_765' title='bbox 576 4646 810 4702; x_wconf 88' lang='lat' dir='ltr'><strong>volueris</strong></span> <span class='ocrx_word' id='word_1_766' title='bbox 856 4650 984 4703; x_wconf 89' lang='lat' dir='ltr'><strong>anni</strong></span> <span class='ocrx_word' id='word_1_767' title='bbox 1032 4650 1285 4717; x_wconf 90' lang='lat' dir='ltr'><strong>deducas,</strong></span> <span class='ocrx_word' id='word_1_768' title='bbox 1345 4664 1401 4708; x_wconf 91' lang='lat' dir='ltr'><strong>et</strong></span> <span class='ocrx_word' id='word_1_769' title='bbox 1453 4666 1841 4711; x_wconf 74' lang='lat' dir='ltr'><strong>concurrentes</strong></span> <span class='ocrx_word' id='word_1_770' title='bbox 1876 4641 1917 4695; x_wconf 67' lang='grc' dir='ltr'><strong>Ι)</strong></span> <span class='ocrx_word' id='word_1_771' title='bbox 1944 4641 2231 4737; x_wconf 48' lang='lat' dir='ltr'><strong>bissenus,</strong></span> <span class='ocrx_word' id='word_1_772' title='bbox 2263 4671 2407 4742; x_wconf 79' lang='lat' dir='ltr'><strong>quod</strong></span> <span class='ocrx_word' id='word_1_773' title='bbox 2454 4672 2505 4724; x_wconf 84' lang='lat' dir='ltr'><strong>in</strong></span> <span class='ocrx_word' id='word_1_774' title='bbox 2530 4641 2978 4741; x_wconf 70' lang='lat' dir='ltr'><strong>unumquemque</strong></span> <span class='ocrx_word' id='word_1_775' title='bbox 3030 4686 3269 4726; x_wconf 88' lang='lat' dir='ltr'><strong>mensem</strong></span> <span class='ocrx_word' id='word_1_776' title='bbox 3311 4682 3538 4742; x_wconf 80' lang='lat' dir='ltr'><strong>punctus</strong></span> 
     </span>
    </p>
   </div>
   <div class='ocr_carea' id='block_1_94' title="bbox 222 4734 1835 4814">
    <p class='ocr_par' dir='ltr' id='par_1_94' title="bbox 222 4734 1835 4814">
     <span class='ocr_line' id='line_1_94' title="bbox 222 4734 1835 4814; baseline 0.011 -28"><span class='ocrx_word' id='word_1_777' title='bbox 222 4734 477 4803; x_wconf 83' lang='lat' dir='ltr'><strong>adjicias,</strong></span> <span class='ocrx_word' id='word_1_778' title='bbox 511 4746 567 4791; x_wconf 90' lang='lat' dir='ltr'><strong>et</strong></span> <span class='ocrx_word' id='word_1_779' title='bbox 594 4737 645 4791; x_wconf 91' lang='lat' dir='ltr'><strong>in</strong></span> <span class='ocrx_word' id='word_1_780' title='bbox 672 4736 777 4794; x_wconf 88' lang='lat' dir='ltr'><strong>ﬁne</strong></span> <span class='ocrx_word' id='word_1_781' title='bbox 828 4756 1082 4811; x_wconf 87' lang='lat' dir='ltr'><strong>:semper</strong></span> <span class='ocrx_word' id='word_1_782' title='bbox 1120 4759 1173 4797; x_wconf 78' lang='lat' dir='ltr'><strong>iv</strong></span> <span class='ocrx_word' id='word_1_783' title='bbox 1201 4744 1475 4813; x_wconf 77' lang='lat' dir='ltr'><strong>regulares</strong></span> <span class='ocrx_word' id='word_1_784' title='bbox 1505 4758 1835 4814; x_wconf 75' lang='lat' dir='ltr'><strong>augmeutes.</strong></span> 
     </span>
    </p>
   </div>
   <div class='ocr_carea' id='block_1_95' title="bbox 222 4824 1841 4906">
    <p class='ocr_par' dir='ltr' id='par_1_95' title="bbox 222 4824 1841 4906">
     <span class='ocr_line' id='line_1_95' title="bbox 222 4824 1841 4906; baseline 0.009 -27"><span class='ocrx_word' id='word_1_785' title='bbox 222 4824 403 4891; x_wconf 80' lang='lat' dir='ltr'><strong>Aprili</strong></span> <span class='ocrx_word' id='word_1_786' title='bbox 437 4843 568 4882; x_wconf 89' lang='lat' dir='ltr'><strong>vero</strong></span> <span class='ocrx_word' id='word_1_787' title='bbox 592 4844 777 4885; x_wconf 90' lang='lat' dir='ltr'><strong>mense</strong></span> <span class='ocrx_word' id='word_1_788' title='bbox 800 4846 1018 4901; x_wconf 90' lang='lat' dir='ltr'><strong>semper</strong></span> <span class='ocrx_word' id='word_1_789' title='bbox 1059 4849 1201 4887; x_wconf 87' lang='lat' dir='ltr'><strong>xxxv</strong></span> <span class='ocrx_word' id='word_1_790' title='bbox 1253 4834 1305 4889; x_wconf 91' lang='lat' dir='ltr'><strong>in</strong></span> <span class='ocrx_word' id='word_1_791' title='bbox 1355 4837 1534 4906; x_wconf 87' lang='lat' dir='ltr'><strong>capite</strong></span> <span class='ocrx_word' id='word_1_792' title='bbox 1581 4848 1726 4903; x_wconf 88' lang='lat' dir='ltr'><strong>tene,</strong></span> <span class='ocrx_word' id='word_1_793' title='bbox 1774 4856 1841 4893; x_wconf 80' lang='lat' dir='ltr'><strong>ex</strong></span> 
     </span>
    </p>
   </div>
   <div class='ocr_carea' id='block_1_96' title="bbox 222 4916 1840 4997">
    <p class='ocr_par' dir='ltr' id='par_1_96' title="bbox 222 4916 1840 4997">
     <span class='ocr_line' id='line_1_96' title="bbox 222 4916 1840 4997; baseline 0.008 -28"><span class='ocrx_word' id='word_1_794' title='bbox 222 4916 447 4985; x_wconf 83' lang='lat' dir='ltr'><strong>quibus,</strong></span> <span class='ocrx_word' id='word_1_795' title='bbox 490 4925 550 4972; x_wconf 92' lang='lat' dir='ltr'><strong>ut</strong></span> <span class='ocrx_word' id='word_1_796' title='bbox 576 4920 910 4989; x_wconf 88' lang='lat' dir='ltr'><strong>supradictas</strong></span> <span class='ocrx_word' id='word_1_797' title='bbox 931 4921 954 4957; x_wconf 75' lang='grc' dir='ltr'>ἀ</span> <span class='ocrx_word' id='word_1_798' title='bbox 982 4933 1222 4993; x_wconf 90' lang='lat' dir='ltr'><strong>epactas,</strong></span> <span class='ocrx_word' id='word_1_799' title='bbox 1254 4934 1307 4980; x_wconf 90' lang='lat' dir='ltr'><strong>et</strong></span> <span class='ocrx_word' id='word_1_800' title='bbox 1335 4926 1571 4996; x_wconf 84' lang='lat' dir='ltr'><strong>adjectus</strong></span> <span class='ocrx_word' id='word_1_801' title='bbox 1601 4928 1840 4997; x_wconf 85' lang='lat' dir='ltr'><strong>ejusdem</strong></span> 
     </span>
    </p>
   </div>
   <div class='ocr_carea' id='block_1_97' title="bbox 307 5128 1840 5224">
    <p class='ocr_par' dir='ltr' id='par_1_97' title="bbox 307 5128 1840 5224">
     <span class='ocr_line' id='line_1_97' title="bbox 307 5128 1840 5224; baseline 0.014 -41"><span class='ocrx_word' id='word_1_802' title='bbox 307 5128 556 5224; x_wconf 45' lang='lat' dir='ltr'><strong>icodex</strong></span> <span class='ocrx_word' id='word_1_803' title='bbox 592 5132 1026 5224; x_wconf 57' lang='lat' dir='ltr'><strong>Cotton.,nquota</strong></span> <span class='ocrx_word' id='word_1_804' title='bbox 1071 5140 1240 5209; x_wconf 77' lang='lat' dir='ltr'><strong>fuerat</strong></span> <span class='ocrx_word' id='word_1_805' title='bbox 1278 5141 1498 5224; x_wconf 70' lang='lat' dir='ltr'><strong>singulis</strong></span> <span class='ocrx_word' id='word_1_806' title='bbox 1546 5146 1699 5224; x_wconf 79' lang='lat' dir='ltr'><strong>annis</strong></span> <span class='ocrx_word' id='word_1_807' title='bbox 1731 5163 1840 5204; x_wconf 86' lang='lat' dir='ltr'><strong>xnu</strong></span> 
     </span>
    </p>
   </div>
   <div class='ocr_carea' id='block_1_98' title="bbox 221 5200 1840 5287">
    <p class='ocr_par' dir='ltr' id='par_1_98' title="bbox 221 5200 1840 5287">
     <span class='ocr_line' id='line_1_98' title="bbox 221 5200 1840 5287; baseline 0.014 -38"><span class='ocrx_word' id='word_1_808' title='bbox 221 5200 362 5287; x_wconf 67' lang='lat' dir='ltr'><strong>(una</strong></span> <span class='ocrx_word' id='word_1_809' title='bbox 382 5203 670 5287; x_wconf 46' lang='lat' dir='ltr'><strong>paschalis.</strong></span> <span class='ocrx_word' id='word_1_810' title='bbox 696 5204 804 5287; x_wconf 71' lang='lat' dir='ltr'><strong>_Nos</strong></span> <span class='ocrx_word' id='word_1_811' title='bbox 827 5200 1174 5287; x_wconf 63' lang='lat' dir='ltr'><strong>Digbzeanum</strong></span> <span class='ocrx_word' id='word_1_812' title='bbox 1216 5200 1389 5287; x_wconf 65' lang='lat' dir='ltr'><strong>secuti</strong></span> <span class='ocrx_word' id='word_1_813' title='bbox 1415 5229 1623 5287; x_wconf 77' lang='lat' dir='ltr'><strong>sumus,</strong></span> <span class='ocrx_word' id='word_1_814' title='bbox 1651 5216 1703 5270; x_wconf 92' lang='lat' dir='ltr'><strong>in</strong></span> <span class='ocrx_word' id='word_1_815' title='bbox 1733 5200 1840 5287; x_wconf 70' lang='lat' dir='ltr'><strong>quo</strong></span> 
     </span>
    </p>
   </div>
   <div class='ocr_carea' id='block_1_99' title="bbox 222 5272 1838 5351">
    <p class='ocr_par' dir='ltr' id='par_1_99' title="bbox 222 5272 1838 5351">
     <span class='ocr_line' id='line_1_99' title="bbox 222 5272 1838 5351; baseline 0.016 -32"><span class='ocrx_word' id='word_1_816' title='bbox 222 5272 460 5351; x_wconf 65' lang='lat' dir='ltr'><strong>verbum</strong></span> <span class='ocrx_word' id='word_1_817' title='bbox 485 5274 571 5351; x_wconf 63' lang='lat' dir='ltr'><strong>sit,</strong></span> <span class='ocrx_word' id='word_1_818' title='bbox 622 5282 715 5327; x_wconf 91' lang='lat' dir='ltr'><strong>aut</strong></span> <span class='ocrx_word' id='word_1_819' title='bbox 762 5272 937 5333; x_wconf 76' lang='lat' dir='ltr'><strong>simile</strong></span> <span class='ocrx_word' id='word_1_820' title='bbox 982 5280 1255 5351; x_wconf 77' lang='lat' dir='ltr'><strong>quidpiam</strong></span> <span class='ocrx_word' id='word_1_821' title='bbox 1301 5272 1726 5343; x_wconf 83' lang='lat' dir='ltr'><strong>subaudiendum</strong></span> <span class='ocrx_word' id='word_1_822' title='bbox 1752 5272 1838 5345; x_wconf 58' lang='lat' dir='ltr'><strong>&#39;vel</strong></span> 
     </span>
    </p>
   </div>
   <div class='ocr_carea' id='block_1_100' title="bbox 219 5341 725 5410">
    <p class='ocr_par' dir='ltr' id='par_1_100' title="bbox 219 5341 725 5410">
     <span class='ocr_line' id='line_1_100' title="bbox 219 5341 725 5410; baseline 0.008 -15"><span class='ocrx_word' id='word_1_823' title='bbox 219 5341 592 5410; x_wconf 78' lang='lat' dir='ltr'><strong>supplendum</strong></span> <span class='ocrx_word' id='word_1_824' title='bbox 623 5355 725 5399; x_wconf 90' lang='lat' dir='ltr'><strong>est.</strong></span> 
     </span>
    </p>
   </div>
   <div class='ocr_carea' id='block_1_101' title="bbox 307 5412 1168 5487">
    <p class='ocr_par' dir='ltr' id='par_1_101' title="bbox 307 5412 1168 5487">
     <span class='ocr_line' id='line_1_101' title="bbox 307 5412 1168 5487; baseline 0.01 -24"><span class='ocrx_word' id='word_1_825' title='bbox 307 5416 334 5448; x_wconf 71' lang='grc' dir='ltr'>δ</span> <span class='ocrx_word' id='word_1_826' title='bbox 360 5412 461 5487; x_wconf 54' lang='grc' dir='ltr'><strong>με.</strong></span> <span class='ocrx_word' id='word_1_827' title='bbox 496 5414 677 5482; x_wconf 86' lang='lat' dir='ltr'><strong>Digb.,</strong></span> <span class='ocrx_word' id='word_1_828' title='bbox 704 5433 826 5472; x_wconf 86' lang='lat' dir='ltr'><strong>suas</strong></span> <span class='ocrx_word' id='word_1_829' title='bbox 855 5434 910 5473; x_wconf 81' lang='lat' dir='ltr'><strong>xi</strong></span> <span class='ocrx_word' id='word_1_830' title='bbox 942 5429 1168 5487; x_wconf 86' lang='lat' dir='ltr'><strong>epactas.</strong></span> 
     </span>
    </p>
   </div>
   <div class='ocr_carea' id='block_1_102' title="bbox 305 5480 1737 5555">
    <p class='ocr_par' dir='ltr' id='par_1_102' title="bbox 305 5480 1737 5555">
     <span class='ocr_line' id='line_1_102' title="bbox 305 5480 1737 5555; baseline 0.014 -21"><span class='ocrx_word' id='word_1_831' title='bbox 305 5493 333 5555; x_wconf 59' lang='grc' dir='ltr'>τ</span> <span class='ocrx_word' id='word_1_832' title='bbox 359 5480 470 5555; x_wconf 71' lang='lat' dir='ltr'><strong>llas</strong></span> <span class='ocrx_word' id='word_1_833' title='bbox 501 5480 663 5539; x_wconf 75' lang='lat' dir='ltr'><strong>voces</strong></span> <span class='ocrx_word' id='word_1_834' title='bbox 697 5504 710 5539; x_wconf 91' lang='lat'>:</span> <span class='ocrx_word' id='word_1_835' title='bbox 742 5489 797 5541; x_wconf 88' lang='lat' dir='ltr'><strong>in</strong></span> <span class='ocrx_word' id='word_1_836' title='bbox 827 5506 885 5542; x_wconf 84' lang='lat' dir='ltr'><strong>eo</strong></span> <span class='ocrx_word' id='word_1_837' title='bbox 906 5480 1101 5555; x_wconf 71' lang='lat' dir='ltr'><strong>mense,</strong></span> <span class='ocrx_word' id='word_1_838' title='bbox 1134 5507 1236 5545; x_wconf 92' lang='lat' dir='ltr'><strong>ms.</strong></span> <span class='ocrx_word' id='word_1_839' title='bbox 1268 5492 1485 5550; x_wconf 87' lang='lat' dir='ltr'><strong>Cotton.</strong></span> <span class='ocrx_word' id='word_1_840' title='bbox 1518 5498 1737 5553; x_wconf 87' lang='lat' dir='ltr'><strong>omittit.</strong></span> 
     </span>
    </p>
   </div>
   <div class='ocr_carea' id='block_1_103' title="bbox 304 5552 1106 5626">
    <p class='ocr_par' dir='ltr' id='par_1_103' title="bbox 304 5552 1106 5626">
     <span class='ocr_line' id='line_1_103' title="bbox 304 5552 1106 5626; baseline 0.01 -21"><span class='ocrx_word' id='word_1_841' title='bbox 304 5552 333 5589; x_wconf 71' lang='grc' dir='ltr'>ά</span> <span class='ocrx_word' id='word_1_842' title='bbox 369 5552 621 5626; x_wconf 59' lang='lat' dir='ltr'><strong>Cottum,</strong></span> <span class='ocrx_word' id='word_1_843' title='bbox 650 5572 809 5626; x_wconf 70' lang='lat' dir='ltr'><strong>supra</strong></span> <span class='ocrx_word' id='word_1_844' title='bbox 838 5552 1106 5615; x_wconf 78' lang='lat' dir='ltr'><strong>deductas.</strong></span> 
     </span>
    </p>
   </div>
   <div class='ocr_carea' id='block_1_104' title="bbox 309 5623 988 5687">
    <p class='ocr_par' dir='ltr' id='par_1_104' title="bbox 309 5623 988 5687">
     <span class='ocr_line' id='line_1_104' title="bbox 309 5623 988 5687; baseline 0.009 -11"><span class='ocrx_word' id='word_1_845' title='bbox 309 5636 332 5660; x_wconf 70' lang='grc' dir='ltr'><strong>ε</strong></span> <span class='ocrx_word' id='word_1_846' title='bbox 365 5623 507 5677; x_wconf 78' lang='lat' dir='ltr'><strong>Cod.</strong></span> <span class='ocrx_word' id='word_1_847' title='bbox 539 5623 781 5687; x_wconf 75' lang='lat' dir='ltr'><strong>C0lt0it.,</strong></span> <span class='ocrx_word' id='word_1_848' title='bbox 814 5629 988 5682; x_wconf 80' lang='lat' dir='ltr'><strong>latius.</strong></span> 
     </span>
    </p>
   </div>
   <div class='ocr_carea' id='block_1_105' title="bbox 310 5693 1330 5774">
    <p class='ocr_par' dir='ltr' id='par_1_105' title="bbox 310 5693 1330 5774">
     <span class='ocr_line' id='line_1_105' title="bbox 310 5693 1330 5774; baseline 0.013 -29"><span class='ocrx_word' id='word_1_849' title='bbox 310 5694 329 5730; x_wconf 68' lang='grc' dir='ltr'><em>τ</em></span> <span class='ocrx_word' id='word_1_850' title='bbox 360 5693 441 5774; x_wconf 69' lang='lat' dir='ltr'><strong>Ita</strong></span> <span class='ocrx_word' id='word_1_851' title='bbox 472 5694 649 5763; x_wconf 85' lang='lat' dir='ltr'><strong>Digh.;</strong></span> <span class='ocrx_word' id='word_1_852' title='bbox 681 5699 777 5752; x_wconf 84' lang='lat' dir='ltr'><strong>sed</strong></span> <span class='ocrx_word' id='word_1_853' title='bbox 797 5697 1041 5774; x_wconf 68' lang='lat' dir='ltr'><strong>Cotton.,</strong></span> <span class='ocrx_word' id='word_1_854' title='bbox 1073 5705 1330 5774; x_wconf 76' lang='lat' dir='ltr'><strong>congruit.</strong></span> 
     </span>
    </p>
   </div>
   <div class='ocr_carea' id='block_1_106' title="bbox 304 5763 1836 5845">
    <p class='ocr_par' dir='ltr' id='par_1_106' title="bbox 304 5763 1836 5845">
     <span class='ocr_line' id='line_1_106' title="bbox 304 5763 1836 5845; baseline 0.015 -33"><span class='ocrx_word' id='word_1_855' title='bbox 304 5777 329 5810; x_wconf 79' lang='grc' dir='ltr'><em>ε</em></span> <span class='ocrx_word' id='word_1_856' title='bbox 364 5763 444 5845; x_wconf 71' lang='lat' dir='ltr'><strong>ita</strong></span> <span class='ocrx_word' id='word_1_857' title='bbox 488 5775 716 5845; x_wconf 75' lang='lat' dir='ltr'><strong>uterque</strong></span> <span class='ocrx_word' id='word_1_858' title='bbox 760 5763 1086 5845; x_wconf 80' lang='lat' dir='ltr'><strong>codex;</strong></span> <span class='ocrx_word' id='word_1_859' title='bbox 1136 5763 1361 5831; x_wconf 61' lang='lat' dir='ltr'><strong>fo&#39;rtasse</strong></span> <span class='ocrx_word' id='word_1_860' title='bbox 1408 5776 1711 5845; x_wconf 85' lang='lat' dir='ltr'><strong>legendum,</strong></span> <span class='ocrx_word' id='word_1_861' title='bbox 1744 5781 1836 5835; x_wconf 82' lang='lat' dir='ltr'><strong>de-</strong></span> 
     </span>
    </p>
   </div>
   <div class='ocr_carea' id='block_1_107' title="bbox 220 5836 1474 5917">
    <p class='ocr_par' dir='ltr' id='par_1_107' title="bbox 220 5836 1474 5917">
     <span class='ocr_line' id='line_1_107' title="bbox 220 5836 1474 5917; baseline 0.012 -31"><span class='ocrx_word' id='word_1_862' title='bbox 220 5844 253 5886; x_wconf 74' lang='lat' dir='ltr'><strong>t:</strong></span> <span class='ocrx_word' id='word_1_863' title='bbox 282 5837 409 5917; x_wconf 48' lang='lat' dir='ltr'><strong>«(is</strong></span> <span class='ocrx_word' id='word_1_864' title='bbox 435 5836 657 5917; x_wconf 51' lang='lat' dir='ltr'><strong>(pactis,</strong></span> <span class='ocrx_word' id='word_1_865' title='bbox 680 5846 801 5899; x_wconf 87' lang='lat' dir='ltr'><strong>aut,</strong></span> <span class='ocrx_word' id='word_1_866' title='bbox 834 5848 949 5906; x_wconf 80' lang='lat' dir='ltr'><strong>post</strong></span> <span class='ocrx_word' id='word_1_867' title='bbox 978 5841 1219 5917; x_wconf 59' lang='lat' dir='ltr'><strong>deductas</strong></span> <span class='ocrx_word' id='word_1_868' title='bbox 1248 5836 1474 5917; x_wconf 58' lang='lat' dir='ltr'><strong>epodos:</strong></span> 
     </span>
    </p>
   </div>
   <div class='ocr_carea' id='block_1_108' title="bbox 303 5906 1837 5989">
    <p class='ocr_par' dir='ltr' id='par_1_108' title="bbox 303 5906 1837 5989">
     <span class='ocr_line' id='line_1_108' title="bbox 303 5906 1837 5989; baseline 0.014 -34"><span class='ocrx_word' id='word_1_869' title='bbox 303 5916 328 5941; x_wconf 69' lang='grc' dir='ltr'><strong>ιι</strong></span> <span class='ocrx_word' id='word_1_870' title='bbox 369 5906 594 5959; x_wconf 82' lang='lat' dir='ltr'><strong>Cotton.</strong></span> <span class='ocrx_word' id='word_1_871' title='bbox 626 5907 695 5961; x_wconf 83' lang='lat' dir='ltr'><strong>ita</strong></span> <span class='ocrx_word' id='word_1_872' title='bbox 734 5926 744 5959; x_wconf 89' lang='lat'>:</span> <span class='ocrx_word' id='word_1_873' title='bbox 780 5914 1101 5979; x_wconf 63' lang='lat' dir='ltr'><strong>remanserit,</strong></span> <span class='ocrx_word' id='word_1_874' title='bbox 1130 5915 1183 5968; x_wconf 80' lang='lat' dir='ltr'><strong>id</strong></span> <span class='ocrx_word' id='word_1_875' title='bbox 1219 5906 1311 5989; x_wconf 67' lang='lat' dir='ltr'><strong>esi,</strong></span> <span class='ocrx_word' id='word_1_876' title='bbox 1339 5928 1411 5976; x_wconf 89' lang='lat' dir='ltr'><strong>tot</strong></span> <span class='ocrx_word' id='word_1_877' title='bbox 1443 5919 1551 5975; x_wconf 83' lang='lat' dir='ltr'><strong>dies</strong></span> <span class='ocrx_word' id='word_1_878' title='bbox 1582 5924 1773 5980; x_wconf 77' lang='lat' dir='ltr'><strong>mensis</strong></span> <span class='ocrx_word' id='word_1_879' title='bbox 1806 5942 1837 5977; x_wconf 92' lang='lat' dir='ltr'><strong>a</strong></span> 
     </span>
    </p>
   </div>
   <div class='ocr_carea' id='block_1_109' title="bbox 1945 4762 3538 4834">
    <p class='ocr_par' dir='ltr' id='par_1_109' title="bbox 1945 4762 3538 4834">
     <span class='ocr_line' id='line_1_109' title="bbox 1945 4762 3538 4834; baseline 0.003 -17"><span class='ocrx_word' id='word_1_880' title='bbox 1945 4779 2085 4818; x_wconf 89' lang='lat' dir='ltr'><strong>unus</strong></span> <span class='ocrx_word' id='word_1_881' title='bbox 2109 4763 2390 4819; x_wconf 89' lang='lat' dir='ltr'><strong>accrescit.</strong></span> <span class='ocrx_word' id='word_1_882' title='bbox 2421 4762 2658 4818; x_wconf 90' lang='lat' dir='ltr'><strong>Punctus</strong></span> <span class='ocrx_word' id='word_1_883' title='bbox 2686 4780 2815 4818; x_wconf 89' lang='lat' dir='ltr'><strong>vero</strong></span> <span class='ocrx_word' id='word_1_884' title='bbox 2846 4779 2982 4818; x_wconf 91' lang='lat' dir='ltr'><strong>unus</strong></span> <span class='ocrx_word' id='word_1_885' title='bbox 3005 4773 3197 4833; x_wconf 88' lang='lat' dir='ltr'><strong>quarta</strong></span> <span class='ocrx_word' id='word_1_886' title='bbox 3229 4780 3353 4834; x_wconf 88' lang='lat' dir='ltr'><strong>pars</strong></span> <span class='ocrx_word' id='word_1_887' title='bbox 3392 4766 3538 4821; x_wconf 74' lang='lat' dir='ltr'><strong>horm</strong></span> 
     </span>
    </p>
   </div>
   <div class='ocr_carea' id='block_1_110' title="bbox 1944 4852 3538 4928">
    <p class='ocr_par' dir='ltr' id='par_1_110' title="bbox 1944 4852 3538 4928">
     <span class='ocr_line' id='line_1_110' title="bbox 1944 4852 3538 4928; baseline 0.004 -21"><span class='ocrx_word' id='word_1_888' title='bbox 1944 4861 2047 4907; x_wconf 82' lang='lat' dir='ltr'><strong>est.</strong></span> <span class='ocrx_word' id='word_1_889' title='bbox 2064 4868 2115 4907; x_wconf 83' lang='lat' dir='ltr'><strong>IV</strong></span> <span class='ocrx_word' id='word_1_890' title='bbox 2131 4868 2259 4908; x_wconf 86' lang='lat' dir='ltr'><strong>vero</strong></span> <span class='ocrx_word' id='word_1_891' title='bbox 2281 4853 2464 4924; x_wconf 91' lang='lat' dir='ltr'><strong>puncti</strong></span> <span class='ocrx_word' id='word_1_892' title='bbox 2488 4869 2645 4907; x_wconf 90' lang='lat' dir='ltr'><strong>unam</strong></span> <span class='ocrx_word' id='word_1_893' title='bbox 2662 4852 2852 4907; x_wconf 90' lang='lat' dir='ltr'><strong>horam</strong></span> <span class='ocrx_word' id='word_1_894' title='bbox 2869 4852 3100 4921; x_wconf 81' lang='lat' dir='ltr'><strong>faciunt;</strong></span> <span class='ocrx_word' id='word_1_895' title='bbox 3120 4872 3194 4911; x_wconf 84' lang='lat' dir='ltr'><strong>xu</strong></span> <span class='ocrx_word' id='word_1_896' title='bbox 3207 4873 3338 4912; x_wconf 91' lang='lat' dir='ltr'><strong>vero</strong></span> <span class='ocrx_word' id='word_1_897' title='bbox 3355 4860 3538 4928; x_wconf 91' lang='lat' dir='ltr'><strong>puncti</strong></span> 
     </span>
    </p>
   </div>
   <div class='ocr_carea' id='block_1_111' title="bbox 1944 4943 3539 5023">
    <p class='ocr_par' dir='ltr' id='par_1_111' title="bbox 1944 4943 3539 5023">
     <span class='ocr_line' id='line_1_111' title="bbox 1944 4943 3539 5023; baseline 0.006 -25"><span class='ocrx_word' id='word_1_898' title='bbox 1944 4960 2002 5001; x_wconf 79' lang='lat' dir='ltr'><strong>tu</strong></span> <span class='ocrx_word' id='word_1_899' title='bbox 2023 4945 2187 5000; x_wconf 89' lang='lat' dir='ltr'><strong>horas</strong></span> <span class='ocrx_word' id='word_1_900' title='bbox 2212 4944 2503 5015; x_wconf 89' lang='lat' dir='ltr'><strong>explicant.</strong></span> <span class='ocrx_word' id='word_1_901' title='bbox 2528 4943 2671 5015; x_wconf 84' lang='lat' dir='ltr'><strong>Ergo</strong></span> <span class='ocrx_word' id='word_1_902' title='bbox 2699 4946 2751 5000; x_wconf 92' lang='lat' dir='ltr'><strong>in</strong></span> <span class='ocrx_word' id='word_1_903' title='bbox 2774 4962 2823 5001; x_wconf 80' lang='lat' dir='ltr'><strong>iv</strong></span> <span class='ocrx_word' id='word_1_904' title='bbox 2846 4947 3000 5002; x_wconf 90' lang='lat' dir='ltr'><strong>annis</strong></span> <span class='ocrx_word' id='word_1_905' title='bbox 3030 4956 3197 5003; x_wconf 71' lang='lat' dir='ltr'><strong>terna:</strong></span> <span class='ocrx_word' id='word_1_906' title='bbox 3227 4949 3392 5016; x_wconf 77' lang='lat' dir='ltr'><strong>bone,</strong></span> <span class='ocrx_word' id='word_1_907' title='bbox 3422 4967 3539 5023; x_wconf 71' lang='lat' dir='ltr'><strong>qum</strong></span> 
     </span>
    </p>
   </div>
   <div class='ocr_carea' id='block_1_112' title="bbox 1946 5149 3537 5224">
    <p class='ocr_par' dir='ltr' id='par_1_112' title="bbox 1946 5149 3537 5224">
     <span class='ocr_line' id='line_1_112' title="bbox 1946 5149 3537 5224; baseline 0.009 -22"><span class='ocrx_word' id='word_1_908' title='bbox 1946 5149 2047 5203; x_wconf 86' lang='lat' dir='ltr'><strong>cal.</strong></span> <span class='ocrx_word' id='word_1_909' title='bbox 2100 5153 2324 5205; x_wconf 84' lang='lat' dir='ltr'><strong>occurrit</strong></span> <span class='ocrx_word' id='word_1_910' title='bbox 2370 5152 2495 5205; x_wconf 80' lang='lat' dir='ltr'><strong>lima</strong></span> <span class='ocrx_word' id='word_1_911' title='bbox 2547 5154 2805 5224; x_wconf 78' lang='lat' dir='ltr'><strong>paschalis</strong></span> <span class='ocrx_word' id='word_1_912' title='bbox 2856 5171 2962 5210; x_wconf 79' lang='lat' dir='ltr'><strong>xiv.</strong></span> <span class='ocrx_word' id='word_1_913' title='bbox 2998 5155 3062 5211; x_wconf 90' lang='lat' dir='ltr'><strong>Si</strong></span> <span class='ocrx_word' id='word_1_914' title='bbox 3117 5160 3253 5213; x_wconf 84' lang='lat' dir='ltr'><strong>enim</strong></span> <span class='ocrx_word' id='word_1_915' title='bbox 3296 5161 3537 5217; x_wconf 78' lang='lat' dir='ltr'><strong>deductas</strong></span> 
     </span>
    </p>
   </div>
   <div class='ocr_carea' id='block_1_113' title="bbox 1943 5228 3534 5299">
    <p class='ocr_par' dir='ltr' id='par_1_113' title="bbox 1943 5228 3534 5299">
     <span class='ocr_line' id='line_1_113' title="bbox 1943 5228 3534 5299; baseline 0.006 -25"><span class='ocrx_word' id='word_1_916' title='bbox 1943 5229 2151 5299; x_wconf 61' lang='lat' dir='ltr'><strong>epactas</strong></span> <span class='ocrx_word' id='word_1_917' title='bbox 2182 5237 2287 5299; x_wconf 74' lang='lat' dir='ltr'><strong>xxx</strong></span> <span class='ocrx_word' id='word_1_918' title='bbox 2321 5232 2529 5299; x_wconf 77' lang='lat' dir='ltr'><strong>tantum</strong></span> <span class='ocrx_word' id='word_1_919' title='bbox 2552 5228 2927 5299; x_wconf 83' lang='lat' dir='ltr'><strong>_remanscrint,</strong></span> <span class='ocrx_word' id='word_1_920' title='bbox 2977 5229 3115 5299; x_wconf 81' lang='lat' dir='ltr'><strong>quod</strong></span> <span class='ocrx_word' id='word_1_921' title='bbox 3160 5232 3317 5285; x_wconf 70' lang='lat' dir='ltr'><strong>semel</strong></span> <span class='ocrx_word' id='word_1_922' title='bbox 3346 5248 3397 5285; x_wconf 81' lang='grc' dir='ltr'>ιη</span> <span class='ocrx_word' id='word_1_923' title='bbox 3450 5250 3534 5288; x_wconf 68' lang='grc' dir='ltr'>ιιι·</span> 
     </span>
    </p>
   </div>
   <div class='ocr_carea' id='block_1_114' title="bbox 1944 5291 3537 5366">
    <p class='ocr_par' dir='ltr' id='par_1_114' title="bbox 1944 5291 3537 5366">
     <span class='ocr_line' id='line_1_114' title="bbox 1944 5291 3537 5366; baseline 0.008 -23"><span class='ocrx_word' id='word_1_924' title='bbox 1944 5292 2096 5366; x_wconf 81' lang='lat' dir='ltr'><strong>armis</strong></span> <span class='ocrx_word' id='word_1_925' title='bbox 2126 5291 2361 5366; x_wconf 76' lang='lat' dir='ltr'><strong>accidere</strong></span> <span class='ocrx_word' id='word_1_926' title='bbox 2391 5297 2719 5366; x_wconf 77' lang='lat' dir='ltr'><strong>manifestum</strong></span> <span class='ocrx_word' id='word_1_927' title='bbox 2748 5307 2843 5361; x_wconf 82' lang='lat' dir='ltr'><strong>est,</strong></span> <span class='ocrx_word' id='word_1_928' title='bbox 2874 5291 3000 5352; x_wconf 43' lang='lat' dir='ltr'><strong>xxx.</strong></span> <span class='ocrx_word' id='word_1_929' title='bbox 3020 5301 3104 5353; x_wconf 83' lang='lat' dir='ltr'><strong>die</strong></span> <span class='ocrx_word' id='word_1_930' title='bbox 3126 5319 3157 5354; x_wconf 93' lang='lat' dir='ltr'><strong>a</strong></span> <span class='ocrx_word' id='word_1_931' title='bbox 3182 5303 3411 5356; x_wconf 79' lang='lat' dir='ltr'><strong>colendis</strong></span> <span class='ocrx_word' id='word_1_932' title='bbox 3441 5307 3537 5357; x_wconf 83' lang='lat' dir='ltr'><strong>erit</strong></span> 
     </span>
    </p>
   </div>
   <div class='ocr_carea' id='block_1_115' title="bbox 1941 5363 2221 5430">
    <p class='ocr_par' dir='ltr' id='par_1_115' title="bbox 1941 5363 2221 5430">
     <span class='ocr_line' id='line_1_115' title="bbox 1941 5363 2221 5430; baseline 0.007 -16"><span class='ocrx_word' id='word_1_933' title='bbox 1941 5363 2221 5430; x_wconf 80' lang='lat' dir='ltr'><strong>paschalis.</strong></span> 
     </span>
    </p>
   </div>
   <div class='ocr_carea' id='block_1_116' title="bbox 2019 5431 3532 5505">
    <p class='ocr_par' dir='ltr' id='par_1_116' title="bbox 2019 5431 3532 5505">
     <span class='ocr_line' id='line_1_116' title="bbox 2019 5431 3532 5505; baseline 0.007 -21"><span class='ocrx_word' id='word_1_934' title='bbox 2019 5431 2034 5469; x_wconf 78' lang='grc' dir='ltr'><strong>ί</strong></span> <span class='ocrx_word' id='word_1_935' title='bbox 2070 5433 2176 5505; x_wconf 86' lang='lat' dir='ltr'><strong>Aut</strong></span> <span class='ocrx_word' id='word_1_936' title='bbox 2204 5434 2285 5488; x_wconf 68' lang='lat' dir='ltr'><strong>ha)</strong></span> <span class='ocrx_word' id='word_1_937' title='bbox 2314 5433 2601 5489; x_wconf 74' lang='lat' dir='ltr'><strong>dumvnces</strong></span> <span class='ocrx_word' id='word_1_938' title='bbox 2633 5436 2952 5505; x_wconf 86' lang='lat' dir='ltr'><strong>redundant,</strong></span> <span class='ocrx_word' id='word_1_939' title='bbox 2973 5451 3066 5495; x_wconf 88' lang='lat' dir='ltr'><strong>aut</strong></span> <span class='ocrx_word' id='word_1_940' title='bbox 3095 5442 3293 5495; x_wconf 86' lang='lat' dir='ltr'><strong>librarii</strong></span> <span class='ocrx_word' id='word_1_941' title='bbox 3328 5442 3532 5495; x_wconf 75' lang='lat' dir='ltr'><strong>incuria</strong></span> 
     </span>
    </p>
   </div>
   <div class='ocr_carea' id='block_1_117' title="bbox 1943 5504 3535 5580">
    <p class='ocr_par' dir='ltr' id='par_1_117' title="bbox 1943 5504 3535 5580">
     <span class='ocr_line' id='line_1_117' title="bbox 1943 5504 3535 5580; baseline 0.004 -26"><span class='ocrx_word' id='word_1_942' title='bbox 1943 5510 2070 5580; x_wconf 80' lang='lat' dir='ltr'><strong>ante</strong></span> <span class='ocrx_word' id='word_1_943' title='bbox 2099 5504 2217 5558; x_wconf 84' lang='lat' dir='ltr'><strong>illas</strong></span> <span class='ocrx_word' id='word_1_944' title='bbox 2245 5505 2442 5580; x_wconf 83' lang='lat' dir='ltr'><strong>omissa</strong></span> <span class='ocrx_word' id='word_1_945' title='bbox 2474 5516 2555 5580; x_wconf 83' lang='lat' dir='ltr'><strong>est</strong></span> <span class='ocrx_word' id='word_1_946' title='bbox 2587 5510 2787 5580; x_wconf 82' lang='lat' dir='ltr'><strong>mentio</strong></span> <span class='ocrx_word' id='word_1_947' title='bbox 2818 5512 2971 5577; x_wconf 87' lang='lat' dir='ltr'><strong>primi</strong></span> <span class='ocrx_word' id='word_1_948' title='bbox 3000 5513 3229 5575; x_wconf 58' lang='lat' dir='ltr'><strong>solstitii,</strong></span> <span class='ocrx_word' id='word_1_949' title='bbox 3258 5510 3401 5580; x_wconf 88' lang='lat' dir='ltr'><strong>quod</strong></span> <span class='ocrx_word' id='word_1_950' title='bbox 3436 5528 3535 5580; x_wconf 66' lang='lat' dir='ltr'><strong>po-</strong></span> 
     </span>
    </p>
   </div>
   <div class='ocr_carea' id='block_1_118' title="bbox 1943 5573 3530 5649">
    <p class='ocr_par' dir='ltr' id='par_1_118' title="bbox 1943 5573 3530 5649">
     <span class='ocr_line' id='line_1_118' title="bbox 1943 5573 3530 5649; baseline 0.005 -24"><span class='ocrx_word' id='word_1_951' title='bbox 1943 5573 2136 5627; x_wconf 89' lang='lat' dir='ltr'><strong>sterius</strong></span> <span class='ocrx_word' id='word_1_952' title='bbox 2180 5576 2351 5649; x_wconf 80' lang='lat' dir='ltr'><strong>magis</strong></span> <span class='ocrx_word' id='word_1_953' title='bbox 2380 5578 2665 5631; x_wconf 85' lang='lat' dir='ltr'><strong>verisimile</strong></span> <span class='ocrx_word' id='word_1_954' title='bbox 2707 5580 2795 5643; x_wconf 88' lang='lat' dir='ltr'><strong>sit,</strong></span> <span class='ocrx_word' id='word_1_955' title='bbox 2818 5573 2952 5648; x_wconf 79' lang='lat' dir='ltr'><strong>quia</strong></span> <span class='ocrx_word' id='word_1_956' title='bbox 2986 5584 3144 5649; x_wconf 81' lang='lat' dir='ltr'><strong>paulo</strong></span> <span class='ocrx_word' id='word_1_957' title='bbox 3177 5573 3297 5649; x_wconf 80' lang='lat' dir='ltr'><strong>post</strong></span> <span class='ocrx_word' id='word_1_958' title='bbox 3324 5573 3530 5635; x_wconf 80' lang='lat' dir='ltr'><strong>memo-</strong></span> 
     </span>
    </p>
   </div>
   <div class='ocr_carea' id='block_1_119' title="bbox 1943 5646 2722 5719">
    <p class='ocr_par' dir='ltr' id='par_1_119' title="bbox 1943 5646 2722 5719">
     <span class='ocr_line' id='line_1_119' title="bbox 1943 5646 2722 5719; baseline 0.008 -24"><span class='ocrx_word' id='word_1_959' title='bbox 1943 5659 1998 5696; x_wconf 86' lang='lat' dir='ltr'><strong>ra</strong></span> <span class='ocrx_word' id='word_1_960' title='bbox 2008 5652 2092 5719; x_wconf 71' lang='lat' dir='ltr'><strong>tur</strong></span> <span class='ocrx_word' id='word_1_961' title='bbox 2114 5646 2404 5719; x_wconf 61' lang='lat' dir='ltr'><strong>solstitium</strong></span> <span class='ocrx_word' id='word_1_962' title='bbox 2422 5648 2722 5702; x_wconf 83' lang='lat' dir='ltr'><strong>secundum.</strong></span> 
     </span>
    </p>
   </div>
   <div class='ocr_carea' id='block_1_120' title="bbox 2018 5713 3533 5785">
    <p class='ocr_par' dir='ltr' id='par_1_120' title="bbox 2018 5713 3533 5785">
     <span class='ocr_line' id='line_1_120' title="bbox 2018 5713 3533 5785; baseline 0.011 -24"><span class='ocrx_word' id='word_1_963' title='bbox 2018 5713 2033 5761; x_wconf 90' lang='lat' dir='ltr'><strong>i</strong></span> <span class='ocrx_word' id='word_1_964' title='bbox 2073 5713 2129 5766; x_wconf 91' lang='lat' dir='ltr'><strong>In</strong></span> <span class='ocrx_word' id='word_1_965' title='bbox 2158 5714 2580 5785; x_wconf 13' lang='lat' dir='ltr'><strong>ms.rDigb:eano</strong></span> <span class='ocrx_word' id='word_1_966' title='bbox 2613 5720 2806 5785; x_wconf 83' lang='lat' dir='ltr'><strong>legitur</strong></span> <span class='ocrx_word' id='word_1_967' title='bbox 2835 5737 2962 5785; x_wconf 88' lang='lat' dir='ltr'><strong>xxx,</strong></span> <span class='ocrx_word' id='word_1_968' title='bbox 3013 5719 3297 5774; x_wconf 76' lang='lat' dir='ltr'><strong>manifesto</strong></span> <span class='ocrx_word' id='word_1_969' title='bbox 3329 5719 3533 5778; x_wconf 76' lang='lat' dir='ltr'><strong>librarii</strong></span> 
     </span>
    </p>
   </div>
   <div class='ocr_carea' id='block_1_121' title="bbox 1943 5784 3535 5905">
    <p class='ocr_par' dir='ltr' id='par_1_121' title="bbox 1943 5784 3535 5905">
     <span class='ocr_line' id='line_1_121' title="bbox 1943 5784 3535 5905; baseline 0.009 -68"><span class='ocrx_word' id='word_1_970' title='bbox 1943 5798 2147 5905; x_wconf 48' lang='lat' dir='ltr'><strong>erﬁore.</strong></span> <span class='ocrx_word' id='word_1_971' title='bbox 2180 5784 2286 5839; x_wconf 91' lang='lat' dir='ltr'><strong>Sed</strong></span> <span class='ocrx_word' id='word_1_972' title='bbox 2312 5800 2485 5854; x_wconf 85' lang='lat' dir='ltr'><strong>neque</strong></span> <span class='ocrx_word' id='word_1_973' title='bbox 2512 5784 2859 5845; x_wconf 86' lang='lat' dir='ltr'><strong>succedentes</strong></span> <span class='ocrx_word' id='word_1_974' title='bbox 2883 5784 3090 5847; x_wconf 90' lang='lat' dir='ltr'><strong>numeri</strong></span> <span class='ocrx_word' id='word_1_975' title='bbox 3120 5791 3316 5847; x_wconf 87' lang='lat' dir='ltr'><strong>mendo</strong></span> <span class='ocrx_word' id='word_1_976' title='bbox 3347 5808 3535 5853; x_wconf 76' lang='lat' dir='ltr'><strong>carere</strong></span> 
     </span>
     <span class='ocr_line' id='line_1_122' title="bbox 1944 5868 2212 5905; baseline 0 0"><span class='ocrx_word' id='word_1_977' title='bbox 1944 5870 1991 5905; x_wconf 75' lang='grc' dir='ltr'>γι</span> <span class='ocrx_word' id='word_1_978' title='bbox 2034 5868 2099 5905; x_wconf 91' lang='lat' dir='ltr'><strong>en</strong></span> <span class='ocrx_word' id='word_1_979' title='bbox 2132 5870 2212 5905; x_wconf 88' lang='lat' dir='ltr'><strong>ur.</strong></span> 
     </span>
    </p>
   </div>
   <div class='ocr_carea' id='block_1_122' title="bbox 1944 5862 2212 5908">
    <p class='ocr_par' dir='ltr' id='par_1_122' title="bbox 1944 5862 2212 5908">
     <span class='ocr_line' id='line_1_123' title="bbox 1944 5862 2212 5908; baseline 0.004 -1"><span class='ocrx_word' id='word_1_980' title='bbox 1944 5862 2212 5908; x_wconf 84' lang='lat' dir='ltr'><strong>videntur.</strong></span> 
     </span>
    </p>
   </div>
   <div class='ocr_carea' id='block_1_123' title="bbox 2016 5920 2751 5993">
    <p class='ocr_par' dir='ltr' id='par_1_123' title="bbox 2016 5920 2751 5993">
     <span class='ocr_line' id='line_1_124' title="bbox 2016 5920 2751 5993; baseline 0.014 -19"><span class='ocrx_word' id='word_1_981' title='bbox 2016 5920 2039 5959; x_wconf 72' lang='grc' dir='ltr'><strong>ιι</strong></span> <span class='ocrx_word' id='word_1_982' title='bbox 2075 5920 2131 5977; x_wconf 89' lang='lat' dir='ltr'><strong>Id</strong></span> <span class='ocrx_word' id='word_1_983' title='bbox 2159 5935 2257 5993; x_wconf 82' lang='lat' dir='ltr'><strong>est,</strong></span> <span class='ocrx_word' id='word_1_984' title='bbox 2290 5924 2528 5985; x_wconf 71' lang='lat' dir='ltr'><strong>bissexti;</strong></span> <span class='ocrx_word' id='word_1_985' title='bbox 2559 5928 2751 5984; x_wconf 84' lang='lat' dir='ltr'><strong>diclms.</strong></span> 
     </span>
    </p>
   </div>
  </div>
