4000 6344
259 395 360 449 509

1202 392 1535 448 EPISTULA
1575 391 1892 447 PROTERH
1925 393 2014 448 AD
2046 391 2321 448 LEONEM
2363 393 2615 447 PAPAM.

3438 394 3543 448 510

255 509 316 561 lis
349 508 549 575 pascha
580 507 1125 578 manducans,‘paulo
1172 516 1294 577 post
1331 523 1359 560 a
1392 507 1525 563 Juda
1579 506 1847 562 traditur:
1886 521 1927 571 Α
1960 524 2103 561 nono
2132 496 2187 561 et
2214 508 2564 575 nonagesimo
2608 507 2765 561 tertio
2796 521 2940 560 anno
2980 522 3009 560 a
3055 506 3367 561 Diocletiani
3414 522 3543 575 pro-

253 610 304 654 et
348 600 596 670 sequenti
626 600 742 668 die,
794 617 864 654 xv
908 600 1031 655 luna
1066 599 1425 669 cruciﬁgitur,
1475 600 1523 653 id
1568 609 1650 653 est
1694 607 1845 654 sexta

252 688 418 755 feria;
471 700 527 745 et
555 689 623 744 ad
671 690 873 744 inferos
912 690 1265 757 descendens,
1314 691 1380 744 ad
1423 690 1847 759 dispensationes

252 782 439 837 salutis
468 792 666 839 nostra:
696 782 1002 853 periit-iens,
1027 798 1251 853 vespere
1278 783 1509 851 sabbati,
1543 783 1847 838 lucescente

251 877 545 941 dominico,
577 880 875 933 resurrexit
931 894 960 933 a
1011 879 1271 945 mortuis;
1298 878 1350 931 in
1383 893 1492 947 quo
1534 877 1621 931 die
1666 878 1845 930 lunam

251 972 409 1043 primi
441 972 642 1026 mensis
661 970 817 1040 juxta
867 970 1141 1036 Hebraeos,
1186 971 1457 1025 exstitisse
1504 968 1843 1022 manifestum

251 1072 351 1118 est.
396 1063 505 1119 Nos
546 1076 674 1131 ergo
719 1063 1031 1129 Christiani,
1079 1078 1185 1116 non
1210 1062 1381 1115 solum
1431 1077 1521 1115 xiv
1563 1060 1743 1114 lunam
1792 1059 1844 1113 in

252 1150 461 1207 Pascha
488 1153 814 1223 requirimus
844 1153 970 1212 (hoc
1009 1153 1150 1206 enim
1180 1150 1348 1205 Judzei
1398 1149 1678 1215 facientes,
1728 1151 1846 1204 sine

252 1242 542 1298 festivitate
570 1244 747 1312 sunt);
780 1243 873 1297 sed
917 1243 1077 1297 etiam
1123 1243 1535 1297 resurrectionis
1565 1241 1704 1295 diem
1740 1240 1844 1295 Re-

252 1334 548 1404 demptoris
596 1334 787 1400 nostri,
836 1334 925 1402 qui
975 1342 1058 1387 est
1101 1349 1209 1387 xvn
1253 1334 1376 1387 luna
1428 1331 1628 1402 ptmfati
1685 1332 1843 1400 primi

251 1427 453 1481 mensis
503 1442 786 1491 novorum,
821 1426 1103 1479 sollicitius
1148 1424 1517 1480 observamus.
1557 1423 1760 1489 Quod“
1798 1422 1841 1477 si

251 1520 444 1575 eodem
470 1519 630 1573 modo
652 1518 1004 1589 plenilunium
1026 1532 1240 1587 semper
1260 1525 1569 1571 occurreret
1584 1515 1628 1579 δ,
1656 1516 1840 1583 quinta

250 1610 624 1675 sabbatorum,
652 1607 869 1679 quando
898 1607 1147 1662 Salvator
1170 1607 1366 1677 pascha
1408 1622 1540 1662 cum
1569 1606 1845 1675 discipulis

249 1701 618 1767 manducavit,
651 1716 810 1755 omne
847 1698 1129 1754 tolleretur
1172 1700 1499 1766 ambiguum.
1530 1696 1665 1765 Quia
1713 1713 1840 1752 vero

247 1794 387 1849 luna:
402 1794 639 1849 circulus
656 1793 722 1848 ad
739 1793 867 1848 solis
883 1808 1099 1848 cursum
1124 1792 1403 1862 inzeqnalis
1419 1801 1519 1857 est,
1538 1800 1591 1843 et
1611 1806 1697 1846 xxv
1713 1790 1838 1845 luna

1951 599 2109 652 batur
2152 599 2395 668 imperio.
2436 597 2524 652 Sic
2560 599 2703 653 enim
2754 607 2809 652 et
2855 607 2981 651 tunc
3022 598 3313 652 beatissimi
3357 596 3544 651 Patres

1950 693 2120 746 nostri
2149 692 2337 747 fecisse
2366 692 2702 746 declarantur
2727 692 2897 761 (Anno
2919 691 3109 745 Christi
3134 690 3282 761 ⁸575).
3309 691 3364 744 ln
3391 700 3545 745 octo-

1949 784 2154 851 gesimo
2186 799 2328 837 nono
2353 793 2376 819 ⁶
2409 782 2623 851 quidem
2653 798 2795 837 anno
2840 782 2908 836 ab
2935 783 3162 851 imperio
3203 780 3541 845 Diocletiani,

1950 874 2238 942 superstite
2267 874 2439 927 beatae
2468 873 2740 927 memoria:
2785 870 2945 926 Patre
2974 882 3160 926 nostro
3193 880 3247 925 et
3285 873 3541 940 episeOpu

1951 964 2247 1017 Athanasio
2285 964 2327 1028 τί
2360 980 2481 1017 cum
2516 980 2602 1017 xiv
2634 963 2755 1017 luna
2785 963 3047 1033 paschalis
3074 978 3235 1016 xxvm
3264 962 3349 1016 die
3388 978 3541 1016 meu-

1950 1056 2021 1110 sis
2052 1055 2412 1123 Phamenoth,
2460 1055 2511 1109 id
2542 1063 2647 1123 est,
2681 1070 2824 1110 nono
2863 1055 3075 1110 calend.
3120 1054 3379 1123 Aprilium
3430 1054 3537 1117 die,

1950 1148 2303 1217 provenisset,
2335 1146 2421 1201 die
2443 1147 2741 1209 dominico;
2778 1148 2830 1201 in
2859 1147 3275 1217 subsequentem
3308 1147 3536 1202 transla-

1950 1245 2059 1290 tum
2085 1247 2167 1291 est
2196 1238 2617 1303 hebdomadem;
2648 1239 2718 1293 ita
2743 1248 2801 1292 ut
2820 1240 3005 1309 quinta
3036 1239 3122 1293 die
3152 1239 3352 1294 mensis
3376 1237 3541 1294 Phar-

1948 1331 2140 1393 mothi,
2172 1332 2275 1385 hoc
2306 1340 2408 1399 est,
2454 1332 2626 1401 pridie
2674 1332 3019 1387 calendarum
3069 1332 3348 1402 Aprilium,
3397 1334 3540 1387 celu-

1952 1422 2199 1476 braretnr
2232 1424 2434 1479 Pascha
2467 1423 2812 1479 dominicum.
2857 1422 2915 1477 In
2964 1425 3312 1492 nonagesimo
3359 1433 3537 1478 autem

1950 1513 2110 1566 tertio
2133 1524 2157 1560 ις
2181 1530 2321 1568 anno
2345 1515 2410 1569 ab
2434 1516 2656 1585 imperio
2679 1515 2915 1583 ejusdem
2942 1514 3273 1580 Diocletiani,
3307 1530 3427 1567 cum
3453 1531 3539 1569 xiv

1946 1604 2073 1659 luna
2099 1606 2367 1675 paschalis
2396 1624 2486 1662 xw
2522 1608 2609 1663 die
2644 1609 2845 1664 mensis
2876 1609 3206 1673 Pharmothi,
3245 1608 3335 1678 qui
3382 1616 3465 1663 est
3503 1623 3539 1662 v

1946 1696 2064 1751 idus
2082 1698 2295 1767 Aprilis,
2341 1700 2428 1755 die
2466 1701 2736 1755 dominico
2766 1702 3110 1769 contigisset,
3142 1702 3194 1755 in
3222 1710 3537 1769 sequentem

1945 1790 2072 1843 item
2106 1792 2458 1860 septimanam
2489 1793 2676 1848 dilatio
2706 1794 2845 1848 facta
2876 1803 2959 1848 est
2987 1812 2998 1846 :
3027 1796 3097 1847 ila
3131 1803 3187 1847 ut
3208 1793 3536 1848 dominicum

244 1884 521 1954 paschalis
546 1884 599 1937 in
628 1882 715 1938 die
741 1882 1014 1938 dominico
1044 1898 1185 1951 smpe
1209 1881 1489 1951 contingit,
1519 1898 1622 1936 non
1647 1891 1731 1936 est
1752 1899 1840 1936 au-
1873 1898 1918 1956 Β
1948 1881 2141 1947 pascha
2171 1898 2260 1936 xxi
2290 1884 2375 1937 die
2405 1884 2603 1938 mensis
2632 1883 2963 1947 Pharmothi,
2990 1885 3079 1955 qui
3106 1892 3187 1938 est
3217 1900 3303 1938 xvi
3327 1883 3534 1938 calt-ml.

247 1984 356 2031 tem
387 1975 649 2045 possibile
678 1982 807 2030 tunc
833 1975 1026 2029 festum
1055 1975 1356 2041 celebrare;
1388 1974 1482 2030 sed
1508 1990 1612 2031 nec
1645 1976 1834 2045 pridie,

244 2068 495 2128 sabbato,
516 2068 638 2121 luna
658 2084 750 2122 xm
762 2068 1021 2137 jejunium
1038 2068 1279 2134 solvere;
1305 2068 1359 2121 in
1380 2068 1732 2138 septimanam
1754 2082 1839 2123 se—

243 2166 504 2227 quentem
553 2156 906 2213 ditferendum
952 2167 1066 2224 est;
1098 2159 1331 2213 maxime
1377 2174 1497 2213 cum
1548 2159 1840 2215 habeamus

245 2249 385 2303 intra
411 2264 529 2302 eam
553 2266 622 2302 xv
648 2250 847 2313 lunam,
873 2250 1104 2318 quando,
1128 2250 1268 2305 sicut
1287 2250 1502 2319 scripsit
1526 2251 1838 2319 Apostolus,

244 2339 444 2407 pascha
466 2348 698 2392 nostrum
719 2340 1013 2393 immolatus
1037 2348 1112 2393 est
1132 2338 1387 2393 Christus.
1412 2339 1626 2393 Decima
1650 2349 1851 2410 quarta

243 2443 483 2498 namque
513 2430 825 2502 luna’primi
857 2433 1052 2486 mensis
1077 2432 1227 2500 juxta
1260 2432 1545 2499 liebrteos,
1576 2443 1634 2487 ut
1680 2449 1840 2502 supe-

242 2520 358 2573 rius
386 2521 590 2574 dictum
622 2530 722 2585 est,
748 2519 905 2576 Jesus
942 2523 1141 2591 pascha
1189 2523 1421 2593 typicum
1456 2524 1838 2591 manducavit;

223 2611 496 2680 sequenti
516 2626 649 2667 vero
680 2622 865 2667 csexta
891 2612 1039 2678 feria,
1061 2630 1129 2667 xv
1154 2615 1299 2680 luna,
1329 2622 1385 2669 ut
1411 2617 1528 2670 ovis
1556 2618 1841 2673 occisionis

242 2699 397 2754 cruci
428 2716 530 2769 pro
551 2702 711 2757 nobis
732 2700 1064 2769 at‘lixusest;
1092 2713 1146 2757 et
1172 2718 1399 2774 vespere
1434 2706 1664 2772 sabbati,
1697 2707 1845 2763 luce-

241 2800 436 2846 scente
461 2791 755 2858 dominico,
790 2809 897 2848 xvu
935 2793 1078 2860 luna,
1105 2795 1399 2850 resurrexit
1428 2811 1457 2849 a
1487 2797 1732 2851 mortuis.

318 2882 462 2950 Quia
488 2898 621 2953 ergo
651 2885 705 2938 in
732 2885 1074 2941 solemnitate
1116 2886 1295 2941 futura
1338 2888 1593 2957 paschali,
1628 2904 1725 2958 per
1751 2904 1850 2945 vns

242 2974 624 3039 indictionem,
641 2975 887 3030 xxndied
904 2974 1221 3031 Pharmothi
1240 2979 1439 3035 mensis
1452 2994 1739 3048 novorum,
1751 2982 1845 3050 qui

241 3073 331 3120 ost
357 3080 430 3119 xv
470 3064 583 3120 cal.
623 3064 765 3129 Maii,
798 3066 1039 3121 occurrit
1063 3067 1309 3122 xtvluna
1340 3067 1427 3123 die
1453 3069 1747 3137 dominico,
1789 3072 1845 3126 in

241 3156 607 3227 septimanam
633 3156 1129 3213 diﬂ‘erreeonvenit
1165 3159 1603 3229 subsequentem.
1634 3161 1847 3218 Haben-

243 3257 329 3304 tes
354 3249 501 3303 enim
530 3248 670 3302 intra
693 3263 815 3304 eam
843 3249 1157 3305 triduanum.
1176 3252 1513 3322 mysterium,
1540 3254 1642 3309 hoc
1670 3263 1754 3309 est
1777 3271 1845 3309 xv

240 3340 452 3404 lunam,
472 3339 690 3408 quando
711 3339 999 3397 cruciﬁxus
1024 3351 1109 3397 est
1126 3342 1389 3410 Christus,
1411 3344 1845 3415 quartaedecimze

240 3432 644 3499 cohaerentem;
678 3449 780 3488 nec
801 3450 911 3490 non
940 3442 997 3490 et
1023 3452 1112 3491 xvi
1135 3443 1190 3491 et
1214 3446 1533 3507 sequentem
1576 3440 1841 3495 decimam

238 3522 567 3594 septimam;
589 3525 850 3593 vigesimo
878 3526 1093 3595 quidem
1121 3536 1314 3585 octavo
1344 3528 1431 3584 die
1453 3532 1654 3587 mensis
1676 3530 1845 3587 Phar-

240 3614 441 3675 mothi,
473 3616 668 3684 quiest
696 3632 748 3671 tx
776 3617 875 3673 cal.
911 3617 1052 3683 Maii,
1080 3618 1283 3689 jejuuia
1323 3622 1595 3678 solvemus
1618 3641 1845 3695 vespere

238 3706 619 3761 sabbatorum.
673 3707 929 3779 Sequenti
1001 3727 1130 3766 vero
1190 3713 1499 3769 lucescente
1548 3716 1843 3785 dominico,

239 3813 372 3852 xxix
401 3799 489 3852 die
518 3802 718 3855 mensis
750 3803 917 3871 ipsius
960 3800 1296 3871 Pharmothi,
1329 3807 1420 3875 qui
1471 3816 1555 3862 est
1586 3824 1691 3865 .vm
1734 3811 1837 3866 cal.

240 3887 394 3957 Maii,
426 3889 773 3947 festivitatem
805 3894 1166 3951 sincerissime
1193 3897 1605 3957 celebrabimus.

310 3983 449 4037 Nam
480 3994 536 4038 et
564 3985 755 4055 priscis
802 3988 1151 4057 temporibus,
1193 3991 1236 4043 si
1278 3992 1493 4059 quando
1540 3993 1629 4047 die
1668 3993 1843 4048 domi-

239 4075 389 4138 nico,
425 4073 631 4129 decima
655 4085 846 4146 quarta
879 4078 1005 4134 luna
1050 4088 1261 4149 reperta
1285 4090 1388 4148 est,
1434 4083 1485 4137 iu
1524 4094 1840 4155 sequentem

236 4170 602 4239 septimanam
628 4179 713 4225 est
739 4170 903 4226 dilata
935 4172 1215 4230 festivitas.
1251 4174 1402 4231 Sicut
1430 4176 1483 4231 in
1507 4179 1839 4248 octogesimo

310 4376 335 4403 α
359 4364 421 4442 l_n
452 4364 656 4442 Petavii
687 4368 816 4424 edit.
845 4370 1041 4438 legitur
1063 4388 1194 4442 quia.
1219 4373 1335 4428 sine
1355 4390 1533 4440 sensu,
1561 4384 1616 4430 et
1645 4385 1835 4437 contra

235 4438 481 4491 omnium
514 4441 755 4494 codicum
788 4438 1094 4496 nostrorum
1124 4442 1301 4497 ﬁdem.

307 4507 333 4544 δ
368 4507 447 4586 Ita
490 4508 737 4586 Duciterii
786 4512 951 4586 editio
1000 4521 1053 4565 et
1098 4513 1275 4586 codex
1333 4514 1391 4579 D,
1447 4517 1642 4571 rectius
1673 4532 1829 4586 quam

238 4575 445 4654 Petavii
476 4579 811 4654 editio,_qu.c
831 4582 919 4637 hic
945 4598 1161 4654 sensum
1184 4585 1343 4654 plane
1374 4575 1573 4639 turbat.

311 4659 334 4687 ε
371 4648 803 4726 _Voculam_b_anc
848 4648 1199 4726 restituimus,
1243 4664 1298 4710 et
1342 4673 1582 4726 pereant
1609 4672 1825 4714 sensum

238 4717 543 4799 planiorem
566 4721 857 4799 reddimus,
891 4723 1155 4779 beneﬁcio
1185 4717 1407 4799 codd.'C
1438 4736 1492 4799 et
1523 4728 1582 4781 D.

307 4786 509 4870 dgfg‘diti
566 4790 655 4846 hic
695 4793 1021 4870 interserunt
1076 4811 1261 4870 vocem
1310 4798 1599 4863 dominico,
1629 4815 1750 4870 qua:
1774 4800 1827 4853 in

233 4858 276 4914 C
299 4860 432 4935 ct_D
461 4859 643 4935 abest,
677 4872 731 4935 et
755 4865 966 4935 videtur
990 4879 1111 4919 esse
1130 4866 1417 4935 glossema.

308 4940 331 4968 ο
360 4929 974 5008 MeminitutrinsqueS.
1000 4929 1313 5008 Ambrosius
1335 4939 1387 4992 in
1406 4939 1560 5008 epist.
1588 4938 1827 5007 ejusdem

233 5002 541 5069 argenteam
570 5003 642 5059 ad
685 5005 971 5073 episcopos
1015 5004 1266 5061 IEmilim.
1298 5002 1481 5063 Annus
1512 5002 1827 5064 Diocletiani

233 5087 441 5127 uxxtx
492 5073 611 5127 iniit
652 5073 1029 5147 ra‘Thothtixo
1060 5079 1183 5129 anui
1239 5078 1438 5133 Christi
1488 5080 1613 5134 ⁸572.
1662 5080 1829 5147 Igitur

233 5158 379 5196 anno
411 5146 659 5210 sequenti
690 5143 887 5199 Christi
911 5146 1035 5209 575,
1070 5147 1286 5202 labente
1315 5150 1505 5205 eodem
1535 5143 1827 5204 anno'ltio-

230 5212 474 5292 cletiani,
526 5222 649 5292 orta
673 5225 756 5269 est
809 5216 1091 5292 altercatio
1127 5234 1303 5292 super
1346 5218 1626 5285 Paschate,
1674 5222 1825 5292 cyclo

232 5283 371 5359 laure
405 5298 520 5359 xtn,
548 5286 699 5359 “solis
725 5302 850 5359 xvm
876 5288 1098 5359 ,Alittera
1126 5288 1165 5341 F
1186 5283 1511 5356 ,heorneuia
1563 5283 1826 5359 paschalis

228 5352 315 5431 die
342 5369 379 5407 ιι
404 5352 578 5431 Martii
598 5396 613 5419 ,
638 5358 768 5411 t'eria
792 5352 1085 5431 t_t_,ldecima
1109 5352 1297 5429 quarta
1321 5360 1405 5414 die
1426 5361 1496 5413 24
1524 5352 1719 5424 Martii,
1746 5362 1819 5415 tt:-

233 5424 309 5475 ria
328 5440 427 5478 vtt.
453 5424 581 5495 ideo
602 5428 845 5483 nonnulli
867 5429 917 5481 in
945 5424 1174 5483 termino
1195 5431 1555 5495 celebrarunt;
1576 5433 1824 5487 catholici

229 5502 419 5547 autem
450 5492 624 5549 Martii
651 5498 859 5552 ultimo.
892 5497 1125 5553 Prmerat
1148 5510 1272 5553 tunc
1298 5492 1553 5556 Rumauai
1571 5501 1823 5557 Ecclesia:

230 5560 530 5643 Damasus;
577 5568 965 5643 Alexandrina:
1032 5570 1301 5643 legitimus
1365 5574 1651 5643 episcopus
1704 5585 1823 5627 erat

228 5632 596 5712 Pctrus_._qui_
642 5639 934 5712 Athanasio
981 5632 1235 5712 suitéctus
1280 5632 1416 5709 erat,
1468 5632 1683 5698 mortuo
1708 5644 1820 5712 jam

226 5720 377 5783 anno
522 5746 536 5760 .
582 5706 767 5777 Itaque
806 5710 1151 5783 divinandum
1179 5722 1263 5783 est
1302 5705 1428 5783 quid
1458 5715 1515 5769 S.
1542 5705 1820 5783 Proterius

222 5776 327 5855 sibi
356 5778 514 5839 velit,
543 5794 662 5855 cum
684 5776 1046 5855 superstitem
1069 5782 1145 5855 ait
1170 5776 1332 5840 fuisse
1365 5795 1490 5840 tunc
1520 5782 1735 5839 Patrem
1764 5794 1821 5840 et

222 5848 549 5925 episcopum
579 5848 937 5925 Anastasium.
992 5853 1070 5906 An
1122 5854 1470 5912 Athanasium
1496 5856 1735 5925 scripsit,
1764 5866 1820 5911 et

224 5917 575 5985 allucinatus,
607 5920 830 5975 credidit
859 5936 977 5975 eum
1002 5963 1015 5987 ,
1048 5926 1135 5991 qui
1177 5928 1391 5987 biennio
1422 5937 1545 5985 ante
1572 5917 1818 5983 tleccsse-

1946 1968 2091 2039 Maii,
2121 1972 2434 2027 solemniter
2462 1982 2727 2042 ageretur.
2762 1974 2817 2027 In
2840 1975 3136 2029 centesimo
3174 1988 3389 2045 quoque
3426 1983 3536 2027 ter-

1944 2063 2020 2117 tio
2050 2081 2191 2119 anno
2217 2066 2284 2121 ab
2308 2067 2534 2137 imperio
2562 2068 2765 2137 prmfati
2797 2066 3114 2122 Diocletiani
3146 2066 3316 2137 (Anno
3348 2065 3538 2120 Christi

1943 2153 2093 2225 587),
2119 2172 2240 2211 cum
2269 2158 2395 2212 luna
2438 2159 2702 2228 paschalis
2731 2158 2939 2213 decima
2989 2167 3177 2227 quarta
3223 2157 3535 2211 Pharmothi

1945 2262 2077 2301 χχιιι
2098 2248 2206 2312 die,
2230 2249 2322 2318 qui
2349 2258 2431 2305 est
2461 2267 2547 2305 xiv
2569 2250 2777 2305 calend.
2809 2250 2955 2317 Maii,
2984 2258 3125 2304 esset
3152 2250 3241 2305 die
3266 2250 3536 2304 dominico

1943 2348 2364 2407 superventura;
2394 2342 2590 2395 iterum
2619 2344 2916 2410 septimana
2960 2341 3182 2410 quaesita
3218 2350 3327 2406 est,
3358 2350 3409 2395 et
3439 2343 3536 2395 do-

1943 2431 2198 2486 minicum
2244 2434 2444 2502 pascha
2478 2431 2566 2487 die
2614 2434 2815 2488 mensis
2858 2434 3024 2503 ipsius
3057 2433 3389 2497 Pharmothi,
3442 2436 3537 2503 qni

1943 2531 2026 2577 est
2052 2540 2125 2578 vn
2151 2524 2359 2579 calend.
2386 2524 2533 2591 Maii,
2554 2533 2767 2580 constat
2789 2541 2909 2581 esse
2939 2526 3295 2591 celebratum,
3318 2534 3537 2595 propter

1944 2616 2243 2682 angustiam
2270 2616 2529 2686 temporis
2550 2617 2937 2671 imminentem.
2965 2615 3096 2671 ltem
3120 2633 3241 2671 cum
3267 2618 3319 2671 in
3352 2627 3535 2672 cente-

1943 2707 2080 2762 simo
2108 2710 2451 2775 sexagesimo
2470 2706 2496 2745 δ
2529 2724 2673 2764 anno
2701 2710 2872 2777 (Anno
2903 2709 3093 2763 Christi
3120 2708 3247 2779 444)
3271 2724 3301 2763 a
3326 2710 3537 2764 Diocle-

1947 2799 2077 2853 tiani
2108 2799 2356 2869 imperio,
2382 2799 2450 2853 14
2479 2801 2604 2855 luna
2635 2801 2903 2871 paschalis
2927 2799 3243 2855 Pharntuthi
3265 2816 3398 2855 xxm
3429 2800 3537 2869 die,

1948 2891 2042 2961 qui
2072 2900 2155 2946 est
2195 2907 2282 2946 xiv
2319 2891 2530 2945 calend.
2575 2890 2721 2955 Maii,
2767 2892 3067 2947 occurrerit
3103 2891 3148 2958 ί,
3206 2892 3362 2946 tertia
3410 2890 3537 2946 feria

1944 2984 2278 3053 septimanae,
2309 2992 2363 3037 et
2392 2982 2719 3038 dominicum
2751 2981 2954 3037 Pascha
3006 2999 3172 3038 xxvtn
3211 2982 3299 3037 die
3338 2984 3537 3038 mensis

1948 3076 2113 3145 ipsius
2138 3074 2470 3139 Pharmothi,
2504 3075 2594 3145 qui
2636 3086 2722 3130 est.
2761 3090 2906 3131 nono
2948 3076 3198 3132 calendas
3240 3075 3388 3145 Maii,
3442 3094 3537 3133 nos

1948 3168 2253 3223 celebrasse
2283 3168 2643 3223 meminimus.

1873 3280 1912 3338 ρ
2019 3260 2248 3314 Necesse
2295 3267 2377 3314 est
2422 3260 2602 3327 igitur,
2653 3261 2705 3315 in
2756 3277 2891 3316 cccv
2925 3263 2937 3313 i
2977 3279 3173 3317 auuoa
3226 3264 3541 3319 Diocletiani

1951 3351 2199 3420 imperio,
2237 3351 2290 3405 in
2322 3351 2499 3406 futuro
2529 3352 2766 3421 paschali
2792 3353 2930 3407 festo
2962 3354 3268 3409 indictionis
3316 3365 3537 3425 octava',

1948 3439 2207 3513 vigesimo
2226 3445 2465 3501 secundo
2488 3445 2574 3501 die
2605 3443 2935 3512 Pharmothi,
2965 3448 3056 3516 qui
3090 3458 3173 3503 est
3215 3464 3282 3502 xv
3328 3450 3537 3504 calend.

1953 3536 2078 3592 Maii
2108 3538 2234 3593 luna
2264 3537 2471 3593 decima
2517 3547 2728 3607 quarta,
2759 3547 3079 3593 occurrente
3118 3538 3207 3593 die
3246 3539 3537 3606 detninico,

1946 3630 2001 3685 in
2048 3631 2350 3700 proximam
2389 3630 2763 3699 septimanam,
2792 3629 2945 3696 juxta
2994 3629 3385 3699 prmcedentem
3434 3629 3551 3685 for-

1946 3723 2502 3788 mam,convenienter
2516 3721 2753 3784 extendi,
2769 3729 2824 3774 ut
2839 3737 2963 3775 xxix
2978 3721 3270 3778 diemensis
3283 3720 3541 3776 Pharmo—

1946 3813 2041 3878 thi,
2076 3814 2167 3884 qui
2195 3821 2277 3868 est
2303 3828 2399 3868 vm
2423 3812 2634 3867 calend.
2668 3811 2820 3875 Maii,
2854 3811 3181 3866 dominicum
3207 3812 3536 3867 celebremus

1948 3904 2174 3969 Pascha,
2205 3912 2428 3975 prepter
2453 3904 2949 3974 apprehendentcm
2982 3920 3165 3957 rursus
3206 3906 3536 3973 angustiam;

1946 3998 2083 4052 sicut
2112 3994 2305 4051 Patres
2331 3996 2501 4050 nostri
2548 3996 2809 4055 fecerunt.
2840 3995 3075 4049 decimas
3120 4004 3341 4063 quartas
3386 3995 3536 4048 lunas

1944 4098 2291 4139 occurrentes
2306 4085 2393 4139 die
2416 4085 2708 4147 dominico,
2735 4084 3061 4138 differentes.
3094 4084 3223 4137 Nam
3246 4085 3291 4138 si
3317 4101 3424 4139 xxn
3448 4085 3535 4139 die

1946 4182 2147 4235 mensis
2178 4178 2514 4245 Pharmothi,
2534 4179 2623 4247 qui
2646 4185 2729 4231 est
2748 4192 2821 4230 xv
2844 4176 3095 4232 calendas
3117 4177 3262 4245 Maii,
3288 4179 3410 4232 luna
3428 4194 3539 4246 xw,

1940 4387 2045 4453 rat,
2073 4380 2253 4453 adhuc
2281 4382 2373 4453 illo
2404 4390 2646 4453 tempore
2675 4383 2912 4439 vixisse?
2955 4380 3242 4438 Psuvms.

2018 4450 2274 4504 fNomen
2327 4450 2600 4506 Athanasii
2647 4454 2978 4507 restituimus
3006 4468 3070 4507 ex
3118 4456 3239 4507 cod.
3291 4452 3331 4505 Β
3383 4462 3433 4507 et
3468 4454 3529 4518 D,

1940 4537 2040 4591 pro
2069 4523 2366 4583 Anastasio,
2418 4524 2560 4591 quod
2589 4533 2670 4577 est
2696 4525 2749 4577 in
2779 4534 3007 4591 utraque
3036 4522 3294 4576 editione.
3326 4522 3527 4578 Vitium

1863 4604 1915 4664 D
1941 4593 2028 4664 hic
2058 4592 2224 4646 latere
2276 4592 2399 4661 Eg.
2437 4594 2753 4664 _Bucherius
2799 4593 3199 4664 animadvertit,
3233 4593 3383 4660 cujus
3416 4594 3530 4647 lure

1936 4662 2213 4717 adnotatio
2256 4674 2338 4718 est
2381 4661 2559 4725 :che
2610 4663 2934 4725 ATIIANASIO,
2996 4670 3044 4714 et
3102 4663 3240 4714 disce
3278 4680 3393 4715 eum
3424 4682 3525 4718 non

1933 4741 2053 4785 ante
2101 4733 2231 4785 hunc
2262 4750 2451 4786 annum
2486 4733 2675 4787 Christi
2707 4734 2813 4787 575
2843 4734 2975 4785 mori
3019 4733 3245 4801 potuisse
3268 4775 3280 4794 ,
3317 4734 3349 4784 ‘2
3374 4733 3523 4797 Maii,

1930 4819 2020 4874 seu
2045 4845 2061 4869 ,
2083 4814 2149 4874 rut
2179 4804 2603 4874 chronographus
2650 4804 3004 4858 innomiuutus
3034 4803 3174 4874 apud
3214 4804 3413 4874 Scalig.
3470 4808 3525 4858 in

1930 4872 2123 4926 Euseb.
2149 4890 2217 4927 vn
2254 4872 2486 4928 Puchon.
2515 4875 2644 4929 Vide
2672 4884 2853 4929 notam
2886 4874 3119 4943 pneced.
3152 4872 3378 4929 Petavii.

2004 4954 2028 4991 ις
2054 4943 2249 4997 Christi
2275 4945 2398 5006 577,
2430 4946 2581 5013 evolo
2615 4946 2751 4999 tuum
2780 4962 2906 5009 xvn,
2940 4946 3069 5000 solis
3097 4961 3227 5009 χχιι,
3254 4946 3428 5000 lzttera
3457 4950 3520 5005 Α.

1930 5012 2214 5085 Terminus
2256 5012 2529 5085 paschalis
2554 5016 2639 5069 die
2669 5017 2701 5067 9
2728 5015 2898 5083 April.
2951 5016 3243 5069 dominica.
3278 5015 3403 5069 Ideo
3435 5019 3521 5073 die

1932 5084 1998 5137 16
2030 5084 2265 5148 ejusdem
2293 5086 2489 5139 mensis
2521 5088 2619 5139 rite
2641 5087 2969 5140 celebratum
2995 5097 3095 5142 est.
3128 5086 3420 5143 Psrwis.

2002 5154 2029 5192 δ
2050 5155 2249 5210 Christi
2275 5155 2399 5211 444.
2432 5156 2552 5212 Vid.
2584 5158 2677 5212 lib‘.
2703 5174 2740 5212 ιι
2787 5158 2855 5211 de
2880 5158 3032 5213 Dect.
3070 5171 3234 5227 temp.
3262 5199 3275 5223 ,
3308 5176 3361 5227 p.
3393 5158 3520 5217 22L

1928 5223 2213 5281 Psrsvms.

2006 5297 2020 5334 ί
2050 5296 2092 5349 Β
2121 5305 2175 5349 et
2195 5297 2257 5359 D,
2288 5300 2529 5352 occurrit.

2002 5368 2017 5417 ι
2055 5365 2132 5421 lta
2163 5368 2356 5436 legitur
2399 5370 2451 5423 in
2481 5370 2682 5423 edition
2706 5370 2805 5425 bus
2839 5368 3041 5426 Petavii
3071 5378 3124 5423 et
3164 5370 3409 5425 Ducherii
3436 5412 3448 5435 ,
3483 5387 3513 5425 a

1926 5439 2302 5509 quibusmss.,
2334 5456 2440 5495 non
2473 5442 2648 5494 minus
2676 5456 2837 5509 quam
2869 5443 3009 5494 inter
3055 5456 3132 5501 se,
3182 5442 3513 5507 discrepant.

1926 5507 2060 5563 Nam
2112 5508 2151 5561 B
2180 5510 2344 5563 habet
2372 5528 2383 5562 :
2416 5512 2471 5565 in
2510 5528 2647 5567 (:va
2673 5507 2844 5571 anno;
2877 5513 2918 5565 D
2970 5526 3120 5571 vero.
3144 5511 3197 5563 in
3219 5525 3389 5563 ccuv
3418 5528 3516 5563 an-

1926 5596 2109 5634 norum
2130 5597 2160 5631 α
2197 5580 2393 5646 οἰοελ.,
2436 5593 2541 5637 etc.
2574 5584 2679 5637 Sed
2722 5584 2773 5635 in
2792 5583 2995 5637 nullum
3029 5582 3217 5633 horum
3246 5595 3512 5636 annorum

1926 5651 2266 5706 characteres
2314 5668 2340 5704 a
2377 5651 2623 5706 Protcrio
2655 5652 2933 5705 memorati
2976 5649 3322 5703 conveniunt.
3376 5650 3512 5707 lliuc

1925 5718 2049 5780 [Εεξ.
2106 5722 2399 5776 Bucherins
2430 5724 2480 5774 in
2516 5722 2928 5792 margine-addit
2964 5718 3150 5792 :rLege
3191 5734 3383 5792 cum.
3418 5726 3510 5792 qui

1924 5801 2008 5859 est
2030 5806 2200 5845 annus
2225 5792 2420 5844 Christi
2463 5794 2694 5859 vulgaris
2740 5789 2864 5854 455,
2896 5791 3077 5845 indict.
3114 5805 3224 5842 vnt.
3248 5789 3509 5849 Sitttilitcr

1928 5858 2176 5934 Petavius
2204 5863 2256 5916 in
2283 5863 2425 5917 notis
2451 5880 2462 5916 :
2487 5858 2689 5932 Scribe,
2714 5862 2904 5929 inquit,
2932 5862 2984 5916 iu
3014 5862 3290 5917 centesimo
3310 5880 3509 5934 septua-

1921 5930 2116 6000 gesimo
2150 5935 2329 6005 primo.
