4000 6344
877 286 898 313 ο

417 359 512 414 χιι

982 355 1338 413 DlGNYSlUS
1367 354 1690 410 EXIGUUS.
1731 353 2067 410 EP.STOLA
2098 352 2417 409 PROTERII
2455 353 2548 408 AD
2587 352 2864 409 LEONEM
2907 355 3164 412 PAPAM.

3623 359 3720 418 512

411 470 549 526 sicut
589 469 720 534 dixi,
749 468 944 540 saepius
976 477 1298 524 occurrente
1336 467 1609 522 dominico
1653 467 1762 533 die,
1808 465 2018 522 Pascha
2051 470 2092 522 Α
2124 465 2323 520 mensis
2348 464 2708 531 Phamenoth,
2734 465 2826 535 qui
2856 475 2938 519 est
2962 482 3032 520 xu
3078 456 3183 523 cal.
3228 465 3446 538 Aprilis,
3474 468 3717 540 aequino-

419 563 776 624 cciebremus,
817 561 1152 615 inveniemus
1184 558 1376 630 pridie,
1409 559 1463 614 id
1505 567 1590 614 est
1631 559 1880 623 sabbato,
1923 576 2015 614 xxi

416 649 503 705 die
531 651 732 705 mensis
761 649 1024 718 ejusdem,
1055 650 1146 718 qui
1172 657 1254 704 est
1301 665 1395 704 xvr
1442 648 1697 704 calendas
1744 649 1889 714 Maii,
1922 665 2014 704 χιιι

413 741 540 795 luna
580 750 710 794 tunc
745 740 1030 799 existente.
1084 756 1191 795 non
1236 740 1340 795 rite
1379 740 1585 810 jejunia
1628 739 1860 795 solvere.
1907 739 2018 795 Nec

421 831 561 883 enim
594 831 644 883 in
671 830 878 884 decima
909 831 1065 884 tertia
1109 831 1232 884 luna
1274 830 1577 886 comeditur
1605 830 1828 900 pascha.
1865 828 2016 884 Unde

421 919 542 988 quia
573 935 684 974 xxu
707 919 793 973 die
822 921 1020 974 u'iensis
1036 919 1577 989 Pharmothi,quiest
1598 921 1809 976 decimo
1832 922 2018 990 quinto

423 1011 680 1066 calendas
717 1011 865 1080 Maii,
913 1012 1187 1068 dominico
1233 1013 1349 1077 die,
1397 1014 1610 1070 decima
1649 1021 1842 1084 quarta
1894 1014 2017 1068 luna

423 1103 716 1171 contingit;
750 1118 858 1157 non
904 1111 1086 1158 autem
1142 1105 1398 1160 convenit
1434 1104 1523 1160 die
1561 1104 1834 1160 dominico
1877 1104 2018 1173 jeju-

421 1211 570 1261 nare,
604 1197 730 1266 quia
776 1197 881 1250 hoc
919 1197 1338 1254 Manichaeorum
1365 1207 1450 1253 est
1477 1199 1796 1270 proprium:
1829 1213 2023 1253 conse—

427 1300 595 1359 quens
629 1294 714 1339 est
750 1286 803 1340 in
847 1287 1148 1356 proximam
1182 1289 1405 1343 tendere
1450 1289 1829 1359 septimanam,
1879 1291 2019 1345 intra

427 1357 608 1444 quam,
658 1386 718 1430 ut
759 1376 1010 1444 diximus,
1062 1378 1323 1435 habemus
1367 1387 1422 1434 et
1459 1397 1528 1434 xv
1560 1381 1760 1446 lunam,
1803 1380 2020 1450 quando

428 1467 710 1520 :rucilixus
738 1475 820 1522 est
849 1468 1128 1535 Dominus,
1160 1478 1214 1524 et
1254 1486 1342 1524 xvi
1378 1471 1582 1538 lunam,
1613 1472 1771 1527 simul
1819 1480 1874 1526 et
1913 1487 2023 1526 xvu

428 1556 628 1619 lunam,
661 1558 878 1626 quando
907 1559 1204 1614 resurrexit
1236 1576 1266 1614 a
1292 1562 1538 1616 mortuis.
1563 1562 1640 1616 lta
1664 1571 1724 1617 ut
1744 1579 1910 1619 xxvut
1935 1564 2023 1619 die

429 1649 630 1704 mensis
672 1648 1003 1717 Pharmothi,
1033 1653 1124 1720 qui
1153 1663 1236 1707 est
1273 1669 1326 1708 rx
1355 1655 1566 1710 calend.
1606 1654 1751 1722 Maii,
1797 1670 2024 1726 vespere

421 1742 631 1797 sabbati
658 1741 865 1812 jejunia
896 1759 994 1814 pro
1017 1760 1169 1800 more
1201 1746 1497 1815 solvamus,
1542 1755 1597 1801 et
1641 1749 1887 1817 sequenti
1919 1747 2022 1802 do-

2122 557 2287 612 ctium
2325 573 2444 612 esse
2491 558 2858 626 cognoscitur.
2909 557 3013 613 Sed
3065 576 3173 614 non
3222 571 3439 631 oportet
3496 563 3566 617 ab
3616 563 3717 618 hoc

2116 651 2444 720 mquinoctio
2489 650 2647 720 primi
2694 646 2898 706 mensis
2956 653 3258 715 exordium.
3304 654 3459 724 juxta
3506 671 3722 711 cursum

2116 742 2278 806 lunia,
2310 757 2530 812 prorsus
2559 741 2796 812 afﬁgere.
2832 743 3082 811 Alioquin
3116 760 3212 815 per
3238 747 3417 801 omnia
3450 747 3580 803 solis
3616 749 3721 804 cir-

2119 834 2240 889 culo
2267 835 2403 888 lunze
2425 834 2699 889 discursus
2719 834 3048 890 concordare
3075 835 3355 891 debuerat.
3381 835 3576 893 Verum
3596 841 3720 909 quia

2119 926 2328 981 cunctis
2352 925 2673 980 habentibus
2703 925 3033 980 intellectum
3061 935 3266 982 certum
3297 938 3382 982 est
3398 930 3542 998 quod
3569 930 3724 984 velo-

2119 1021 2393 1076 cissimum
2435 1020 2575 1074 luna:
2618 1027 2824 1074 motum
2856 1034 3045 1074 cursus
3093 1021 3224 1076 solis
3270 1021 3490 1077 minime
3528 1037 3721 1076 conse-

2119 1118 2352 1178 quatur,
2377 1122 2476 1178 age
2500 1108 2613 1178 jam
2662 1123 2806 1162 nunc
2841 1109 3093 1174 breviter,
3131 1110 3242 1166 Deo
3284 1121 3592 1183 praestante,
3624 1115 3721 1169 du-

2119 1199 2242 1256 bios
2285 1201 2635 1270 instruamus,
2657 1200 2799 1270 quod
2842 1201 2894 1254 in
2941 1203 3234 1257 secundum
3277 1220 3520 1258 mensem
3570 1207 3722 1261 nullo

2122 1290 2285 1346 modo
2312 1292 2581 1362 possimus
2605 1291 2890 1348 excedere.
2919 1291 2975 1347 Si
3005 1295 3149 1348 enim
3186 1295 3241 1348 in
3274 1297 3618 1365 aequinoctio,
3665 1298 3722 1354 id

2122 1391 2208 1438 est
2237 1399 2340 1438 xxv
2372 1383 2462 1439 die
2487 1385 2688 1441 mensis
2711 1383 3071 1452 Phamenoth,
3095 1386 3190 1458 qui
3214 1396 3298 1442 est
3325 1403 3399 1442 xu
3429 1389 3531 1444 cal.
3557 1389 3720 1460 Apri-

2124 1473 2208 1540 lis,
2229 1473 2382 1544 juxta
2404 1490 2621 1530 cursum
2645 1475 2808 1543 lunm,
2837 1477 3036 1530 mensis
3056 1476 3474 1534 constitueretur
3489 1479 3724 1550 initium,

2122 1565 2349 1620 rationis
2369 1574 2513 1620 esset
2538 1566 2750 1636 opinari
2772 1567 3082 1633 nonnullos,
3100 1567 3153 1623 in
3169 1569 3462 1625 secundum
3483 1587 3725 1630 mensem

2126 1673 2226 1713 nos
2254 1673 2412 1728 posse
2432 1658 2707 1714 recedere.
2731 1658 2884 1715 Nunc
2908 1669 3106 1727 autem,
3137 1661 3264 1732 quia
3291 1678 3377 1718 xtv
3406 1663 3530 1718 luna
3561 1665 3723 1735 primi

2127 1751 2325 1806 mensis
2346 1767 2443 1822 per
2457 1762 2703 1808 octavam
2728 1753 3098 1822 indictionein,
3122 1772 3242 1828 quae
3263 1767 3490 1814 ventura
3512 1771 3595 1815 est
3618 1777 3726 1821 χχιι

428 1831 642 1896 miuico,
678 1849 805 1888 xxix
834 1835 922 1889 die
944 1837 1148 1892 mensis
1196 1837 1382 1906 ipsius,
1433 1837 1523 1906 qui
1573 1846 1656 1893 est
1693 1853 1781 1894 vm
1811 1839 2020 1894 calend.
2057 1865 2102 1924 Β
2127 1843 2214 1898 die
2235 1844 2432 1900 mensis
2451 1844 2764 1912 Pharmothi
2783 1889 2797 1912 ,
2820 1848 2911 1916 qui
2933 1857 3017 1905 est
3038 1865 3107 1903 xv
3138 1849 3241 1905 cal.
3267 1850 3410 1917 Maii,
3433 1852 3727 1920 invenitur,

427 1923 572 1990 Maii,
608 1924 804 1979 festum
834 1927 1090 1995 paschale
1112 1928 1470 1983 celebremus.

499 2013 634 2069 Illud
657 2015 818 2070 etiam
844 2017 1150 2072 necessario
1181 2019 1334 2073 vobis
1366 2019 1776 2083 innotescimus,
1800 2022 1945 2090 quod
1972 2022 2025 2076 in

427 2110 604 2163 futuro
619 2117 641 2142 ⁸
657 2123 799 2163 anno
813 2125 983 2165 ccnxv
995 2111 1062 2164 ab
1079 2111 1304 2181 imperio
1318 2111 1657 2179 Diocletiani,
1676 2131 1762 2170 xiv
1777 2115 1902 2170 luna
1921 2133 2026 2171 rur-

429 2215 516 2254 sus
539 2211 880 2267 occurrente,
895 2218 1020 2257 χχιιι
1043 2202 1129 2258 die
1154 2205 1352 2258 mensis
1375 2203 1816 2278 Pharmothi,qui
1835 2217 1917 2261 est
1941 2224 2028 2264 xlv

427 2292 636 2349 calend.
657 2293 803 2362 Maii,
821 2295 1148 2353 dominicum
1170 2295 1374 2356 Pascha
1389 2315 1557 2358 xxvut
1573 2299 1597 2338 δ
1612 2300 1697 2358 die
1721 2303 1921 2358 mensis
1942 2302 2029 2376 ip-

424 2383 560 2449 sius,
583 2387 674 2456 qui
700 2397 783 2441 est
805 2403 875 2442 vu
902 2389 1005 2444 cal.
1039 2389 1187 2458 Maii,
1212 2392 1322 2449 Deo
1346 2405 1632 2463 praestante
1647 2397 2026 2453 celebrabitur.

505 2477 611 2533 Sed
643 2481 880 2536 nonnulli
911 2482 1264 2540 subtilitatem
1301 2489 1571 2556 paschalis
1597 2493 1836 2561 computi
1869 2492 2029 2548 forsi~

426 2581 518 2624 tan
552 2571 880 2640 ignorantes,
919 2573 1158 2633 Judaicis
1193 2579 1398 2635 seducti
1445 2580 1658 2650 fabulis,
1685 2586 2030 2642 aestimabunt

435 2681 532 2718 nos
574 2666 626 2718 in
671 2668 968 2723 secundum
998 2685 1236 2726 mensem
1270 2674 1544 2740 recedere,
1587 2677 1630 2730 si
1681 2675 2028 2734 festivitatem

438 2767 664 2813 eatenus
695 2759 993 2830 exigamus,
1023 2763 1207 2818 nescio
1238 2781 1458 2834 prorsus
1485 2767 1625 2822 unde
1657 2768 1759 2824 hoc
1785 2785 2031 2826 asseren-

437 2860 537 2902 tes.
565 2848 696 2904 Nam
722 2866 810 2905 xlv
841 2851 964 2906 luna
998 2853 1163 2921 ipsius
1197 2871 1259 2907 ιιι
1288 2856 1397 2911 usis
1437 2868 1754 2914 occurrente
1797 2876 1905 2916 χχιι
1943 2861 2031 2917 die

433 2940 630 2994 mensis
677 2938 1013 3006 Pharmothi,
1045 2943 1135 3013 qui
1178 2953 1260 2998 est
1301 2962 1369 2998 xv
1417 2946 1520 3001 cal.
1563 2946 1709 3014 Maii,
1752 2950 2028 3017 quomodo

431 3030 705 3100 querelam
758 3033 1174 3098 sustinebimus,
1240 3035 1385 3105 quod
1435 3037 1488 3092 in
1547 3039 1788 3094 secundo
1845 3056 2030 3097 mense

436 3119 640 3174 Pascha
679 3122 1054 3178 celebremus?
1083 3124 1250 3182 Judaei
1291 3143 1524 3198 namque
1572 3131 1882 3198 ignorantes
1922 3133 2029 3189 Do-

2129 1943 2337 1989 certnm
2362 1945 2444 1990 est
2472 1936 2614 2005 quod
2646 1937 2854 1992 initium
2886 1939 3125 2006 ejusdem
3169 1944 3366 1996 mensis
3392 1943 3548 2012 primi
3573 1944 3726 2013 juxta

2128 2029 2268 2083 luna:
2313 2045 2528 2084 cursum
2576 2047 2721 2085 nono
2767 2032 2855 2086 die
2905 2031 3242 2100 Pharmothi,
3286 2037 3378 2105 qui
3427 2046 3512 2093 est
3554 2039 3727 2108 pridie

2130 2135 2301 2174 nonas
2348 2121 2544 2189 Aprilis
2589 2132 2857 2177 occurrat.
2910 2124 3045 2179 Cum
3093 2141 3222 2196 ergo
3270 2127 3478 2183 decima
3532 2140 3726 2200 quarta

2130 2213 2281 2281 luna,
2317 2231 2422 2269 χχιι
2463 2215 2550 2270 die
2591 2219 2791 2274 mensis
2820 2218 3132 2275 Pharmothi
3163 2222 3489 2293 inveniatur,
3515 2227 3610 2296 qui
3646 2235 3726 2281 est

2129 2320 2200 2363 xv
2229 2305 2480 2367 calendas
2525 2305 2671 2380 Maii,
2707 2309 3033 2372 dominicum
3065 2314 3264 2388 pascha
3291 2331 3421 2376 xxix
3449 2316 3537 2375 die
3574 2334 3724 2376 men-

2132 2399 2206 2454 sis
2237 2401 2406 2472 ipsius
2433 2401 2769 2470 Pbarmothi,
2801 2407 2891 2475 qui
2918 2418 3002 2463 est
3030 2425 3122 2464 vtu
3153 2412 3255 2464 cal.
3281 2412 3424 2475 Maii,
3454 2412 3728 2470 celebran-

2133 2500 2238 2559 tes,
2268 2493 2322 2546 in
2353 2496 2652 2550 secundum
2682 2511 2920 2553 mensem
2966 2500 3185 2556 minime
3229 2504 3558 2571 recedimus,
3600 2523 3726 2562 cum

2132 2585 2314 2641 lunam
2343 2571 2470 2642 tun'c
2489 2603 2579 2642 χχι
2597 2588 2892 2649 indubitate
2918 2591 3232 2650 habeamus.
3263 2594 3546 2662 Quomodo
3569 2599 3726 2669 igitur

2131 2694 2481 2736 excurremus
2526 2683 2579 2736 in
2634 2698 2875 2739 mensem
2926 2689 3244 2755 secundum,
3292 2689 3725 2760 quandoquidem

2133 2774 2346 2829 initium
2376 2775 2533 2841 primi
2557 2777 2756 2832 mensis
2779 2778 2932 2846 juxta
2961 2779 3103 2834 lunae
3127 2796 3365 2848 cursum,
3395 2784 3536 2838 sicut
3566 2786 3726 2854 paulo

2132 2873 2260 2921 ante
2284 2867 2483 2922 dictum
2531 2876 2632 2933 est,
2681 2885 2734 2923 ιχ
2780 2869 2868 2925 die
2916 2873 3116 2928 mensis
3156 2870 3496 2938 Pharmothi,
3528 2878 3726 2946 quiest

2132 2955 2305 3026 pridie
2333 2974 2462 3012 non.
2493 2959 2710 3028 Aprilis,
2738 2963 2958 3030 cxistat,
2982 2976 3037 3018 et
3059 2980 3145 3018 xtv
3169 2965 3315 3028 luna,
3342 2983 3450 3022 χχιι
3467 2967 3554 3024 die
3577 2985 3726 3024 men-

2133 3047 2207 3101 sis
2230 3047 2414 3115 ipsius,
2449 3049 2499 3103 id
2531 3060 2615 3104 est
2643 3067 2711 3104 xv
2738 3051 2843 3106 cal.
2875 3052 3003 3111 Maii
3031 3056 3348 3125 proveniat?
3387 3056 3502 3113 Hoc
3545 3071 3730 3115 autem

2134 3140 2209 3193 ita
2230 3139 2529 3205 declarato,
2557 3153 2763 3197 certum
2789 3152 2874 3199 est
2897 3145 3042 3214 quod
3071 3147 3123 3201 in
3152 3149 3448 3204 secundum
3485 3166 3728 3208 ιιιειιεειιι

432 3213 656 3276 minum,
693 3222 901 3284 tempus
942 3231 1158 3288 quoque
1185 3218 1400 3276 Pascha:
1429 3221 1698 3290 ignorant.
1733 3222 1883 3279 Unde
1923 3241 2024 3280 sae-
2056 3245 2101 3307 ο
2130 3231 2438 3287 nullatenus
2465 3248 2835 3302 exeurramus,
2867 3213 2994 3293 xxix
3023 3239 3112 3294 die
3146 3243 3349 3297 mensis
3379 3237 3726 3310 Pharmothi,

435 3309 554 3374 plus
582 3323 612 3361 a
639 3307 813 3377 primo
838 3324 1022 3364 mense
1052 3312 1329 3380 recedunt,
1365 3322 1421 3368 et
1445 3315 1498 3370 in
1526 3332 1597 3370 χιι
1621 3332 1803 3372 mense
1819 3316 2026 3373 Pascha

434 3399 710 3456 celebrare
740 3417 798 3456 se
826 3414 846 3440 ε
871 3404 1210 3473 aliquatenus
1235 3407 1582 3462 arbitrantur.
1607 3408 1712 3464 Sed
1732 3410 2027 3466 beatissimi

436 3497 613 3559 patres
642 3491 812 3546 nostri
840 3495 1048 3564 cyclum
1079 3495 1629 3555 decenmovennalem
1676 3501 1876 3555 certius
1911 3493 2029 3556 affi-

435 3587 643 3648 gentes,
671 3597 830 3651 quem
855 3583 1047 3639 violari
1095 3586 1426 3656 impossibile
1474 3599 1575 3656 est,
1610 3592 1752 3646 velut
1795 3594 2028 3668 crepidi-

437 3685 560 3725 nem
591 3687 654 3727 ac
681 3671 1108 3740 fundamentum,
1143 3686 1199 3732 et
1235 3681 1494 3750 regulam,
1546 3681 1692 3739 hunc
1735 3684 2028 3740 decemno-

437 3763 718 3818 vennalem
762 3775 1073 3837 computum
1107 3776 1452 3826 statuerunt:
1483 3789 1590 3828 non
1621 3773 1775 3843 juxta
1817 3773 2031 3832 Judzeo-

435 3868 550 3906 rum
582 3869 725 3910 nunc
747 3854 990 3913 indoctas
1037 3868 1198 3928 atque
1239 3862 1449 3932 ineptas
1489 3865 1731 3920 actiones
1760 3865 1818 3932 (1-,
1852 3882 2028 3936 neque

439 3945 732 4002 tccundum
771 3958 1083 4006 exterorum
1124 3954 1420 4023 putativam
1467 3955 1753 4025 ﬁctamque
1795 3959 1960 4027 prude
2000 3989 2033 4011 .-

439 4045 584 4111 liam,
614 4045 706 4102 sed
735 4049 1028 4103 secundum
1047 4060 1068 4087 ε
1091 4052 1320 4121 gratiam
1339 4053 1570 4124 Spiritus
1586 4056 1754 4110 sancti
1779 4056 2030 4126 instituti,

436 4139 492 4192 in
519 4138 855 4194 revolutione
883 4155 1026 4210 sazpe
1061 4144 1345 4198 memorati
1375 4145 1882 4203 decemnovennalis
1921 4150 2029 4204 cir-

436 4228 543 4282 culi
572 4228 811 4284 decimas
837 4239 1058 4300 quartas
1097 4235 1377 4303 paschales
1415 4236 1568 4294 lunas
1598 4239 1905 4307 diligentius
1933 4241 2031 4296 ad-

437 4326 712 4374 notarunt.

509 4407 605 4464 llis
632 4409 813 4480 itaque
837 4411 1120 4484 confectis,
1143 4415 1275 4471 illud
1302 4420 1463 4474 etiam
1487 4431 1704 4492 oportet
1728 4425 2028 4490 attendere,

435 4499 577 4568 quod
607 4511 790 4556 errent
812 4504 1032 4559 nimium
1061 4507 1151 4576 qui
1175 4508 1331 4576 primi
1360 4515 1559 4567 mensis
1590 4514 1798 4574 initium
1830 4516 2032 4573 lunaris

439 4604 623 4645 cursus
643 4607 674 4646 a
691 4608 796 4647 xxv
811 4591 899 4649 die
921 4597 1119 4652 mensis
1135 4595 1495 4668 Phamenoth,
1511 4605 1602 4672 qui
1619 4615 1700 4658 est
1723 4621 1794 4660 xu
1818 4606 2028 4661 calend.
2063 4637 2112 4695 Β

437 4680 653 4751 Aprilis,
683 4687 904 4743 omnino
929 4703 1049 4746 esse
1073 4693 1411 4748 constituunt
1436 4712 1448 4748 :
1483 4710 1551 4750 eo
1595 4697 1738 4764 quod
1774 4707 1899 4753 tunc
1929 4699 2031 4753 ini-

438 4775 565 4828 tium
596 4778 748 4831 verni
780 4783 1055 4850 temporis,
1089 4781 1158 4838 ab
1182 4783 1266 4839 his
1290 4785 1382 4854 qui
1425 4785 1530 4840 hoc
1569 4786 1811 4842 invenire
1843 4790 2026 4844 value-

438 4874 561 4918 runt
585 4882 706 4921 cum
737 4871 881 4924 omni
908 4872 1182 4940 diligentia
1219 4874 1496 4945 prmiixum
1526 4893 1645 4932 esse
1687 4879 1948 4946 videatur,
1977 4891 2032 4937 et

437 4956 721 5014 manifeste
747 4961 962 5031 quidem
991 4964 1286 5021 secundum
1327 4983 1542 5024 cursum
1583 4971 1735 5040 solis,
1788 4988 1894 5026 xxv
1941 4974 2028 5029 die

509 5145 533 5173 ι
569 5137 608 5189 Β
653 5139 1069 5230 corrige'ndum}
1088 5157 1150 5230 ξς
1183 5148 1455 5230 infamare
1472 5155 1754 5230 gentesimo
1786 5172 2016 5230 nonage-

436 5208 566 5260 simo
595 5208 945 5293 σεται-θηρία
972 5225 1056 5293 est
1084 5208 1431 5293 Christi/$2.
1465 5223 1658 5293 Cyclus
1713 5208 1838 5279 erat
1857 5208 2017 5283 ἰἶιῗῖω

436 5280 1059 5361 vul,‘snl_is.xv,_l_itteraC.
1084 5286 1251 5361 igitur
1267 5280 1545 5348 uenmenia
1571 5297 1834 5361 paschalis
1853 5280 2021 5353 Nicar-

437 5363 500 5432 na
525 5351 610 5432 die
633 5349 665 5401 5
683 5350 892 5432 April.,_
903 5349 1164 5432 terminus
1189 5359 1276 5432 die
1309 5361 1376 5416 ιε
1401 5349 1633 5432 Aprilis,
1660 5365 1772 5418 sive
1798 5349 1885 5421 xiv
1902 5349 2015 5424 Eii.

438 5420 535 5488 Ap.
565 5421 831 5497 ilotniuiea
863 5423 967 5497 die.
995 5427 1179 5497 Itaque
1198 5420 1596 5487 diﬂ‘umlcndum
1619 5420 1824 5488 Pascha
1848 5420 2020 5493 fuitin

438 5504 503 5568 vn
531 5494 655 5570 ειιΙ.2
701 5493 752 5570 id
777 5503 860 5548 εει
897 5493 1106 5570 ρἰμὲἕ
1130 5499 1346 5570 Aprilis.
1371 5501 1654 5558 Pennus.
1686 5535 1756 5546 -—
1783 5506 2023 5563 Consen-

440 5562 500 5649 tJit
528 5560 838 5646 Bueherius.
897 5565 1082 5623 Codex
1128 5560 1452 5628 Bodleianus
1498 5575 1659 5630 habet
1694 5593 1706 5628 :
1739 5577 1793 5629 in
1841 5560 2025 5649 γηὶέέὶῖο

436 5629 775 5689 ducentesimo
796 5647 936 5690 ιιωο
962 5649 1126 5694 vum.

507 5699 533 5736 δ
559 5701 852 5780 [Eucherius
877 5725 889 5760 :
922 5709 1033 5780 lege
1063 5710 1150 5765 50.

509 5780 529 5843 ῗ
566 5771 760 5843 δζοεειιι
788 5793 844 5830 ιε
873 5771 1078 5834 addunt
1106 5781 1147 5834 B
1176 5789 1233 5836 et
1262 5783 1320 5836 Ι).

506 5836 528 5874 ά
561 5840 722 5897 Forte
748 5849 994 5906 rationes.
1028 5850 1345 5913 BUCHERIUS.

2131 3323 2222 3392 qui
2250 3332 2334 3378 est
2361 3340 2449 3379 Vlll
2475 3325 2580 3379 cal.
2622 3325 2772 3394 Mai,
2796 3329 3123 3386 dominicum
3149 3334 3347 3402 pascha
3367 3337 3726 3393 celebrantes.

2204 3457 2544 3528 Cognoscant
2589 3464 2772 3533 itaque
2813 3481 2911 3536 per
2954 3475 3098 3522 tuam
3142 3471 3505 3540 sanctitatem,
3545 3477 3636 3544 qui
3677 3477 3729 3530 in

2133 3546 2238 3602 illis
2286 3551 2526 3619 partibus
2566 3555 2860 3623 ambigunt,
2895 3559 3041 3627 quod
3081 3560 3315 3630 legitime
3350 3581 3448 3634 per
3480 3576 3731 3624 octavam

2133 3639 2477 3697 indictiouem
2535 3642 2738 3700 Pascha
2793 3651 3097 3718 peragimus
3153 3653 3195 3705 τ.
3244 3651 3538 3725 Propterea
3586 3661 3732 3716 enim

2133 3732 2322 3801 scripsi
2364 3742 2410 3800 Β,
2447 3732 2664 3790 Patrum
2710 3747 2764 3791 et
2802 3740 2855 3792 in
2897 3740 3000 3795 hoc
3035 3743 3429 3800 ecclesiasticas
3471 3746 3733 3811 formulas

2133 3824 2486 3893 subsequens,
2512 3837 2566 3882 et
2589 3829 2783 3884 exinde
2813 3834 3123 3888 occasiones
3146 3837 3223 3890 rei
3251 3837 3407 3907 hujus
3427 3854 3731 3908 assumens.

2134 3913 2224 3970 Sic
2259 3933 2492 3988 namque
2526 3929 2580 3974 et
2619 3937 2971 3990 praecessores
3012 3924 3040 3961 ¹ι
3069 3930 3262 3998 nostri,
3293 3930 3339 3983 si
3375 3936 3594 4000 quando
3632 3937 3734 3991 du-

2133 4007 2305 4064 bietas
2330 4019 2446 4064 orta
2471 4020 2573 4078 est,
2606 4013 2901 4083 putt-dicere
2931 4016 3272 4089 festinabant,
3299 4032 3355 4076 ut
3379 4025 3578 4094 ubique
3603 4044 3735 4082 con-

2133 4114 2392 4159 sonanter
2420 4117 2672 4174 ageretur
2699 4121 2884 4164 sancta
2917 4111 3195 4169 festivitas.
3221 4114 3374 4181 Quod
3398 4119 3562 4174 etiam
3592 4139 3736 4179 utuic

2129 4193 2281 4264 juxta
2320 4197 2551 4265 priscam
2593 4202 3040 4258 consuetudinem
3089 4209 3356 4264 credimus
3401 4210 3454 4264 in
3500 4213 3736 4271 Domino

2138 4287 2418 4353 praedicari
2449 4289 2502 4342 in
2545 4291 2790 4346 ecclesiis
2834 4309 2994 4347 unam
3040 4295 3218 4362 ﬁdem,
3252 4314 3412 4352 unum
3441 4300 3735 4372 baptisma.

2135 4386 2191 4432 et
2232 4394 2391 4432 unam
2440 4381 2836 4438 solemnitatem
2887 4388 3300 4442 sacratissiuiam
3331 4393 3641 4460 paschalem
3668 4398 3736 4452 ab

2136 4473 2384 4527 omnibus
2412 4473 2732 4531 Christianis
2759 4477 2957 4548 ubique
2986 4479 3246 4535 celebrari
3277 4483 3329 4536 in
3359 4483 3577 4541 Christo
3608 4489 3738 4543 Jcsu

2137 4561 2366 4618 Domino
2398 4575 2619 4633 nostro;
2649 4569 2775 4627 quia
2823 4569 2877 4623 in
2919 4571 3034 4630 ipso
3074 4573 3321 4639 vivimus.
3350 4585 3406 4630 et
3430 4593 3738 4647 movemur,

2139 4661 2193 4707 θὶ
2213 4669 2420 4711 sumus.

2209 4792 2524 4851 Transfcrre
2563 4813 2694 4852 vero
2732 4801 2871 4854 hanc
2912 4803 3194 4872 epistolam
3243 4806 3295 4860 in
3342 4807 3547 4864 Latinae
3591 4816 3740 4870 vocis

2138 4885 2431 4955 eloquium,
2465 4905 2573 4943 non
2603 4892 2736 4944 satis
2764 4902 2968 4948 certum
2998 4911 3116 4950 esse
3141 4900 3478 4968 putavimus;
3505 4919 3576 4957 ne
3599 4904 3742 4959 forte

2136 4979 2509 5046 grwdssaiites
2548 4983 2729 5051 potius
2754 4985 2897 5055 apud
2929 5002 3028 5042 nos
3064 4985 3106 5056 ί,
3146 5005 3248 5049 nec
3279 4992 3293 5042 i
3329 4990 3445 5060 jam
3494 4995 3742 5052 valentes

2200 5171 2223 5238 ς
2346 5165 2438 5218 sed
2463 5168 2635 5236 gratia
2663 5166 2807 5238 Spir.
2842 5167 2904 5224 S.

2204 5230 2222 5270 ἲ
2255 5232 2315 5306 l),
2343 5230 2666 5306 pernis/emus.

2202 5313 2226 5376 β
2340 5304 2552 5376 scripta.

2205 5371 2228 5408 ιι
2256 5373 2328 5427 lta
2358 5376 2396 5428 Β
2436 5371 2490 5458 et
2521 5377 2582 5458 ρ,
2634 5393 2863 5458 quorum
2891 5381 3041 5458 prior
3063 5397 3161 5458 ιιι-9
3191 5386 3355 5458 nostri
3395 5385 3564 5458 habet
3591 5405 3730 5458 pra-

2130 5460 2354 5498 cessorcs
2381 5447 2508 5529 utri.
2532 5448 2586 5529 l_n
2618 5449 2748 5505 edit.
2792 5447 3002 5506 Petavii
3032 5447 3088 5508 et
3115 5453 3285 5510 Buch.
3320 5455 3550 5525 legitur,
3583 5447 3714 5529 prrs-

2132 5530 2365 5569 cursorcs
2395 5521 2576 5572 nostri.

2213 5584 2225 5620 ί
2263 5585 2336 5666 lta
2363 5585 2649 5670 Petaviana
2681 5591 2863 5657 editio,
2884 5601 2942 5670 et
2971 5609 3106 5670 mss.
3125 5597 3310 5666 codd.,
3334 5613 3472 5670 quos
3495 5601 3732 5670 proinde

2134 5658 2283 5724 sequi
2333 5660 2620 5716 maluimus
2645 5701 2658 5725 ,
2689 5676 2851 5729 quam
2883 5662 3201 5722 Bucheriuut
3228 5709 3241 5733 ,
3275 5658 3368 5738 qui
3406 5658 3654 5740 bic'legit
3715 5689 3730 5726 :

2129 5742 2235 5779 υοε.

2202 5798 2214 5845 i
2255 5795 2309 5850 ln
2336 5798 2476 5877 _cdit.
2510 5798 2694 5877 Petav.
2727 5811 2782 5855 ct
2806 5803 2973 5859 Buch.
3008 5821 3291 5877 perperam
3323 5809 3409 5863 hic
3443 5810 3732 5869 interseri-

2127 5877 2230 5932 tur,
2262 5871 2420 5936 cnim,
2448 5872 2590 5940 quod
2621 5889 2836 5928 sensum
2874 5871 3076 5939 turbat.
3107 5871 3160 5933 et
3186 5879 3235 5932 iu
3274 5896 3402 5936 mss.
3437 5882 3614 5940 deest.
