4000 6344
241 266 347 325 613

1032 263 1317 319 DIONYSII
1358 262 1599 320 EXIGUI
1637 262 1967 321 EPISTULA
2003 266 2087 320 DE
2129 264 2424 321 RATIONE
2469 266 2781 322 PASCIl/E.

3436 272 3534 329 5H

242 382 361 433 lizec
389 376 673 444 diligenter
712 377 1035 446 exprimere,
1069 377 1323 432 laederent
1363 379 1672 447 veritatem,
1713 394 1839 448 pro—
1872 394 1915 443 Α
1944 380 2353 436 fraternitatem.
2389 381 2484 443 Te,
2516 398 2632 450 qua:
2665 382 2940 435 uobiscum
2969 391 3073 445 est,
3104 383 3303 439 salutat
3340 384 3393 439 in
3431 384 3537 440 Do-

244 479 356 541 ptei
394 470 680 524 informem
721 486 1026 525 sermonem
1057 480 1220 539 atque
1251 472 1631 541 incongruum,
1664 480 1719 527 et
1748 472 1840 541 qui

245 560 384 615 forte
414 578 521 616 non
548 562 621 615 ita
663 563 834 630 possit
873 564 1123 615 ardenter
1162 564 1502 631 scienterque
1539 562 1841 632 transferri,

241 653 387 708 sicut
425 668 588 708 causa
632 655 908 724 poscebat.
958 654 1142 709 Saluta
1183 670 1325 723 eam,
1364 671 1484 725 qua:
1528 666 1707 713 tecum
1739 666 1839 721 est,

1948 474 2113 529 mino.
2141 472 2211 526 Et
2241 474 2347 528 alia
2374 491 2527 527 utanu
2559 493 2570 527 :
2601 475 2793 529 Valere
2825 483 2877 527 te
2917 484 2972 529 et
3012 476 3182 530 nostri
3210 477 3537 542 meminisse,

1948 568 2181 633 domine,
2213 584 2425 637 precor,
2462 568 2809 624 dilectissime
2850 577 2907 623 et
2940 569 3395 624 desideratissime
3434 568 3541 623 fra-

1950 669 2032 713 ter
2066 670 2112 715 ⁸.

317 796 347 825 ⁸
379 786 633 843 Ultimam
656 788 794 843 hanc
819 805 1028 854 vocem,
1052 804 1169 857 quce
1199 789 1411 843 additur
1436 791 1486 844 in
1512 808 1663 855 mss.,
1700 790 1948 845 Petavius
1977 802 2029 845 et
2056 791 2348 846 Buchcrius
2378 791 2697 845 omiserunt.

729 1000 1280 1079 ’EPISTOLA
1354 999 1808 1076 DIONYSII
1890 998 2019 1071 DE
2087 998 2532 1073 liATIONE
2618 994 3051 1095 PASCILE,

1314 1150 1525 1187 SCRiI‘TA
1570 1149 1665 1186 ΑΚΝ
1694 1161 1700 1172 ·
1733 1146 1939 1184 CHRISTI
1973 1147 2191 1183 \'l'i.(‘..\lll
2227 1147 2381 1184 LXXVI
2427 1146 2459 1182 '.

320 1292 561 1348 Dominis
583 1306 613 1347 a
639 1306 727 1347 me
752 1291 1039 1362 plurimum
1062 1290 1401 1353 venerandis,
1429 1289 1702 1346 Bouifacio
1734 1292 1843 1361 pri-

242 1386 472 1441 micerio
501 1383 858 1447 notariorum,
889 1391 943 1436 et
971 1381 1120 1436 Bono
1148 1382 1535 1447 secundicerio,
1561 1382 1843 1453 Dionysius

243 1476 483 1544 Exiguus
511 1475 738 1531 salutem
763 1474 811 1528 ι’.

321 1564 689 1619 Observantur:
737 1574 759 1602 ο
804 1562 1073 1633 paschalis
1116 1563 1377 1629 regulam,
1418 1562 1509 1616 diu
1553 1574 1742 1618 sancto
1782 1580 1846 1619 ac

243 1654 546 1710 venerabili
593 1652 847 1708 Petronio
890 1653 1147 1722 episcopo
1193 1662 1590 1717 commoneute,
1626 1654 1843 1709 tandem

243 1746 390 1817 stylo
416 1745 797 1802 commendare
825 1747 1150 1813 compulsus,
1185 1761 1400 1799 onmem
1437 1746 1693 1815 deinceps
1724 1763 1842 1801 aiu-

246 1836 565 1904 biguitatem
590 1835 932 1898 diversitatis,
961 1835 1489 1905 nppiignanliamque
1521 1834 1547 1873 ἀ
1578 1837 1843 1892 sublatam

246 1926 372 1982 fore
419 1926 750 1982 credideram
784 1944 796 1979 :
827 1928 1060 1981 maxime
1100 1926 1242 1995 quod
1291 1936 1598 1981 sanctorum
1632 1937 1843 1982 trecen-

249 2026 436 2072 torum
467 2018 765 2072 octodecim
816 2019 1115 2071 antistitum
1149 2020 1237 2086 qui
1269 2018 1407 2087 apud
1438 2017 1667 2073 Nicmam
1717 2036 1845 2073 con-

246 2117 514 2165 venerant
543 2109 916 2164 auctoritatem
959 2110 1085 2162 totis
1131 2108 1334 2162 nisibus
1379 2109 1649 2163 insinuare
1694 2126 1847 2163 cuia-

242 2216 452 2265 veram,
484 2200 576 2270 qui
606 2201 659 2254 in
688 2200 780 2254 illo
812 2210 836 2237 ⁶
860 2200 1090 2254 concilio
1120 2199 1425 2253 venerando
1452 2199 1845 2254 decemuoven—

242 2290 427 2344 ualem
457 2291 663 2359 cyclum
697 2289 1013 2358 regulariter
1042 2288 1340 2357 affigentes,
1363 2298 1581 2356 quartas
1609 2289 1846 2344 decimas

243 2378 407 2434 lunas
446 2379 710 2449 paschalis
740 2380 1094 2435 observantia”:
1124 2395 1220 2449 per
1247 2380 1424 2434 omnia
1459 2390 1698 2451 tempora
1731 2383 1846 2452 lege

242 2487 361 2527 sua:
413 2470 433 2509 ί
486 2472 835 2527 revolutionis
900 2472 1201 2528 immobiles
1264 2472 1678 2528 adnotaverunt.
1739 2475 1845 2529 Sed

241 2562 509 2632 quoniam
552 2563 811 2618 sanctitas
849 2573 1049 2629 vestra,
1081 2573 1201 2617 orta
1232 2564 1307 2617 rei
1340 2564 1497 2630 hujus
1525 2565 1842 2632 qumstione,

242 2655 315 2707 de
344 2653 569 2708 archivo
592 2653 850 2709 Romana:
875 2653 1147 2719 Ecclesiw,
1176 2653 1502 2721 Paschasini,
1528 2657 1849 2711 venerabilis

246 2744 517 2814 episcopi,
547 2745 773 2814 scripta,
794 2760 953 2814 quem
1001 2752 1231 2809 constat,
1266 2761 1363 2815 pro
1391 2761 1619 2816 persona
1651 2748 1851 2801 beatis-

242 2835 371 2889 simi
404 2851 556 2905 papaz
594 2835 806 2900 Leonis,
839 2848 1026 2891 sancto
1065 2837 1487 2893 Chalcedonensi
1521 2836 1847 2907 praesedisse

1951 1292 2052 1345 liae
2075 1292 2282 1345 ratione
2306 1290 2579 1360 peragitur
2607 1307 2618 1340 :
2646 1298 2700 1343 ut
2722 1306 2891 1344 annos
2913 1292 3144 1359 prinmm
3173 1300 3226 1347 et
3249 1282 3542 1349 secundum

1948 1397 2281 1444 communes,
2316 1381 2365 1433 id
2413 1390 2494 1433 est
2533 1364 3023 1446 minoreslhabeat;
3058 1384 3271 1437 tertium
3316 1386 3541 1440 emboli-

1882 1510 1921 1567 Β
1950 1488 2145 1536 smum,
2172 1472 2223 1525 id
2253 1480 2334 1526 est
2364 1471 2653 1537 majorem;
2687 1487 2882 1524 annum
2922 1482 3171 1539 quartum
3213 1482 3269 1529 et
3294 1475 3541 1544 quintum

1951 1564 2076 1615 item
2134 1578 2476 1626 communes,
2533 1572 2743 1615 sextum
2799 1562 3200 1629 embolismum,
3257 1565 3543 1633 septimum

1949 1670 2313 1716 communem.
2344 1664 2593 1708 octavum
2622 1654 3018 1708 embolismum.
3053 1655 3132 1709 Ac
3172 1670 3269 1725 per
3310 1656 3411 1710 hoc
3450 1671 3544 1725 og-

1949 1745 2138 1801 doadis
2186 1762 2499 1799 communes
2538 1745 2662 1798 anni
2712 1746 2952 1815 quinque
2998 1755 3054 1801 et
3091 1756 3201 1800 tres
3240 1747 3544 1803 embolismi

1946 1833 2147 1901 jugiter
2176 1834 2534 1887 ascribuutur.
2567 1833 2876 1889 Communis
2904 1844 3082 1889 autem
3123 1852 3296 1891 annus
3338 1838 3544 1893 duode-

1948 1925 2052 1978 cim
2082 1932 2296 1979 lunares
2326 1941 2537 1979 menses
2567 1925 2791 1993 colligit,
2821 1928 2911 1996 qui
2940 1927 3054 1981 dies
3085 1937 3357 1983 trecentos
3385 1930 3545 1997 quiu-

1948 2017 2199 2084 quaginta
2232 2025 2463 2085 quatuor
2490 2015 2746 2070 efliciunt.
2779 2017 3136 2071 Embolismus
3166 2028 3342 2072 autem
3374 2035 3544 2074 annus

1948 2114 2001 2157 et
2028 2106 2178 2159 lunas
2200 2106 2481 2173 tredecim,
2505 2116 2557 2161 et
2585 2108 2697 2162 dies
2727 2117 2996 2162 trecentos
3018 2108 3290 2176 octoginta
3313 2120 3544 2179 quatuor

1948 2194 2147 2249 habere
2196 2205 2546 2250 monstratur.
2601 2197 2729 2251 Item
2772 2199 3038 2253 liendecas
3073 2199 3174 2253 hac
3204 2199 3321 2267 lege
3350 2200 3544 2253 decur-

1947 2286 2021 2338 rit
2052 2286 2095 2337 ⁵ί.
2130 2286 2319 2357 incipit
2351 2302 2378 2339 a
2412 2302 2556 2341 nono
2590 2289 2599 2323 ¹
2634 2288 2789 2356 cyclo
2819 2290 3315 2353 decemnovennali,
3348 2291 3439 2360 qui
3464 2300 3546 2345 cst

1950 2375 2151 2428 lunari~
2185 2386 2401 2443 sextus;
2428 2376 2577 2446 cujus
2604 2378 2807 2446 primus
2836 2388 2890 2431 et
2919 2382 3182 2433 secundus
3205 2396 3376 2435 anuus
3397 2397 3545 2435 com-

1949 2467 2125 2519 munis
2167 2475 2267 2531 est,
2321 2468 2509 2521 tertius
2560 2468 2926 2533 embolisiuus,
2974 2480 3196 2538 quartus
3232 2480 3287 2525 et
3328 2471 3545 2539 quintus

1949 2558 2269 2621 communis,
2308 2566 2493 2610 sextus
2534 2558 2905 2626 embolismus,
2933 2560 3194 2628 septimus
3231 2569 3287 2614 et
3322 2571 3545 2617 octavus

1950 2662 2287 2712 communes,
2332 2663 2505 2700 nonus
2552 2649 2921 2716 embolismus,
2952 2649 3189 2703 decimus
3223 2653 3543 2721 communis,

1951 2739 2266 2793 undecimus
2295 2738 2641 2793 embolismus
2672 2760 2684 2792 -.
2716 2740 2897 2809 sicque
2925 2741 3195 2797 hendecas
3236 2743 3538 2800 communi-

1953 2828 2051 2884 bus
2099 2829 2253 2885 annis
2298 2838 2525 2899 septem,
2559 2831 2889 2886 embolismis
2926 2841 3157 2900 quatuor
3204 2834 3539 2888 terminatur.

244 2927 507 2994 concilio,
532 2927 596 2980 ad
618 2930 865 2983 eumdem
897 2944 1086 2999 papam
1120 2945 1215 2999 per
1246 2931 1384 2983 idem
1409 2940 1619 3001 tempus
1641 2932 1844 2985 directa

1953 2920 2403 2977 Embolismorum
2448 2933 2627 2977 autem
2671 2924 2771 2978 ista
2816 2925 2955 2979 ratio
3000 2925 3260 2995 probatur
3287 2926 3539 2991 existere,

245 3035 396 3075 nunc
427 3022 668 3090 promtit,
700 3036 819 3092 qua:
846 3023 1046 3077 sanctis
1085 3021 1331 3076 Patribus
1371 3022 1604 3077 evidenti
1636 3024 1847 3078 ratione

244 3113 620 3180 consentiunt,
670 3113 783 3168 haec
830 3124 853 3159 ες
907 3114 1156 3184 praesenti
1210 3114 1493 3168 indidimus
1541 3115 1691 3185 operi
1734 3133 1746 3167 :
1789 3124 1848 3169 ut

244 3203 413 3272 hujus
441 3204 603 3258 etiam
636 3205 734 3258 viri
767 3205 1073 3260 testimonio
1102 3206 1415 3270 niteremur,
1440 3205 1531 3275 qui
1558 3204 1844 3261 manifesto

244 3293 517 3348 miraculo
566 3295 947 3349 venerabilium
990 3294 1301 3366 pontificum
1331 3296 1602 3366 paschalia
1630 3296 1845 3351 decreta

244 3381 557 3436 confirmat.
590 3382 724 3450 Quia
747 3400 875 3439 vero
905 3385 959 3439 in
990 3384 1205 3454 scriptis
1234 3384 1399 3452 ipsius
1430 3383 1452 3421 δ
1479 3386 1844 3442 communium

244 3490 516 3530 annorum
564 3486 621 3531 et
666 3479 1103 3533 embolismorum
1148 3480 1352 3534 mentio
1397 3477 1535 3532 facta
1577 3485 1679 3540 est,
1718 3486 1773 3531 et
1814 3492 1846 3531 a

243 3567 523 3621 nonnullis
550 3568 666 3624 hmc
695 3571 855 3638 ratio,
891 3586 1009 3640 qua:
1053 3587 1121 3625 ex
1168 3570 1535 3633 Ilebrazorum,
1571 3578 1627 3622 ut
1656 3569 1843 3637 fertur,

241 3657 541 3714 traditione
569 3658 865 3726 descendit,
899 3675 1224 3731 magnopere
1253 3660 1530 3731 quaeritur,
1574 3658 1712 3713 scire
1744 3674 1844 3713 vo-

242 3748 486 3805 lentibus
516 3758 692 3804 utrum
740 3750 864 3806 huic
901 3761 1125 3821 paterna
1165 3751 1348 3821 regula
1388 3750 1401 3785 ί
1438 3762 1735 3804 consanare
1766 3749 1847 3801 vi-

242 3838 463 3899 deatur,
497 3840 857 3893 necessarium
903 3839 1155 3893 duximus
1200 3847 1256 3893 et
1296 3838 1436 3891 hanc
1475 3836 1741 3898 notitiam,
1777 3851 1845 3891 ne

243 3930 511 4000 probetur
550 3931 603 3984 in
646 3931 825 4002 aliquo
864 3930 1143 3996 dissidere,
1175 3938 1362 3984 coacta
1402 3928 1666 3983 brevitate
1693 3929 1843 3997 dige-

242 4034 394 4075 rere.

320 4110 643 4165 Noverimus
687 4112 869 4180 itaque
895 4112 1020 4181 quia
1053 4105 1193 4165 idem
1221 4109 1725 4164 decemnovennalis
1754 4124 1843 4179 cy-

245 4202 411 4258 clusi
454 4217 551 4272 per
579 4202 879 4272 ogdoadem
926 4212 979 4257 et
1024 4202 1386 4257 hendecadem
1431 4215 1646 4270 semper
1688 4201 1740 4255 in
1784 4215 1844 4255 se

1950 3012 2073 3081 quia
2115 3027 2379 3069 annorum
2409 3015 2775 3069 communium
2802 3015 3012 3071 videtur
3038 3016 3233 3073 damna
3268 3018 3539 3090 supplere,

1949 3112 2217 3172 quatenus
2238 3104 2305 3157 ad
2332 3104 2508 3159 solare
2535 3114 2745 3174 tempus
2783 3105 2984 3161 lunaris
3013 3117 3326 3178 esmquetur
3352 3124 3543 3164 excur-

1947 3196 2049 3251 sio.
2082 3195 2335 3263 Quamvis
2358 3198 2499 3251 enim
2530 3199 2654 3251 anni
2684 3199 2875 3254 solaris
2894 3199 3153 3255 circulum
3176 3211 3212 3237 ω
3237 3216 3335 3271 per
3363 3203 3545 3271 singu-

1948 3286 2031 3342 los
2060 3302 2272 3342 menses
2300 3287 2425 3341 luna
2452 3289 2770 3356 circumeat,
2803 3297 2981 3344 tamen
3012 3289 3128 3359 ejus
3157 3290 3543 3361 perfectionem

1947 3376 2231 3433 duodecim
2268 3378 2380 3433 suis
2421 3380 2694 3433 mensibus
2724 3380 2946 3449 implere
2977 3398 3083 3437 non
3112 3384 3257 3438 valet
3287 3392 3335 3435 ι’.
3382 3384 3544 3439 Deni-

1947 3484 2053 3539 que
2094 3470 2145 3524 in
2187 3472 2342 3527 annis
2384 3472 2758 3527 communibus
2785 3473 2850 3525 ad
2882 3474 3144 3528 rationem
3184 3474 3376 3529 solaris
3415 3478 3541 3531 anni

1948 3560 2196 3615 undecim
2226 3560 2341 3617 dies
2371 3561 2509 3614 lunae
2537 3561 2727 3615 deesse
2756 3571 3069 3617 cernuntur.
3114 3563 3171 3617 In
3212 3565 3543 3621 embolismis

1947 3669 2078 3707 vero
2106 3652 2477 3707 novemdecim
2510 3652 2699 3708 diebus
2723 3655 2971 3708 eumdem
3001 3670 3201 3711 annum
3226 3657 3433 3713 videtur
3461 3674 3543 3713 so-

1948 3742 2114 3798 larem
2147 3752 2170 3779 °
2202 3743 2327 3798 luna
2369 3745 2767 3799 transcendere.
2810 3747 3149 3816 Quapropter
3188 3749 3445 3815 ogdoadis
3485 3761 3541 3805 et

1950 3834 2275 3890 liendecadis
2310 3850 2504 3904 annos,
2538 3836 2691 3905 juxta
2726 3837 2931 3905 praefati
2964 3838 3148 3892 circuli
3192 3840 3454 3902 ordinem.
3486 3842 3541 3895 in

1948 3929 2186 3984 medium
2216 3927 2577 3998 proferamus,
2610 3937 2664 3983 et
2693 3928 2893 3998 liquido
2918 3931 3265 3999 probabimus
3294 3947 3390 4003 per
3416 3943 3541 3989 octo

1948 4036 2120 4073 annos
2142 4027 2199 4074 et
2224 4019 2470 4075 undecim
2494 4019 2631 4073 luna:
2658 4036 2871 4074 cursum
2897 4036 3017 4074 cum
3040 4023 3154 4076 sole
3176 4024 3503 4079 contendere
3522 4064 3538 4090 ,

1946 4110 2163 4180 quando
2186 4117 2263 4165 tot
2286 4110 2399 4165 dies
2422 4110 2507 4163 illa
2537 4110 2755 4179 colligat
2779 4122 2909 4181 quot
2940 4112 3030 4166 ille
3055 4115 3370 4171 cucurrerit.

2019 4203 2075 4257 in
2099 4203 2341 4272 ogdoade
2362 4204 2593 4258 diximus
2612 4206 2849 4275 quinque
2875 4222 3045 4261 annos
3066 4223 3184 4263 esse
3207 4224 3539 4273 communes,

245 4294 563 4349 revolvitur.
608 4293 742 4350 Octo
787 4310 1018 4364 namque
1056 4303 1111 4348 et
1149 4292 1394 4348 undecim
1434 4293 1549 4362 ipse
1597 4307 1849 4348 numerus
1880 4290 1929 4349 D
1956 4302 2064 4347 tres
2109 4292 2473 4347 embolismos.
2508 4294 2803 4362 Quinquies
2847 4309 2975 4363 ergo
3005 4306 3031 4345 ρ
3064 4299 3356 4352 trecenteni
3386 4302 3542 4367 quin-

244 4384 571 4453 explicatur.
596 4385 807 4453 Ogiloas
836 4398 989 4453 ergo,
1015 4399 1133 4455 qua:
1164 4384 1345 4453 incipit
1376 4399 1404 4436 a
1436 4382 1610 4453 primo
1630 4383 1845 4438 decem-

247 4475 540 4530 noveunali
576 4476 751 4546 cyilo,
782 4477 872 4546 qui
910 4486 993 4530 est
1040 4475 1240 4529 lunaris
1280 4474 1520 4529 decimus
1563 4472 1841 4543 septimus,

329 4617 355 4644 ι
386 4606 503 4661 Hoc
529 4623 669 4661 anno
699 4608 953 4676 scriptam
978 4622 1095 4662 esse
1118 4608 1255 4662 hanc
1276 4607 1580 4676 epistolam,
1612 4604 1843 4674 probant

253 4677 602 4733 characteres
654 4679 818 4747 ipsius
844 4678 952 4745 jam
982 4693 1144 4747 supra
1175 4678 1397 4747 notati,
1421 4687 1474 4747 et
1500 4677 1843 4747 consentiunt

248 4747 556 4803 Bucberius
599 4744 685 4801 dei
710 4744 962 4801 Doctrina
1012 4744 1197 4815 temp.,
1242 4763 1295 4815 p.
1341 4744 1475 4809 489;
1532 4745 1707 4799 Noris.
1775 4746 1845 4799 de

248 4816 424 4944 gyclo
448 4818 603 4879 Itan,
635 4835 686 4887 p.
721 4816 841 4881 200,
864 4828 967 4871 etc.
995 4816 1103 4871 Nos
1128 4817 1291 4879 illam,
1324 4832 1353 4868 a
1388 4815 1607 4869 Petavio
1639 4815 1761 4868 licet
1791 4824 1843 4868 et

299 4890 526 4944 ucherio
560 4889 661 4944 iam
690 4889 909 4944 editam.
932 4904 1049 4941 cum
1083 4886 1279 4944 duplici
1310 4886 1497 4940 Codice
1525 4900 1623 4937 ius.
1656 4884 1843 4938 Cotto-

299 4884 526 4944 ucherio
552 4884 661 4955 jam
690 4889 909 4951 editam,
932 4904 1049 4941 cum
1083 4886 1279 4953 duplici
1310 4886 1497 4940 Codice
1525 4900 1623 4937 ius.
1656 4884 1845 4955 Cotto-

252 4961 442 5021 niano,
474 4953 654 5011 Tiber.
682 4957 741 5009 Ε.
770 4957 821 5021 4,
854 4966 905 5009 et
925 4956 1092 5023 Calig.
1128 4956 1190 5008 Α.
1227 4955 1317 5019 l5,
1353 4955 1639 5020 Digbzeano
1668 4953 1701 5006 6
1745 4997 1759 5020 ,
1788 4963 1844 5007 et

252 5029 553 5085 Bodleiano
583 5028 641 5081 F.
666 5026 707 5081 Ν
748 5026 808 5080 Ε.
843 5028 894 5091 5,
916 5026 1323 5082 5.contulimus.
1350 5028 1586 5091 Quorum
1611 5024 1842 5092 primum

248 5100 587 5167 signabimus
617 5114 711 5167 per
754 5098 794 5150 (Σ
854 5103 901 5163 l,
942 5098 1169 5149 alterum
1204 5098 1357 5165 perc
1392 5096 1456 5158 2,
1489 5095 1701 5149 tertium
1748 5110 1846 5164 per

254 5169 320 5233 Ι),
352 5179 605 5237 quartum
628 5184 723 5237 per
753 5167 809 5219 Β.

326 5235 506 5291 πίνοι
537 5235 650 5292 [nec
679 5239 730 5292 iu
762 5247 991 5307 utroque
1017 5235 1344 5291 Cottoniano
1384 5239 1556 5290 deest.

330 5321 354 5348 ε
390 5310 515 5371 Alii,
540 5311 870 5363 reverentia}:
902 5305 1007 5363 non
1035 5311 1194 5363 bene.
1232 5308 1555 5361 Bucusnws.
1576 5337 1653 5353 -
1673 5305 1767 5363 Sic
1795 5313 1850 5361 et

256 5387 491 5446 uterque
521 5380 691 5433 codex
719 5380 938 5433 Cotton.

328 5448 356 5487 ἀ
388 5447 467 5501 Ita
498 5447 539 5500 C
564 5448 601 5501 Ξ
628 5458 681 5501 et
711 5448 773 5503 D.
802 5482 873 5491 —
900 5449 956 5502 In
986 5448 1147 5503 editis
1170 5448 1363 5517 legitur
1388 5468 1400 5503 :
1427 5466 1632 5505 omnem
1680 5449 1844 5503 diver-

250 5520 434 5576 ιξωιὶι
456 5519 909 5576 οηυυαιιαιξοηεηι.

335 5536 1049 5657 ΞΈεὲΎὲξζῗὲἳέῖὲἷξυοά
1078 5595 1161 5643 est
1188 5589 1241 5643 in
1261 5590 1435 5645 editis.

324 5705 342 5769 ξ
368 5702 656 5769 S_i_noscere
677 5701 800 5769 velis
828 5715 972 5769 quam
996 5704 1057 5749 ob
1094 5715 1282 5769 causam
1322 5707 1443 5757 hanc
1480 5706 1732 5766 epistolam
1754 5707 1850 5769 jam

255 5766 353 5816 col.
376 5765 444 5811 23
468 5764 762 5824 exscriptam
786 5765 873 5813 hoc
896 5768 1073 5813 iterum
1108 5764 1211 5814 loco
1251 5764 1583 5831 posuerimus,
1608 5773 1717 5820 vide
1740 5764 1850 5835 quae

1949 4384 2179 4454 quageni
2204 4384 2472 4452 quaterni,
2500 4386 2631 4437 liuut
2660 4386 2804 4452 mille
2831 4388 3152 4456 septingenti
3182 4390 3539 4455 septuaginta;

1950 4485 2005 4529 et
2047 4482 2128 4528 ter
2176 4474 2471 4527 trecenteni
2511 4475 2758 4542 octogeni
2804 4477 3082 4544 quaterni,
3132 4477 3278 4530 mille
3324 4487 3541 4533 centum
3612 4488 3627 4500 '

1949 4678 1966 4729 ι
2027 4605 2047 4687 ί.
2074 4606 2164 4661 Sic
2188 4615 2416 4677 uterque
2467 4604 2528 4660 C.
2578 4606 2858 4675 Petavius,
2892 4610 3017 4680 legis
3044 4627 3182 4674 suit;
3211 4611 3503 4669 Bucherius
3524 4657 3539 4683 ,

1968 4694 2067 4729 eat.

1968 4694 2067 4745 egi.

2024 4758 2047 4793 δέ
2078 4746 2151 4800 Ita
2185 4747 2226 4801 Β
2252 4756 2305 4801 et
2334 4748 2397 4801 D.
2424 4746 2607 4802 Petav.
2640 4757 2693 4802 et
2728 4748 2915 4813 Buch.,
2943 4751 3083 4806 huic.

2025 4819 2048 4889 ιδ
2077 4818 2165 4889 Sic
2193 4820 2233 4873 C
2266 4820 2287 4870 l
2318 4830 2371 4871 et
2401 4819 2459 4882 Β,
2497 4835 2592 4887 pro
2623 4821 2768 4887 ipsis,
2800 4821 2943 4889 quod
2974 4832 3056 4876 est
3080 4823 3131 4877 in
3168 4825 3349 4881 editis.

1952 4957 1987 5010 2
2031 4886 2185 5010 1%.,
2210 4898 2442 4959 paterna:
2482 4891 2695 4962 regulis.
2727 4886 3051 4948 Bucusuus.
3091 4892 3376 4952 Consentit
3414 4896 3454 4953 C
3489 4900 3539 4963 1,

2014 4973 2043 5010 e
2144 4998 2157 5010 .

2014 4967 2157 5011 etlL

2028 5040 2040 5077 ι
2077 5028 2137 5089 Β,
2172 5030 2419 5083 circulus.

2026 5096 2048 5134 κ
2073 5098 2147 5151 Ita
2172 5100 2543 5155 Cottonianus.
2560 5101 2715 5166 Editi,
2744 5105 3005 5158 discurrit.

2030 5168 2045 5206 ι
2084 5169 2171 5223 Sic
2192 5169 2454 5244 pigli._et
2488 5173 2717 5236 Bodlei.,
2761 5190 2829 5228 ex
2852 5178 3046 5244 quibus‘
3070 5180 3407 5235 correximus
3431 5181 3537 5237 lec-

1958 5240 2156 5312 lienem
2186 5239 2393 5312 Petavii
2422 5260 2434 5294 :
2469 5260 2605 5295 anno
2636 5245 2778 5312 cyclo
2809 5239 2921 5298 dcc.

2027 5323 2062 5345 ἰλ
2104 5310 2144 5362 (ἶ
2178 5310 2237 5386 lu,
2272 5312 2409 5386 solis
2451 5310 2681 5386 (ηυττωηὶ
2735 5319 2951 5382 ryrlum.
3009 5314 3293 5373 Consentit
3332 5320 3408 5386 B;
3442 5320 3483 5375 C
3511 5321 3547 5375 ‘3

1958 5382 2117 5457 habet
2136 5381 2261 5457 solis
2284 5384 2458 5457 armis”
2471 5384 2631 5457 (forte
2662 5381 2913 5455 animum)
2946 5387 3168 5457 cyclum.

2031 5461 2054 5487 "
2084 5450 2155 5503 Ita
2186 5451 2224 5503 Β
2254 5461 2308 5505 et
2333 5451 2392 5503 (Ι.
2422 5451 2581 5519 Editi,
2609 5459 2873 5518 pravalet.

2032 5532 2055 5555 °
2089 5521 2211 5575 Hice
2239 5538 2341 5576 vox
2372 5524 2422 5576 iu
2452 5524 2491 5576 Ι)
2520 5525 2693 5580 deest.

2030 5604 2054 5641 Ρ
2085 5591 2125 5646 C
2160 5592 2183 5645 ί
2220 5592 2367 5647 addit
2398 5594 2525 5649 dies.

1956 5709 2013 5755 ad
2041 5708 2294 5769 epistolam
2317 5707 2549 5757 Petronio
2583 5712 2816 5758 directam
2846 5715 3115 5765 notavimus
3138 5716 3231 5766 rol.
3254 5716 3346 5769 ιδδ
3372 5728 3383 5765 :
3420 5715 3549 5765 idem

1956 5770 2086 5818 enim
2112 5780 2173 5817 de
2200 5773 2427 5830 [vrtL'SCftli
2452 5771 2529 5833 cli
2561 5773 2654 5822 tola
2675 5777 3007 5827 sentiendum.
3037 5780 3167 5830 Eutr.
