  <div class='ocr_page' id='page_1' title='image "/cluster/home/n/w/nwhite01/storage/ocr_20150623/67/hvd.32044073505141/265.png"; bbox 0 0 4000 6344; ppageno 0'>
   <div class='ocr_carea' id='block_1_1' title="bbox 488 343 657 396">
    <p class='ocr_par' dir='ltr' id='par_1_1' title="bbox 488 343 657 396">
     <span class='ocr_line' id='line_1_1' title="bbox 488 343 657 396; baseline 0 0"><span class='ocrx_word' id='word_1_1' title='bbox 488 343 591 396; x_wconf 88' lang='grc'><strong>515</strong></span> <span class='ocrx_word' id='word_1_2' title='bbox 654 386 657 387; x_wconf 43' lang='grc' dir='ltr'><em>ν</em></span> 
     </span>
    </p>
   </div>
   <div class='ocr_carea' id='block_1_2' title="bbox 1838 349 3768 406">
    <p class='ocr_par' dir='ltr' id='par_1_2' title="bbox 1838 349 3768 406">
     <span class='ocr_line' id='line_1_2' title="bbox 1838 349 3768 406; baseline 0.002 -3"><span class='ocrx_word' id='word_1_3' title='bbox 1838 349 2125 406; x_wconf 80' lang='lat' dir='ltr'><strong>DlONYSll</strong></span> <span class='ocrx_word' id='word_1_4' title='bbox 2156 350 2387 406; x_wconf 77' lang='lat' dir='ltr'><strong>EXIGUI</strong></span> <span class='ocrx_word' id='word_1_5' title='bbox 3676 351 3768 406; x_wconf 61' lang='lat' dir='ltr'><strong>illi</strong></span> 
     </span>
    </p>
   </div>
   <div class='ocr_carea' id='block_1_3' title="bbox 487 464 3771 539">
    <p class='ocr_par' dir='ltr' id='par_1_3' title="bbox 487 464 3771 539">
     <span class='ocr_line' id='line_1_3' title="bbox 487 464 3771 539; baseline 0.003 -25"><span class='ocrx_word' id='word_1_6' title='bbox 487 464 873 532; x_wconf 87' lang='lat' dir='ltr'><strong>quinquaginta</strong></span> <span class='ocrx_word' id='word_1_7' title='bbox 909 464 1033 527; x_wconf 81' lang='lat' dir='ltr'><strong>duo,</strong></span> <span class='ocrx_word' id='word_1_8' title='bbox 1068 480 1132 519; x_wconf 88' lang='lat' dir='ltr'><strong>ac</strong></span> <span class='ocrx_word' id='word_1_9' title='bbox 1174 480 1267 534; x_wconf 88' lang='lat' dir='ltr'><strong>per</strong></span> <span class='ocrx_word' id='word_1_10' title='bbox 1312 465 1416 520; x_wconf 89' lang='lat' dir='ltr'><strong>hoc</strong></span> <span class='ocrx_word' id='word_1_11' title='bbox 1459 465 1615 521; x_wconf 82' lang='lat' dir='ltr'><strong>simul</strong></span> <span class='ocrx_word' id='word_1_12' title='bbox 1656 465 1789 520; x_wconf 80' lang='lat' dir='ltr'><strong>ﬁunt</strong></span> <span class='ocrx_word' id='word_1_13' title='bbox 1827 468 1909 522; x_wconf 87' lang='lat' dir='ltr'><strong>bis</strong></span> <span class='ocrx_word' id='word_1_14' title='bbox 1938 468 2083 524; x_wconf 90' lang='lat' dir='ltr'><strong>mille</strong></span> <span class='ocrx_word' id='word_1_15' title='bbox 2115 469 2487 539; x_wconf 71' lang='lat' dir='ltr'><strong>A&#39;perculsus,</strong></span> <span class='ocrx_word' id='word_1_16' title='bbox 2516 468 2609 538; x_wconf 91' lang='lat' dir='ltr'><strong>qui</strong></span> <span class='ocrx_word' id='word_1_17' title='bbox 2638 468 3003 524; x_wconf 85' lang='lat' dir='ltr'><strong>demonstrata</strong></span> <span class='ocrx_word' id='word_1_18' title='bbox 3037 469 3139 525; x_wconf 86' lang='lat' dir='ltr'><strong>sibi</strong></span> <span class='ocrx_word' id='word_1_19' title='bbox 3178 480 3200 509; x_wconf 75' lang='grc' dir='ltr'><strong>ι</strong></span> <span class='ocrx_word' id='word_1_20' title='bbox 3232 469 3477 525; x_wconf 72' lang='lat' dir='ltr'><strong>veritatis</strong></span> <span class='ocrx_word' id='word_1_21' title='bbox 3516 469 3636 525; x_wconf 89' lang='lat' dir='ltr'><strong>luce</strong></span> <span class='ocrx_word' id='word_1_22' title='bbox 3675 484 3771 524; x_wconf 87' lang='lat' dir='ltr'><strong>non</strong></span> 
     </span>
    </p>
   </div>
   <div class='ocr_carea' id='block_1_4' title="bbox 490 556 2087 627">
    <p class='ocr_par' dir='ltr' id='par_1_4' title="bbox 490 556 2087 627">
     <span class='ocr_line' id='line_1_4' title="bbox 490 556 2087 627; baseline 0.006 -20"><span class='ocrx_word' id='word_1_23' title='bbox 490 556 749 623; x_wconf 85' lang='lat' dir='ltr'><strong>nongenti</strong></span> <span class='ocrx_word' id='word_1_24' title='bbox 781 556 963 625; x_wconf 90' lang='lat' dir='ltr'><strong>viginti</strong></span> <span class='ocrx_word' id='word_1_25' title='bbox 999 556 1125 610; x_wconf 92' lang='lat' dir='ltr'><strong>duo.</strong></span> <span class='ocrx_word' id='word_1_26' title='bbox 1175 557 1438 612; x_wconf 85' lang='lat' dir='ltr'><strong>Similiter</strong></span> <span class='ocrx_word' id='word_1_27' title='bbox 1464 567 1592 613; x_wconf 90' lang='lat' dir='ltr'><strong>octo</strong></span> <span class='ocrx_word' id='word_1_28' title='bbox 1631 560 1760 613; x_wconf 89' lang='lat' dir='ltr'><strong>anni</strong></span> <span class='ocrx_word' id='word_1_29' title='bbox 1789 560 2012 627; x_wconf 86' lang='lat' dir='ltr'><strong>solares,</strong></span> <span class='ocrx_word' id='word_1_30' title='bbox 2040 562 2087 616; x_wconf 93' lang='lat' dir='ltr'><strong>si</strong></span> 
     </span>
    </p>
   </div>
   <div class='ocr_carea' id='block_1_5' title="bbox 488 646 2087 721">
    <p class='ocr_par' dir='ltr' id='par_1_5' title="bbox 488 646 2087 721">
     <span class='ocr_line' id='line_1_5' title="bbox 488 646 2087 721; baseline 0.004 -21"><span class='ocrx_word' id='word_1_31' title='bbox 488 646 543 702; x_wconf 87' lang='lat' dir='ltr'><strong>in</strong></span> <span class='ocrx_word' id='word_1_32' title='bbox 568 664 830 703; x_wconf 86' lang='lat' dir='ltr'><strong>summam</strong></span> <span class='ocrx_word' id='word_1_33' title='bbox 858 650 1189 718; x_wconf 80' lang='lat' dir='ltr'><strong>redigantur,</strong></span> <span class='ocrx_word' id='word_1_34' title='bbox 1214 650 1264 703; x_wconf 90' lang='lat' dir='ltr'><strong>id</strong></span> <span class='ocrx_word' id='word_1_35' title='bbox 1286 660 1369 705; x_wconf 88' lang='lat' dir='ltr'><strong>est</strong></span> <span class='ocrx_word' id='word_1_36' title='bbox 1392 652 1561 707; x_wconf 88' lang='lat' dir='ltr'><strong>octies</strong></span> <span class='ocrx_word' id='word_1_37' title='bbox 1588 652 1812 706; x_wconf 86' lang='lat' dir='ltr'><strong>trecenti</strong></span> <span class='ocrx_word' id='word_1_38' title='bbox 1833 653 2087 721; x_wconf 80' lang='lat' dir='ltr'><strong>sexageni</strong></span> 
     </span>
    </p>
   </div>
   <div class='ocr_carea' id='block_1_6' title="bbox 488 738 2083 811">
    <p class='ocr_par' dir='ltr' id='par_1_6' title="bbox 488 738 2083 811">
     <span class='ocr_line' id='line_1_6' title="bbox 488 738 2083 811; baseline 0.006 -23"><span class='ocrx_word' id='word_1_39' title='bbox 488 738 658 801; x_wconf 83' lang='lat' dir='ltr'><strong>quini,</strong></span> <span class='ocrx_word' id='word_1_40' title='bbox 693 746 747 792; x_wconf 89' lang='lat' dir='ltr'><strong>et</strong></span> <span class='ocrx_word' id='word_1_41' title='bbox 771 739 1040 807; x_wconf 83' lang='lat' dir='ltr'><strong>quadrans</strong></span> <span class='ocrx_word' id='word_1_42' title='bbox 1070 749 1117 803; x_wconf 80' lang='grc'><strong>⁸,</strong></span> <span class='ocrx_word' id='word_1_43' title='bbox 1144 740 1343 794; x_wconf 79' lang='lat' dir='ltr'><strong>faciunt</strong></span> <span class='ocrx_word' id='word_1_44' title='bbox 1371 742 1525 794; x_wconf 89' lang='lat' dir='ltr'><strong>simul</strong></span> <span class='ocrx_word' id='word_1_45' title='bbox 1558 742 1639 795; x_wconf 91' lang='lat' dir='ltr'><strong>bis</strong></span> <span class='ocrx_word' id='word_1_46' title='bbox 1670 743 1814 796; x_wconf 91' lang='lat' dir='ltr'><strong>mille</strong></span> <span class='ocrx_word' id='word_1_47' title='bbox 1843 757 2083 811; x_wconf 86' lang='lat' dir='ltr'><strong>nongen-</strong></span> 
     </span>
    </p>
   </div>
   <div class='ocr_carea' id='block_1_7' title="bbox 492 830 2077 900">
    <p class='ocr_par' dir='ltr' id='par_1_7' title="bbox 492 830 2077 900">
     <span class='ocr_line' id='line_1_7' title="bbox 492 830 2077 900; baseline 0.008 -22"><span class='ocrx_word' id='word_1_48' title='bbox 492 835 575 881; x_wconf 90' lang='lat' dir='ltr'><strong>tos</strong></span> <span class='ocrx_word' id='word_1_49' title='bbox 608 830 792 897; x_wconf 87' lang='lat' dir='ltr'><strong>viginti</strong></span> <span class='ocrx_word' id='word_1_50' title='bbox 840 831 993 885; x_wconf 92' lang='lat' dir='ltr'><strong>duos.</strong></span> <span class='ocrx_word' id='word_1_51' title='bbox 1041 830 1215 886; x_wconf 89' lang='lat' dir='ltr'><strong>Simili</strong></span> <span class='ocrx_word' id='word_1_52' title='bbox 1252 833 1413 887; x_wconf 89' lang='lat' dir='ltr'><strong>modo</strong></span> <span class='ocrx_word' id='word_1_53' title='bbox 1445 844 1500 887; x_wconf 90' lang='lat' dir='ltr'><strong>et</strong></span> <span class='ocrx_word' id='word_1_54' title='bbox 1537 834 1859 890; x_wconf 88' lang='lat' dir='ltr'><strong>hendecadis</strong></span> <span class='ocrx_word' id='word_1_55' title='bbox 1888 852 2077 900; x_wconf 90' lang='lat' dir='ltr'><strong>annos,</strong></span> 
     </span>
    </p>
   </div>
   <div class='ocr_carea' id='block_1_8' title="bbox 494 919 2082 992">
    <p class='ocr_par' dir='ltr' id='par_1_8' title="bbox 494 919 2082 992">
     <span class='ocr_line' id='line_1_8' title="bbox 494 919 2082 992; baseline 0.006 -21"><span class='ocrx_word' id='word_1_56' title='bbox 494 919 581 985; x_wconf 83' lang='lat' dir='ltr'><strong>qui</strong></span> <span class='ocrx_word' id='word_1_57' title='bbox 612 928 737 973; x_wconf 89' lang='lat' dir='ltr'><strong>sunt</strong></span> <span class='ocrx_word' id='word_1_58' title='bbox 765 936 1079 976; x_wconf 87' lang='lat' dir='ltr'><strong>communes</strong></span> <span class='ocrx_word' id='word_1_59' title='bbox 1105 930 1311 991; x_wconf 90' lang='lat' dir='ltr'><strong>septem</strong></span> <span class='ocrx_word' id='word_1_60' title='bbox 1342 932 1395 977; x_wconf 91' lang='lat' dir='ltr'><strong>et</strong></span> <span class='ocrx_word' id='word_1_61' title='bbox 1422 933 1655 992; x_wconf 83' lang='lat' dir='ltr'><strong>quatuor</strong></span> <span class='ocrx_word' id='word_1_62' title='bbox 1683 926 2003 992; x_wconf 91' lang='lat' dir='ltr'><strong>embolismi,</strong></span> <span class='ocrx_word' id='word_1_63' title='bbox 2037 927 2082 981; x_wconf 89' lang='lat' dir='ltr'><strong>si</strong></span> 
     </span>
    </p>
   </div>
   <div class='ocr_carea' id='block_1_9' title="bbox 494 1008 2083 1085">
    <p class='ocr_par' dir='ltr' id='par_1_9' title="bbox 494 1008 2083 1085">
     <span class='ocr_line' id='line_1_9' title="bbox 494 1008 2083 1085; baseline 0.006 -23"><span class='ocrx_word' id='word_1_64' title='bbox 494 1008 545 1062; x_wconf 90' lang='lat' dir='ltr'><strong>in</strong></span> <span class='ocrx_word' id='word_1_65' title='bbox 574 1026 835 1064; x_wconf 85' lang='lat' dir='ltr'><strong>summam</strong></span> <span class='ocrx_word' id='word_1_66' title='bbox 856 1026 920 1065; x_wconf 89' lang='lat' dir='ltr'><strong>ea</strong></span> <span class='ocrx_word' id='word_1_67' title='bbox 942 1028 1046 1080; x_wconf 89' lang='lat' dir='ltr'><strong>qua</strong></span> <span class='ocrx_word' id='word_1_68' title='bbox 1075 1013 1305 1067; x_wconf 75' lang='lat' dir='ltr'><strong>diximus</strong></span> <span class='ocrx_word' id='word_1_69' title='bbox 1326 1016 1708 1084; x_wconf 87' lang='lat' dir='ltr'><strong>supputatione</strong></span> <span class='ocrx_word' id='word_1_70' title='bbox 1730 1018 2083 1085; x_wconf 83' lang='lat' dir='ltr'><strong>congesseris,</strong></span> 
     </span>
    </p>
   </div>
   <div class='ocr_carea' id='block_1_10' title="bbox 497 1104 2089 1175">
    <p class='ocr_par' dir='ltr' id='par_1_10' title="bbox 497 1104 2089 1175">
     <span class='ocr_line' id='line_1_10' title="bbox 497 1104 2089 1175; baseline 0.005 -20"><span class='ocrx_word' id='word_1_71' title='bbox 497 1104 825 1156; x_wconf 89' lang='lat' dir='ltr'><strong>tantumdem</strong></span> <span class='ocrx_word' id='word_1_72' title='bbox 866 1120 1003 1173; x_wconf 87' lang='lat' dir='ltr'><strong>pene</strong></span> <span class='ocrx_word' id='word_1_73' title='bbox 1031 1106 1287 1175; x_wconf 84' lang='lat' dir='ltr'><strong>reperies,</strong></span> <span class='ocrx_word' id='word_1_74' title='bbox 1320 1117 1576 1175; x_wconf 89' lang='lat' dir='ltr'><strong>quantum</strong></span> <span class='ocrx_word' id='word_1_75' title='bbox 1608 1108 1855 1163; x_wconf 89' lang='lat' dir='ltr'><strong>undecim</strong></span> <span class='ocrx_word' id='word_1_76' title='bbox 1882 1110 2089 1163; x_wconf 89' lang='lat' dir='ltr'><strong>solares</strong></span> 
     </span>
    </p>
   </div>
   <div class='ocr_carea' id='block_1_11' title="bbox 498 1194 2085 1269">
    <p class='ocr_par' dir='ltr' id='par_1_11' title="bbox 498 1194 2085 1269">
     <span class='ocr_line' id='line_1_11' title="bbox 498 1194 2085 1269; baseline 0.007 -24"><span class='ocrx_word' id='word_1_77' title='bbox 498 1194 621 1246; x_wconf 83' lang='lat' dir='ltr'><strong>anni</strong></span> <span class='ocrx_word' id='word_1_78' title='bbox 644 1194 955 1259; x_wconf 85' lang='lat' dir='ltr'><strong>conﬁciunt,</strong></span> <span class='ocrx_word' id='word_1_79' title='bbox 986 1198 1089 1250; x_wconf 92' lang='lat' dir='ltr'><strong>hoc</strong></span> <span class='ocrx_word' id='word_1_80' title='bbox 1116 1205 1200 1250; x_wconf 91' lang='lat' dir='ltr'><strong>est</strong></span> <span class='ocrx_word' id='word_1_81' title='bbox 1225 1207 1416 1265; x_wconf 86' lang='lat' dir='ltr'><strong>quater</strong></span> <span class='ocrx_word' id='word_1_82' title='bbox 1441 1200 1585 1253; x_wconf 89' lang='lat' dir='ltr'><strong>mille</strong></span> <span class='ocrx_word' id='word_1_83' title='bbox 1606 1201 2011 1269; x_wconf 84' lang='lat' dir='ltr'><strong>quatuordecim</strong></span> <span class='ocrx_word' id='word_1_84' title='bbox 2037 1198 2085 1255; x_wconf 68' lang='grc' dir='ltr'><strong>δ.</strong></span> 
     </span>
    </p>
   </div>
   <div class='ocr_carea' id='block_1_12' title="bbox 499 1281 2086 1359">
    <p class='ocr_par' dir='ltr' id='par_1_12' title="bbox 499 1281 2086 1359">
     <span class='ocr_line' id='line_1_12' title="bbox 499 1281 2086 1359; baseline 0.005 -24"><span class='ocrx_word' id='word_1_85' title='bbox 499 1281 624 1338; x_wconf 70' lang='lat' dir='ltr'><strong>llazc</strong></span> <span class='ocrx_word' id='word_1_86' title='bbox 645 1293 728 1339; x_wconf 89' lang='lat' dir='ltr'><strong>est</strong></span> <span class='ocrx_word' id='word_1_87' title='bbox 752 1299 880 1353; x_wconf 82' lang='lat' dir='ltr'><strong>ergo</strong></span> <span class='ocrx_word' id='word_1_88' title='bbox 902 1287 1359 1352; x_wconf 89' lang='lat' dir='ltr'><strong>embolismorum,</strong></span> <span class='ocrx_word' id='word_1_89' title='bbox 1383 1288 1520 1344; x_wconf 91' lang='lat' dir='ltr'><strong>sicut</strong></span> <span class='ocrx_word' id='word_1_90' title='bbox 1542 1291 1903 1359; x_wconf 66' lang='lat' dir='ltr'><strong>praediximus,</strong></span> <span class='ocrx_word' id='word_1_91' title='bbox 1929 1292 2086 1355; x_wconf 86' lang='lat' dir='ltr'><strong>ratio,</strong></span> 
     </span>
    </p>
   </div>
   <div class='ocr_carea' id='block_1_13' title="bbox 501 1374 2092 1449">
    <p class='ocr_par' dir='ltr' id='par_1_13' title="bbox 501 1374 2092 1449">
     <span class='ocr_line' id='line_1_13' title="bbox 501 1374 2092 1449; baseline 0.006 -22"><span class='ocrx_word' id='word_1_92' title='bbox 501 1384 557 1428; x_wconf 91' lang='lat' dir='ltr'><strong>ut</strong></span> <span class='ocrx_word' id='word_1_93' title='bbox 586 1376 931 1432; x_wconf 85' lang='lat' dir='ltr'><strong>incrementis</strong></span> <span class='ocrx_word' id='word_1_94' title='bbox 951 1380 1061 1433; x_wconf 87' lang='lat' dir='ltr'><strong>suis</strong></span> <span class='ocrx_word' id='word_1_95' title='bbox 1084 1381 1447 1449; x_wconf 78' lang='lat' dir='ltr'><strong>communium</strong></span> <span class='ocrx_word' id='word_1_96' title='bbox 1476 1374 1742 1437; x_wconf 85' lang='lat' dir='ltr'><strong>annorum</strong></span> <span class='ocrx_word' id='word_1_97' title='bbox 1766 1380 2092 1437; x_wconf 89' lang='lat' dir='ltr'><strong>detrimenta</strong></span> 
     </span>
    </p>
   </div>
   <div class='ocr_carea' id='block_1_14' title="bbox 500 1478 876 1535">
    <p class='ocr_par' dir='ltr' id='par_1_14' title="bbox 500 1478 876 1535">
     <span class='ocr_line' id='line_1_14' title="bbox 500 1478 876 1535; baseline 0.003 -15"><span class='ocrx_word' id='word_1_98' title='bbox 500 1478 876 1535; x_wconf 84' lang='lat' dir='ltr'><strong>compensent.</strong></span> 
     </span>
    </p>
   </div>
   <div class='ocr_carea' id='block_1_15' title="bbox 570 1555 2097 1632">
    <p class='ocr_par' dir='ltr' id='par_1_15' title="bbox 570 1555 2097 1632">
     <span class='ocr_line' id='line_1_15' title="bbox 570 1555 2097 1632; baseline 0.007 -23"><span class='ocrx_word' id='word_1_99' title='bbox 570 1555 675 1610; x_wconf 89' lang='lat' dir='ltr'><strong>Sed</strong></span> <span class='ocrx_word' id='word_1_100' title='bbox 701 1557 811 1625; x_wconf 90' lang='lat' dir='ltr'><strong>jam</strong></span> <span class='ocrx_word' id='word_1_101' title='bbox 838 1559 1251 1627; x_wconf 85' lang='lat' dir='ltr'><strong>pulcherrimam</strong></span> <span class='ocrx_word' id='word_1_102' title='bbox 1278 1563 1430 1617; x_wconf 86' lang='lat' dir='ltr'><strong>vobis</strong></span> <span class='ocrx_word' id='word_1_103' title='bbox 1460 1572 1620 1631; x_wconf 89' lang='lat' dir='ltr'><strong>atque</strong></span> <span class='ocrx_word' id='word_1_104' title='bbox 1650 1564 1959 1632; x_wconf 68' lang='lat' dir='ltr'><strong>praeclaram</strong></span> <span class='ocrx_word' id='word_1_105' title='bbox 1990 1566 2097 1620; x_wconf 88' lang='lat' dir='ltr'><strong>col-</strong></span> 
     </span>
    </p>
   </div>
   <div class='ocr_carea' id='block_1_16' title="bbox 503 1648 2093 1720">
    <p class='ocr_par' dir='ltr' id='par_1_16' title="bbox 503 1648 2093 1720">
     <span class='ocr_line' id='line_1_16' title="bbox 503 1648 2093 1720; baseline 0.004 -20"><span class='ocrx_word' id='word_1_106' title='bbox 503 1648 787 1701; x_wconf 86' lang='lat' dir='ltr'><strong>lectionem</strong></span> <span class='ocrx_word' id='word_1_107' title='bbox 838 1649 1006 1717; x_wconf 87' lang='lat' dir='ltr'><strong>ipsius</strong></span> <span class='ocrx_word' id='word_1_108' title='bbox 1048 1651 1185 1720; x_wconf 89' lang='lat' dir='ltr'><strong>cycli</strong></span> <span class='ocrx_word' id='word_1_109' title='bbox 1234 1650 1744 1707; x_wconf 86' lang='lat' dir='ltr'><strong>decemnovennalis</strong></span> <span class='ocrx_word' id='word_1_110' title='bbox 1791 1654 2093 1719; x_wconf 85' lang='lat' dir='ltr'><strong>ostendam,</strong></span> 
     </span>
    </p>
   </div>
   <div class='ocr_carea' id='block_1_17' title="bbox 504 1739 2096 1810">
    <p class='ocr_par' dir='ltr' id='par_1_17' title="bbox 504 1739 2096 1810">
     <span class='ocr_line' id='line_1_17' title="bbox 504 1739 2096 1810; baseline 0.005 -23"><span class='ocrx_word' id='word_1_111' title='bbox 504 1752 598 1804; x_wconf 76' lang='lat' dir='ltr'><strong>per</strong></span> <span class='ocrx_word' id='word_1_112' title='bbox 638 1751 799 1805; x_wconf 88' lang='lat' dir='ltr'><strong>quam</strong></span> <span class='ocrx_word' id='word_1_113' title='bbox 846 1754 1062 1791; x_wconf 89' lang='lat' dir='ltr'><strong>omnem</strong></span> <span class='ocrx_word' id='word_1_114' title='bbox 1112 1739 1365 1809; x_wconf 86' lang='lat' dir='ltr'><strong>deinceps</strong></span> <span class='ocrx_word' id='word_1_115' title='bbox 1420 1740 1849 1810; x_wconf 72' lang='lat' dir='ltr'><strong>ambiguitatem,</strong></span> <span class='ocrx_word' id='word_1_116' title='bbox 1894 1742 1939 1795; x_wconf 89' lang='lat' dir='ltr'><strong>si</strong></span> <span class='ocrx_word' id='word_1_117' title='bbox 1990 1756 2096 1810; x_wconf 91' lang='lat' dir='ltr'><strong>qua</strong></span> 
     </span>
    </p>
   </div>
   <div class='ocr_carea' id='block_1_18' title="bbox 2172 559 3773 627">
    <p class='ocr_par' dir='ltr' id='par_1_18' title="bbox 2172 559 3773 627">
     <span class='ocr_line' id='line_1_18' title="bbox 2172 559 3773 627; baseline 0.002 -16"><span class='ocrx_word' id='word_1_118' title='bbox 2172 559 2437 627; x_wconf 78' lang='lat' dir='ltr'><strong>gaudeat,</strong></span> <span class='ocrx_word' id='word_1_119' title='bbox 2464 566 2517 612; x_wconf 90' lang='lat' dir='ltr'><strong>et</strong></span> <span class='ocrx_word' id='word_1_120' title='bbox 2546 559 2863 626; x_wconf 72' lang='lat' dir='ltr'><strong>ignorantia:</strong></span> <span class='ocrx_word' id='word_1_121' title='bbox 2885 559 3087 615; x_wconf 86' lang='lat' dir='ltr'><strong>relictis</strong></span> <span class='ocrx_word' id='word_1_122' title='bbox 3112 560 3372 625; x_wconf 83' lang='lat' dir='ltr'><strong>tenebris,</strong></span> <span class='ocrx_word' id='word_1_123' title='bbox 3399 567 3562 613; x_wconf 66' lang='lat' dir='ltr'><strong>tantae</strong></span> <span class='ocrx_word' id='word_1_124' title='bbox 3584 559 3773 614; x_wconf 87' lang='lat' dir='ltr'><strong>rationi</strong></span> 
     </span>
    </p>
   </div>
   <div class='ocr_carea' id='block_1_19' title="bbox 2172 650 3775 722">
    <p class='ocr_par' dir='ltr' id='par_1_19' title="bbox 2172 650 3775 722">
     <span class='ocr_line' id='line_1_19' title="bbox 2172 650 3775 722; baseline 0.004 -22"><span class='ocrx_word' id='word_1_125' title='bbox 2172 650 2432 720; x_wconf 85' lang='lat' dir='ltr'><strong>.protinus</strong></span> <span class='ocrx_word' id='word_1_126' title='bbox 2479 666 2585 704; x_wconf 86' lang='lat' dir='ltr'><strong>non</strong></span> <span class='ocrx_word' id='word_1_127' title='bbox 2628 650 2955 719; x_wconf 86' lang='lat' dir='ltr'><strong>acquiescat.</strong></span> <span class='ocrx_word' id='word_1_128' title='bbox 2990 650 3036 704; x_wconf 85' lang='lat' dir='ltr'><strong>A</strong></span> <span class='ocrx_word' id='word_1_129' title='bbox 3064 652 3267 706; x_wconf 87' lang='lat' dir='ltr'><strong>decima</strong></span> <span class='ocrx_word' id='word_1_130' title='bbox 3293 653 3482 721; x_wconf 86' lang='lat' dir='ltr'><strong>quinta</strong></span> <span class='ocrx_word' id='word_1_131' title='bbox 3523 653 3652 706; x_wconf 88' lang='lat' dir='ltr'><strong>luna</strong></span> <span class='ocrx_word' id='word_1_132' title='bbox 3690 668 3775 722; x_wconf 86' lang='lat' dir='ltr'><strong>pa-</strong></span> 
     </span>
    </p>
   </div>
   <div class='ocr_carea' id='block_1_20' title="bbox 2189 738 3776 813">
    <p class='ocr_par' dir='ltr' id='par_1_20' title="bbox 2189 738 3776 813">
     <span class='ocr_line' id='line_1_20' title="bbox 2189 738 3776 813; baseline 0.004 -20"><span class='ocrx_word' id='word_1_133' title='bbox 2189 740 2387 793; x_wconf 85' lang='lat' dir='ltr'><strong>schalis</strong></span> <span class='ocrx_word' id='word_1_134' title='bbox 2428 738 2568 803; x_wconf 76' lang='lat' dir='ltr'><strong>festi,</strong></span> <span class='ocrx_word' id='word_1_135' title='bbox 2614 742 2759 805; x_wconf 75' lang='lat' dir='ltr'><strong>anni,</strong></span> <span class='ocrx_word' id='word_1_136' title='bbox 2800 741 2947 795; x_wconf 82' lang='lat' dir='ltr'><strong>verbi</strong></span> <span class='ocrx_word' id='word_1_137' title='bbox 2987 742 3178 809; x_wconf 85' lang='lat' dir='ltr'><strong>gratia,</strong></span> <span class='ocrx_word' id='word_1_138' title='bbox 3208 742 3581 812; x_wconf 61' lang='lat' dir='ltr'><strong>praecedentis,</strong></span> <span class='ocrx_word' id='word_1_139' title='bbox 3616 759 3776 813; x_wconf 87' lang='lat' dir='ltr'><strong>usque</strong></span> 
     </span>
    </p>
   </div>
   <div class='ocr_carea' id='block_1_21' title="bbox 2189 832 3777 902">
    <p class='ocr_par' dir='ltr' id='par_1_21' title="bbox 2189 832 3777 902">
     <span class='ocr_line' id='line_1_21' title="bbox 2189 832 3777 902; baseline 0.003 -16"><span class='ocrx_word' id='word_1_140' title='bbox 2189 832 2255 886; x_wconf 90' lang='lat' dir='ltr'><strong>ad</strong></span> <span class='ocrx_word' id='word_1_141' title='bbox 2286 832 2545 885; x_wconf 83' lang='lat' dir='ltr'><strong>decimam</strong></span> <span class='ocrx_word' id='word_1_142' title='bbox 2573 842 2819 901; x_wconf 87' lang='lat' dir='ltr'><strong>quartam</strong></span> <span class='ocrx_word' id='word_1_143' title='bbox 2849 835 3122 902; x_wconf 85' lang='lat' dir='ltr'><strong>sequentis</strong></span> <span class='ocrx_word' id='word_1_144' title='bbox 3151 835 3366 890; x_wconf 60' lang='lat' dir='ltr'><strong>Pascha:</strong></span> <span class='ocrx_word' id='word_1_145' title='bbox 3390 832 3440 899; x_wconf 71' lang='grc' dir='ltr'><strong>ἀ,</strong></span> <span class='ocrx_word' id='word_1_146' title='bbox 3471 837 3517 891; x_wconf 90' lang='lat' dir='ltr'><strong>si</strong></span> <span class='ocrx_word' id='word_1_147' title='bbox 3542 852 3777 891; x_wconf 86' lang='lat' dir='ltr'><strong>commu-</strong></span> 
     </span>
    </p>
   </div>
   <div class='ocr_carea' id='block_1_22' title="bbox 2189 924 3779 997">
    <p class='ocr_par' dir='ltr' id='par_1_22' title="bbox 2189 924 3779 997">
     <span class='ocr_line' id='line_1_22' title="bbox 2189 924 3779 997; baseline 0.004 -22"><span class='ocrx_word' id='word_1_148' title='bbox 2189 924 2272 976; x_wconf 91' lang='lat' dir='ltr'><strong>nis</strong></span> <span class='ocrx_word' id='word_1_149' title='bbox 2314 938 2487 977; x_wconf 87' lang='lat' dir='ltr'><strong>anuus</strong></span> <span class='ocrx_word' id='word_1_150' title='bbox 2533 932 2634 987; x_wconf 91' lang='lat' dir='ltr'><strong>est,</strong></span> <span class='ocrx_word' id='word_1_151' title='bbox 2680 932 2950 978; x_wconf 89' lang='lat' dir='ltr'><strong>trecentos</strong></span> <span class='ocrx_word' id='word_1_152' title='bbox 2995 926 3381 995; x_wconf 82' lang='lat' dir='ltr'><strong>quinquaginta</strong></span> <span class='ocrx_word' id='word_1_153' title='bbox 3410 936 3644 997; x_wconf 86' lang='lat' dir='ltr'><strong>quatuor</strong></span> <span class='ocrx_word' id='word_1_154' title='bbox 3670 928 3779 983; x_wconf 86' lang='lat' dir='ltr'><strong>dies</strong></span> 
     </span>
    </p>
   </div>
   <div class='ocr_carea' id='block_1_23' title="bbox 2189 1012 3776 1087">
    <p class='ocr_par' dir='ltr' id='par_1_23' title="bbox 2189 1012 3776 1087">
     <span class='ocr_line' id='line_1_23' title="bbox 2189 1012 3776 1087; baseline 0.005 -21"><span class='ocrx_word' id='word_1_155' title='bbox 2189 1012 2437 1078; x_wconf 82' lang='lat' dir='ltr'><strong>habebit;</strong></span> <span class='ocrx_word' id='word_1_156' title='bbox 2469 1014 2511 1067; x_wconf 94' lang='lat' dir='ltr'><strong>si</strong></span> <span class='ocrx_word' id='word_1_157' title='bbox 2541 1014 2906 1076; x_wconf 85' lang='lat' dir='ltr'><strong>embolismus,</strong></span> <span class='ocrx_word' id='word_1_158' title='bbox 2936 1024 3205 1071; x_wconf 88' lang='lat' dir='ltr'><strong>trecentos</strong></span> <span class='ocrx_word' id='word_1_159' title='bbox 3231 1018 3501 1086; x_wconf 86' lang='lat' dir='ltr'><strong>octoginta</strong></span> <span class='ocrx_word' id='word_1_160' title='bbox 3527 1026 3776 1087; x_wconf 90' lang='lat' dir='ltr'><strong>quatuor.</strong></span> 
     </span>
    </p>
   </div>
   <div class='ocr_carea' id='block_1_24' title="bbox 2191 1101 3781 1175">
    <p class='ocr_par' dir='ltr' id='par_1_24' title="bbox 2191 1101 3781 1175">
     <span class='ocr_line' id='line_1_24' title="bbox 2191 1101 3781 1175; baseline 0.006 -20"><span class='ocrx_word' id='word_1_161' title='bbox 2191 1101 2343 1168; x_wconf 85' lang='lat' dir='ltr'><strong>Quod</strong></span> <span class='ocrx_word' id='word_1_162' title='bbox 2372 1103 2417 1156; x_wconf 91' lang='lat' dir='ltr'><strong>si</strong></span> <span class='ocrx_word' id='word_1_163' title='bbox 2448 1103 2563 1157; x_wconf 91' lang='lat' dir='ltr'><strong>dies</strong></span> <span class='ocrx_word' id='word_1_164' title='bbox 2598 1119 2736 1157; x_wconf 90' lang='lat' dir='ltr'><strong>unus</strong></span> <span class='ocrx_word' id='word_1_165' title='bbox 2774 1105 2890 1172; x_wconf 82' lang='lat' dir='ltr'><strong>plus</strong></span> <span class='ocrx_word' id='word_1_166' title='bbox 2937 1106 3526 1175; x_wconf 40' lang='lat' dir='ltr'><strong>minusvezcontigerit,</strong></span> <span class='ocrx_word' id='word_1_167' title='bbox 3565 1108 3781 1166; x_wconf 77' lang='lat' dir='ltr'><strong>evidens</strong></span> 
     </span>
    </p>
   </div>
   <div class='ocr_carea' id='block_1_25' title="bbox 2192 1194 3781 1269">
    <p class='ocr_par' dir='ltr' id='par_1_25' title="bbox 2192 1194 3781 1269">
     <span class='ocr_line' id='line_1_25' title="bbox 2192 1194 3781 1269; baseline 0.006 -23"><span class='ocrx_word' id='word_1_168' title='bbox 2192 1208 2345 1247; x_wconf 90' lang='lat' dir='ltr'><strong>error</strong></span> <span class='ocrx_word' id='word_1_169' title='bbox 2376 1203 2478 1247; x_wconf 90' lang='lat' dir='ltr'><strong>est.</strong></span> <span class='ocrx_word' id='word_1_170' title='bbox 2513 1194 2752 1263; x_wconf 81' lang='lat' dir='ltr'><strong>Excepto</strong></span> <span class='ocrx_word' id='word_1_171' title='bbox 2781 1196 3033 1250; x_wconf 81' lang='lat' dir='ltr'><strong>videlicet</strong></span> <span class='ocrx_word' id='word_1_172' title='bbox 3058 1212 3200 1252; x_wconf 90' lang='lat' dir='ltr'><strong>anno</strong></span> <span class='ocrx_word' id='word_1_173' title='bbox 3234 1209 3257 1236; x_wconf 82' lang='grc'>⁶</span> <span class='ocrx_word' id='word_1_174' title='bbox 3284 1199 3456 1269; x_wconf 90' lang='lat' dir='ltr'><strong>primo</strong></span> <span class='ocrx_word' id='word_1_175' title='bbox 3486 1216 3629 1269; x_wconf 67' lang='lat' dir='ltr'><strong>saepe</strong></span> <span class='ocrx_word' id='word_1_176' title='bbox 3658 1202 3781 1255; x_wconf 80' lang='lat' dir='ltr'><strong>dicti</strong></span> 
     </span>
    </p>
   </div>
   <div class='ocr_carea' id='block_1_26' title="bbox 2193 1283 3781 1358">
    <p class='ocr_par' dir='ltr' id='par_1_26' title="bbox 2193 1283 3781 1358">
     <span class='ocr_line' id='line_1_26' title="bbox 2193 1283 3781 1358; baseline 0.004 -21"><span class='ocrx_word' id='word_1_177' title='bbox 2193 1283 2698 1337; x_wconf 86' lang='lat' dir='ltr'><strong>decemnovennalis</strong></span> <span class='ocrx_word' id='word_1_178' title='bbox 2730 1285 2889 1355; x_wconf 85' lang='lat' dir='ltr'><strong>cycli,</strong></span> <span class='ocrx_word' id='word_1_179' title='bbox 2920 1301 3081 1353; x_wconf 87' lang='lat' dir='ltr'><strong>quem</strong></span> <span class='ocrx_word' id='word_1_180' title='bbox 3111 1302 3142 1341; x_wconf 89' lang='lat' dir='ltr'><strong>a</strong></span> <span class='ocrx_word' id='word_1_181' title='bbox 3172 1288 3378 1343; x_wconf 90' lang='lat' dir='ltr'><strong>decima</strong></span> <span class='ocrx_word' id='word_1_182' title='bbox 3422 1299 3615 1358; x_wconf 90' lang='lat' dir='ltr'><strong>quarta</strong></span> <span class='ocrx_word' id='word_1_183' title='bbox 3662 1290 3781 1345; x_wconf 83' lang='lat' dir='ltr'><strong>luna</strong></span> 
     </span>
    </p>
   </div>
   <div class='ocr_carea' id='block_1_27' title="bbox 2195 1371 3784 1448">
    <p class='ocr_par' dir='ltr' id='par_1_27' title="bbox 2195 1371 3784 1448">
     <span class='ocr_line' id='line_1_27' title="bbox 2195 1371 3784 1448; baseline 0.007 -23"><span class='ocrx_word' id='word_1_184' title='bbox 2195 1371 2411 1427; x_wconf 75' lang='lat' dir='ltr'><strong>Pascha:</strong></span> <span class='ocrx_word' id='word_1_185' title='bbox 2442 1373 2631 1439; x_wconf 85' lang='lat' dir='ltr'><strong>ultimi,</strong></span> <span class='ocrx_word' id='word_1_186' title='bbox 2665 1374 2714 1426; x_wconf 88' lang='lat' dir='ltr'><strong>id</strong></span> <span class='ocrx_word' id='word_1_187' title='bbox 2744 1384 2827 1429; x_wconf 91' lang='lat' dir='ltr'><strong>est</strong></span> <span class='ocrx_word' id='word_1_188' title='bbox 2854 1376 3179 1430; x_wconf 88' lang='lat' dir='ltr'><strong>nonidecimi</strong></span> <span class='ocrx_word' id='word_1_189' title='bbox 3206 1379 3355 1443; x_wconf 83' lang='lat' dir='ltr'><strong>anni,</strong></span> <span class='ocrx_word' id='word_1_190' title='bbox 3390 1395 3557 1448; x_wconf 86' lang='lat' dir='ltr'><strong>usque</strong></span> <span class='ocrx_word' id='word_1_191' title='bbox 3588 1380 3654 1434; x_wconf 90' lang='lat' dir='ltr'><strong>ad</strong></span> <span class='ocrx_word' id='word_1_192' title='bbox 3676 1382 3784 1436; x_wconf 83' lang='lat' dir='ltr'><strong>~de-</strong></span> 
     </span>
    </p>
   </div>
   <div class='ocr_carea' id='block_1_28' title="bbox 2194 1464 3779 1537">
    <p class='ocr_par' dir='ltr' id='par_1_28' title="bbox 2194 1464 3779 1537">
     <span class='ocr_line' id='line_1_28' title="bbox 2194 1464 3779 1537; baseline 0.007 -20"><span class='ocrx_word' id='word_1_193' title='bbox 2194 1464 2388 1518; x_wconf 88' lang='lat' dir='ltr'><strong>cimam</strong></span> <span class='ocrx_word' id='word_1_194' title='bbox 2412 1474 2657 1533; x_wconf 87' lang='lat' dir='ltr'><strong>quartam</strong></span> <span class='ocrx_word' id='word_1_195' title='bbox 2688 1466 2928 1533; x_wconf 87' lang='lat' dir='ltr'><strong>ejusdem</strong></span> <span class='ocrx_word' id='word_1_196' title='bbox 2958 1469 3117 1537; x_wconf 90' lang='lat' dir='ltr'><strong>primi</strong></span> <span class='ocrx_word' id='word_1_197' title='bbox 3147 1482 3431 1526; x_wconf 82' lang='lat' dir='ltr'><strong>numerare</strong></span> <span class='ocrx_word' id='word_1_198' title='bbox 3458 1484 3707 1528; x_wconf 78' lang='lat' dir='ltr'><strong>curamus</strong></span> <span class='ocrx_word' id='word_1_199' title='bbox 3739 1474 3779 1528; x_wconf 70' lang='grc' dir='ltr'><strong>τ.</strong></span> 
     </span>
    </p>
   </div>
   <div class='ocr_carea' id='block_1_29' title="bbox 2200 1556 3783 1632">
    <p class='ocr_par' dir='ltr' id='par_1_29' title="bbox 2200 1556 3783 1632">
     <span class='ocr_line' id='line_1_29' title="bbox 2200 1556 3783 1632; baseline 0.007 -23"><span class='ocrx_word' id='word_1_200' title='bbox 2200 1556 2426 1625; x_wconf 88' lang='lat' dir='ltr'><strong>Propter</strong></span> <span class='ocrx_word' id='word_1_201' title='bbox 2452 1556 2596 1626; x_wconf 92' lang='lat' dir='ltr'><strong>quod</strong></span> <span class='ocrx_word' id='word_1_202' title='bbox 2640 1556 2779 1611; x_wconf 90' lang='lat' dir='ltr'><strong>idem</strong></span> <span class='ocrx_word' id='word_1_203' title='bbox 2811 1558 3029 1613; x_wconf 90' lang='lat' dir='ltr'><strong>ultimus</strong></span> <span class='ocrx_word' id='word_1_204' title='bbox 3060 1570 3299 1630; x_wconf 89' lang='lat' dir='ltr'><strong>epactas,</strong></span> <span class='ocrx_word' id='word_1_205' title='bbox 3327 1562 3378 1616; x_wconf 88' lang='lat' dir='ltr'><strong>id</strong></span> <span class='ocrx_word' id='word_1_206' title='bbox 3408 1573 3492 1618; x_wconf 86' lang='lat' dir='ltr'><strong>est</strong></span> <span class='ocrx_word' id='word_1_207' title='bbox 3524 1564 3783 1632; x_wconf 69' lang='lat' dir='ltr'><strong>adiectio-</strong></span> 
     </span>
    </p>
   </div>
   <div class='ocr_carea' id='block_1_30' title="bbox 2199 1648 3783 1725">
    <p class='ocr_par' dir='ltr' id='par_1_30' title="bbox 2199 1648 3783 1725">
     <span class='ocr_line' id='line_1_30' title="bbox 2199 1648 3783 1725; baseline 0.006 -25"><span class='ocrx_word' id='word_1_208' title='bbox 2199 1662 2296 1702; x_wconf 89' lang='lat' dir='ltr'><strong>nes</strong></span> <span class='ocrx_word' id='word_1_209' title='bbox 2324 1648 2557 1713; x_wconf 86' lang='lat' dir='ltr'><strong>lunares,</strong></span> <span class='ocrx_word' id='word_1_210' title='bbox 2587 1649 2881 1704; x_wconf 88' lang='lat' dir='ltr'><strong>octodenas</strong></span> <span class='ocrx_word' id='word_1_211' title='bbox 2911 1658 3035 1705; x_wconf 87' lang='lat' dir='ltr'><strong>tunc</strong></span> <span class='ocrx_word' id='word_1_212' title='bbox 3065 1652 3304 1707; x_wconf 90' lang='lat' dir='ltr'><strong>retinens</strong></span> <span class='ocrx_word' id='word_1_213' title='bbox 3330 1663 3378 1718; x_wconf 79' lang='lat'><strong>8,</strong></span> <span class='ocrx_word' id='word_1_214' title='bbox 3411 1657 3585 1725; x_wconf 88' lang='lat' dir='ltr'><strong>primo</strong></span> <span class='ocrx_word' id='word_1_215' title='bbox 3623 1672 3783 1722; x_wconf 88' lang='lat' dir='ltr'><strong>anno,</strong></span> 
     </span>
    </p>
   </div>
   <div class='ocr_carea' id='block_1_31' title="bbox 2200 1740 3787 1813">
    <p class='ocr_par' dir='ltr' id='par_1_31' title="bbox 2200 1740 3787 1813">
     <span class='ocr_line' id='line_1_31' title="bbox 2200 1740 3787 1813; baseline 0.005 -19"><span class='ocrx_word' id='word_1_216' title='bbox 2200 1756 2306 1794; x_wconf 91' lang='lat' dir='ltr'><strong>non</strong></span> <span class='ocrx_word' id='word_1_217' title='bbox 2336 1740 2604 1806; x_wconf 90' lang='lat' dir='ltr'><strong>undecim,</strong></span> <span class='ocrx_word' id='word_1_218' title='bbox 2628 1750 2686 1795; x_wconf 92' lang='lat' dir='ltr'><strong>ut</strong></span> <span class='ocrx_word' id='word_1_219' title='bbox 2710 1742 2762 1795; x_wconf 90' lang='lat' dir='ltr'><strong>in</strong></span> <span class='ocrx_word' id='word_1_220' title='bbox 2792 1742 3000 1796; x_wconf 52' lang='lat' dir='ltr'><strong>caeteris</strong></span> <span class='ocrx_word' id='word_1_221' title='bbox 3028 1744 3183 1798; x_wconf 89' lang='lat' dir='ltr'><strong>annis</strong></span> <span class='ocrx_word' id='word_1_222' title='bbox 3211 1744 3326 1798; x_wconf 82' lang='lat' dir='ltr'><strong>tieri</strong></span> <span class='ocrx_word' id='word_1_223' title='bbox 3356 1748 3517 1813; x_wconf 89' lang='lat' dir='ltr'><strong>solet,</strong></span> <span class='ocrx_word' id='word_1_224' title='bbox 3543 1747 3638 1801; x_wconf 89' lang='lat' dir='ltr'><strong>sed</strong></span> <span class='ocrx_word' id='word_1_225' title='bbox 3665 1749 3787 1802; x_wconf 84' lang='lat' dir='ltr'><strong>duo-</strong></span> 
     </span>
    </p>
   </div>
   <div class='ocr_carea' id='block_1_32' title="bbox 506 1822 3786 1906">
    <p class='ocr_par' dir='ltr' id='par_1_32' title="bbox 506 1822 3786 1906">
     <span class='ocr_line' id='line_1_32' title="bbox 506 1822 3786 1906; baseline 0.005 -28"><span class='ocrx_word' id='word_1_226' title='bbox 506 1833 649 1880; x_wconf 88' lang='lat' dir='ltr'><strong>mota</strong></span> <span class='ocrx_word' id='word_1_227' title='bbox 678 1827 855 1892; x_wconf 80' lang='lat' dir='ltr'><strong>fuerit,</strong></span> <span class='ocrx_word' id='word_1_228' title='bbox 881 1826 1136 1883; x_wconf 77' lang='lat' dir='ltr'><strong>auferatis</strong></span> <span class='ocrx_word' id='word_1_229' title='bbox 1162 1847 1174 1882; x_wconf 90' lang='lat'>:</span> <span class='ocrx_word' id='word_1_230' title='bbox 1206 1845 1307 1884; x_wconf 89' lang='lat' dir='ltr'><strong>nec</strong></span> <span class='ocrx_word' id='word_1_231' title='bbox 1334 1829 1403 1885; x_wconf 90' lang='lat' dir='ltr'><strong>sit</strong></span> <span class='ocrx_word' id='word_1_232' title='bbox 1430 1830 1504 1884; x_wconf 85' lang='lat' dir='ltr'><strong>ita</strong></span> <span class='ocrx_word' id='word_1_233' title='bbox 1529 1831 1650 1900; x_wconf 89' lang='lat' dir='ltr'><strong>quis</strong></span> <span class='ocrx_word' id='word_1_234' title='bbox 1678 1831 1844 1886; x_wconf 91' lang='lat' dir='ltr'><strong>nimio</strong></span> <span class='ocrx_word' id='word_1_235' title='bbox 1872 1840 2094 1901; x_wconf 62' lang='lat' dir='ltr'><strong>stupore</strong></span> <span class='ocrx_word' id='word_1_236' title='bbox 2126 1822 2171 1882; x_wconf 88' lang='grc' dir='ltr'><strong>Β</strong></span> <span class='ocrx_word' id='word_1_237' title='bbox 2198 1833 2369 1888; x_wconf 87' lang='lat' dir='ltr'><strong>decim</strong></span> <span class='ocrx_word' id='word_1_238' title='bbox 2400 1831 2515 1885; x_wconf 89' lang='lat' dir='ltr'><strong>dies</strong></span> <span class='ocrx_word' id='word_1_239' title='bbox 2538 1833 2927 1888; x_wconf 84' lang='lat' dir='ltr'><strong>accommodat.</strong></span> <span class='ocrx_word' id='word_1_240' title='bbox 2962 1832 3029 1888; x_wconf 89' lang='lat' dir='ltr'><strong>Et</strong></span> <span class='ocrx_word' id='word_1_241' title='bbox 3057 1835 3182 1904; x_wconf 87' lang='lat' dir='ltr'><strong>quia</strong></span> <span class='ocrx_word' id='word_1_242' title='bbox 3211 1837 3427 1906; x_wconf 85' lang='lat' dir='ltr'><strong>triginta</strong></span> <span class='ocrx_word' id='word_1_243' title='bbox 3448 1838 3656 1893; x_wconf 92' lang='lat' dir='ltr'><strong>dierum</strong></span> <span class='ocrx_word' id='word_1_244' title='bbox 3688 1838 3786 1893; x_wconf 82' lang='lat' dir='ltr'><strong>line</strong></span> 
     </span>
    </p>
   </div>
   <div class='ocr_carea' id='block_1_33' title="bbox 578 2081 1064 2152">
    <p class='ocr_par' dir='ltr' id='par_1_33' title="bbox 578 2081 1064 2152">
     <span class='ocr_line' id='line_1_33' title="bbox 578 2081 1064 2152; baseline -0.008 -17"><span class='ocrx_word' id='word_1_245' title='bbox 578 2093 602 2120; x_wconf 80' lang='grc'><strong><em>⁸</em></strong></span> <span class='ocrx_word' id='word_1_246' title='bbox 636 2082 698 2152; x_wconf 82' lang='lat' dir='ltr'><strong>D,</strong></span> <span class='ocrx_word' id='word_1_247' title='bbox 729 2081 1064 2152; x_wconf 73' lang='lat' dir='ltr'><strong>quadrantes.</strong></span> 
     </span>
    </p>
   </div>
   <div class='ocr_carea' id='block_1_34' title="bbox 579 2147 2094 2217">
    <p class='ocr_par' dir='ltr' id='par_1_34' title="bbox 579 2147 2094 2217">
     <span class='ocr_line' id='line_1_34' title="bbox 579 2147 2094 2217; baseline 0 -12"><span class='ocrx_word' id='word_1_248' title='bbox 579 2152 605 2190; x_wconf 76' lang='grc' dir='ltr'>δ</span> <span class='ocrx_word' id='word_1_249' title='bbox 636 2147 760 2207; x_wconf 63' lang='lat' dir='ltr'><strong>Haec</strong></span> <span class='ocrx_word' id='word_1_250' title='bbox 797 2154 991 2205; x_wconf 85' lang='lat' dir='ltr'><strong>desunt</strong></span> <span class='ocrx_word' id='word_1_251' title='bbox 1021 2151 1074 2203; x_wconf 89' lang='lat' dir='ltr'><strong>in</strong></span> <span class='ocrx_word' id='word_1_252' title='bbox 1114 2147 1156 2201; x_wconf 88' lang='grc' dir='ltr'>Β</span> <span class='ocrx_word' id='word_1_253' title='bbox 1201 2156 1256 2202; x_wconf 88' lang='lat' dir='ltr'><strong>et</strong></span> <span class='ocrx_word' id='word_1_254' title='bbox 1308 2150 1360 2202; x_wconf 88' lang='lat' dir='ltr'><strong>in</strong></span> <span class='ocrx_word' id='word_1_255' title='bbox 1394 2157 1620 2217; x_wconf 86' lang='lat' dir='ltr'><strong>utroque</strong></span> <span class='ocrx_word' id='word_1_256' title='bbox 1665 2147 1736 2215; x_wconf 87' lang='lat' dir='ltr'><strong>C;</strong></span> <span class='ocrx_word' id='word_1_257' title='bbox 1796 2148 1890 2204; x_wconf 91' lang='lat' dir='ltr'><strong>sed</strong></span> <span class='ocrx_word' id='word_1_258' title='bbox 1938 2148 1982 2202; x_wconf 89' lang='lat' dir='ltr'><strong>D</strong></span> <span class='ocrx_word' id='word_1_259' title='bbox 2030 2164 2094 2205; x_wconf 88' lang='lat' dir='ltr'><strong>ea</strong></span> 
     </span>
    </p>
   </div>
   <div class='ocr_carea' id='block_1_35' title="bbox 508 2219 2096 2289">
    <p class='ocr_par' dir='ltr' id='par_1_35' title="bbox 508 2219 2096 2289">
     <span class='ocr_line' id='line_1_35' title="bbox 508 2219 2096 2289; baseline -0.002 -12"><span class='ocrx_word' id='word_1_260' title='bbox 508 2223 725 2278; x_wconf 86' lang='lat' dir='ltr'><strong>retinet.</strong></span> <span class='ocrx_word' id='word_1_261' title='bbox 758 2220 799 2275; x_wconf 89' lang='lat' dir='ltr'><strong>C</strong></span> <span class='ocrx_word' id='word_1_262' title='bbox 848 2220 898 2284; x_wconf 88' lang='grc'><strong>1,</strong></span> <span class='ocrx_word' id='word_1_263' title='bbox 944 2220 1103 2288; x_wconf 90' lang='lat' dir='ltr'><strong>paulo</strong></span> <span class='ocrx_word' id='word_1_264' title='bbox 1160 2227 1302 2289; x_wconf 92' lang='lat' dir='ltr'><strong>post,</strong></span> <span class='ocrx_word' id='word_1_265' title='bbox 1335 2219 1512 2273; x_wconf 87' lang='lat' dir='ltr'><strong>alieno</strong></span> <span class='ocrx_word' id='word_1_266' title='bbox 1542 2221 1669 2274; x_wconf 90' lang='lat' dir='ltr'><strong>licet</strong></span> <span class='ocrx_word' id='word_1_267' title='bbox 1698 2220 1850 2287; x_wconf 91' lang='lat' dir='ltr'><strong>loco,</strong></span> <span class='ocrx_word' id='word_1_268' title='bbox 1879 2220 1993 2274; x_wconf 81' lang='lat' dir='ltr'><strong>haec</strong></span> <span class='ocrx_word' id='word_1_269' title='bbox 2014 2220 2096 2274; x_wconf 83' lang='lat' dir='ltr'><strong>in—</strong></span> 
     </span>
    </p>
   </div>
   <div class='ocr_carea' id='block_1_36' title="bbox 509 2289 2095 2362">
    <p class='ocr_par' dir='ltr' id='par_1_36' title="bbox 509 2289 2095 2362">
     <span class='ocr_line' id='line_1_36' title="bbox 509 2289 2095 2362; baseline -0.003 -14"><span class='ocrx_word' id='word_1_270' title='bbox 509 2299 650 2349; x_wconf 73' lang='lat' dir='ltr'><strong>serta</strong></span> <span class='ocrx_word' id='word_1_271' title='bbox 675 2292 854 2353; x_wconf 83' lang='lat' dir='ltr'><strong>habet,</strong></span> <span class='ocrx_word' id='word_1_272' title='bbox 881 2290 950 2362; x_wconf 79' lang='lat' dir='ltr'><strong>ad</strong></span> <span class='ocrx_word' id='word_1_273' title='bbox 975 2298 1293 2362; x_wconf 50' lang='lat' dir='ltr'><strong>praisentein</strong></span> <span class='ocrx_word' id='word_1_274' title='bbox 1323 2289 1496 2362; x_wconf 87' lang='lat' dir='ltr'><strong>locum</strong></span> <span class='ocrx_word' id='word_1_275' title='bbox 1521 2292 1824 2362; x_wconf 83' lang='lat' dir='ltr'><strong>spectantia</strong></span> <span class='ocrx_word' id='word_1_276' title='bbox 1857 2308 1870 2341; x_wconf 92' lang='lat'>:</span> <span class='ocrx_word' id='word_1_277' title='bbox 1898 2289 2095 2362; x_wconf 87' lang='lat' dir='ltr'><strong>Conge-</strong></span> 
     </span>
    </p>
   </div>
   <div class='ocr_carea' id='block_1_37' title="bbox 513 2358 2092 2432">
    <p class='ocr_par' dir='ltr' id='par_1_37' title="bbox 513 2358 2092 2432">
     <span class='ocr_line' id='line_1_37' title="bbox 513 2358 2092 2432; baseline 0 -17"><span class='ocrx_word' id='word_1_278' title='bbox 513 2380 682 2417; x_wconf 84' lang='lat' dir='ltr'><strong>ramus</strong></span> <span class='ocrx_word' id='word_1_279' title='bbox 702 2378 824 2432; x_wconf 84' lang='lat' dir='ltr'><strong>ergo</strong></span> <span class='ocrx_word' id='word_1_280' title='bbox 846 2359 1155 2414; x_wconf 80' lang='lat' dir='ltr'><strong>endecadem</strong></span> <span class='ocrx_word' id='word_1_281' title='bbox 1182 2358 1509 2432; x_wconf 70' lang='lat' dir='ltr'><strong>persolarem</strong></span> <span class='ocrx_word' id='word_1_282' title='bbox 1530 2358 1579 2413; x_wconf 64' lang='lat' dir='ltr'><strong>et</strong></span> <span class='ocrx_word' id='word_1_283' title='bbox 1601 2361 1836 2432; x_wconf 66' lang='lat' dir='ltr'><strong>lunarem</strong></span> <span class='ocrx_word' id='word_1_284' title='bbox 1862 2358 2092 2432; x_wconf 65' lang='lat' dir='ltr'><strong>cursant,</strong></span> 
     </span>
    </p>
   </div>
   <div class='ocr_carea' id='block_1_38' title="bbox 516 2427 2095 2502">
    <p class='ocr_par' dir='ltr' id='par_1_38' title="bbox 516 2427 2095 2502">
     <span class='ocr_line' id='line_1_38' title="bbox 516 2427 2095 2502; baseline -0.001 -16"><span class='ocrx_word' id='word_1_285' title='bbox 516 2427 883 2502; x_wconf 33' lang='lat' dir='ltr'><strong>7commu&#39;nes“</strong></span> <span class='ocrx_word' id='word_1_286' title='bbox 915 2444 1099 2489; x_wconf 79' lang='lat' dir='ltr'><strong>annos,</strong></span> <span class='ocrx_word' id='word_1_287' title='bbox 1152 2437 1201 2482; x_wconf 84' lang='lat' dir='ltr'><strong>et</strong></span> <span class='ocrx_word' id='word_1_288' title='bbox 1246 2427 1281 2481; x_wconf 72' lang='grc'><strong>4</strong></span> <span class='ocrx_word' id='word_1_289' title='bbox 1324 2428 1672 2485; x_wconf 70' lang='grc' dir='ltr'><strong>εηιὺοιϐηιοε.</strong></span> <span class='ocrx_word' id='word_1_290' title='bbox 1728 2430 1931 2498; x_wconf 75' lang='lat' dir='ltr'><strong>Septies</strong></span> <span class='ocrx_word' id='word_1_291' title='bbox 1958 2448 2095 2502; x_wconf 78' lang='lat' dir='ltr'><strong>ergo</strong></span> 
     </span>
    </p>
   </div>
   <div class='ocr_carea' id='block_1_39' title="bbox 511 2499 2100 2571">
    <p class='ocr_par' dir='ltr' id='par_1_39' title="bbox 511 2499 2100 2571">
     <span class='ocr_line' id='line_1_39' title="bbox 511 2499 2100 2571; baseline -0.003 -14"><span class='ocrx_word' id='word_1_292' title='bbox 511 2504 617 2558; x_wconf 82' lang='lat' dir='ltr'><strong>dies</strong></span> <span class='ocrx_word' id='word_1_293' title='bbox 642 2516 827 2557; x_wconf 82' lang='lat' dir='ltr'><strong>cccuv</strong></span> <span class='ocrx_word' id='word_1_294' title='bbox 855 2499 989 2571; x_wconf 84' lang='lat' dir='ltr'><strong>iiunt</strong></span> <span class='ocrx_word' id='word_1_295' title='bbox 1030 2502 1075 2555; x_wconf 78' lang='lat' dir='ltr'><strong>ﬁ</strong></span> <span class='ocrx_word' id='word_1_296' title='bbox 1103 2514 1469 2571; x_wconf 70' lang='lat' dir='ltr'><strong>ccccuxxvm,</strong></span> <span class='ocrx_word' id='word_1_297' title='bbox 1505 2511 1565 2571; x_wconf 65' lang='lat' dir='ltr'><strong>et</strong></span> <span class='ocrx_word' id='word_1_298' title='bbox 1605 2502 1839 2571; x_wconf 82' lang='lat' dir='ltr'><strong>quaterni</strong></span> <span class='ocrx_word' id='word_1_299' title='bbox 1870 2499 2100 2567; x_wconf 80' lang='lat' dir='ltr'><strong>(scilicet</strong></span> 
     </span>
    </p>
   </div>
   <div class='ocr_carea' id='block_1_40' title="bbox 510 2568 2095 2637">
    <p class='ocr_par' dir='ltr' id='par_1_40' title="bbox 510 2568 2095 2637">
     <span class='ocr_line' id='line_1_40' title="bbox 510 2568 2095 2637; baseline -0.001 -11"><span class='ocrx_word' id='word_1_300' title='bbox 510 2572 811 2626; x_wconf 85' lang='lat' dir='ltr'><strong>embolismi</strong></span> <span class='ocrx_word' id='word_1_301' title='bbox 828 2570 934 2624; x_wconf 73' lang='grc'><strong>584</strong></span> <span class='ocrx_word' id='word_1_302' title='bbox 957 2570 1231 2637; x_wconf 65' lang='lat' dir='ltr'><strong>dierum)?</strong></span> <span class='ocrx_word' id='word_1_303' title='bbox 1254 2585 1469 2623; x_wconf 81' lang='lat' dir='ltr'><strong>nxxxvi.</strong></span> <span class='ocrx_word' id='word_1_304' title='bbox 1495 2568 1659 2623; x_wconf 81' lang='lat' dir='ltr'><strong>Fiunt</strong></span> <span class='ocrx_word' id='word_1_305' title='bbox 1684 2572 1837 2623; x_wconf 83' lang='lat' dir='ltr'><strong>simul</strong></span> <span class='ocrx_word' id='word_1_306' title='bbox 1856 2575 1935 2626; x_wconf 64' lang='lat' dir='ltr'><strong>im</strong></span> <span class='ocrx_word' id='word_1_307' title='bbox 1964 2587 2095 2626; x_wconf 88' lang='lat' dir='ltr'><strong>xtm.</strong></span> 
     </span>
    </p>
   </div>
   <div class='ocr_carea' id='block_1_41' title="bbox 518 2639 2103 2707">
    <p class='ocr_par' dir='ltr' id='par_1_41' title="bbox 518 2639 2103 2707">
     <span class='ocr_line' id='line_1_41' title="bbox 518 2639 2103 2707; baseline -0.001 -11"><span class='ocrx_word' id='word_1_308' title='bbox 518 2643 652 2696; x_wconf 76' lang='lat' dir='ltr'><strong>Item</strong></span> <span class='ocrx_word' id='word_1_309' title='bbox 677 2656 731 2695; x_wconf 76' lang='grc' dir='ltr'><strong>ιι</strong></span> <span class='ocrx_word' id='word_1_310' title='bbox 752 2643 951 2695; x_wconf 80' lang='lat' dir='ltr'><strong>salares</strong></span> <span class='ocrx_word' id='word_1_311' title='bbox 973 2656 1140 2693; x_wconf 88' lang='lat' dir='ltr'><strong>annos</strong></span> <span class='ocrx_word' id='word_1_312' title='bbox 1161 2639 1339 2692; x_wconf 86' lang='lat' dir='ltr'><strong>eodem</strong></span> <span class='ocrx_word' id='word_1_313' title='bbox 1361 2642 1737 2707; x_wconf 82' lang='lat' dir='ltr'><strong>supputationis</strong></span> <span class='ocrx_word' id='word_1_314' title='bbox 1767 2644 1973 2694; x_wconf 79' lang='lat' dir='ltr'><strong>tramite</strong></span> <span class='ocrx_word' id='word_1_315' title='bbox 1995 2644 2103 2695; x_wconf 85' lang='lat' dir='ltr'><strong>cal-</strong></span> 
     </span>
    </p>
   </div>
   <div class='ocr_carea' id='block_1_42' title="bbox 514 2708 2101 2782">
    <p class='ocr_par' dir='ltr' id='par_1_42' title="bbox 514 2708 2101 2782">
     <span class='ocr_line' id='line_1_42' title="bbox 514 2708 2101 2782; baseline -0.001 -16"><span class='ocrx_word' id='word_1_316' title='bbox 514 2713 755 2782; x_wconf 79' lang='lat' dir='ltr'><strong>culentus.</strong></span> <span class='ocrx_word' id='word_1_317' title='bbox 790 2709 1077 2782; x_wconf 76' lang='lat' dir='ltr'><strong>Undecies_</strong></span> <span class='ocrx_word' id='word_1_318' title='bbox 1094 2708 1201 2762; x_wconf 86' lang='lat' dir='ltr'><strong>dies</strong></span> <span class='ocrx_word' id='word_1_319' title='bbox 1244 2711 1524 2782; x_wconf 60' lang='lat' dir='ltr'><strong>trecenteni</strong></span> <span class='ocrx_word' id='word_1_320' title='bbox 1576 2712 1820 2782; x_wconf 73' lang='lat' dir='ltr'><strong>sexageni</strong></span> <span class='ocrx_word' id='word_1_321' title='bbox 1850 2713 2010 2782; x_wconf 81' lang='lat' dir='ltr'><strong>quini,</strong></span> <span class='ocrx_word' id='word_1_322' title='bbox 2050 2720 2101 2765; x_wconf 87' lang='lat' dir='ltr'><strong>et</strong></span> 
     </span>
    </p>
   </div>
   <div class='ocr_carea' id='block_1_43' title="bbox 513 2777 2097 2851">
    <p class='ocr_par' dir='ltr' id='par_1_43' title="bbox 513 2777 2097 2851">
     <span class='ocr_line' id='line_1_43' title="bbox 513 2777 2097 2851; baseline 0.001 -17"><span class='ocrx_word' id='word_1_323' title='bbox 513 2780 825 2851; x_wconf 82' lang='lat' dir='ltr'><strong>quadrantes</strong></span> <span class='ocrx_word' id='word_1_324' title='bbox 838 2780 971 2851; x_wconf 82' lang='lat' dir='ltr'><strong>ﬁunt</strong></span> <span class='ocrx_word' id='word_1_325' title='bbox 995 2780 1078 2834; x_wconf 65' lang='lat' dir='ltr'><strong>ﬁ</strong></span> <span class='ocrx_word' id='word_1_326' title='bbox 1091 2788 1273 2851; x_wconf 9' lang='lat' dir='ltr'><strong>xvuget</strong></span> <span class='ocrx_word' id='word_1_327' title='bbox 1298 2777 1360 2851; x_wconf 85' lang='lat' dir='ltr'><strong>l_8</strong></span> <span class='ocrx_word' id='word_1_328' title='bbox 1376 2780 1535 2851; x_wconf 65' lang='lat' dir='ltr'><strong>(torre.</strong></span> <span class='ocrx_word' id='word_1_329' title='bbox 1566 2777 1771 2851; x_wconf 60' lang='lat' dir='ltr'><strong>Idcirco</strong></span> <span class='ocrx_word' id='word_1_330' title='bbox 1794 2782 1845 2851; x_wconf 81' lang='lat' dir='ltr'><strong>in</strong></span> <span class='ocrx_word' id='word_1_331' title='bbox 1862 2777 2097 2851; x_wconf 80' lang='lat' dir='ltr'><strong>ogdoade</strong></span> 
     </span>
    </p>
   </div>
   <div class='ocr_carea' id='block_1_44' title="bbox 516 2847 2101 2918">
    <p class='ocr_par' dir='ltr' id='par_1_44' title="bbox 516 2847 2101 2918">
     <span class='ocr_line' id='line_1_44' title="bbox 516 2847 2101 2918; baseline -0.001 -12"><span class='ocrx_word' id='word_1_332' title='bbox 516 2847 676 2911; x_wconf 66' lang='lat' dir='ltr'><strong>(forte</strong></span> <span class='ocrx_word' id='word_1_333' title='bbox 701 2847 984 2918; x_wconf 82' lang='lat' dir='ltr'><strong>legendum</strong></span> <span class='ocrx_word' id='word_1_334' title='bbox 1032 2851 1085 2901; x_wconf 88' lang='lat' dir='ltr'><strong>in</strong></span> <span class='ocrx_word' id='word_1_335' title='bbox 1116 2848 1397 2916; x_wconf 86' lang='lat' dir='ltr'><strong>endecade)</strong></span> <span class='ocrx_word' id='word_1_336' title='bbox 1423 2848 1619 2918; x_wconf 78' lang='lat' dir='ltr'><strong>videtur</strong></span> <span class='ocrx_word' id='word_1_337' title='bbox 1639 2850 1715 2902; x_wconf 83' lang='lat' dir='ltr'><strong>sol</strong></span> <span class='ocrx_word' id='word_1_338' title='bbox 1734 2847 1911 2904; x_wconf 62' lang='lat' dir='ltr'><strong>tribus&#39;</strong></span> <span class='ocrx_word' id='word_1_339' title='bbox 1924 2852 2101 2905; x_wconf 86' lang='lat' dir='ltr'><strong>diebus</strong></span> 
     </span>
    </p>
   </div>
   <div class='ocr_carea' id='block_1_45' title="bbox 515 2917 2103 2989">
    <p class='ocr_par' dir='ltr' id='par_1_45' title="bbox 515 2917 2103 2989">
     <span class='ocr_line' id='line_1_45' title="bbox 515 2917 2103 2989; baseline -0.001 -15"><span class='ocrx_word' id='word_1_340' title='bbox 515 2932 565 2974; x_wconf 76' lang='lat' dir='ltr'><strong>et</strong></span> <span class='ocrx_word' id='word_1_341' title='bbox 600 2920 667 2976; x_wconf 81' lang='grc'><strong>18</strong></span> <span class='ocrx_word' id='word_1_342' title='bbox 696 2917 834 2974; x_wconf 67' lang='lat' dir='ltr'><strong>lteris</strong></span> <span class='ocrx_word' id='word_1_343' title='bbox 884 2920 1182 2989; x_wconf 70' lang='lat' dir='ltr'><strong>praecellere</strong></span> <span class='ocrx_word' id='word_1_344' title='bbox 1212 2920 1407 2971; x_wconf 81' lang='lat' dir='ltr'><strong>tunam.</strong></span> <span class='ocrx_word' id='word_1_345' title='bbox 1450 2917 1588 2989; x_wconf 64' lang='lat' dir='ltr'><strong>ideo</strong></span> <span class='ocrx_word' id='word_1_346' title='bbox 1614 2919 1749 2973; x_wconf 72' lang='lat' dir='ltr'><strong>dixit</strong></span> <span class='ocrx_word' id='word_1_347' title='bbox 1779 2936 1795 2973; x_wconf 94' lang='lat'><em>:</em></span> <span class='ocrx_word' id='word_1_348' title='bbox 1826 2938 1956 2989; x_wconf 86' lang='lat' dir='ltr'><strong>pene</strong></span> <span class='ocrx_word' id='word_1_349' title='bbox 1985 2932 2103 2974; x_wconf 87' lang='lat' dir='ltr'><strong>tan-</strong></span> 
     </span>
    </p>
   </div>
   <div class='ocr_carea' id='block_1_46' title="bbox 518 2987 2103 3061">
    <p class='ocr_par' dir='ltr' id='par_1_46' title="bbox 518 2987 2103 3061">
     <span class='ocr_line' id='line_1_46' title="bbox 518 2987 2103 3061; baseline -0.001 -15"><span class='ocrx_word' id='word_1_350' title='bbox 518 2992 748 3046; x_wconf 84' lang='lat' dir='ltr'><strong>tumdem</strong></span> <span class='ocrx_word' id='word_1_351' title='bbox 777 2987 1019 3061; x_wconf 74' lang='lat' dir='ltr'><strong>reperies,</strong></span> <span class='ocrx_word' id='word_1_352' title='bbox 1057 2987 1636 3061; x_wconf 45' lang='lat' dir='ltr'><strong>quia&#39;aiiquiddiﬁ&#39;erre</strong></span> <span class='ocrx_word' id='word_1_353' title='bbox 1658 2987 1913 3059; x_wconf 69' lang='lat' dir='ltr'><strong>praevidit,</strong></span> <span class='ocrx_word' id='word_1_354' title='bbox 1934 3001 1983 3045; x_wconf 83' lang='lat' dir='ltr'><strong>et</strong></span> <span class='ocrx_word' id='word_1_355' title='bbox 2008 2992 2103 3047; x_wconf 83' lang='lat' dir='ltr'><strong>hoc</strong></span> 
     </span>
    </p>
   </div>
   <div class='ocr_carea' id='block_1_47' title="bbox 514 3059 1604 3184">
    <p class='ocr_par' dir='ltr' id='par_1_47' title="bbox 514 3059 1604 3184">
     <span class='ocr_line' id='line_1_47' title="bbox 514 3059 1604 3133; baseline -0.004 -16"><span class='ocrx_word' id='word_1_356' title='bbox 514 3062 771 3133; x_wconf 59' lang='lat' dir='ltr'><strong>praecipue</strong></span> <span class='ocrx_word' id='word_1_357' title='bbox 789 3059 842 3114; x_wconf 82' lang='lat' dir='ltr'><strong>in</strong></span> <span class='ocrx_word' id='word_1_358' title='bbox 865 3060 1237 3132; x_wconf 77' lang='lat' dir='ltr'><strong>quadrantibus</strong></span> <span class='ocrx_word' id='word_1_359' title='bbox 1269 3059 1458 3112; x_wconf 85' lang='lat' dir='ltr'><strong>accidit</strong></span> <span class='ocrx_word' id='word_1_360' title='bbox 1487 3060 1604 3113; x_wconf 84' lang='lat' dir='ltr'><strong>sibi.</strong></span> 
     </span>
     <span class='ocr_line' id='line_1_48' title="bbox 592 3129 1001 3184; baseline -0.01 0"><span class='ocrx_word' id='word_1_361' title='bbox 592 3142 613 3171; x_wconf 74' lang='grc' dir='ltr'><strong>ε</strong></span> <span class='ocrx_word' id='word_1_362' title='bbox 636 3131 696 3184; x_wconf 85' lang='lat' dir='ltr'><strong>In</strong></span> <span class='ocrx_word' id='word_1_363' title='bbox 714 3129 750 3184; x_wconf 79' lang='lat' dir='ltr'><strong>C</strong></span> <span class='ocrx_word' id='word_1_364' title='bbox 778 3130 803 3182; x_wconf 98' lang='grc'><strong>1</strong></span> <span class='ocrx_word' id='word_1_365' title='bbox 831 3132 1001 3182; x_wconf 84' lang='lat' dir='ltr'><strong>deest.</strong></span> 
     </span>
    </p>
   </div>
   <div class='ocr_carea' id='block_1_48' title="bbox 592 3129 1001 3184">
    <p class='ocr_par' dir='ltr' id='par_1_48' title="bbox 592 3129 1001 3184">
     <span class='ocr_line' id='line_1_49' title="bbox 592 3129 1001 3184; baseline -0.01 0"><span class='ocrx_word' id='word_1_366' title='bbox 592 3142 613 3171; x_wconf 74' lang='grc' dir='ltr'><strong>ε</strong></span> <span class='ocrx_word' id='word_1_367' title='bbox 636 3129 696 3184; x_wconf 83' lang='lat' dir='ltr'><strong>In</strong></span> <span class='ocrx_word' id='word_1_368' title='bbox 714 3129 750 3184; x_wconf 79' lang='lat' dir='ltr'><strong>C</strong></span> <span class='ocrx_word' id='word_1_369' title='bbox 778 3130 803 3182; x_wconf 98' lang='grc'><strong>1</strong></span> <span class='ocrx_word' id='word_1_370' title='bbox 831 3129 1001 3182; x_wconf 72' lang='lat' dir='ltr'><strong>déest.</strong></span> 
     </span>
    </p>
   </div>
   <div class='ocr_carea' id='block_1_49' title="bbox 585 3198 2097 3271">
    <p class='ocr_par' dir='ltr' id='par_1_49' title="bbox 585 3198 2097 3271">
     <span class='ocr_line' id='line_1_50' title="bbox 585 3198 2097 3271; baseline 0.001 -18"><span class='ocrx_word' id='word_1_371' title='bbox 585 3200 614 3239; x_wconf 73' lang='grc' dir='ltr'><strong><em>ἀ</em></strong></span> <span class='ocrx_word' id='word_1_372' title='bbox 654 3201 738 3254; x_wconf 66' lang='grc' dir='ltr'><strong>ιω</strong></span> <span class='ocrx_word' id='word_1_373' title='bbox 764 3202 829 3254; x_wconf 80' lang='grc'><strong>1).</strong></span> <span class='ocrx_word' id='word_1_374' title='bbox 860 3198 1006 3253; x_wconf 81' lang='lat' dir='ltr'><strong>Editi</strong></span> <span class='ocrx_word' id='word_1_375' title='bbox 1051 3198 1283 3271; x_wconf 85' lang='lat' dir='ltr'><strong>habent,</strong></span> <span class='ocrx_word' id='word_1_376' title='bbox 1333 3200 1589 3271; x_wconf 81' lang='lat' dir='ltr'><strong>sequentis</strong></span> <span class='ocrx_word' id='word_1_377' title='bbox 1637 3200 1773 3271; x_wconf 84' lang='lat' dir='ltr'><strong>quod</strong></span> <span class='ocrx_word' id='word_1_378' title='bbox 1802 3204 2097 3271; x_wconf 68' lang='lat' dir='ltr'><strong>quaziimus.</strong></span> 
     </span>
    </p>
   </div>
   <div class='ocr_carea' id='block_1_50' title="bbox 521 3269 2103 3339">
    <p class='ocr_par' dir='ltr' id='par_1_50' title="bbox 521 3269 2103 3339">
     <span class='ocr_line' id='line_1_51' title="bbox 521 3269 2103 3339; baseline 0 -12"><span class='ocrx_word' id='word_1_379' title='bbox 521 3272 629 3327; x_wconf 86' lang='lat' dir='ltr'><strong>Sed</strong></span> <span class='ocrx_word' id='word_1_380' title='bbox 656 3271 764 3325; x_wconf 89' lang='lat' dir='ltr'><strong>duo</strong></span> <span class='ocrx_word' id='word_1_381' title='bbox 820 3272 931 3325; x_wconf 77' lang='lat' dir='ltr'><strong>haec</strong></span> <span class='ocrx_word' id='word_1_382' title='bbox 973 3269 1272 3339; x_wconf 85' lang='lat' dir='ltr'><strong>posteriora</strong></span> <span class='ocrx_word' id='word_1_383' title='bbox 1317 3269 1482 3324; x_wconf 66' lang='lat' dir='ltr'><strong>verba</strong></span> <span class='ocrx_word' id='word_1_384' title='bbox 1515 3271 1569 3324; x_wconf 89' lang='lat' dir='ltr'><strong>in</strong></span> <span class='ocrx_word' id='word_1_385' title='bbox 1614 3269 1863 3325; x_wconf 86' lang='lat' dir='ltr'><strong>omnibus</strong></span> <span class='ocrx_word' id='word_1_386' title='bbox 1905 3274 2103 3327; x_wconf 72' lang='lat' dir='ltr'><strong>nostris</strong></span> 
     </span>
    </p>
   </div>
   <div class='ocr_carea' id='block_1_51' title="bbox 524 3342 899 3396">
    <p class='ocr_par' dir='ltr' id='par_1_51' title="bbox 524 3342 899 3396">
     <span class='ocr_line' id='line_1_52' title="bbox 524 3342 899 3396; baseline -0.008 0"><span class='ocrx_word' id='word_1_387' title='bbox 524 3358 652 3396; x_wconf 85' lang='lat' dir='ltr'><strong>mss.</strong></span> <span class='ocrx_word' id='word_1_388' title='bbox 685 3342 899 3395; x_wconf 85' lang='lat' dir='ltr'><strong>desunt.</strong></span> 
     </span>
    </p>
   </div>
   <div class='ocr_carea' id='block_1_52' title="bbox 592 3386 2176 3489">
    <p class='ocr_par' dir='ltr' id='par_1_52' title="bbox 592 3386 2176 3489">
     <span class='ocr_line' id='line_1_53' title="bbox 592 3386 2176 3489; baseline 0.003 -26"><span class='ocrx_word' id='word_1_389' title='bbox 592 3386 1115 3489; x_wconf 34' lang='lat' dir='ltr'><strong>audiamus-perplexa</strong></span> <span class='ocrx_word' id='word_1_390' title='bbox 1144 3417 1214 3489; x_wconf 84' lang='lat' dir='ltr'><strong>e_t_</strong></span> <span class='ocrx_word' id='word_1_391' title='bbox 1248 3408 1501 3489; x_wconf 70' lang='lat' dir='ltr'><strong>impedita</strong></span> <span class='ocrx_word' id='word_1_392' title='bbox 1526 3418 1608 3463; x_wconf 90' lang='lat' dir='ltr'><strong>est</strong></span> <span class='ocrx_word' id='word_1_393' title='bbox 1628 3408 1957 3489; x_wconf 60' lang='lat' dir='ltr'><strong>&quot;Dionysiana</strong></span> <span class='ocrx_word' id='word_1_394' title='bbox 1988 3412 2103 3468; x_wconf 56' lang='lat' dir='ltr'><strong>haec</strong></span> <span class='ocrx_word' id='word_1_395' title='bbox 2130 3386 2176 3447; x_wconf 64' lang='grc' dir='ltr'>ο</span> 
     </span>
    </p>
   </div>
   <div class='ocr_carea' id='block_1_53' title="bbox 519 3477 2103 3549">
    <p class='ocr_par' dir='ltr' id='par_1_53' title="bbox 519 3477 2103 3549">
     <span class='ocr_line' id='line_1_54' title="bbox 519 3477 2103 3549; baseline -0.001 -12"><span class='ocrx_word' id='word_1_396' title='bbox 519 3483 713 3537; x_wconf 88' lang='lat' dir='ltr'><strong>oratio.</strong></span> <span class='ocrx_word' id='word_1_397' title='bbox 766 3477 1044 3536; x_wconf 78' lang='lat' dir='ltr'><strong>Sententia</strong></span> <span class='ocrx_word' id='word_1_398' title='bbox 1091 3477 1411 3549; x_wconf 34' lang='lat' dir='ltr'><strong>quidem’in</strong></span> <span class='ocrx_word' id='word_1_399' title='bbox 1464 3477 1606 3533; x_wconf 90' lang='lat' dir='ltr'><strong>hunc</strong></span> <span class='ocrx_word' id='word_1_400' title='bbox 1654 3477 2010 3535; x_wconf 66' lang='lat' dir='ltr'><strong>fere&#39;modum</strong></span> <span class='ocrx_word' id='word_1_401' title='bbox 2035 3499 2103 3537; x_wconf 86' lang='lat' dir='ltr'><strong>ex</strong></span> 
     </span>
    </p>
   </div>
   <div class='ocr_carea' id='block_1_54' title="bbox 518 3549 2102 3618">
    <p class='ocr_par' dir='ltr' id='par_1_54' title="bbox 518 3549 2102 3618">
     <span class='ocr_line' id='line_1_55' title="bbox 518 3549 2102 3618; baseline 0 -11"><span class='ocrx_word' id='word_1_402' title='bbox 518 3554 658 3608; x_wconf 87' lang='lat' dir='ltr'><strong>illius</strong></span> <span class='ocrx_word' id='word_1_403' title='bbox 682 3552 927 3607; x_wconf 75' lang='lat' dir='ltr'><strong>doctrina</strong></span> <span class='ocrx_word' id='word_1_404' title='bbox 948 3553 1160 3618; x_wconf 84' lang='lat' dir='ltr'><strong>concipi</strong></span> <span class='ocrx_word' id='word_1_405' title='bbox 1184 3557 1380 3618; x_wconf 87' lang='lat' dir='ltr'><strong>potest.</strong></span> <span class='ocrx_word' id='word_1_406' title='bbox 1411 3549 1596 3606; x_wconf 83' lang='lat' dir='ltr'><strong>Annus</strong></span> <span class='ocrx_word' id='word_1_407' title='bbox 1614 3552 1838 3618; x_wconf 86' lang='lat' dir='ltr'><strong>quilibet</strong></span> <span class='ocrx_word' id='word_1_408' title='bbox 1865 3568 2102 3607; x_wconf 87' lang='lat' dir='ltr'><strong>commu-</strong></span> 
     </span>
    </p>
   </div>
   <div class='ocr_carea' id='block_1_55' title="bbox 519 3620 2101 3686">
    <p class='ocr_par' dir='ltr' id='par_1_55' title="bbox 519 3620 2101 3686">
     <span class='ocr_line' id='line_1_56' title="bbox 519 3620 2101 3686; baseline 0 -9"><span class='ocrx_word' id='word_1_409' title='bbox 519 3625 600 3677; x_wconf 89' lang='lat' dir='ltr'><strong>nis</strong></span> <span class='ocrx_word' id='word_1_410' title='bbox 628 3623 817 3677; x_wconf 88' lang='lat' dir='ltr'><strong>diebus</strong></span> <span class='ocrx_word' id='word_1_411' title='bbox 844 3631 1055 3677; x_wconf 82' lang='lat' dir='ltr'><strong>constat</strong></span> <span class='ocrx_word' id='word_1_412' title='bbox 1088 3620 1232 3686; x_wconf 59' lang='lat'><strong>554;</strong></span> <span class='ocrx_word' id='word_1_413' title='bbox 1263 3620 1630 3676; x_wconf 72' lang='lat' dir='ltr'><strong>embolimieus</strong></span> <span class='ocrx_word' id='word_1_414' title='bbox 1660 3638 1788 3675; x_wconf 56' lang='lat' dir='ltr'><strong>vero</strong></span> <span class='ocrx_word' id='word_1_415' title='bbox 1818 3621 1941 3675; x_wconf 70' lang='grc'><strong>584.</strong></span> <span class='ocrx_word' id='word_1_416' title='bbox 1990 3624 2101 3677; x_wconf 77' lang='lat' dir='ltr'><strong>Ex-</strong></span> 
     </span>
    </p>
   </div>
   <div class='ocr_carea' id='block_1_56' title="bbox 521 3690 2101 3763">
    <p class='ocr_par' dir='ltr' id='par_1_56' title="bbox 521 3690 2101 3763">
     <span class='ocr_line' id='line_1_57' title="bbox 521 3690 2101 3763; baseline 0 -16"><span class='ocrx_word' id='word_1_417' title='bbox 521 3695 637 3763; x_wconf 91' lang='lat' dir='ltr'><strong>cipe</strong></span> <span class='ocrx_word' id='word_1_418' title='bbox 664 3693 1206 3763; x_wconf 77' lang='lat' dir='ltr'><strong>decemiiovennalem</strong></span> <span class='ocrx_word' id='word_1_419' title='bbox 1236 3691 1495 3763; x_wconf 85' lang='lat' dir='ltr'><strong>primum,</strong></span> <span class='ocrx_word' id='word_1_420' title='bbox 1524 3692 1613 3759; x_wconf 88' lang='lat' dir='ltr'><strong>qui</strong></span> <span class='ocrx_word' id='word_1_421' title='bbox 1636 3690 1740 3745; x_wconf 81' lang='grc'><strong>555</strong></span> <span class='ocrx_word' id='word_1_422' title='bbox 1770 3692 1884 3763; x_wconf 88' lang='lat' dir='ltr'><strong>dies</strong></span> <span class='ocrx_word' id='word_1_423' title='bbox 1909 3692 2101 3747; x_wconf 87' lang='lat' dir='ltr'><strong>dunta-</strong></span> 
     </span>
    </p>
   </div>
   <div class='ocr_carea' id='block_1_57' title="bbox 523 3761 2102 3832">
    <p class='ocr_par' dir='ltr' id='par_1_57' title="bbox 523 3761 2102 3832">
     <span class='ocr_line' id='line_1_58' title="bbox 523 3761 2102 3832; baseline 0.001 -16"><span class='ocrx_word' id='word_1_424' title='bbox 523 3761 611 3816; x_wconf 87' lang='lat' dir='ltr'><strong>xat</strong></span> <span class='ocrx_word' id='word_1_425' title='bbox 640 3762 864 3832; x_wconf 88' lang='lat' dir='ltr'><strong>obtinet.</strong></span> <span class='ocrx_word' id='word_1_426' title='bbox 896 3761 1029 3815; x_wconf 82' lang='lat' dir='ltr'><strong>Nam</strong></span> <span class='ocrx_word' id='word_1_427' title='bbox 1055 3762 1224 3831; x_wconf 91' lang='lat' dir='ltr'><strong>prima</strong></span> <span class='ocrx_word' id='word_1_428' title='bbox 1254 3763 1366 3814; x_wconf 90' lang='lat' dir='ltr'><strong>dies</strong></span> <span class='ocrx_word' id='word_1_429' title='bbox 1398 3761 1537 3815; x_wconf 86' lang='lat' dir='ltr'><strong>illitis</strong></span> <span class='ocrx_word' id='word_1_430' title='bbox 1566 3772 1648 3815; x_wconf 88' lang='lat' dir='ltr'><strong>est</strong></span> <span class='ocrx_word' id='word_1_431' title='bbox 1674 3762 1879 3816; x_wconf 89' lang='lat' dir='ltr'><strong>decima</strong></span> <span class='ocrx_word' id='word_1_432' title='bbox 1914 3765 2102 3832; x_wconf 87' lang='lat' dir='ltr'><strong>quinta</strong></span> 
     </span>
    </p>
   </div>
   <div class='ocr_carea' id='block_1_58' title="bbox 520 3831 2098 3902">
    <p class='ocr_par' dir='ltr' id='par_1_58' title="bbox 520 3831 2098 3902">
     <span class='ocr_line' id='line_1_59' title="bbox 520 3831 2098 3902; baseline 0.001 -16"><span class='ocrx_word' id='word_1_433' title='bbox 520 3831 786 3902; x_wconf 82' lang='lat' dir='ltr'><strong>paschalis</strong></span> <span class='ocrx_word' id='word_1_434' title='bbox 808 3871 823 3897; x_wconf 93' lang='lat'><strong>,</strong></span> <span class='ocrx_word' id='word_1_435' title='bbox 858 3834 1006 3886; x_wconf 90' lang='lat' dir='ltr'><strong>aurei</strong></span> <span class='ocrx_word' id='word_1_436' title='bbox 1050 3832 1259 3886; x_wconf 90' lang='lat' dir='ltr'><strong>numeri</strong></span> <span class='ocrx_word' id='word_1_437' title='bbox 1304 3847 1415 3894; x_wconf 77' lang='lat' dir='ltr'><strong>XIX,</strong></span> <span class='ocrx_word' id='word_1_438' title='bbox 1464 3846 1583 3901; x_wconf 74' lang='lat' dir='ltr'><strong>quae</strong></span> <span class='ocrx_word' id='word_1_439' title='bbox 1612 3842 1694 3887; x_wconf 89' lang='lat' dir='ltr'><strong>est</strong></span> <span class='ocrx_word' id='word_1_440' title='bbox 1722 3848 1790 3885; x_wconf 84' lang='lat' dir='ltr'><strong>xv</strong></span> <span class='ocrx_word' id='word_1_441' title='bbox 1819 3831 2098 3897; x_wconf 47' lang='lat' dir='ltr'><strong>calJMaii,</strong></span> 
     </span>
    </p>
   </div>
   <div class='ocr_carea' id='block_1_59' title="bbox 518 3902 2105 3972">
    <p class='ocr_par' dir='ltr' id='par_1_59' title="bbox 518 3902 2105 3972">
     <span class='ocr_line' id='line_1_60' title="bbox 518 3902 2105 3972; baseline 0.001 -15"><span class='ocrx_word' id='word_1_442' title='bbox 518 3906 633 3957; x_wconf 86' lang='lat' dir='ltr'><strong>sive</strong></span> <span class='ocrx_word' id='word_1_443' title='bbox 672 3902 787 3957; x_wconf 90' lang='lat' dir='ltr'><strong>dies</strong></span> <span class='ocrx_word' id='word_1_444' title='bbox 831 3902 897 3954; x_wconf 86' lang='grc'><strong>17</strong></span> <span class='ocrx_word' id='word_1_445' title='bbox 929 3902 1101 3970; x_wconf 79' lang='lat' dir='ltr'><strong>April.</strong></span> <span class='ocrx_word' id='word_1_446' title='bbox 1135 3902 1356 3968; x_wconf 87' lang='lat' dir='ltr'><strong>;ultima</strong></span> <span class='ocrx_word' id='word_1_447' title='bbox 1384 3902 1500 3955; x_wconf 88' lang='lat' dir='ltr'><strong>dies</strong></span> <span class='ocrx_word' id='word_1_448' title='bbox 1546 3913 1631 3955; x_wconf 90' lang='lat' dir='ltr'><strong>est</strong></span> <span class='ocrx_word' id='word_1_449' title='bbox 1680 3903 1887 3957; x_wconf 75' lang='lat' dir='ltr'><strong>decima</strong></span> <span class='ocrx_word' id='word_1_450' title='bbox 1912 3914 2105 3972; x_wconf 87' lang='lat' dir='ltr'><strong>quarta</strong></span> 
     </span>
    </p>
   </div>
   <div class='ocr_carea' id='block_1_60' title="bbox 557 3972 2099 4043">
    <p class='ocr_par' dir='ltr' id='par_1_60' title="bbox 557 3972 2099 4043">
     <span class='ocr_line' id='line_1_61' title="bbox 557 3972 2099 4043; baseline 0 -16"><span class='ocrx_word' id='word_1_451' title='bbox 557 3972 984 4043; x_wconf 75' lang='lat' dir='ltr'><strong>aschalis,_aurei</strong></span> <span class='ocrx_word' id='word_1_452' title='bbox 1010 3972 1216 4043; x_wconf 88' lang='lat' dir='ltr'><strong>numeri</strong></span> <span class='ocrx_word' id='word_1_453' title='bbox 1248 3987 1283 4033; x_wconf 88' lang='grc' dir='ltr'><strong>ι,</strong></span> <span class='ocrx_word' id='word_1_454' title='bbox 1317 3985 1513 4038; x_wconf 90' lang='lat' dir='ltr'><strong>nempe</strong></span> <span class='ocrx_word' id='word_1_455' title='bbox 1540 3973 1724 4043; x_wconf 74' lang='lat' dir='ltr'><strong>quinta</strong></span> <span class='ocrx_word' id='word_1_456' title='bbox 1750 3973 1867 4026; x_wconf 90' lang='lat' dir='ltr'><strong>dies</strong></span> <span class='ocrx_word' id='word_1_457' title='bbox 1885 3973 2099 4043; x_wconf 85' lang='lat' dir='ltr'><strong>Aprilis.</strong></span> 
     </span>
    </p>
   </div>
   <div class='ocr_carea' id='block_1_61' title="bbox 521 3991 2104 4108">
    <p class='ocr_par' dir='ltr' id='par_1_61' title="bbox 521 3991 2104 4108">
     <span class='ocr_line' id='line_1_62' title="bbox 557 3991 2099 4043; baseline 0 -16"><span class='ocrx_word' id='word_1_458' title='bbox 557 3991 806 4035; x_wconf 84' lang='lat' dir='ltr'><strong>ascnaus,</strong></span> <span class='ocrx_word' id='word_1_459' title='bbox 835 3991 984 4025; x_wconf 86' lang='lat' dir='ltr'><strong>aurei</strong></span> <span class='ocrx_word' id='word_1_460' title='bbox 1010 3991 1216 4025; x_wconf 82' lang='lat' dir='ltr'><strong>numeri</strong></span> <span class='ocrx_word' id='word_1_461' title='bbox 1248 3991 1283 4033; x_wconf 82' lang='lat' dir='ltr'><strong>l,</strong></span> <span class='ocrx_word' id='word_1_462' title='bbox 1317 3991 1513 4038; x_wconf 74' lang='lat' dir='ltr'><strong>“Clllpe</strong></span> <span class='ocrx_word' id='word_1_463' title='bbox 1540 3991 1724 4038; x_wconf 73' lang='grc' dir='ltr'><strong>(ιιιιηιιι</strong></span> <span class='ocrx_word' id='word_1_464' title='bbox 1750 3991 1867 4026; x_wconf 76' lang='lat' dir='ltr'><strong>(&quot;es</strong></span> <span class='ocrx_word' id='word_1_465' title='bbox 1885 3991 2099 4043; x_wconf 68' lang='lat' dir='ltr'><strong>Aprllls.</strong></span> 
     </span>
     <span class='ocr_line' id='line_1_63' title="bbox 521 3991 2104 4108; baseline 0.002 -12"><span class='ocrx_word' id='word_1_466' title='bbox 521 3991 754 4097; x_wconf 60' lang='lat' dir='ltr'><strong>Proinde</strong></span> <span class='ocrx_word' id='word_1_467' title='bbox 783 4040 888 4095; x_wconf 87' lang='lat'><strong>555</strong></span> <span class='ocrx_word' id='word_1_468' title='bbox 915 4042 1029 4095; x_wconf 89' lang='lat' dir='ltr'><strong>dies</strong></span> <span class='ocrx_word' id='word_1_469' title='bbox 1059 4042 1108 4095; x_wconf 93' lang='lat' dir='ltr'><strong>ei</strong></span> <span class='ocrx_word' id='word_1_470' title='bbox 1131 4055 1273 4094; x_wconf 88' lang='lat' dir='ltr'><strong>anno</strong></span> <span class='ocrx_word' id='word_1_471' title='bbox 1301 4049 1632 4108; x_wconf 90' lang='lat' dir='ltr'><strong>competunt.</strong></span> <span class='ocrx_word' id='word_1_472' title='bbox 1668 4040 1877 4095; x_wconf 81' lang='lat' dir='ltr'><strong>Etenim</strong></span> <span class='ocrx_word' id='word_1_473' title='bbox 1910 4058 2104 4099; x_wconf 85' lang='lat' dir='ltr'><strong>aureus</strong></span> 
     </span>
    </p>
   </div>
   <div class='ocr_carea' id='block_1_62' title="bbox 524 4109 2105 4179">
    <p class='ocr_par' dir='ltr' id='par_1_62' title="bbox 524 4109 2105 4179">
     <span class='ocr_line' id='line_1_64' title="bbox 524 4109 2105 4179; baseline 0.001 -13"><span class='ocrx_word' id='word_1_474' title='bbox 524 4126 780 4167; x_wconf 87' lang='lat' dir='ltr'><strong>numerus</strong></span> <span class='ocrx_word' id='word_1_475' title='bbox 801 4126 923 4179; x_wconf 71' lang='lat' dir='ltr'><strong>nx,</strong></span> <span class='ocrx_word' id='word_1_476' title='bbox 944 4112 1007 4163; x_wconf 87' lang='lat' dir='ltr'><strong>ad</strong></span> <span class='ocrx_word' id='word_1_477' title='bbox 1031 4119 1250 4178; x_wconf 84' lang='lat' dir='ltr'><strong>epactas</strong></span> <span class='ocrx_word' id='word_1_478' title='bbox 1277 4109 1623 4179; x_wconf 85' lang='lat' dir='ltr'><strong>prioresxvm</strong></span> <span class='ocrx_word' id='word_1_479' title='bbox 1639 4150 1653 4174; x_wconf 90' lang='lat'><strong>,</strong></span> <span class='ocrx_word' id='word_1_480' title='bbox 1674 4124 1784 4164; x_wconf 87' lang='lat' dir='ltr'><strong>non</strong></span> <span class='ocrx_word' id='word_1_481' title='bbox 1805 4127 1855 4165; x_wconf 85' lang='lat' dir='ltr'><strong>xi</strong></span> <span class='ocrx_word' id='word_1_482' title='bbox 1877 4112 2013 4178; x_wconf 90' lang='lat' dir='ltr'><strong>dies,</strong></span> <span class='ocrx_word' id='word_1_483' title='bbox 2044 4122 2105 4167; x_wconf 85' lang='lat' dir='ltr'><strong>ut</strong></span> 
     </span>
    </p>
   </div>
   <div class='ocr_carea' id='block_1_63' title="bbox 522 4178 2105 4249">
    <p class='ocr_par' dir='ltr' id='par_1_63' title="bbox 522 4178 2105 4249">
     <span class='ocr_line' id='line_1_65' title="bbox 522 4178 2105 4249; baseline 0.001 -13"><span class='ocrx_word' id='word_1_484' title='bbox 522 4182 721 4239; x_wconf 64' lang='lat' dir='ltr'><strong>caeteri,</strong></span> <span class='ocrx_word' id='word_1_485' title='bbox 745 4180 839 4233; x_wconf 88' lang='lat' dir='ltr'><strong>sed</strong></span> <span class='ocrx_word' id='word_1_486' title='bbox 870 4178 939 4249; x_wconf 72' lang='lat'><strong>12</strong></span> <span class='ocrx_word' id='word_1_487' title='bbox 964 4179 1256 4248; x_wconf 80' lang='lat' dir='ltr'><strong>adjicil:ex</strong></span> <span class='ocrx_word' id='word_1_488' title='bbox 1281 4178 1476 4247; x_wconf 88' lang='lat' dir='ltr'><strong>quibus</strong></span> <span class='ocrx_word' id='word_1_489' title='bbox 1496 4190 1697 4248; x_wconf 70' lang='lat' dir='ltr'><strong>epacta:</strong></span> <span class='ocrx_word' id='word_1_490' title='bbox 1723 4182 2018 4249; x_wconf 71' lang='lat' dir='ltr'><strong>xxs,ve10,</strong></span> <span class='ocrx_word' id='word_1_491' title='bbox 2054 4186 2105 4239; x_wconf 88' lang='lat' dir='ltr'><strong>id</strong></span> 
     </span>
    </p>
   </div>
   <div class='ocr_carea' id='block_1_64' title="bbox 522 4248 2104 4319">
    <p class='ocr_par' dir='ltr' id='par_1_64' title="bbox 522 4248 2104 4319">
     <span class='ocr_line' id='line_1_66' title="bbox 522 4248 2104 4319; baseline 0.001 -13"><span class='ocrx_word' id='word_1_492' title='bbox 522 4250 783 4306; x_wconf 73' lang='lat' dir='ltr'><strong>estnulla:</strong></span> <span class='ocrx_word' id='word_1_493' title='bbox 806 4248 1179 4319; x_wconf 85' lang='lat' dir='ltr'><strong>coniiciuntur,</strong></span> <span class='ocrx_word' id='word_1_494' title='bbox 1212 4265 1330 4319; x_wconf 68' lang='lat' dir='ltr'><strong>quin</strong></span> <span class='ocrx_word' id='word_1_495' title='bbox 1352 4260 1653 4317; x_wconf 85' lang='lat' dir='ltr'><strong>congruunt</strong></span> <span class='ocrx_word' id='word_1_496' title='bbox 1683 4266 1847 4305; x_wconf 90' lang='lat' dir='ltr'><strong>aureo</strong></span> <span class='ocrx_word' id='word_1_497' title='bbox 1879 4248 2104 4309; x_wconf 89' lang='lat' dir='ltr'><strong>numero</strong></span> 
     </span>
    </p>
   </div>
   <div class='ocr_carea' id='block_1_65' title="bbox 522 4318 2106 4388">
    <p class='ocr_par' dir='ltr' id='par_1_65' title="bbox 522 4318 2106 4388">
     <span class='ocr_line' id='line_1_67' title="bbox 522 4318 2106 4388; baseline 0.002 -11"><span class='ocrx_word' id='word_1_498' title='bbox 522 4336 570 4385; x_wconf 86' lang='grc' dir='ltr'><strong>ι,</strong></span> <span class='ocrx_word' id='word_1_499' title='bbox 598 4320 673 4374; x_wconf 89' lang='lat' dir='ltr'><strong>uti</strong></span> <span class='ocrx_word' id='word_1_500' title='bbox 705 4320 795 4373; x_wconf 90' lang='lat' dir='ltr'><strong>lib.</strong></span> <span class='ocrx_word' id='word_1_501' title='bbox 830 4335 881 4373; x_wconf 86' lang='lat' dir='ltr'><strong>iv</strong></span> <span class='ocrx_word' id='word_1_502' title='bbox 909 4320 974 4373; x_wconf 89' lang='lat' dir='ltr'><strong>de</strong></span> <span class='ocrx_word' id='word_1_503' title='bbox 997 4318 1173 4373; x_wconf 91' lang='lat' dir='ltr'><strong>Doctr.</strong></span> <span class='ocrx_word' id='word_1_504' title='bbox 1202 4318 1367 4388; x_wconf 90' lang='lat' dir='ltr'><strong>temp.</strong></span> <span class='ocrx_word' id='word_1_505' title='bbox 1387 4320 1811 4374; x_wconf 85' lang='lat' dir='ltr'><strong>demonstratum</strong></span> <span class='ocrx_word' id='word_1_506' title='bbox 1842 4330 1942 4376; x_wconf 83' lang='lat' dir='ltr'><strong>est.</strong></span> <span class='ocrx_word' id='word_1_507' title='bbox 1968 4322 2106 4380; x_wconf 82' lang='lat' dir='ltr'><strong>Hine</strong></span> 
     </span>
    </p>
   </div>
   <div class='ocr_carea' id='block_1_66' title="bbox 522 4389 2105 4461">
    <p class='ocr_par' dir='ltr' id='par_1_66' title="bbox 522 4389 2105 4461">
     <span class='ocr_line' id='line_1_68' title="bbox 522 4389 2105 4461; baseline 0.003 -16"><span class='ocrx_word' id='word_1_508' title='bbox 522 4390 725 4445; x_wconf 87' lang='lat' dir='ltr'><strong>lunaris</strong></span> <span class='ocrx_word' id='word_1_509' title='bbox 748 4389 922 4461; x_wconf 82' lang='lat' dir='ltr'><strong>saltus</strong></span> <span class='ocrx_word' id='word_1_510' title='bbox 965 4390 1173 4461; x_wconf 83' lang='lat' dir='ltr'><strong>oritur,</strong></span> <span class='ocrx_word' id='word_1_511' title='bbox 1203 4404 1325 4443; x_wconf 91' lang='lat' dir='ltr'><strong>cum</strong></span> <span class='ocrx_word' id='word_1_512' title='bbox 1359 4389 1473 4461; x_wconf 74' lang='lat' dir='ltr'><strong>dies</strong></span> <span class='ocrx_word' id='word_1_513' title='bbox 1502 4406 1639 4461; x_wconf 90' lang='lat' dir='ltr'><strong>unus</strong></span> <span class='ocrx_word' id='word_1_514' title='bbox 1665 4392 2015 4461; x_wconf 89' lang='lat' dir='ltr'><strong>supprimitur</strong></span> <span class='ocrx_word' id='word_1_515' title='bbox 2042 4410 2105 4450; x_wconf 90' lang='lat' dir='ltr'><strong>ac</strong></span> 
     </span>
    </p>
   </div>
   <div class='ocr_carea' id='block_1_67' title="bbox 521 4457 2105 4531">
    <p class='ocr_par' dir='ltr' id='par_1_67' title="bbox 521 4457 2105 4531">
     <span class='ocr_line' id='line_1_69' title="bbox 521 4457 2105 4531; baseline 0.001 -15"><span class='ocrx_word' id='word_1_516' title='bbox 521 4459 907 4516; x_wconf 85' lang='lat' dir='ltr'><strong>dissimulatur.</strong></span> <span class='ocrx_word' id='word_1_517' title='bbox 958 4459 1028 4512; x_wconf 84' lang='lat' dir='ltr'><strong>At</strong></span> <span class='ocrx_word' id='word_1_518' title='bbox 1075 4459 1375 4531; x_wconf 88' lang='lat' dir='ltr'><strong>Dionysius_</strong></span> <span class='ocrx_word' id='word_1_519' title='bbox 1408 4457 1693 4531; x_wconf 88' lang='lat' dir='ltr'><strong>ﬁcttlneum</strong></span> <span class='ocrx_word' id='word_1_520' title='bbox 1723 4457 1847 4516; x_wconf 81' lang='lat' dir='ltr'><strong>huic</strong></span> <span class='ocrx_word' id='word_1_521' title='bbox 1894 4464 2105 4518; x_wconf 85' lang='lat' dir='ltr'><strong>incom-</strong></span> 
     </span>
    </p>
   </div>
   <div class='ocr_carea' id='block_1_68' title="bbox 524 4528 2106 4599">
    <p class='ocr_par' dir='ltr' id='par_1_68' title="bbox 524 4528 2106 4599">
     <span class='ocr_line' id='line_1_70' title="bbox 524 4528 2106 4599; baseline 0.002 -12"><span class='ocrx_word' id='word_1_522' title='bbox 524 4532 686 4588; x_wconf 91' lang='lat' dir='ltr'><strong>modo</strong></span> <span class='ocrx_word' id='word_1_523' title='bbox 738 4530 1030 4585; x_wconf 87' lang='lat' dir='ltr'><strong>remedium</strong></span> <span class='ocrx_word' id='word_1_524' title='bbox 1071 4528 1297 4599; x_wconf 84' lang='lat' dir='ltr'><strong>paravit.</strong></span> <span class='ocrx_word' id='word_1_525' title='bbox 1348 4528 1511 4584; x_wconf 80' lang='lat' dir='ltr'><strong>Jussit</strong></span> <span class='ocrx_word' id='word_1_526' title='bbox 1541 4533 1684 4585; x_wconf 86' lang='lat' dir='ltr'><strong>enim</strong></span> <span class='ocrx_word' id='word_1_527' title='bbox 1715 4532 1966 4587; x_wconf 88' lang='lat' dir='ltr'><strong>eumdem</strong></span> <span class='ocrx_word' id='word_1_528' title='bbox 2022 4535 2106 4591; x_wconf 90' lang='lat' dir='ltr'><strong>bis</strong></span> 
     </span>
    </p>
   </div>
   <div class='ocr_carea' id='block_1_69' title="bbox 522 4599 2103 4673">
    <p class='ocr_par' dir='ltr' id='par_1_69' title="bbox 522 4599 2103 4673">
     <span class='ocr_line' id='line_1_71' title="bbox 522 4599 2103 4673; baseline 0.001 -16"><span class='ocrx_word' id='word_1_529' title='bbox 522 4602 793 4657; x_wconf 90' lang='lat' dir='ltr'><strong>numerari</strong></span> <span class='ocrx_word' id='word_1_530' title='bbox 820 4600 979 4656; x_wconf 79' lang='lat' dir='ltr'><strong>diem.</strong></span> <span class='ocrx_word' id='word_1_531' title='bbox 1012 4599 1144 4653; x_wconf 87' lang='lat' dir='ltr'><strong>Nam</strong></span> <span class='ocrx_word' id='word_1_532' title='bbox 1168 4601 1386 4656; x_wconf 89' lang='lat' dir='ltr'><strong>ultimus</strong></span> <span class='ocrx_word' id='word_1_533' title='bbox 1414 4600 1529 4673; x_wconf 82' lang='lat' dir='ltr'><strong>dies</strong></span> <span class='ocrx_word' id='word_1_534' title='bbox 1556 4602 1671 4670; x_wconf 88' lang='lat' dir='ltr'><strong>ejus</strong></span> <span class='ocrx_word' id='word_1_535' title='bbox 1701 4603 1855 4673; x_wconf 85' lang='lat' dir='ltr'><strong>anni,</strong></span> <span class='ocrx_word' id='word_1_536' title='bbox 1886 4605 1975 4673; x_wconf 88' lang='lat' dir='ltr'><strong>qui</strong></span> <span class='ocrx_word' id='word_1_537' title='bbox 2000 4620 2103 4658; x_wconf 87' lang='lat' dir='ltr'><strong>nu-</strong></span> 
     </span>
    </p>
   </div>
   <div class='ocr_carea' id='block_1_70' title="bbox 524 4671 2099 4743">
    <p class='ocr_par' dir='ltr' id='par_1_70' title="bbox 524 4671 2099 4743">
     <span class='ocr_line' id='line_1_72' title="bbox 524 4671 2099 4743; baseline 0 -16"><span class='ocrx_word' id='word_1_538' title='bbox 524 4689 672 4729; x_wconf 89' lang='lat' dir='ltr'><strong>mero</strong></span> <span class='ocrx_word' id='word_1_539' title='bbox 714 4688 879 4726; x_wconf 88' lang='lat' dir='ltr'><strong>aureo</strong></span> <span class='ocrx_word' id='word_1_540' title='bbox 909 4687 1035 4743; x_wconf 78' lang='lat' dir='ltr'><strong>xviii</strong></span> <span class='ocrx_word' id='word_1_541' title='bbox 1063 4672 1312 4740; x_wconf 74' lang='lat' dir='ltr'><strong>prmditus</strong></span> <span class='ocrx_word' id='word_1_542' title='bbox 1340 4680 1449 4736; x_wconf 85' lang='lat' dir='ltr'><strong>est,</strong></span> <span class='ocrx_word' id='word_1_543' title='bbox 1483 4671 1639 4743; x_wconf 81' lang='lat' dir='ltr'><strong>idest</strong></span> <span class='ocrx_word' id='word_1_544' title='bbox 1687 4672 1772 4726; x_wconf 88' lang='lat' dir='ltr'><strong>die</strong></span> <span class='ocrx_word' id='word_1_545' title='bbox 1804 4673 1865 4725; x_wconf 86' lang='grc'><strong>17</strong></span> <span class='ocrx_word' id='word_1_546' title='bbox 1905 4671 2099 4743; x_wconf 66' lang='lat' dir='ltr'><strong>April.,</strong></span> 
     </span>
    </p>
   </div>
   <div class='ocr_carea' id='block_1_71' title="bbox 523 4742 2104 4811">
    <p class='ocr_par' dir='ltr' id='par_1_71' title="bbox 523 4742 2104 4811">
     <span class='ocr_line' id='line_1_73' title="bbox 523 4742 2104 4811; baseline 0 -12"><span class='ocrx_word' id='word_1_547' title='bbox 523 4747 635 4799; x_wconf 84' lang='lat' dir='ltr'><strong>sive</strong></span> <span class='ocrx_word' id='word_1_548' title='bbox 668 4743 733 4794; x_wconf 75' lang='grc'><strong>14</strong></span> <span class='ocrx_word' id='word_1_549' title='bbox 782 4742 1088 4811; x_wconf 75' lang='lat' dir='ltr'><strong>paschalis,</strong></span> <span class='ocrx_word' id='word_1_550' title='bbox 1119 4743 1265 4795; x_wconf 83' lang='lat' dir='ltr'><strong>aurei</strong></span> <span class='ocrx_word' id='word_1_551' title='bbox 1315 4742 1522 4795; x_wconf 84' lang='lat' dir='ltr'><strong>numeri</strong></span> <span class='ocrx_word' id='word_1_552' title='bbox 1570 4758 1677 4803; x_wconf 80' lang='lat' dir='ltr'><strong>xix,</strong></span> <span class='ocrx_word' id='word_1_553' title='bbox 1741 4742 2104 4811; x_wconf 26' lang='lat' dir='ltr'><strong>priinus’dies</strong></span> 
     </span>
    </p>
   </div>
   <div class='ocr_carea' id='block_1_72' title="bbox 521 4812 2103 4881">
    <p class='ocr_par' dir='ltr' id='par_1_72' title="bbox 521 4812 2103 4881">
     <span class='ocr_line' id='line_1_74' title="bbox 521 4812 2103 4881; baseline 0.001 -14"><span class='ocrx_word' id='word_1_554' title='bbox 521 4820 865 4881; x_wconf 90' lang='lat' dir='ltr'><strong>computatur</strong></span> <span class='ocrx_word' id='word_1_555' title='bbox 911 4814 1034 4865; x_wconf 88' lang='lat' dir='ltr'><strong>anui</strong></span> <span class='ocrx_word' id='word_1_556' title='bbox 1084 4814 1359 4879; x_wconf 84' lang='lat' dir='ltr'><strong>sequentis</strong></span> <span class='ocrx_word' id='word_1_557' title='bbox 1384 4852 1399 4877; x_wconf 90' lang='lat'><strong>,</strong></span> <span class='ocrx_word' id='word_1_558' title='bbox 1442 4812 1532 4879; x_wconf 86' lang='lat' dir='ltr'><strong>qui</strong></span> <span class='ocrx_word' id='word_1_559' title='bbox 1569 4827 1733 4866; x_wconf 85' lang='lat' dir='ltr'><strong>aureo</strong></span> <span class='ocrx_word' id='word_1_560' title='bbox 1763 4829 1986 4868; x_wconf 76' lang='lat' dir='ltr'><strong>nurnero</strong></span> <span class='ocrx_word' id='word_1_561' title='bbox 2015 4831 2103 4868; x_wconf 70' lang='lat' dir='ltr'><strong>XIX</strong></span> 
     </span>
    </p>
   </div>
   <div class='ocr_carea' id='block_1_73' title="bbox 524 4881 2102 4951">
    <p class='ocr_par' dir='ltr' id='par_1_73' title="bbox 524 4881 2102 4951">
     <span class='ocr_line' id='line_1_75' title="bbox 524 4881 2102 4951; baseline 0.002 -17"><span class='ocrx_word' id='word_1_562' title='bbox 524 4884 755 4951; x_wconf 80' lang='lat' dir='ltr'><strong>labente</strong></span> <span class='ocrx_word' id='word_1_563' title='bbox 784 4882 1007 4951; x_wconf 48' lang='lat' dir='ltr'><strong>incipit,</strong></span> <span class='ocrx_word' id='word_1_564' title='bbox 1037 4882 1220 4951; x_wconf 74' lang='lat' dir='ltr'><strong>itaque</strong></span> <span class='ocrx_word' id='word_1_565' title='bbox 1268 4881 1382 4936; x_wconf 85' lang='lat' dir='ltr'><strong>dies</strong></span> <span class='ocrx_word' id='word_1_566' title='bbox 1412 4890 1633 4950; x_wconf 89' lang='lat' dir='ltr'><strong>uterque</strong></span> <span class='ocrx_word' id='word_1_567' title='bbox 1681 4884 1870 4951; x_wconf 89' lang='lat' dir='ltr'><strong>plenos</strong></span> <span class='ocrx_word' id='word_1_568' title='bbox 1918 4886 2102 4951; x_wconf 89' lang='lat' dir='ltr'><strong>habet,</strong></span> 
     </span>
    </p>
   </div>
   <div class='ocr_carea' id='block_1_74' title="bbox 525 4949 2104 5024">
    <p class='ocr_par' dir='ltr' id='par_1_74' title="bbox 525 4949 2104 5024">
     <span class='ocr_line' id='line_1_76' title="bbox 525 4949 2104 5024; baseline 0.003 -19"><span class='ocrx_word' id='word_1_569' title='bbox 525 4954 614 5005; x_wconf 85' lang='lat' dir='ltr'><strong>ille</strong></span> <span class='ocrx_word' id='word_1_570' title='bbox 662 4950 800 5024; x_wconf 54' lang='grc'><strong>581,</strong></span> <span class='ocrx_word' id='word_1_571' title='bbox 834 4949 949 5024; x_wconf 76' lang='lat' dir='ltr'><strong>iste</strong></span> <span class='ocrx_word' id='word_1_572' title='bbox 997 4949 1135 5024; x_wconf 64' lang='lat'><strong>554,</strong></span> <span class='ocrx_word' id='word_1_573' title='bbox 1179 4961 1234 5024; x_wconf 89' lang='lat' dir='ltr'><strong>ut</strong></span> <span class='ocrx_word' id='word_1_574' title='bbox 1261 4967 1330 5006; x_wconf 85' lang='lat' dir='ltr'><strong>ex</strong></span> <span class='ocrx_word' id='word_1_575' title='bbox 1359 4949 1744 5024; x_wconf 81' lang='lat' dir='ltr'><strong>diagrammate</strong></span> <span class='ocrx_word' id='word_1_576' title='bbox 1778 4949 2104 5024; x_wconf 79' lang='lat' dir='ltr'><strong>Dionysiano</strong></span> 
     </span>
    </p>
   </div>
   <div class='ocr_carea' id='block_1_75' title="bbox 524 5019 2103 5089">
    <p class='ocr_par' dir='ltr' id='par_1_75' title="bbox 524 5019 2103 5089">
     <span class='ocr_line' id='line_1_77' title="bbox 524 5019 2103 5089; baseline 0.003 -14"><span class='ocrx_word' id='word_1_577' title='bbox 524 5024 711 5089; x_wconf 83' lang='lat' dir='ltr'><strong>liquet.</strong></span> <span class='ocrx_word' id='word_1_578' title='bbox 744 5019 848 5074; x_wconf 89' lang='lat' dir='ltr'><strong>Sed</strong></span> <span class='ocrx_word' id='word_1_579' title='bbox 896 5022 1037 5074; x_wconf 91' lang='lat' dir='ltr'><strong>idem</strong></span> <span class='ocrx_word' id='word_1_580' title='bbox 1068 5022 1285 5075; x_wconf 90' lang='lat' dir='ltr'><strong>minime</strong></span> <span class='ocrx_word' id='word_1_581' title='bbox 1310 5023 1407 5075; x_wconf 90' lang='lat' dir='ltr'><strong>sibi</strong></span> <span class='ocrx_word' id='word_1_582' title='bbox 1439 5031 1667 5085; x_wconf 89' lang='lat' dir='ltr'><strong>constat,</strong></span> <span class='ocrx_word' id='word_1_583' title='bbox 1699 5022 1822 5077; x_wconf 89' lang='lat' dir='ltr'><strong>dum</strong></span> <span class='ocrx_word' id='word_1_584' title='bbox 1854 5019 2103 5079; x_wconf 67' lang='lat' dir='ltr'><strong>eumdem</strong></span> 
     </span>
    </p>
   </div>
   <div class='ocr_carea' id='block_1_76' title="bbox 524 5091 2103 5161">
    <p class='ocr_par' dir='ltr' id='par_1_76' title="bbox 524 5091 2103 5161">
     <span class='ocr_line' id='line_1_78' title="bbox 524 5091 2103 5161; baseline 0.002 -16"><span class='ocrx_word' id='word_1_585' title='bbox 524 5095 683 5146; x_wconf 88' lang='lat' dir='ltr'><strong>modo</strong></span> <span class='ocrx_word' id='word_1_586' title='bbox 716 5091 979 5157; x_wconf 88' lang='lat' dir='ltr'><strong>ultimttm,</strong></span> <span class='ocrx_word' id='word_1_587' title='bbox 1010 5092 1171 5144; x_wconf 88' lang='lat' dir='ltr'><strong>modo</strong></span> <span class='ocrx_word' id='word_1_588' title='bbox 1198 5094 1430 5161; x_wconf 87' lang='lat' dir='ltr'><strong>primum</strong></span> <span class='ocrx_word' id='word_1_589' title='bbox 1481 5093 1711 5161; x_wconf 82' lang='lat' dir='ltr'><strong>appellat</strong></span> <span class='ocrx_word' id='word_1_590' title='bbox 1747 5110 1967 5148; x_wconf 89' lang='lat' dir='ltr'><strong>annum.</strong></span> <span class='ocrx_word' id='word_1_591' title='bbox 2000 5095 2103 5148; x_wconf 90' lang='lat' dir='ltr'><strong>De-</strong></span> 
     </span>
    </p>
   </div>
   <div class='ocr_carea' id='block_1_77' title="bbox 523 5162 2105 5233">
    <p class='ocr_par' dir='ltr' id='par_1_77' title="bbox 523 5162 2105 5233">
     <span class='ocr_line' id='line_1_79' title="bbox 523 5162 2105 5233; baseline 0.002 -18"><span class='ocrx_word' id='word_1_592' title='bbox 523 5170 876 5215; x_wconf 88' lang='lat' dir='ltr'><strong>monstratum</strong></span> <span class='ocrx_word' id='word_1_593' title='bbox 895 5170 975 5215; x_wconf 87' lang='lat' dir='ltr'><strong>est</strong></span> <span class='ocrx_word' id='word_1_594' title='bbox 997 5162 1087 5233; x_wconf 85' lang='lat' dir='ltr'><strong>lib.</strong></span> <span class='ocrx_word' id='word_1_595' title='bbox 1106 5162 1244 5217; x_wconf 79' lang='lat' dir='ltr'><strong>Vide</strong></span> <span class='ocrx_word' id='word_1_596' title='bbox 1263 5163 1442 5217; x_wconf 90' lang='lat' dir='ltr'><strong>Doctr.</strong></span> <span class='ocrx_word' id='word_1_597' title='bbox 1465 5172 1625 5233; x_wconf 87' lang='lat' dir='ltr'><strong>temp.</strong></span> <span class='ocrx_word' id='word_1_598' title='bbox 1649 5179 1771 5233; x_wconf 91' lang='lat' dir='ltr'><strong>cap.</strong></span> <span class='ocrx_word' id='word_1_599' title='bbox 1798 5164 1883 5229; x_wconf 86' lang='grc'><strong>10,</strong></span> <span class='ocrx_word' id='word_1_600' title='bbox 1907 5180 2105 5219; x_wconf 89' lang='lat' dir='ltr'><strong>annum</strong></span> 
     </span>
    </p>
   </div>
   <div class='ocr_carea' id='block_1_78' title="bbox 546 5232 2105 5305">
    <p class='ocr_par' dir='ltr' id='par_1_78' title="bbox 546 5232 2105 5305">
     <span class='ocr_line' id='line_1_80' title="bbox 546 5232 2105 5305; baseline 0.004 -22"><span class='ocrx_word' id='word_1_601' title='bbox 546 5233 934 5305; x_wconf 69' lang='lat' dir='ltr'><strong>irimunicycli</strong></span> <span class='ocrx_word' id='word_1_602' title='bbox 977 5232 1484 5287; x_wconf 88' lang='lat' dir='ltr'><strong>decemnovennalis</strong></span> <span class='ocrx_word' id='word_1_603' title='bbox 1527 5232 1657 5305; x_wconf 86' lang='lat' dir='ltr'><strong>eum</strong></span> <span class='ocrx_word' id='word_1_604' title='bbox 1678 5232 1797 5287; x_wconf 74' lang='lat' dir='ltr'><strong>eSse</strong></span> <span class='ocrx_word' id='word_1_605' title='bbox 1824 5238 1914 5305; x_wconf 91' lang='lat' dir='ltr'><strong>qui</strong></span> <span class='ocrx_word' id='word_1_606' title='bbox 1954 5251 1984 5289; x_wconf 91' lang='lat' dir='ltr'><strong>a</strong></span> <span class='ocrx_word' id='word_1_607' title='bbox 2017 5250 2105 5290; x_wconf 78' lang='lat' dir='ltr'><strong>XIV</strong></span> 
     </span>
    </p>
   </div>
   <div class='ocr_carea' id='block_1_79' title="bbox 523 5252 2097 5371">
    <p class='ocr_par' dir='ltr' id='par_1_79' title="bbox 523 5252 2097 5371">
     <span class='ocr_line' id='line_1_81' title="bbox 546 5252 2097 5305; baseline 0.005 -22"><span class='ocrx_word' id='word_1_608' title='bbox 546 5252 752 5285; x_wconf 81' lang='lat' dir='ltr'><strong>tl&#39;lllllllll</strong></span> <span class='ocrx_word' id='word_1_609' title='bbox 797 5252 934 5302; x_wconf 54' lang='lat' dir='ltr'><strong>CYCll</strong></span> <span class='ocrx_word' id='word_1_610' title='bbox 977 5252 1484 5287; x_wconf 85' lang='lat' dir='ltr'><strong>uecemnoveniiatts</strong></span> <span class='ocrx_word' id='word_1_611' title='bbox 1527 5252 1647 5287; x_wconf 86' lang='lat' dir='ltr'><strong>eum</strong></span> <span class='ocrx_word' id='word_1_612' title='bbox 1678 5252 1797 5287; x_wconf 86' lang='lat' dir='ltr'><strong>esse</strong></span> <span class='ocrx_word' id='word_1_613' title='bbox 1824 5252 1914 5305; x_wconf 87' lang='lat' dir='ltr'><strong>qui</strong></span> <span class='ocrx_word' id='word_1_614' title='bbox 1954 5252 1984 5289; x_wconf 74' lang='lat'><strong>8</strong></span> <span class='ocrx_word' id='word_1_615' title='bbox 2017 5252 2097 5290; x_wconf 72' lang='grc' dir='ltr'>ΧΠ</span> 
     </span>
     <span class='ocr_line' id='line_1_82' title="bbox 523 5252 2097 5371; baseline 0 -13"><span class='ocrx_word' id='word_1_616' title='bbox 523 5252 645 5359; x_wconf 73' lang='lat' dir='ltr'><strong>luna</strong></span> <span class='ocrx_word' id='word_1_617' title='bbox 680 5303 903 5369; x_wconf 90' lang='lat' dir='ltr'><strong>incipit,</strong></span> <span class='ocrx_word' id='word_1_618' title='bbox 936 5304 1083 5356; x_wconf 87' lang='lat' dir='ltr'><strong>aurei</strong></span> <span class='ocrx_word' id='word_1_619' title='bbox 1118 5305 1325 5358; x_wconf 88' lang='lat' dir='ltr'><strong>numeri</strong></span> <span class='ocrx_word' id='word_1_620' title='bbox 1372 5319 1463 5358; x_wconf 67' lang='grc' dir='ltr'><strong>χιχ</strong></span> <span class='ocrx_word' id='word_1_621' title='bbox 1488 5344 1505 5371; x_wconf 86' lang='grc'><strong>,</strong></span> <span class='ocrx_word' id='word_1_622' title='bbox 1536 5304 1785 5357; x_wconf 85' lang='lat' dir='ltr'><strong>nimirum</strong></span> <span class='ocrx_word' id='word_1_623' title='bbox 1831 5321 1859 5356; x_wconf 91' lang='lat' dir='ltr'><strong>a</strong></span> <span class='ocrx_word' id='word_1_624' title='bbox 1889 5321 1956 5357; x_wconf 86' lang='lat' dir='ltr'><strong>xv</strong></span> <span class='ocrx_word' id='word_1_625' title='bbox 1994 5306 2097 5359; x_wconf 89' lang='lat' dir='ltr'><strong>cal.</strong></span> 
     </span>
    </p>
   </div>
   <div class='ocr_carea' id='block_1_80' title="bbox 524 5372 2097 5444">
    <p class='ocr_par' dir='ltr' id='par_1_80' title="bbox 524 5372 2097 5444">
     <span class='ocr_line' id='line_1_83' title="bbox 524 5372 2097 5444; baseline -0.001 -16"><span class='ocrx_word' id='word_1_626' title='bbox 524 5376 710 5430; x_wconf 82' lang='lat' dir='ltr'><strong>Maias.</strong></span> <span class='ocrx_word' id='word_1_627' title='bbox 739 5383 796 5427; x_wconf 89' lang='lat' dir='ltr'><strong>et</strong></span> <span class='ocrx_word' id='word_1_628' title='bbox 823 5374 878 5426; x_wconf 88' lang='lat' dir='ltr'><strong>in</strong></span> <span class='ocrx_word' id='word_1_629' title='bbox 906 5388 1031 5426; x_wconf 87' lang='lat' dir='ltr'><strong>non.</strong></span> <span class='ocrx_word' id='word_1_630' title='bbox 1066 5372 1233 5444; x_wconf 82' lang='lat' dir='ltr'><strong>April.</strong></span> <span class='ocrx_word' id='word_1_631' title='bbox 1268 5374 1496 5437; x_wconf 89' lang='lat' dir='ltr'><strong>desinit,</strong></span> <span class='ocrx_word' id='word_1_632' title='bbox 1522 5374 1789 5442; x_wconf 81' lang='lat' dir='ltr'><strong>habetque</strong></span> <span class='ocrx_word' id='word_1_633' title='bbox 1817 5374 1933 5427; x_wconf 90' lang='lat' dir='ltr'><strong>dies</strong></span> <span class='ocrx_word' id='word_1_634' title='bbox 1961 5374 2097 5442; x_wconf 70' lang='grc'><strong>554,</strong></span> 
     </span>
    </p>
   </div>
   <div class='ocr_carea' id='block_1_81' title="bbox 523 5444 2100 5512">
    <p class='ocr_par' dir='ltr' id='par_1_81' title="bbox 523 5444 2100 5512">
     <span class='ocr_line' id='line_1_84' title="bbox 523 5444 2100 5512; baseline 0.001 -13"><span class='ocrx_word' id='word_1_635' title='bbox 523 5455 581 5499; x_wconf 84' lang='grc' dir='ltr'><strong>ιιι</strong></span> <span class='ocrx_word' id='word_1_636' title='bbox 604 5448 655 5499; x_wconf 91' lang='lat' dir='ltr'><strong>in</strong></span> <span class='ocrx_word' id='word_1_637' title='bbox 672 5446 1057 5512; x_wconf 84' lang='lat' dir='ltr'><strong>diagrammate</strong></span> <span class='ocrx_word' id='word_1_638' title='bbox 1073 5446 1287 5499; x_wconf 76' lang='lat' dir='ltr'><strong>disertis</strong></span> <span class='ocrx_word' id='word_1_639' title='bbox 1309 5446 1483 5498; x_wconf 86' lang='lat' dir='ltr'><strong>verbis</strong></span> <span class='ocrx_word' id='word_1_640' title='bbox 1499 5452 1791 5497; x_wconf 72' lang='lat' dir='ltr'><strong>asseverat.</strong></span> <span class='ocrx_word' id='word_1_641' title='bbox 1820 5444 2100 5500; x_wconf 88' lang='lat' dir='ltr'><strong>Secundus</strong></span> 
     </span>
    </p>
   </div>
   <div class='ocr_carea' id='block_1_82' title="bbox 522 5513 2103 5585">
    <p class='ocr_par' dir='ltr' id='par_1_82' title="bbox 522 5513 2103 5585">
     <span class='ocr_line' id='line_1_85' title="bbox 522 5513 2103 5585; baseline 0 -16"><span class='ocrx_word' id='word_1_642' title='bbox 522 5526 702 5570; x_wconf 80' lang='lat' dir='ltr'><strong>autent</strong></span> <span class='ocrx_word' id='word_1_643' title='bbox 726 5515 910 5585; x_wconf 89' lang='lat' dir='ltr'><strong>incipit</strong></span> <span class='ocrx_word' id='word_1_644' title='bbox 930 5530 958 5567; x_wconf 89' lang='lat' dir='ltr'><strong>a</strong></span> <span class='ocrx_word' id='word_1_645' title='bbox 986 5514 1110 5568; x_wconf 90' lang='lat' dir='ltr'><strong>luna</strong></span> <span class='ocrx_word' id='word_1_646' title='bbox 1133 5516 1281 5570; x_wconf 89' lang='lat' dir='ltr'><strong>aurei</strong></span> <span class='ocrx_word' id='word_1_647' title='bbox 1309 5515 1516 5585; x_wconf 84' lang='lat' dir='ltr'><strong>numeri</strong></span> <span class='ocrx_word' id='word_1_648' title='bbox 1546 5530 1589 5585; x_wconf 83' lang='grc' dir='ltr'><strong>ι,</strong></span> <span class='ocrx_word' id='word_1_649' title='bbox 1604 5513 1847 5569; x_wconf 86' lang='lat' dir='ltr'><strong>videlicet</strong></span> <span class='ocrx_word' id='word_1_650' title='bbox 1895 5531 1924 5567; x_wconf 89' lang='lat' dir='ltr'><strong>a</strong></span> <span class='ocrx_word' id='word_1_651' title='bbox 1955 5516 2041 5570; x_wconf 91' lang='lat' dir='ltr'><strong>die</strong></span> <span class='ocrx_word' id='word_1_652' title='bbox 2069 5515 2103 5569; x_wconf 88' lang='lat'><strong>6</strong></span> 
     </span>
    </p>
   </div>
   <div class='ocr_carea' id='block_1_83' title="bbox 523 5584 2102 5655">
    <p class='ocr_par' dir='ltr' id='par_1_83' title="bbox 523 5584 2102 5655">
     <span class='ocr_line' id='line_1_86' title="bbox 523 5584 2102 5655; baseline 0.001 -16"><span class='ocrx_word' id='word_1_653' title='bbox 523 5588 715 5655; x_wconf 84' lang='lat' dir='ltr'><strong>April.,</strong></span> <span class='ocrx_word' id='word_1_654' title='bbox 747 5601 809 5639; x_wconf 91' lang='lat' dir='ltr'><strong>ac</strong></span> <span class='ocrx_word' id='word_1_655' title='bbox 837 5584 1032 5640; x_wconf 83' lang='lat' dir='ltr'><strong>desinit</strong></span> <span class='ocrx_word' id='word_1_656' title='bbox 1078 5587 1129 5639; x_wconf 92' lang='lat' dir='ltr'><strong>in</strong></span> <span class='ocrx_word' id='word_1_657' title='bbox 1176 5601 1271 5640; x_wconf 81' lang='lat' dir='ltr'><strong>vui</strong></span> <span class='ocrx_word' id='word_1_658' title='bbox 1310 5584 1413 5638; x_wconf 88' lang='lat' dir='ltr'><strong>cai.</strong></span> <span class='ocrx_word' id='word_1_659' title='bbox 1438 5654 1441 5655; x_wconf 15' lang='grc' dir='ltr'><em>ν</em></span> <span class='ocrx_word' id='word_1_660' title='bbox 1466 5584 1678 5652; x_wconf 78' lang='lat' dir='ltr'><strong>Aprilis,</strong></span> <span class='ocrx_word' id='word_1_661' title='bbox 1714 5600 1832 5652; x_wconf 81' lang='lat' dir='ltr'><strong>qua:</strong></span> <span class='ocrx_word' id='word_1_662' title='bbox 1858 5594 1941 5638; x_wconf 87' lang='lat' dir='ltr'><strong>est</strong></span> <span class='ocrx_word' id='word_1_663' title='bbox 1979 5587 2102 5640; x_wconf 86' lang='lat' dir='ltr'><strong>luna</strong></span> 
     </span>
    </p>
   </div>
   <div class='ocr_carea' id='block_1_84' title="bbox 523 5654 2103 5733">
    <p class='ocr_par' dir='ltr' id='par_1_84' title="bbox 523 5654 2103 5733">
     <span class='ocr_line' id='line_1_87' title="bbox 523 5654 2103 5733; baseline -0.001 -24"><span class='ocrx_word' id='word_1_664' title='bbox 523 5654 628 5722; x_wconf 84' lang='lat' dir='ltr'><strong>xiv,</strong></span> <span class='ocrx_word' id='word_1_665' title='bbox 660 5658 807 5711; x_wconf 90' lang='lat' dir='ltr'><strong>aurei</strong></span> <span class='ocrx_word' id='word_1_666' title='bbox 835 5658 1041 5711; x_wconf 88' lang='lat' dir='ltr'><strong>numeri</strong></span> <span class='ocrx_word' id='word_1_667' title='bbox 1068 5672 1122 5733; x_wconf 76' lang='grc' dir='ltr'><strong>ιι.</strong></span> <span class='ocrx_word' id='word_1_668' title='bbox 1154 5655 1338 5733; x_wconf 77' lang='lat' dir='ltr'><strong>itaque</strong></span> <span class='ocrx_word' id='word_1_669' title='bbox 1359 5654 1568 5733; x_wconf 72' lang='lat' dir='ltr'><strong>primus</strong></span> <span class='ocrx_word' id='word_1_670' title='bbox 1595 5669 1766 5706; x_wconf 85' lang='lat' dir='ltr'><strong>annus</strong></span> <span class='ocrx_word' id='word_1_671' title='bbox 1792 5655 1952 5723; x_wconf 85' lang='lat' dir='ltr'><strong>cycli,</strong></span> <span class='ocrx_word' id='word_1_672' title='bbox 1984 5673 2103 5713; x_wconf 87' lang='lat' dir='ltr'><strong>cum</strong></span> 
     </span>
    </p>
   </div>
   <div class='ocr_carea' id='block_1_85' title="bbox 522 5728 2102 5793">
    <p class='ocr_par' dir='ltr' id='par_1_85' title="bbox 522 5728 2102 5793">
     <span class='ocr_line' id='line_1_88' title="bbox 522 5728 2102 5793; baseline 0.004 -17"><span class='ocrx_word' id='word_1_673' title='bbox 522 5741 745 5780; x_wconf 85' lang='lat' dir='ltr'><strong>aureum</strong></span> <span class='ocrx_word' id='word_1_674' title='bbox 778 5743 1057 5781; x_wconf 84' lang='lat' dir='ltr'><strong>numerum</strong></span> <span class='ocrx_word' id='word_1_675' title='bbox 1083 5728 1277 5779; x_wconf 85' lang='lat' dir='ltr'><strong>habeat</strong></span> <span class='ocrx_word' id='word_1_676' title='bbox 1299 5741 1407 5787; x_wconf 76' lang='lat' dir='ltr'><strong>Xix,</strong></span> <span class='ocrx_word' id='word_1_677' title='bbox 1434 5728 1548 5791; x_wconf 83' lang='lat' dir='ltr'><strong>ejus</strong></span> <span class='ocrx_word' id='word_1_678' title='bbox 1571 5734 1773 5792; x_wconf 52' lang='lat' dir='ltr'><strong>opacae</strong></span> <span class='ocrx_word' id='word_1_679' title='bbox 1802 5735 1925 5779; x_wconf 85' lang='lat' dir='ltr'><strong>sunt</strong></span> <span class='ocrx_word' id='word_1_680' title='bbox 1955 5744 2102 5793; x_wconf 85' lang='lat' dir='ltr'><strong>xvnt;</strong></span> 
     </span>
    </p>
   </div>
   <div class='ocr_carea' id='block_1_86' title="bbox 524 5794 2106 5865">
    <p class='ocr_par' dir='ltr' id='par_1_86' title="bbox 524 5794 2106 5865">
     <span class='ocr_line' id='line_1_89' title="bbox 524 5794 2106 5865; baseline 0.004 -19"><span class='ocrx_word' id='word_1_681' title='bbox 524 5797 741 5865; x_wconf 82' lang='lat' dir='ltr'><strong>secundi</strong></span> <span class='ocrx_word' id='word_1_682' title='bbox 771 5804 824 5859; x_wconf 82' lang='grc' dir='ltr'><strong>υ,</strong></span> <span class='ocrx_word' id='word_1_683' title='bbox 858 5798 939 5850; x_wconf 88' lang='lat' dir='ltr'><strong>vel</strong></span> <span class='ocrx_word' id='word_1_684' title='bbox 971 5814 1097 5850; x_wconf 83' lang='lat' dir='ltr'><strong>xxx.</strong></span> <span class='ocrx_word' id='word_1_685' title='bbox 1158 5798 1225 5850; x_wconf 80' lang='lat' dir='ltr'><strong>At</strong></span> <span class='ocrx_word' id='word_1_686' title='bbox 1273 5799 1376 5850; x_wconf 87' lang='lat' dir='ltr'><strong>hoc</strong></span> <span class='ocrx_word' id='word_1_687' title='bbox 1428 5796 1555 5865; x_wconf 16' lang='lat' dir='ltr'><strong>loco,</strong></span> <span class='ocrx_word' id='word_1_688' title='bbox 1573 5794 1859 5865; x_wconf 79' lang='lat' dir='ltr'><strong>Dionysius</strong></span> <span class='ocrx_word' id='word_1_689' title='bbox 1886 5808 2106 5852; x_wconf 90' lang='lat' dir='ltr'><strong>contra-</strong></span> 
     </span>
    </p>
   </div>
   <div class='ocr_carea' id='block_1_87' title="bbox 525 5862 2102 5942">
    <p class='ocr_par' dir='ltr' id='par_1_87' title="bbox 525 5862 2102 5942">
     <span class='ocr_line' id='line_1_90' title="bbox 525 5862 2102 5942; baseline 0.006 -27"><span class='ocrx_word' id='word_1_690' title='bbox 525 5862 661 5917; x_wconf 90' lang='lat' dir='ltr'><strong>rium</strong></span> <span class='ocrx_word' id='word_1_691' title='bbox 693 5864 913 5934; x_wconf 85' lang='lat' dir='ltr'><strong>indicat,</strong></span> <span class='ocrx_word' id='word_1_692' title='bbox 936 5877 989 5923; x_wconf 88' lang='lat' dir='ltr'><strong>et</strong></span> <span class='ocrx_word' id='word_1_693' title='bbox 1016 5886 1075 5924; x_wconf 89' lang='lat' dir='ltr'><strong>se</strong></span> <span class='ocrx_word' id='word_1_694' title='bbox 1104 5867 1506 5942; x_wconf 86' lang='lat' dir='ltr'><strong>ipsunievertit.</strong></span> <span class='ocrx_word' id='word_1_695' title='bbox 1525 5862 1735 5937; x_wconf 84' lang='lat' dir='ltr'><strong>Quippe</strong></span> <span class='ocrx_word' id='word_1_696' title='bbox 1761 5870 1937 5924; x_wconf 84' lang='lat' dir='ltr'><strong>verbis</strong></span> <span class='ocrx_word' id='word_1_697' title='bbox 1964 5872 2102 5926; x_wconf 82' lang='lat' dir='ltr'><strong>istis:</strong></span> 
     </span>
    </p>
   </div>
   <div class='ocr_carea' id='block_1_88' title="bbox 2199 2079 3790 2152">
    <p class='ocr_par' dir='ltr' id='par_1_88' title="bbox 2199 2079 3790 2152">
     <span class='ocr_line' id='line_1_91' title="bbox 2199 2079 3790 2152; baseline 0.003 -17"><span class='ocrx_word' id='word_1_698' title='bbox 2199 2088 2414 2151; x_wconf 72' lang='lat' dir='ltr'><strong>excepto</strong></span> <span class='ocrx_word' id='word_1_699' title='bbox 2442 2080 2679 2152; x_wconf 82' lang='lat' dir='ltr'><strong>videlicet</strong></span> <span class='ocrx_word' id='word_1_700' title='bbox 2706 2096 2844 2152; x_wconf 82' lang='lat' dir='ltr'><strong>anno</strong></span> <span class='ocrx_word' id='word_1_701' title='bbox 2884 2081 3069 2150; x_wconf 83' lang='lat' dir='ltr'><strong>primo,</strong></span> <span class='ocrx_word' id='word_1_702' title='bbox 3115 2088 3219 2136; x_wconf 87' lang='lat' dir='ltr'><strong>etc.</strong></span> <span class='ocrx_word' id='word_1_703' title='bbox 3247 2121 3263 2144; x_wconf 93' lang='lat'><strong>,</strong></span> <span class='ocrx_word' id='word_1_704' title='bbox 3292 2079 3523 2152; x_wconf 84' lang='lat' dir='ltr'><strong>primum</strong></span> <span class='ocrx_word' id='word_1_705' title='bbox 3554 2083 3790 2152; x_wconf 78' lang='lat' dir='ltr'><strong>appellat</strong></span> 
     </span>
    </p>
   </div>
   <div class='ocr_carea' id='block_1_89' title="bbox 2202 2151 3789 2224">
    <p class='ocr_par' dir='ltr' id='par_1_89' title="bbox 2202 2151 3789 2224">
     <span class='ocr_line' id='line_1_92' title="bbox 2202 2151 3789 2224; baseline 0.004 -21"><span class='ocrx_word' id='word_1_706' title='bbox 2202 2166 2399 2224; x_wconf 78' lang='lat' dir='ltr'><strong>annum</strong></span> <span class='ocrx_word' id='word_1_707' title='bbox 2417 2152 2506 2219; x_wconf 93' lang='lat' dir='ltr'><strong>qui</strong></span> <span class='ocrx_word' id='word_1_708' title='bbox 2529 2166 2560 2204; x_wconf 91' lang='lat' dir='ltr'><strong>a</strong></span> <span class='ocrx_word' id='word_1_709' title='bbox 2581 2151 2843 2205; x_wconf 87' lang='lat' dir='ltr'><strong>Paschate</strong></span> <span class='ocrx_word' id='word_1_710' title='bbox 2856 2152 3179 2224; x_wconf 64' lang='lat' dir='ltr'><strong>cmpitaurei</strong></span> <span class='ocrx_word' id='word_1_711' title='bbox 3205 2151 3545 2224; x_wconf 87' lang='lat' dir='ltr'><strong>tiumeri_xtx,</strong></span> <span class='ocrx_word' id='word_1_712' title='bbox 3567 2151 3789 2224; x_wconf 85' lang='lat' dir='ltr'><strong>ejusque</strong></span> 
     </span>
    </p>
   </div>
   <div class='ocr_carea' id='block_1_90' title="bbox 2200 2219 3788 2289">
    <p class='ocr_par' dir='ltr' id='par_1_90' title="bbox 2200 2219 3788 2289">
     <span class='ocr_line' id='line_1_93' title="bbox 2200 2219 3788 2289; baseline 0.003 -15"><span class='ocrx_word' id='word_1_713' title='bbox 2200 2236 2255 2274; x_wconf 87' lang='lat' dir='ltr'><strong>tx</strong></span> <span class='ocrx_word' id='word_1_714' title='bbox 2269 2221 2377 2275; x_wconf 81' lang='lat' dir='ltr'><strong>fere</strong></span> <span class='ocrx_word' id='word_1_715' title='bbox 2390 2235 2602 2275; x_wconf 90' lang='lat' dir='ltr'><strong>menses</strong></span> <span class='ocrx_word' id='word_1_716' title='bbox 2614 2220 2923 2289; x_wconf 86' lang='lat' dir='ltr'><strong>occupatad</strong></span> <span class='ocrx_word' id='word_1_717' title='bbox 2935 2219 3221 2275; x_wconf 83' lang='lat' dir='ltr'><strong>exeuntem</strong></span> <span class='ocrx_word' id='word_1_718' title='bbox 3236 2236 3402 2288; x_wconf 81' lang='lat' dir='ltr'><strong>usque</strong></span> <span class='ocrx_word' id='word_1_719' title='bbox 3417 2219 3788 2278; x_wconf 72' lang='lat' dir='ltr'><strong>Decembrem.</strong></span> 
     </span>
    </p>
   </div>
   <div class='ocr_carea' id='block_1_91' title="bbox 2203 2290 3791 2360">
    <p class='ocr_par' dir='ltr' id='par_1_91' title="bbox 2203 2290 3791 2360">
     <span class='ocr_line' id='line_1_94' title="bbox 2203 2290 3791 2360; baseline 0.003 -16"><span class='ocrx_word' id='word_1_720' title='bbox 2203 2290 2531 2345; x_wconf 85' lang='lat' dir='ltr'><strong>Cumautem</strong></span> <span class='ocrx_word' id='word_1_721' title='bbox 2556 2290 2790 2357; x_wconf 88' lang='lat' dir='ltr'><strong>subjicit,</strong></span> <span class='ocrx_word' id='word_1_722' title='bbox 2818 2291 2964 2344; x_wconf 85' lang='lat' dir='ltr'><strong>illum</strong></span> <span class='ocrx_word' id='word_1_723' title='bbox 2985 2292 3155 2360; x_wconf 88' lang='lat' dir='ltr'><strong>ipsum</strong></span> <span class='ocrx_word' id='word_1_724' title='bbox 3169 2292 3299 2360; x_wconf 83' lang='lat' dir='ltr'><strong>cycli</strong></span> <span class='ocrx_word' id='word_1_725' title='bbox 3312 2292 3791 2348; x_wconf 79' lang='lat' dir='ltr'><strong>decemnovennalis</strong></span> 
     </span>
    </p>
   </div>
   <div class='ocr_carea' id='block_1_92' title="bbox 2203 2307 3791 2429">
    <p class='ocr_par' dir='ltr' id='par_1_92' title="bbox 2203 2307 3791 2429">
     <span class='ocr_line' id='line_1_95' title="bbox 2203 2307 3791 2413; baseline 0.003 -69"><span class='ocrx_word' id='word_1_726' title='bbox 2203 2307 2531 2345; x_wconf 80' lang='lat' dir='ltr'><strong>Lumautem</strong></span> <span class='ocrx_word' id='word_1_727' title='bbox 2556 2307 2790 2357; x_wconf 80' lang='lat' dir='ltr'><strong>subjicit,</strong></span> <span class='ocrx_word' id='word_1_728' title='bbox 2818 2307 2964 2344; x_wconf 90' lang='lat' dir='ltr'><strong>mum</strong></span> <span class='ocrx_word' id='word_1_729' title='bbox 2985 2307 3791 2413; x_wconf 63' lang='lat' dir='ltr'><strong>ipsumcycuaecemnovennatis</strong></span> 
     </span>
     <span class='ocr_line' id='line_1_96' title="bbox 2203 2361 3791 2429; baseline 0.003 -16"><span class='ocrx_word' id='word_1_730' title='bbox 2203 2377 2397 2414; x_wconf 70' lang='lat' dir='ltr'><strong>annum</strong></span> <span class='ocrx_word' id='word_1_731' title='bbox 2422 2363 2644 2429; x_wconf 87' lang='lat' dir='ltr'><strong>primum</strong></span> <span class='ocrx_word' id='word_1_732' title='bbox 2666 2378 2697 2412; x_wconf 86' lang='grc' dir='ltr'><em>α</em></span> <span class='ocrx_word' id='word_1_733' title='bbox 2718 2377 2808 2415; x_wconf 79' lang='lat' dir='ltr'><strong>xw</strong></span> <span class='ocrx_word' id='word_1_734' title='bbox 2834 2362 2957 2414; x_wconf 85' lang='lat' dir='ltr'><strong>luna</strong></span> <span class='ocrx_word' id='word_1_735' title='bbox 3040 2361 3213 2415; x_wconf 75' lang='lat' dir='ltr'><strong>ascita:</strong></span> <span class='ocrx_word' id='word_1_736' title='bbox 3253 2361 3422 2413; x_wconf 73' lang='lat' dir='ltr'><strong>ultimi</strong></span> <span class='ocrx_word' id='word_1_737' title='bbox 3444 2399 3460 2425; x_wconf 94' lang='lat'><strong>,</strong></span> <span class='ocrx_word' id='word_1_738' title='bbox 3491 2363 3546 2414; x_wconf 88' lang='lat' dir='ltr'><strong>id</strong></span> <span class='ocrx_word' id='word_1_739' title='bbox 3594 2374 3675 2416; x_wconf 86' lang='lat' dir='ltr'><strong>est</strong></span> <span class='ocrx_word' id='word_1_740' title='bbox 3699 2380 3791 2418; x_wconf 81' lang='lat' dir='ltr'><strong>uo-</strong></span> 
     </span>
    </p>
   </div>
   <div class='ocr_carea' id='block_1_93' title="bbox 2203 2430 3791 2502">
    <p class='ocr_par' dir='ltr' id='par_1_93' title="bbox 2203 2430 3791 2502">
     <span class='ocr_line' id='line_1_97' title="bbox 2203 2430 3791 2502; baseline 0.003 -19"><span class='ocrx_word' id='word_1_741' title='bbox 2203 2434 2255 2484; x_wconf 87' lang='lat' dir='ltr'><strong>ni</strong></span> <span class='ocrx_word' id='word_1_742' title='bbox 2270 2430 2457 2502; x_wconf 81' lang='lat' dir='ltr'><strong>decimi</strong></span> <span class='ocrx_word' id='word_1_743' title='bbox 2482 2432 2605 2484; x_wconf 84' lang='lat' dir='ltr'><strong>anni</strong></span> <span class='ocrx_word' id='word_1_744' title='bbox 2620 2431 2883 2501; x_wconf 84' lang='lat' dir='ltr'><strong>progredi;</strong></span> <span class='ocrx_word' id='word_1_745' title='bbox 2900 2431 3142 2502; x_wconf 87' lang='lat' dir='ltr'><strong>ultimum</strong></span> <span class='ocrx_word' id='word_1_746' title='bbox 3161 2432 3408 2502; x_wconf 89' lang='lat' dir='ltr'><strong>ei_i_mdem</strong></span> <span class='ocrx_word' id='word_1_747' title='bbox 3432 2439 3611 2496; x_wconf 91' lang='lat' dir='ltr'><strong>vocat,</strong></span> <span class='ocrx_word' id='word_1_748' title='bbox 3631 2448 3791 2502; x_wconf 80' lang='lat' dir='ltr'><strong>quem</strong></span> 
     </span>
    </p>
   </div>
   <div class='ocr_carea' id='block_1_94' title="bbox 2202 2500 3788 2621">
    <p class='ocr_par' dir='ltr' id='par_1_94' title="bbox 2202 2500 3788 2621">
     <span class='ocr_line' id='line_1_98' title="bbox 2202 2500 3788 2621; baseline 0.001 -67"><span class='ocrx_word' id='word_1_749' title='bbox 2202 2501 2367 2621; x_wconf 47' lang='lat' dir='ltr'><strong>paulo</strong></span> <span class='ocrx_word' id='word_1_750' title='bbox 2398 2509 2523 2553; x_wconf 90' lang='lat' dir='ltr'><strong>ante</strong></span> <span class='ocrx_word' id='word_1_751' title='bbox 2573 2500 2804 2571; x_wconf 88' lang='lat' dir='ltr'><strong>primum</strong></span> <span class='ocrx_word' id='word_1_752' title='bbox 2841 2501 3172 2555; x_wconf 89' lang='lat' dir='ltr'><strong>nominabat.</strong></span> <span class='ocrx_word' id='word_1_753' title='bbox 3202 2500 3327 2554; x_wconf 61' lang='lat' dir='ltr'><strong>Haec</strong></span> <span class='ocrx_word' id='word_1_754' title='bbox 3348 2511 3471 2554; x_wconf 89' lang='lat' dir='ltr'><strong>sunt</strong></span> <span class='ocrx_word' id='word_1_755' title='bbox 3494 2500 3788 2557; x_wconf 81' lang='lat' dir='ltr'><strong>incondita.</strong></span> 
     </span>
     <span class='ocr_line' id='line_1_99' title="bbox 2254 2569 3788 2621; baseline 0 0"><span class='ocrx_word' id='word_1_756' title='bbox 2254 2572 2429 2621; x_wconf 87' lang='lat' dir='ltr'><strong>idetur</strong></span> <span class='ocrx_word' id='word_1_757' title='bbox 2457 2569 2741 2621; x_wconf 89' lang='lat' dir='ltr'><strong>Dionvsius</strong></span> <span class='ocrx_word' id='word_1_758' title='bbox 2760 2572 2989 2621; x_wconf 80' lang='lat' dir='ltr'><strong>primum</strong></span> <span class='ocrx_word' id='word_1_759' title='bbox 3019 2587 3083 2621; x_wconf 85' lang='lat' dir='ltr'><strong>ac</strong></span> <span class='ocrx_word' id='word_1_760' title='bbox 3101 2570 3395 2621; x_wconf 85' lang='lat' dir='ltr'><strong>secundqu</strong></span> <span class='ocrx_word' id='word_1_761' title='bbox 3422 2586 3621 2621; x_wconf 86' lang='lat' dir='ltr'><strong>annum</strong></span> <span class='ocrx_word' id='word_1_762' title='bbox 3653 2574 3788 2621; x_wconf 78' lang='lat' dir='ltr'><strong>cvcli</strong></span> 
     </span>
    </p>
   </div>
   <div class='ocr_carea' id='block_1_95' title="bbox 2254 2569 3794 2644">
    <p class='ocr_par' dir='ltr' id='par_1_95' title="bbox 2254 2569 3794 2644">
     <span class='ocr_line' id='line_1_100' title="bbox 2254 2569 3794 2644; baseline 0.003 -19"><span class='ocrx_word' id='word_1_763' title='bbox 2254 2572 2429 2644; x_wconf 82' lang='lat' dir='ltr'><strong>idetur</strong></span> <span class='ocrx_word' id='word_1_764' title='bbox 2457 2569 2741 2642; x_wconf 78' lang='lat' dir='ltr'><strong>Dionysius</strong></span> <span class='ocrx_word' id='word_1_765' title='bbox 2760 2572 2989 2644; x_wconf 76' lang='lat' dir='ltr'><strong>primum</strong></span> <span class='ocrx_word' id='word_1_766' title='bbox 3019 2587 3083 2625; x_wconf 93' lang='lat' dir='ltr'><strong>ac</strong></span> <span class='ocrx_word' id='word_1_767' title='bbox 3101 2570 3395 2625; x_wconf 87' lang='lat' dir='ltr'><strong>secundum</strong></span> <span class='ocrx_word' id='word_1_768' title='bbox 3422 2586 3621 2625; x_wconf 86' lang='lat' dir='ltr'><strong>annum</strong></span> <span class='ocrx_word' id='word_1_769' title='bbox 3653 2574 3794 2644; x_wconf 82' lang='lat' dir='ltr'><strong>cycli</strong></span> 
     </span>
    </p>
   </div>
   <div class='ocr_carea' id='block_1_96' title="bbox 2202 2640 3793 2710">
    <p class='ocr_par' dir='ltr' id='par_1_96' title="bbox 2202 2640 3793 2710">
     <span class='ocr_line' id='line_1_101' title="bbox 2202 2640 3793 2710; baseline 0 -15"><span class='ocrx_word' id='word_1_770' title='bbox 2202 2655 2302 2710; x_wconf 89' lang='lat' dir='ltr'><strong>pro</strong></span> <span class='ocrx_word' id='word_1_771' title='bbox 2335 2642 2509 2710; x_wconf 86' lang='lat' dir='ltr'><strong>primo</strong></span> <span class='ocrx_word' id='word_1_772' title='bbox 2539 2640 2611 2695; x_wconf 30' lang='lat' dir='ltr'><strong>ac‘</strong></span> <span class='ocrx_word' id='word_1_773' title='bbox 2645 2640 2883 2695; x_wconf 89' lang='lat' dir='ltr'><strong>secundo</strong></span> <span class='ocrx_word' id='word_1_774' title='bbox 2932 2656 3096 2695; x_wconf 88' lang='lat' dir='ltr'><strong>aureo</strong></span> <span class='ocrx_word' id='word_1_775' title='bbox 3144 2656 3368 2694; x_wconf 90' lang='lat' dir='ltr'><strong>numero</strong></span> <span class='ocrx_word' id='word_1_776' title='bbox 3406 2656 3671 2710; x_wconf 85' lang='lat' dir='ltr'><strong>usurpare</strong></span> <span class='ocrx_word' id='word_1_777' title='bbox 3690 2640 3793 2695; x_wconf 70' lang='lat' dir='ltr'><strong>vo-</strong></span> 
     </span>
    </p>
   </div>
   <div class='ocr_carea' id='block_1_97' title="bbox 2204 2709 3796 2769">
    <p class='ocr_par' dir='ltr' id='par_1_97' title="bbox 2204 2709 3796 2769">
     <span class='ocr_line' id='line_1_102' title="bbox 2204 2709 3796 2769; baseline 0.003 -5"><span class='ocrx_word' id='word_1_778' title='bbox 2204 2709 2384 2765; x_wconf 87' lang='lat' dir='ltr'><strong>luisse.</strong></span> <span class='ocrx_word' id='word_1_779' title='bbox 2403 2709 2762 2767; x_wconf 78' lang='lat' dir='ltr'><strong>PETAVIUS.—-</strong></span> <span class='ocrx_word' id='word_1_780' title='bbox 2777 2710 2964 2764; x_wconf 81' lang='lat' dir='ltr'><strong>Mirum</strong></span> <span class='ocrx_word' id='word_1_781' title='bbox 2988 2720 3072 2765; x_wconf 87' lang='lat' dir='ltr'><strong>est</strong></span> <span class='ocrx_word' id='word_1_782' title='bbox 3088 2719 3296 2764; x_wconf 87' lang='lat' dir='ltr'><strong>tantum</strong></span> <span class='ocrx_word' id='word_1_783' title='bbox 3318 2709 3692 2766; x_wconf 86' lang='lat' dir='ltr'><strong>astronomum</strong></span> <span class='ocrx_word' id='word_1_784' title='bbox 3713 2715 3796 2769; x_wconf 89' lang='lat' dir='ltr'><strong>hic</strong></span> 
     </span>
    </p>
   </div>
   <div class='ocr_carea' id='block_1_98' title="bbox 2208 2780 3797 2853">
    <p class='ocr_par' dir='ltr' id='par_1_98' title="bbox 2208 2780 3797 2853">
     <span class='ocr_line' id='line_1_103' title="bbox 2208 2780 3797 2853; baseline 0.003 -20"><span class='ocrx_word' id='word_1_785' title='bbox 2208 2797 2313 2853; x_wconf 88' lang='lat' dir='ltr'><strong>non</strong></span> <span class='ocrx_word' id='word_1_786' title='bbox 2334 2780 2787 2853; x_wconf 81' lang='lat' dir='ltr'><strong>animadvertisse</strong></span> <span class='ocrx_word' id='word_1_787' title='bbox 2815 2781 3122 2853; x_wconf 84' lang='lat' dir='ltr'><strong>discrimen,</strong></span> <span class='ocrx_word' id='word_1_788' title='bbox 3156 2781 3223 2835; x_wconf 91' lang='lat' dir='ltr'><strong>ab</strong></span> <span class='ocrx_word' id='word_1_789' title='bbox 3254 2782 3382 2853; x_wconf 79' lang='lat' dir='ltr'><strong>ipso</strong></span> <span class='ocrx_word' id='word_1_790' title='bbox 3404 2780 3662 2853; x_wconf 90' lang='lat' dir='ltr'><strong>Dionysio</strong></span> <span class='ocrx_word' id='word_1_791' title='bbox 3689 2793 3797 2837; x_wconf 91' lang='lat' dir='ltr'><strong>tam</strong></span> 
     </span>
    </p>
   </div>
   <div class='ocr_carea' id='block_1_99' title="bbox 2204 2850 3799 2918">
    <p class='ocr_par' dir='ltr' id='par_1_99' title="bbox 2204 2850 3799 2918">
     <span class='ocr_line' id='line_1_104' title="bbox 2204 2850 3799 2918; baseline 0.003 -15"><span class='ocrx_word' id='word_1_792' title='bbox 2204 2850 2506 2904; x_wconf 80' lang='lat' dir='ltr'><strong>luculenter</strong></span> <span class='ocrx_word' id='word_1_793' title='bbox 2554 2852 2901 2918; x_wconf 85' lang='lat' dir='ltr'><strong>inculcatum,</strong></span> <span class='ocrx_word' id='word_1_794' title='bbox 2936 2852 3076 2905; x_wconf 89' lang='lat' dir='ltr'><strong>inter</strong></span> <span class='ocrx_word' id='word_1_795' title='bbox 3121 2866 3320 2905; x_wconf 91' lang='lat' dir='ltr'><strong>annum</strong></span> <span class='ocrx_word' id='word_1_796' title='bbox 3370 2850 3648 2913; x_wconf 83' lang='lat' dir='ltr'><strong>lunarem,</strong></span> <span class='ocrx_word' id='word_1_797' title='bbox 3684 2854 3799 2908; x_wconf 81' lang='lat' dir='ltr'><strong>sive</strong></span> 
     </span>
    </p>
   </div>
   <div class='ocr_carea' id='block_1_100' title="bbox 2205 2920 3797 2990">
    <p class='ocr_par' dir='ltr' id='par_1_100' title="bbox 2205 2920 3797 2990">
     <span class='ocr_line' id='line_1_105' title="bbox 2205 2920 3797 2990; baseline 0.002 -16"><span class='ocrx_word' id='word_1_798' title='bbox 2205 2920 2515 2990; x_wconf 88' lang='lat' dir='ltr'><strong>paschalem</strong></span> <span class='ocrx_word' id='word_1_799' title='bbox 2529 2922 3037 2987; x_wconf 86' lang='lat' dir='ltr'><strong>etecclesiastieum,</strong></span> <span class='ocrx_word' id='word_1_800' title='bbox 3060 2921 3265 2976; x_wconf 90' lang='lat' dir='ltr'><strong>etinter</strong></span> <span class='ocrx_word' id='word_1_801' title='bbox 3289 2921 3541 2986; x_wconf 86' lang='lat' dir='ltr'><strong>solarem,</strong></span> <span class='ocrx_word' id='word_1_802' title='bbox 3557 2923 3797 2989; x_wconf 86' lang='lat' dir='ltr'><strong>civilem,</strong></span> 
     </span>
    </p>
   </div>
   <div class='ocr_carea' id='block_1_101' title="bbox 2206 2990 3800 3060">
    <p class='ocr_par' dir='ltr' id='par_1_101' title="bbox 2206 2990 3800 3060">
     <span class='ocr_line' id='line_1_106' title="bbox 2206 2990 3800 3060; baseline 0.003 -17"><span class='ocrx_word' id='word_1_803' title='bbox 2206 3006 2268 3045; x_wconf 92' lang='lat' dir='ltr'><strong>ac</strong></span> <span class='ocrx_word' id='word_1_804' title='bbox 2295 2992 2573 3060; x_wconf 90' lang='lat' dir='ltr'><strong>speciatim</strong></span> <span class='ocrx_word' id='word_1_805' title='bbox 2605 2991 2926 3045; x_wconf 82' lang='lat' dir='ltr'><strong>Romanum.</strong></span> <span class='ocrx_word' id='word_1_806' title='bbox 2952 2990 3105 3045; x_wconf 86' lang='lat' dir='ltr'><strong>Illum</strong></span> <span class='ocrx_word' id='word_1_807' title='bbox 3135 2991 3437 3060; x_wconf 85' lang='lat' dir='ltr'><strong>Dionysius,</strong></span> <span class='ocrx_word' id='word_1_808' title='bbox 3469 2993 3538 3045; x_wconf 90' lang='lat' dir='ltr'><strong>ab</strong></span> <span class='ocrx_word' id='word_1_809' title='bbox 3554 3008 3664 3047; x_wconf 90' lang='lat' dir='ltr'><strong>uno</strong></span> <span class='ocrx_word' id='word_1_810' title='bbox 3696 3002 3800 3047; x_wconf 61' lang='lat' dir='ltr'><strong>ter.</strong></span> 
     </span>
    </p>
   </div>
   <div class='ocr_carea' id='block_1_102' title="bbox 2208 3061 3798 3131">
    <p class='ocr_par' dir='ltr' id='par_1_102' title="bbox 2208 3061 3798 3131">
     <span class='ocr_line' id='line_1_107' title="bbox 2208 3061 3798 3131; baseline 0.003 -18"><span class='ocrx_word' id='word_1_811' title='bbox 2208 3062 2352 3114; x_wconf 87' lang='lat' dir='ltr'><strong>mino</strong></span> <span class='ocrx_word' id='word_1_812' title='bbox 2402 3063 2639 3129; x_wconf 90' lang='lat' dir='ltr'><strong>paschali</strong></span> <span class='ocrx_word' id='word_1_813' title='bbox 2686 3077 2853 3131; x_wconf 87' lang='lat' dir='ltr'><strong>usque</strong></span> <span class='ocrx_word' id='word_1_814' title='bbox 2895 3062 2969 3131; x_wconf 87' lang='lat' dir='ltr'><strong>ad</strong></span> <span class='ocrx_word' id='word_1_815' title='bbox 3006 3064 3233 3131; x_wconf 87' lang='lat' dir='ltr'><strong>alterum</strong></span> <span class='ocrx_word' id='word_1_816' title='bbox 3266 3071 3640 3126; x_wconf 89' lang='lat' dir='ltr'><strong>numeratum,</strong></span> <span class='ocrx_word' id='word_1_817' title='bbox 3672 3061 3798 3128; x_wconf 72' lang='grc'><strong>554,</strong></span> 
     </span>
    </p>
   </div>
   <div class='ocr_carea' id='block_1_103' title="bbox 2208 3130 3801 3200">
    <p class='ocr_par' dir='ltr' id='par_1_103' title="bbox 2208 3130 3801 3200">
     <span class='ocr_line' id='line_1_108' title="bbox 2208 3130 3801 3200; baseline 0.003 -17"><span class='ocrx_word' id='word_1_818' title='bbox 2208 3140 2319 3194; x_wconf 89' lang='lat' dir='ltr'><strong>aut,</strong></span> <span class='ocrx_word' id='word_1_819' title='bbox 2352 3131 2393 3184; x_wconf 88' lang='lat' dir='ltr'><strong>si</strong></span> <span class='ocrx_word' id='word_1_820' title='bbox 2422 3130 2814 3186; x_wconf 70' lang='lat' dir='ltr'><strong>embolismmus</strong></span> <span class='ocrx_word' id='word_1_821' title='bbox 2841 3132 2926 3195; x_wconf 88' lang='lat' dir='ltr'><strong>sit,</strong></span> <span class='ocrx_word' id='word_1_822' title='bbox 2961 3130 3063 3183; x_wconf 56' lang='lat' dir='ltr'><strong>58v</strong></span> <span class='ocrx_word' id='word_1_823' title='bbox 3094 3131 3281 3186; x_wconf 85' lang='lat' dir='ltr'><strong>diebus</strong></span> <span class='ocrx_word' id='word_1_824' title='bbox 3310 3142 3563 3200; x_wconf 86' lang='lat' dir='ltr'><strong>constare</strong></span> <span class='ocrx_word' id='word_1_825' title='bbox 3594 3133 3801 3200; x_wconf 87' lang='lat' dir='ltr'><strong>docet;</strong></span> 
     </span>
    </p>
   </div>
   <div class='ocr_carea' id='block_1_104' title="bbox 2209 3198 3800 3273">
    <p class='ocr_par' dir='ltr' id='par_1_104' title="bbox 2209 3198 3800 3273">
     <span class='ocr_line' id='line_1_109' title="bbox 2209 3198 3800 3273; baseline 0.003 -19"><span class='ocrx_word' id='word_1_826' title='bbox 2209 3201 2352 3273; x_wconf 73' lang='lat' dir='ltr'><strong>hanc</strong></span> <span class='ocrx_word' id='word_1_827' title='bbox 2372 3216 2505 3255; x_wconf 83' lang='lat' dir='ltr'><strong>vero</strong></span> <span class='ocrx_word' id='word_1_828' title='bbox 2532 3203 2671 3271; x_wconf 85' lang='lat' dir='ltr'><strong>apud</strong></span> <span class='ocrx_word' id='word_1_829' title='bbox 2694 3201 3082 3255; x_wconf 79' lang='lat' dir='ltr'><strong>Alexandrinos</strong></span> <span class='ocrx_word' id='word_1_830' title='bbox 3117 3217 3146 3254; x_wconf 92' lang='lat' dir='ltr'><strong>a</strong></span> <span class='ocrx_word' id='word_1_831' title='bbox 3172 3203 3258 3273; x_wconf 89' lang='lat' dir='ltr'><strong>die</strong></span> <span class='ocrx_word' id='word_1_832' title='bbox 3283 3198 3353 3273; x_wconf 60' lang='lat'><strong>29</strong></span> <span class='ocrx_word' id='word_1_833' title='bbox 3374 3201 3619 3270; x_wconf 82' lang='lat' dir='ltr'><strong>Augusti,</strong></span> <span class='ocrx_word' id='word_1_834' title='bbox 3657 3198 3800 3273; x_wconf 85' lang='lat' dir='ltr'><strong>apud</strong></span> 
     </span>
    </p>
   </div>
   <div class='ocr_carea' id='block_1_105' title="bbox 2210 3270 3799 3339">
    <p class='ocr_par' dir='ltr' id='par_1_105' title="bbox 2210 3270 3799 3339">
     <span class='ocr_line' id='line_1_110' title="bbox 2210 3270 3799 3339; baseline 0.003 -15"><span class='ocrx_word' id='word_1_835' title='bbox 2210 3270 2485 3325; x_wconf 76' lang='lat' dir='ltr'><strong>Romanas</strong></span> <span class='ocrx_word' id='word_1_836' title='bbox 2513 3286 2542 3323; x_wconf 90' lang='lat' dir='ltr'><strong>a</strong></span> <span class='ocrx_word' id='word_1_837' title='bbox 2570 3270 3025 3339; x_wconf 74' lang='lat' dir='ltr'><strong>Subsequentibus</strong></span> <span class='ocrx_word' id='word_1_838' title='bbox 3044 3272 3283 3326; x_wconf 84' lang='lat' dir='ltr'><strong>ealendis</strong></span> <span class='ocrx_word' id='word_1_839' title='bbox 3302 3270 3541 3326; x_wconf 81' lang='lat' dir='ltr'><strong>Januarii</strong></span> <span class='ocrx_word' id='word_1_840' title='bbox 3572 3270 3799 3328; x_wconf 62' lang='lat' dir='ltr'><strong>inchoa-</strong></span> 
     </span>
    </p>
   </div>
   <div class='ocr_carea' id='block_1_106' title="bbox 2211 3340 3802 3407">
    <p class='ocr_par' dir='ltr' id='par_1_106' title="bbox 2211 3340 3802 3407">
     <span class='ocr_line' id='line_1_111' title="bbox 2211 3340 3802 3407; baseline 0.004 -12"><span class='ocrx_word' id='word_1_841' title='bbox 2211 3350 2344 3405; x_wconf 89' lang='lat' dir='ltr'><strong>tum,</strong></span> <span class='ocrx_word' id='word_1_842' title='bbox 2376 3340 2483 3394; x_wconf 83' lang='lat'><strong>595</strong></span> <span class='ocrx_word' id='word_1_843' title='bbox 2510 3341 2720 3407; x_wconf 89' lang='lat' dir='ltr'><strong>diebus,</strong></span> <span class='ocrx_word' id='word_1_844' title='bbox 2752 3352 2807 3395; x_wconf 93' lang='lat' dir='ltr'><strong>et</strong></span> <span class='ocrx_word' id='word_1_845' title='bbox 2832 3341 2864 3394; x_wconf 89' lang='lat'><strong><em>6</em></strong></span> <span class='ocrx_word' id='word_1_846' title='bbox 2913 3343 3025 3395; x_wconf 76' lang='lat' dir='ltr'><strong>fere</strong></span> <span class='ocrx_word' id='word_1_847' title='bbox 3070 3342 3217 3397; x_wconf 90' lang='lat' dir='ltr'><strong>horis</strong></span> <span class='ocrx_word' id='word_1_848' title='bbox 3266 3343 3508 3407; x_wconf 89' lang='lat' dir='ltr'><strong>absolvi,</strong></span> <span class='ocrx_word' id='word_1_849' title='bbox 3540 3343 3652 3398; x_wconf 89' lang='lat' dir='ltr'><strong>alio</strong></span> <span class='ocrx_word' id='word_1_850' title='bbox 3684 3346 3802 3401; x_wconf 88' lang='lat' dir='ltr'><strong>loco</strong></span> 
     </span>
    </p>
   </div>
   <div class='ocr_carea' id='block_1_107' title="bbox 2208 3410 3802 3480">
    <p class='ocr_par' dir='ltr' id='par_1_107' title="bbox 2208 3410 3802 3480">
     <span class='ocr_line' id='line_1_112' title="bbox 2208 3410 3802 3480; baseline 0.004 -18"><span class='ocrx_word' id='word_1_851' title='bbox 2208 3413 2467 3480; x_wconf 83' lang='lat' dir='ltr'><strong>agnoscit.</strong></span> <span class='ocrx_word' id='word_1_852' title='bbox 2518 3410 2689 3476; x_wconf 84' lang='lat' dir='ltr'><strong>illum,</strong></span> <span class='ocrx_word' id='word_1_853' title='bbox 2745 3429 2850 3466; x_wconf 84' lang='lat' dir='ltr'><strong>non</strong></span> <span class='ocrx_word' id='word_1_854' title='bbox 2904 3414 3061 3476; x_wconf 90' lang='lat' dir='ltr'><strong>hunc,</strong></span> <span class='ocrx_word' id='word_1_855' title='bbox 3114 3429 3142 3465; x_wconf 88' lang='lat' dir='ltr'><strong>a</strong></span> <span class='ocrx_word' id='word_1_856' title='bbox 3187 3413 3398 3466; x_wconf 76' lang='lat' dir='ltr'><strong>decima</strong></span> <span class='ocrx_word' id='word_1_857' title='bbox 3448 3422 3644 3480; x_wconf 75' lang='lat' dir='ltr'><strong>quarta</strong></span> <span class='ocrx_word' id='word_1_858' title='bbox 3678 3416 3802 3469; x_wconf 88' lang='lat' dir='ltr'><strong>luna</strong></span> 
     </span>
    </p>
   </div>
   <div class='ocr_carea' id='block_1_108' title="bbox 2206 3479 3804 3551">
    <p class='ocr_par' dir='ltr' id='par_1_108' title="bbox 2206 3479 3804 3551">
     <span class='ocr_line' id='line_1_113' title="bbox 2206 3479 3804 3551; baseline 0.003 -18"><span class='ocrx_word' id='word_1_859' title='bbox 2206 3479 2428 3535; x_wconf 62' lang='lat' dir='ltr'><strong>Pascha:</strong></span> <span class='ocrx_word' id='word_1_860' title='bbox 2451 3482 2643 3544; x_wconf 90' lang='lat' dir='ltr'><strong>ultimi,</strong></span> <span class='ocrx_word' id='word_1_861' title='bbox 2676 3483 2728 3535; x_wconf 91' lang='lat' dir='ltr'><strong>id</strong></span> <span class='ocrx_word' id='word_1_862' title='bbox 2758 3491 2858 3545; x_wconf 83' lang='lat' dir='ltr'><strong>est,</strong></span> <span class='ocrx_word' id='word_1_863' title='bbox 2893 3483 3019 3536; x_wconf 82' lang='lat' dir='ltr'><strong>noni</strong></span> <span class='ocrx_word' id='word_1_864' title='bbox 3046 3481 3232 3535; x_wconf 82' lang='lat' dir='ltr'><strong>decimi</strong></span> <span class='ocrx_word' id='word_1_865' title='bbox 3261 3485 3406 3543; x_wconf 84' lang='lat' dir='ltr'><strong>anni,</strong></span> <span class='ocrx_word' id='word_1_866' title='bbox 3431 3479 3590 3551; x_wconf 73' lang='lat' dir='ltr'><strong>usque</strong></span> <span class='ocrx_word' id='word_1_867' title='bbox 3616 3485 3691 3535; x_wconf 82' lang='lat' dir='ltr'><strong>ad</strong></span> <span class='ocrx_word' id='word_1_868' title='bbox 3716 3487 3804 3539; x_wconf 81' lang='lat' dir='ltr'><strong>de-</strong></span> 
     </span>
    </p>
   </div>
   <div class='ocr_carea' id='block_1_109' title="bbox 2206 3551 3803 3622">
    <p class='ocr_par' dir='ltr' id='par_1_109' title="bbox 2206 3551 3803 3622">
     <span class='ocr_line' id='line_1_114' title="bbox 2206 3551 3803 3622; baseline 0.004 -19"><span class='ocrx_word' id='word_1_869' title='bbox 2206 3551 2396 3622; x_wconf 79' lang='lat' dir='ltr'><strong>cimum</strong></span> <span class='ocrx_word' id='word_1_870' title='bbox 2424 3563 2661 3621; x_wconf 85' lang='lat' dir='ltr'><strong>quartam</strong></span> <span class='ocrx_word' id='word_1_871' title='bbox 2708 3554 2897 3622; x_wconf 89' lang='lat' dir='ltr'><strong>primi,</strong></span> <span class='ocrx_word' id='word_1_872' title='bbox 2937 3570 3213 3607; x_wconf 80' lang='lat' dir='ltr'><strong>nmnerare</strong></span> <span class='ocrx_word' id='word_1_873' title='bbox 3242 3554 3459 3607; x_wconf 76' lang='lat' dir='ltr'><strong>curavit.</strong></span> <span class='ocrx_word' id='word_1_874' title='bbox 3501 3553 3715 3608; x_wconf 65' lang='lat' dir='ltr'><strong>Contra</strong></span> <span class='ocrx_word' id='word_1_875' title='bbox 3740 3570 3803 3610; x_wconf 80' lang='lat' dir='ltr'><strong>ea</strong></span> 
     </span>
    </p>
   </div>
   <div class='ocr_carea' id='block_1_110' title="bbox 2206 3621 3801 3695">
    <p class='ocr_par' dir='ltr' id='par_1_110' title="bbox 2206 3621 3801 3695">
     <span class='ocr_line' id='line_1_115' title="bbox 2206 3621 3801 3695; baseline 0.003 -21"><span class='ocrx_word' id='word_1_876' title='bbox 2206 3621 2347 3695; x_wconf 70' lang='lat' dir='ltr'><strong>hunc</strong></span> <span class='ocrx_word' id='word_1_877' title='bbox 2369 3623 2671 3695; x_wconf 88' lang='lat' dir='ltr'><strong>(solarem),</strong></span> <span class='ocrx_word' id='word_1_878' title='bbox 2696 3621 2803 3677; x_wconf 88' lang='lat' dir='ltr'><strong>non</strong></span> <span class='ocrx_word' id='word_1_879' title='bbox 2828 3623 2972 3695; x_wconf 85' lang='lat' dir='ltr'><strong>illum</strong></span> <span class='ocrx_word' id='word_1_880' title='bbox 2998 3624 3308 3695; x_wconf 77' lang='lat' dir='ltr'><strong>(lunarem),</strong></span> <span class='ocrx_word' id='word_1_881' title='bbox 3328 3626 3622 3695; x_wconf 84' lang='lat' dir='ltr'><strong>secundum</strong></span> <span class='ocrx_word' id='word_1_882' title='bbox 3636 3641 3801 3679; x_wconf 60' lang='lat' dir='ltr'><strong>ieram</strong></span> 
     </span>
    </p>
   </div>
   <div class='ocr_carea' id='block_1_111' title="bbox 2207 3689 3805 3749">
    <p class='ocr_par' dir='ltr' id='par_1_111' title="bbox 2207 3689 3805 3749">
     <span class='ocr_line' id='line_1_116' title="bbox 2207 3689 3805 3749; baseline 0.003 -5"><span class='ocrx_word' id='word_1_883' title='bbox 2207 3689 2567 3747; x_wconf 86' lang='lat' dir='ltr'><strong>Christianam</strong></span> <span class='ocrx_word' id='word_1_884' title='bbox 2597 3689 2881 3747; x_wconf 85' lang='lat' dir='ltr'><strong>numerare</strong></span> <span class='ocrx_word' id='word_1_885' title='bbox 2912 3689 3159 3746; x_wconf 77' lang='lat' dir='ltr'><strong>instituit.</strong></span> <span class='ocrx_word' id='word_1_886' title='bbox 3194 3693 3308 3748; x_wconf 84' lang='lat' dir='ltr'><strong>Hoc</strong></span> <span class='ocrx_word' id='word_1_887' title='bbox 3334 3694 3457 3747; x_wconf 92' lang='lat' dir='ltr'><strong>dum</strong></span> <span class='ocrx_word' id='word_1_888' title='bbox 3492 3709 3598 3747; x_wconf 92' lang='lat' dir='ltr'><strong>non</strong></span> <span class='ocrx_word' id='word_1_889' title='bbox 3626 3703 3805 3749; x_wconf 85' lang='lat' dir='ltr'><strong>atten-</strong></span> 
     </span>
    </p>
   </div>
   <div class='ocr_carea' id='block_1_112' title="bbox 2206 3761 3800 3826">
    <p class='ocr_par' dir='ltr' id='par_1_112' title="bbox 2206 3761 3800 3826">
     <span class='ocr_line' id='line_1_117' title="bbox 2206 3761 3800 3826; baseline 0.003 -11"><span class='ocrx_word' id='word_1_890' title='bbox 2206 3761 2341 3815; x_wconf 86' lang='lat' dir='ltr'><strong>dunt</strong></span> <span class='ocrx_word' id='word_1_891' title='bbox 2369 3762 2620 3817; x_wconf 88' lang='lat' dir='ltr'><strong>Petavius</strong></span> <span class='ocrx_word' id='word_1_892' title='bbox 2650 3772 2705 3817; x_wconf 90' lang='lat' dir='ltr'><strong>et</strong></span> <span class='ocrx_word' id='word_1_893' title='bbox 2727 3764 2967 3817; x_wconf 91' lang='lat' dir='ltr'><strong>nonnulli</strong></span> <span class='ocrx_word' id='word_1_894' title='bbox 2998 3779 3120 3817; x_wconf 90' lang='lat' dir='ltr'><strong>eum</strong></span> <span class='ocrx_word' id='word_1_895' title='bbox 3150 3765 3323 3818; x_wconf 88' lang='lat' dir='ltr'><strong>secuti</strong></span> <span class='ocrx_word' id='word_1_896' title='bbox 3344 3764 3647 3818; x_wconf 81' lang='lat' dir='ltr'><strong>doctissimi</strong></span> <span class='ocrx_word' id='word_1_897' title='bbox 3678 3766 3800 3826; x_wconf 87' lang='lat' dir='ltr'><strong>viri.</strong></span> 
     </span>
    </p>
   </div>
   <div class='ocr_carea' id='block_1_113' title="bbox 2204 3833 3801 3917">
    <p class='ocr_par' dir='ltr' id='par_1_113' title="bbox 2204 3833 3801 3917">
     <span class='ocr_line' id='line_1_118' title="bbox 2204 3833 3801 3917; baseline 0.004 -34"><span class='ocrx_word' id='word_1_898' title='bbox 2204 3847 2272 3884; x_wconf 85' lang='lat' dir='ltr'><strong>ex</strong></span> <span class='ocrx_word' id='word_1_899' title='bbox 2293 3833 2470 3887; x_wconf 88' lang='lat' dir='ltr'><strong>verbis</strong></span> <span class='ocrx_word' id='word_1_900' title='bbox 2498 3833 2737 3914; x_wconf 77' lang='lat' dir='ltr'><strong>Dionysii</strong></span> <span class='ocrx_word' id='word_1_901' title='bbox 2759 3834 2899 3917; x_wconf 68' lang='lat' dir='ltr'><strong>male</strong></span> <span class='ocrx_word' id='word_1_902' title='bbox 2925 3835 3234 3915; x_wconf 72' lang='lat' dir='ltr'><strong>intellectis,</strong></span> <span class='ocrx_word' id='word_1_903' title='bbox 3264 3844 3547 3917; x_wconf 69' lang='lat' dir='ltr'><strong>perperam</strong></span> <span class='ocrx_word' id='word_1_904' title='bbox 3578 3838 3801 3915; x_wconf 81' lang='lat' dir='ltr'><strong>exscul-</strong></span> 
     </span>
    </p>
   </div>
   <div class='ocr_carea' id='block_1_114' title="bbox 2208 3903 3805 3974">
    <p class='ocr_par' dir='ltr' id='par_1_114' title="bbox 2208 3903 3805 3974">
     <span class='ocr_line' id='line_1_119' title="bbox 2208 3903 3805 3974; baseline 0.003 -19"><span class='ocrx_word' id='word_1_905' title='bbox 2208 3917 2338 3974; x_wconf 85' lang='lat' dir='ltr'><strong>pere</strong></span> <span class='ocrx_word' id='word_1_906' title='bbox 2383 3904 2563 3957; x_wconf 88' lang='lat' dir='ltr'><strong>conati</strong></span> <span class='ocrx_word' id='word_1_907' title='bbox 2592 3903 2753 3968; x_wconf 83' lang='lat' dir='ltr'><strong>sunt,</strong></span> <span class='ocrx_word' id='word_1_908' title='bbox 2788 3903 3098 3974; x_wconf 87' lang='lat' dir='ltr'><strong>Dionysium</strong></span> <span class='ocrx_word' id='word_1_909' title='bbox 3142 3919 3312 3958; x_wconf 88' lang='lat' dir='ltr'><strong>annos</strong></span> <span class='ocrx_word' id='word_1_910' title='bbox 3338 3903 3541 3958; x_wconf 80' lang='lat' dir='ltr'><strong>Christi</strong></span> <span class='ocrx_word' id='word_1_911' title='bbox 3586 3906 3805 3973; x_wconf 63' lang='lat' dir='ltr'><strong>integro</strong></span> 
     </span>
    </p>
   </div>
   <div class='ocr_carea' id='block_1_115' title="bbox 2207 3971 3803 4043">
    <p class='ocr_par' dir='ltr' id='par_1_115' title="bbox 2207 3971 3803 4043">
     <span class='ocr_line' id='line_1_120' title="bbox 2207 3971 3803 4043; baseline 0.003 -19"><span class='ocrx_word' id='word_1_912' title='bbox 2207 3971 2320 4027; x_wconf 84' lang='lat' dir='ltr'><strong>fere</strong></span> <span class='ocrx_word' id='word_1_913' title='bbox 2345 3988 2487 4027; x_wconf 89' lang='lat' dir='ltr'><strong>anno</strong></span> <span class='ocrx_word' id='word_1_914' title='bbox 2504 3975 2657 4043; x_wconf 88' lang='lat' dir='ltr'><strong>prius</strong></span> <span class='ocrx_word' id='word_1_915' title='bbox 2678 3989 2840 4041; x_wconf 90' lang='lat' dir='ltr'><strong>quam</strong></span> <span class='ocrx_word' id='word_1_916' title='bbox 2872 3971 3029 4029; x_wconf 82' lang='lat' dir='ltr'><strong>hodie</strong></span> <span class='ocrx_word' id='word_1_917' title='bbox 3055 3976 3241 4043; x_wconf 9' lang='lat' dir='ltr'><strong>inrzera</strong></span> <span class='ocrx_word' id='word_1_918' title='bbox 3270 3983 3453 4028; x_wconf 89' lang='lat' dir='ltr'><strong>nostra</strong></span> <span class='ocrx_word' id='word_1_919' title='bbox 3483 3971 3803 4031; x_wconf 77' lang='lat' dir='ltr'><strong>Christiana</strong></span> 
     </span>
    </p>
   </div>
   <div class='ocr_carea' id='block_1_116' title="bbox 2209 4042 3807 4112">
    <p class='ocr_par' dir='ltr' id='par_1_116' title="bbox 2209 4042 3807 4112">
     <span class='ocr_line' id='line_1_121' title="bbox 2209 4042 3807 4112; baseline 0.004 -19"><span class='ocrx_word' id='word_1_920' title='bbox 2209 4042 2323 4096; x_wconf 85' lang='lat' dir='ltr'><strong>iicri</strong></span> <span class='ocrx_word' id='word_1_921' title='bbox 2352 4042 2523 4108; x_wconf 61' lang='lat' dir='ltr'><strong>solet,</strong></span> <span class='ocrx_word' id='word_1_922' title='bbox 2541 4044 2794 4099; x_wconf 89' lang='lat' dir='ltr'><strong>videlicet</strong></span> <span class='ocrx_word' id='word_1_923' title='bbox 2819 4060 2848 4097; x_wconf 90' lang='lat' dir='ltr'><strong>a</strong></span> <span class='ocrx_word' id='word_1_924' title='bbox 2871 4060 3055 4099; x_wconf 90' lang='lat' dir='ltr'><strong>mense</strong></span> <span class='ocrx_word' id='word_1_925' title='bbox 3078 4042 3271 4098; x_wconf 76' lang='lat' dir='ltr'><strong>Martio</strong></span> <span class='ocrx_word' id='word_1_926' title='bbox 3298 4045 3380 4098; x_wconf 90' lang='lat' dir='ltr'><strong>vel</strong></span> <span class='ocrx_word' id='word_1_927' title='bbox 3410 4043 3600 4112; x_wconf 77' lang='lat' dir='ltr'><strong>Aprili,</strong></span> <span class='ocrx_word' id='word_1_928' title='bbox 3629 4046 3807 4100; x_wconf 83' lang='lat' dir='ltr'><strong>nostri</strong></span> 
     </span>
    </p>
   </div>
   <div class='ocr_carea' id='block_1_117' title="bbox 2209 4114 3807 4185">
    <p class='ocr_par' dir='ltr' id='par_1_117' title="bbox 2209 4114 3807 4185">
     <span class='ocr_line' id='line_1_122' title="bbox 2209 4114 3807 4185; baseline 0.003 -20"><span class='ocrx_word' id='word_1_929' title='bbox 2209 4114 2335 4185; x_wconf 85' lang='lat' dir='ltr'><strong>anni</strong></span> <span class='ocrx_word' id='word_1_930' title='bbox 2358 4114 2566 4185; x_wconf 68' lang='lat' dir='ltr'><strong>initium</strong></span> <span class='ocrx_word' id='word_1_931' title='bbox 2594 4114 2968 4177; x_wconf 89' lang='lat' dir='ltr'><strong>antecedente,</strong></span> <span class='ocrx_word' id='word_1_932' title='bbox 3002 4129 3331 4168; x_wconf 89' lang='lat' dir='ltr'><strong>numerasse.</strong></span> <span class='ocrx_word' id='word_1_933' title='bbox 3367 4114 3497 4185; x_wconf 69' lang='lat' dir='ltr'><strong>Vide</strong></span> <span class='ocrx_word' id='word_1_934' title='bbox 3525 4130 3655 4183; x_wconf 72' lang='lat' dir='ltr'><strong>qua:</strong></span> <span class='ocrx_word' id='word_1_935' title='bbox 3679 4125 3807 4185; x_wconf 82' lang='lat' dir='ltr'><strong>post</strong></span> 
     </span>
    </p>
   </div>
   <div class='ocr_carea' id='block_1_118' title="bbox 2206 4182 3808 4256">
    <p class='ocr_par' dir='ltr' id='par_1_118' title="bbox 2206 4182 3808 4256">
     <span class='ocr_line' id='line_1_123' title="bbox 2206 4182 3808 4256; baseline 0.004 -23"><span class='ocrx_word' id='word_1_936' title='bbox 2206 4184 2363 4256; x_wconf 77' lang='lat' dir='ltr'><strong>alios,</strong></span> <span class='ocrx_word' id='word_1_937' title='bbox 2396 4200 2464 4256; x_wconf 78' lang='lat' dir='ltr'><strong>ex</strong></span> <span class='ocrx_word' id='word_1_938' title='bbox 2494 4182 2699 4239; x_wconf 85' lang='lat' dir='ltr'><strong>Petavii</strong></span> <span class='ocrx_word' id='word_1_939' title='bbox 2741 4188 3009 4239; x_wconf 83' lang='lat' dir='ltr'><strong>sententia</strong></span> <span class='ocrx_word' id='word_1_940' title='bbox 3037 4194 3097 4256; x_wconf 77' lang='lat' dir='ltr'><strong>et</strong></span> <span class='ocrx_word' id='word_1_941' title='bbox 3122 4200 3191 4238; x_wconf 87' lang='lat' dir='ltr'><strong>ex</strong></span> <span class='ocrx_word' id='word_1_942' title='bbox 3238 4186 3344 4239; x_wconf 85' lang='lat' dir='ltr'><strong>hoc</strong></span> <span class='ocrx_word' id='word_1_943' title='bbox 3388 4184 3507 4253; x_wconf 86' lang='lat' dir='ltr'><strong>ipso</strong></span> <span class='ocrx_word' id='word_1_944' title='bbox 3546 4182 3808 4256; x_wconf 68' lang='lat' dir='ltr'><strong>Dionysii</strong></span> 
     </span>
    </p>
   </div>
   <div class='ocr_carea' id='block_1_119' title="bbox 2209 4252 3806 4324">
    <p class='ocr_par' dir='ltr' id='par_1_119' title="bbox 2209 4252 3806 4324">
     <span class='ocr_line' id='line_1_124' title="bbox 2209 4252 3806 4324; baseline 0.002 -18"><span class='ocrx_word' id='word_1_945' title='bbox 2209 4254 2330 4307; x_wconf 92' lang='lat' dir='ltr'><strong>loco</strong></span> <span class='ocrx_word' id='word_1_946' title='bbox 2350 4295 2364 4319; x_wconf 96' lang='lat'><strong>,</strong></span> <span class='ocrx_word' id='word_1_947' title='bbox 2394 4252 2511 4308; x_wconf 76' lang='lat' dir='ltr'><strong>fuse</strong></span> <span class='ocrx_word' id='word_1_948' title='bbox 2539 4264 2595 4309; x_wconf 91' lang='lat' dir='ltr'><strong>et</strong></span> <span class='ocrx_word' id='word_1_949' title='bbox 2646 4270 2877 4324; x_wconf 83' lang='lat' dir='ltr'><strong>operose</strong></span> <span class='ocrx_word' id='word_1_950' title='bbox 2904 4294 2919 4318; x_wconf 91' lang='lat'><strong>,</strong></span> <span class='ocrx_word' id='word_1_951' title='bbox 2951 4256 3042 4308; x_wconf 85' lang='lat' dir='ltr'><strong>sed</strong></span> <span class='ocrx_word' id='word_1_952' title='bbox 3072 4253 3266 4309; x_wconf 77' lang='lat' dir='ltr'><strong>frustra</strong></span> <span class='ocrx_word' id='word_1_953' title='bbox 3287 4298 3301 4314; x_wconf 87' lang='lat'><strong>.</strong></span> <span class='ocrx_word' id='word_1_954' title='bbox 3333 4252 3525 4309; x_wconf 86' lang='lat' dir='ltr'><strong>contra</strong></span> <span class='ocrx_word' id='word_1_955' title='bbox 3554 4252 3764 4309; x_wconf 58' lang='lat' dir='ltr'><strong>Beda&#39;m</strong></span> <span class='ocrx_word' id='word_1_956' title='bbox 3787 4296 3806 4321; x_wconf 90' lang='lat'><strong>,</strong></span> 
     </span>
    </p>
   </div>
   <div class='ocr_carea' id='block_1_120' title="bbox 2209 4324 3809 4393">
    <p class='ocr_par' dir='ltr' id='par_1_120' title="bbox 2209 4324 3809 4393">
     <span class='ocr_line' id='line_1_125' title="bbox 2209 4324 3809 4393; baseline 0.003 -17"><span class='ocrx_word' id='word_1_957' title='bbox 2209 4327 2359 4393; x_wconf 87' lang='lat' dir='ltr'><strong>quasi</strong></span> <span class='ocrx_word' id='word_1_958' title='bbox 2419 4341 2574 4379; x_wconf 75' lang='lat' dir='ltr'><strong>nova:</strong></span> <span class='ocrx_word' id='word_1_959' title='bbox 2637 4340 2758 4378; x_wconf 70' lang='lat' dir='ltr'><strong>mne</strong></span> <span class='ocrx_word' id='word_1_960' title='bbox 2805 4333 3124 4390; x_wconf 90' lang='lat' dir='ltr'><strong>auctorem,</strong></span> <span class='ocrx_word' id='word_1_961' title='bbox 3177 4324 3418 4393; x_wconf 90' lang='lat' dir='ltr'><strong>disputat</strong></span> <span class='ocrx_word' id='word_1_962' title='bbox 3463 4325 3809 4381; x_wconf 89' lang='lat' dir='ltr'><strong>clarissimus</strong></span> 
     </span>
    </p>
   </div>
   <div class='ocr_carea' id='block_1_121' title="bbox 2208 4392 3809 4465">
    <p class='ocr_par' dir='ltr' id='par_1_121' title="bbox 2208 4392 3809 4465">
     <span class='ocr_line' id='line_1_126' title="bbox 2208 4392 3809 4465; baseline 0.003 -19"><span class='ocrx_word' id='word_1_963' title='bbox 2208 4392 2479 4465; x_wconf 84' lang='lat' dir='ltr'><strong>quondam</strong></span> <span class='ocrx_word' id='word_1_964' title='bbox 2523 4396 2937 4465; x_wconf 80' lang='lat' dir='ltr'><strong>mathematicos</strong></span> <span class='ocrx_word' id='word_1_965' title='bbox 2972 4394 3170 4463; x_wconf 88' lang='lat' dir='ltr'><strong>Georg.</strong></span> <span class='ocrx_word' id='word_1_966' title='bbox 3222 4392 3342 4449; x_wconf 82' lang='lat' dir='ltr'><strong>Alb.</strong></span> <span class='ocrx_word' id='word_1_967' title='bbox 3396 4392 3809 4465; x_wconf 86' lang='lat' dir='ltr'><strong>Hambergerus</strong></span> 
     </span>
    </p>
   </div>
   <div class='ocr_carea' id='block_1_122' title="bbox 2208 4463 3806 4533">
    <p class='ocr_par' dir='ltr' id='par_1_122' title="bbox 2208 4463 3806 4533">
     <span class='ocr_line' id='line_1_127' title="bbox 2208 4463 3806 4533; baseline 0.003 -18"><span class='ocrx_word' id='word_1_968' title='bbox 2208 4463 2262 4533; x_wconf 79' lang='lat' dir='ltr'><strong>in</strong></span> <span class='ocrx_word' id='word_1_969' title='bbox 2317 4464 2444 4517; x_wconf 88' lang='lat' dir='ltr'><strong>diss.</strong></span> <span class='ocrx_word' id='word_1_970' title='bbox 2504 4465 2571 4519; x_wconf 90' lang='lat' dir='ltr'><strong>de</strong></span> <span class='ocrx_word' id='word_1_971' title='bbox 2622 4463 2754 4518; x_wconf 87' lang='lat' dir='ltr'><strong>Ortu</strong></span> <span class='ocrx_word' id='word_1_972' title='bbox 2801 4474 2856 4519; x_wconf 90' lang='lat' dir='ltr'><strong>et</strong></span> <span class='ocrx_word' id='word_1_973' title='bbox 2910 4467 3401 4533; x_wconf 70' lang='lat' dir='ltr'><strong>auctore,epochze</strong></span> <span class='ocrx_word' id='word_1_974' title='bbox 3448 4463 3806 4529; x_wconf 59' lang='lat' dir='ltr'><strong>Christian,</strong></span> 
     </span>
    </p>
   </div>
   <div class='ocr_carea' id='block_1_123' title="bbox 2206 4532 3809 4605">
    <p class='ocr_par' dir='ltr' id='par_1_123' title="bbox 2206 4532 3809 4605">
     <span class='ocr_line' id='line_1_128' title="bbox 2206 4532 3809 4605; baseline 0.001 -18"><span class='ocrx_word' id='word_1_975' title='bbox 2206 4532 2347 4587; x_wconf 76' lang='lat' dir='ltr'><strong>lena:</strong></span> <span class='ocrx_word' id='word_1_976' title='bbox 2375 4534 2537 4600; x_wconf 80' lang='lat' dir='ltr'><strong>I707,</strong></span> <span class='ocrx_word' id='word_1_977' title='bbox 2566 4535 2653 4590; x_wconf 90' lang='lat' dir='ltr'><strong>ed.</strong></span> <span class='ocrx_word' id='word_1_978' title='bbox 2689 4551 2740 4604; x_wconf 92' lang='lat' dir='ltr'><strong>p.</strong></span> <span class='ocrx_word' id='word_1_979' title='bbox 2793 4535 2859 4589; x_wconf 75' lang='lat' dir='ltr'><strong>M</strong></span> <span class='ocrx_word' id='word_1_980' title='bbox 2882 4552 2999 4605; x_wconf 85' lang='lat' dir='ltr'><strong>sqq.</strong></span> <span class='ocrx_word' id='word_1_981' title='bbox 3042 4537 3112 4589; x_wconf 83' lang='lat' dir='ltr'><strong>At</strong></span> <span class='ocrx_word' id='word_1_982' title='bbox 3134 4532 3339 4602; x_wconf 83' lang='lat' dir='ltr'><strong>integra</strong></span> <span class='ocrx_word' id='word_1_983' title='bbox 3369 4535 3529 4605; x_wconf 87' lang='lat' dir='ltr'><strong>verba</strong></span> <span class='ocrx_word' id='word_1_984' title='bbox 3555 4534 3809 4605; x_wconf 80' lang='lat' dir='ltr'><strong>Dionysii</strong></span> 
     </span>
    </p>
   </div>
   <div class='ocr_carea' id='block_1_124' title="bbox 2208 4604 3809 4674">
    <p class='ocr_par' dir='ltr' id='par_1_124' title="bbox 2208 4604 3809 4674">
     <span class='ocr_line' id='line_1_129' title="bbox 2208 4604 3809 4674; baseline 0.002 -17"><span class='ocrx_word' id='word_1_985' title='bbox 2208 4615 2555 4659; x_wconf 86' lang='lat' dir='ltr'><strong>controversa</strong></span> <span class='ocrx_word' id='word_1_986' title='bbox 2606 4607 2682 4659; x_wconf 93' lang='lat' dir='ltr'><strong>sic</strong></span> <span class='ocrx_word' id='word_1_987' title='bbox 2708 4604 3015 4674; x_wconf 75' lang='lat' dir='ltr'><strong>accipienda</strong></span> <span class='ocrx_word' id='word_1_988' title='bbox 3046 4615 3101 4659; x_wconf 91' lang='lat' dir='ltr'><strong>et</strong></span> <span class='ocrx_word' id='word_1_989' title='bbox 3140 4604 3455 4674; x_wconf 87' lang='lat' dir='ltr'><strong>explicanda</strong></span> <span class='ocrx_word' id='word_1_990' title='bbox 3493 4616 3623 4658; x_wconf 90' lang='lat' dir='ltr'><strong>sunt</strong></span> <span class='ocrx_word' id='word_1_991' title='bbox 3650 4622 3664 4656; x_wconf 93' lang='lat'><strong>:</strong></span> <span class='ocrx_word' id='word_1_992' title='bbox 3693 4604 3809 4660; x_wconf 75' lang='lat' dir='ltr'><strong>Ea:-</strong></span> 
     </span>
    </p>
   </div>
   <div class='ocr_carea' id='block_1_125' title="bbox 2208 4674 3810 4746">
    <p class='ocr_par' dir='ltr' id='par_1_125' title="bbox 2208 4674 3810 4746">
     <span class='ocr_line' id='line_1_130' title="bbox 2208 4674 3810 4746; baseline 0.003 -21"><span class='ocrx_word' id='word_1_993' title='bbox 2208 4684 2355 4744; x_wconf 84' lang='lat' dir='ltr'><strong>cepto</strong></span> <span class='ocrx_word' id='word_1_994' title='bbox 2404 4693 2541 4730; x_wconf 87' lang='lat' dir='ltr'><strong>anno</strong></span> <span class='ocrx_word' id='word_1_995' title='bbox 2570 4678 2735 4745; x_wconf 88' lang='lat' dir='ltr'><strong>primo</strong></span> <span class='ocrx_word' id='word_1_996' title='bbox 2766 4676 2987 4746; x_wconf 80' lang='lat' dir='ltr'><strong>(lunari)</strong></span> <span class='ocrx_word' id='word_1_997' title='bbox 3025 4690 3167 4743; x_wconf 65' lang='lat' dir='ltr'><strong>sazpe</strong></span> <span class='ocrx_word' id='word_1_998' title='bbox 3210 4674 3343 4729; x_wconf 82' lang='lat' dir='ltr'><strong>dicti</strong></span> <span class='ocrx_word' id='word_1_999' title='bbox 3374 4675 3505 4741; x_wconf 76' lang='lat' dir='ltr'><strong>cycli</strong></span> <span class='ocrx_word' id='word_1_1000' title='bbox 3530 4674 3810 4746; x_wconf 56' lang='lat' dir='ltr'><strong>decernam</strong></span> 
     </span>
    </p>
   </div>
   <div class='ocr_carea' id='block_1_126' title="bbox 2208 4743 3810 4815">
    <p class='ocr_par' dir='ltr' id='par_1_126' title="bbox 2208 4743 3810 4815">
     <span class='ocr_line' id='line_1_131' title="bbox 2208 4743 3810 4815; baseline 0.002 -20"><span class='ocrx_word' id='word_1_1001' title='bbox 2208 4746 2438 4798; x_wconf 71' lang='lat' dir='ltr'><strong>t&#39;ennalis</strong></span> <span class='ocrx_word' id='word_1_1002' title='bbox 2474 4743 2977 4815; x_wconf 23' lang='lat' dir='ltr'><strong>(ad’noveuidecim‘</strong></span> <span class='ocrx_word' id='word_1_1003' title='bbox 3014 4760 3185 4798; x_wconf 83' lang='lat' dir='ltr'><strong>annos</strong></span> <span class='ocrx_word' id='word_1_1004' title='bbox 3227 4746 3434 4799; x_wconf 87' lang='lat' dir='ltr'><strong>solares</strong></span> <span class='ocrx_word' id='word_1_1005' title='bbox 3472 4755 3529 4799; x_wconf 88' lang='lat' dir='ltr'><strong>et</strong></span> <span class='ocrx_word' id='word_1_1006' title='bbox 3555 4743 3810 4800; x_wconf 65' lang='lat' dir='ltr'><strong>Julianus</strong></span> 
     </span>
    </p>
   </div>
   <div class='ocr_carea' id='block_1_127' title="bbox 2212 4816 3804 4886">
    <p class='ocr_par' dir='ltr' id='par_1_127' title="bbox 2212 4816 3804 4886">
     <span class='ocr_line' id='line_1_132' title="bbox 2212 4816 3804 4886; baseline 0.002 -19"><span class='ocrx_word' id='word_1_1007' title='bbox 2212 4817 2623 4886; x_wconf 80' lang='lat' dir='ltr'><strong>accommodati,</strong></span> <span class='ocrx_word' id='word_1_1008' title='bbox 2674 4817 2822 4886; x_wconf 87' lang='lat' dir='ltr'><strong>etab</strong></span> <span class='ocrx_word' id='word_1_1009' title='bbox 2871 4817 3055 4870; x_wconf 84' lang='lat' dir='ltr'><strong>iisdem</strong></span> <span class='ocrx_word' id='word_1_1010' title='bbox 3098 4816 3169 4868; x_wconf 87' lang='lat' dir='ltr'><strong>ita</strong></span> <span class='ocrx_word' id='word_1_1011' title='bbox 3197 4817 3349 4885; x_wconf 88' lang='lat' dir='ltr'><strong>dicti)</strong></span> <span class='ocrx_word' id='word_1_1012' title='bbox 3392 4831 3539 4886; x_wconf 81' lang='lat' dir='ltr'><strong>quem</strong></span> <span class='ocrx_word' id='word_1_1013' title='bbox 3564 4819 3804 4886; x_wconf 81' lang='lat' dir='ltr'><strong>(annum</strong></span> 
     </span>
    </p>
   </div>
   <div class='ocr_carea' id='block_1_128' title="bbox 2212 4884 3805 4955">
    <p class='ocr_par' dir='ltr' id='par_1_128' title="bbox 2212 4884 3805 4955">
     <span class='ocr_line' id='line_1_133' title="bbox 2212 4884 3805 4955; baseline 0.003 -19"><span class='ocrx_word' id='word_1_1014' title='bbox 2212 4884 2454 4955; x_wconf 87' lang='lat' dir='ltr'><strong>lunarem</strong></span> <span class='ocrx_word' id='word_1_1015' title='bbox 2484 4888 2599 4939; x_wconf 88' lang='lat' dir='ltr'><strong>sive</strong></span> <span class='ocrx_word' id='word_1_1016' title='bbox 2644 4885 2976 4955; x_wconf 80' lang='lat' dir='ltr'><strong>paschalem)</strong></span> <span class='ocrx_word' id='word_1_1017' title='bbox 3008 4903 3038 4938; x_wconf 92' lang='lat' dir='ltr'><strong>a</strong></span> <span class='ocrx_word' id='word_1_1018' title='bbox 3068 4886 3266 4939; x_wconf 85' lang='lat' dir='ltr'><strong>decima</strong></span> <span class='ocrx_word' id='word_1_1019' title='bbox 3294 4884 3482 4955; x_wconf 79' lang='lat' dir='ltr'><strong>quarta</strong></span> <span class='ocrx_word' id='word_1_1020' title='bbox 3510 4885 3642 4939; x_wconf 76' lang='lat' dir='ltr'><strong>(mia</strong></span> <span class='ocrx_word' id='word_1_1021' title='bbox 3665 4885 3805 4940; x_wconf 74' lang='lat' dir='ltr'><strong>Pas-</strong></span> 
     </span>
    </p>
   </div>
   <div class='ocr_carea' id='block_1_129' title="bbox 2209 4954 3807 5027">
    <p class='ocr_par' dir='ltr' id='par_1_129' title="bbox 2209 4954 3807 5027">
     <span class='ocr_line' id='line_1_134' title="bbox 2209 4954 3807 5027; baseline 0.002 -22"><span class='ocrx_word' id='word_1_1022' title='bbox 2209 4954 2322 5027; x_wconf 64' lang='lat' dir='ltr'><strong>clusf</strong></span> <span class='ocrx_word' id='word_1_1023' title='bbox 2347 4956 2533 5027; x_wconf 61' lang='lat' dir='ltr'><strong>ultimi,</strong></span> <span class='ocrx_word' id='word_1_1024' title='bbox 2566 4956 2621 5009; x_wconf 88' lang='lat' dir='ltr'><strong>id</strong></span> <span class='ocrx_word' id='word_1_1025' title='bbox 2644 4954 2723 5008; x_wconf 75' lang='lat' dir='ltr'><strong>est</strong></span> <span class='ocrx_word' id='word_1_1026' title='bbox 2747 4958 2873 5027; x_wconf 67' lang='lat' dir='ltr'><strong>uani</strong></span> <span class='ocrx_word' id='word_1_1027' title='bbox 2898 4957 3106 5024; x_wconf 86' lang='lat' dir='ltr'><strong>decimi,</strong></span> <span class='ocrx_word' id='word_1_1028' title='bbox 3126 4958 3251 5010; x_wconf 87' lang='lat' dir='ltr'><strong>anni</strong></span> <span class='ocrx_word' id='word_1_1029' title='bbox 3288 4954 3652 5027; x_wconf 12' lang='lat' dir='ltr'><strong>(Solaris_,gqui</strong></span> <span class='ocrx_word' id='word_1_1030' title='bbox 3684 4965 3807 5009; x_wconf 83' lang='lat' dir='ltr'><strong>erat</strong></span> 
     </span>
    </p>
   </div>
   <div class='ocr_carea' id='block_1_130' title="bbox 2210 5024 3808 5096">
    <p class='ocr_par' dir='ltr' id='par_1_130' title="bbox 2210 5024 3808 5096">
     <span class='ocr_line' id='line_1_135' title="bbox 2210 5024 3808 5096; baseline -0.001 -19"><span class='ocrx_word' id='word_1_1031' title='bbox 2210 5026 2413 5096; x_wconf 86' lang='lat' dir='ltr'><strong>periodi</strong></span> <span class='ocrx_word' id='word_1_1032' title='bbox 2461 5025 2685 5079; x_wconf 76' lang='lat' dir='ltr'><strong>Julianze</strong></span> <span class='ocrx_word' id='word_1_1033' title='bbox 2744 5025 2911 5089; x_wconf 71' lang='grc'><strong>5244,</strong></span> <span class='ocrx_word' id='word_1_1034' title='bbox 2955 5043 3075 5081; x_wconf 68' lang='lat' dir='ltr'><strong>sem</strong></span> <span class='ocrx_word' id='word_1_1035' title='bbox 3106 5024 3441 5096; x_wconf 70' lang='lat' dir='ltr'><strong>Dionysianze</strong></span> <span class='ocrx_word' id='word_1_1036' title='bbox 3480 5024 3610 5093; x_wconf 77' lang='grc'><strong>521)</strong></span> <span class='ocrx_word' id='word_1_1037' title='bbox 3641 5042 3808 5096; x_wconf 66' lang='lat' dir='ltr'><strong>usque</strong></span> 
     </span>
    </p>
   </div>
   <div class='ocr_carea' id='block_1_131' title="bbox 2210 5094 3804 5169">
    <p class='ocr_par' dir='ltr' id='par_1_131' title="bbox 2210 5094 3804 5169">
     <span class='ocr_line' id='line_1_136' title="bbox 2210 5094 3804 5169; baseline 0 -22"><span class='ocrx_word' id='word_1_1038' title='bbox 2210 5094 2280 5169; x_wconf 74' lang='lat' dir='ltr'><strong>ad</strong></span> <span class='ocrx_word' id='word_1_1039' title='bbox 2308 5096 2561 5169; x_wconf 81' lang='lat' dir='ltr'><strong>decimam</strong></span> <span class='ocrx_word' id='word_1_1040' title='bbox 2581 5106 2822 5169; x_wconf 71' lang='lat' dir='ltr'><strong>quartam</strong></span> <span class='ocrx_word' id='word_1_1041' title='bbox 2854 5099 3082 5169; x_wconf 80' lang='lat' dir='ltr'><strong>ejusdem</strong></span> <span class='ocrx_word' id='word_1_1042' title='bbox 3112 5094 3265 5165; x_wconf 84' lang='lat' dir='ltr'><strong>primi</strong></span> <span class='ocrx_word' id='word_1_1043' title='bbox 3297 5096 3445 5165; x_wconf 82' lang='lat' dir='ltr'><strong>(anni</strong></span> <span class='ocrx_word' id='word_1_1044' title='bbox 3473 5096 3676 5169; x_wconf 84' lang='lat' dir='ltr'><strong>solaris</strong></span> <span class='ocrx_word' id='word_1_1045' title='bbox 3706 5094 3804 5164; x_wconf 80' lang='lat' dir='ltr'><strong>qui</strong></span> 
     </span>
    </p>
   </div>
   <div class='ocr_carea' id='block_1_132' title="bbox 2210 5164 3805 5238">
    <p class='ocr_par' dir='ltr' id='par_1_132' title="bbox 2210 5164 3805 5238">
     <span class='ocr_line' id='line_1_137' title="bbox 2210 5164 3805 5238; baseline 0 -21"><span class='ocrx_word' id='word_1_1046' title='bbox 2210 5164 2263 5217; x_wconf 86' lang='lat' dir='ltr'><strong>in</strong></span> <span class='ocrx_word' id='word_1_1047' title='bbox 2294 5164 2630 5238; x_wconf 21' lang='lat' dir='ltr'><strong>capiteﬁcycli</strong></span> <span class='ocrx_word' id='word_1_1048' title='bbox 2659 5164 2966 5238; x_wconf 75' lang='lat' dir='ltr'><strong>Dionysiani</strong></span> <span class='ocrx_word' id='word_1_1049' title='bbox 3004 5164 3240 5238; x_wconf 71' lang='lat' dir='ltr'><strong>positus,</strong></span> <span class='ocrx_word' id='word_1_1050' title='bbox 3272 5164 3392 5238; x_wconf 81' lang='lat' dir='ltr'><strong>erat</strong></span> <span class='ocrx_word' id='word_1_1051' title='bbox 3414 5181 3593 5238; x_wconf 67' lang='lat' dir='ltr'><strong>annus</strong></span> <span class='ocrx_word' id='word_1_1052' title='bbox 3607 5168 3805 5238; x_wconf 57' lang='lat' dir='ltr'><strong>inar-</strong></span> 
     </span>
    </p>
   </div>
   <div class='ocr_carea' id='block_1_133' title="bbox 2209 5234 3801 5303">
    <p class='ocr_par' dir='ltr' id='par_1_133' title="bbox 2209 5234 3801 5303">
     <span class='ocr_line' id='line_1_138' title="bbox 2209 5234 3801 5303; baseline 0.001 -17"><span class='ocrx_word' id='word_1_1053' title='bbox 2209 5234 2441 5290; x_wconf 84' lang='lat' dir='ltr'><strong>nationis</strong></span> <span class='ocrx_word' id='word_1_1054' title='bbox 2467 5234 2591 5301; x_wconf 71' lang='grc'><strong>552,</strong></span> <span class='ocrx_word' id='word_1_1055' title='bbox 2615 5246 2674 5291; x_wconf 81' lang='grc' dir='ltr'><strong>ιιι</strong></span> <span class='ocrx_word' id='word_1_1056' title='bbox 2702 5234 2902 5292; x_wconf 80' lang='lat' dir='ltr'><strong>diserte</strong></span> <span class='ocrx_word' id='word_1_1057' title='bbox 2925 5234 3153 5291; x_wconf 75' lang='lat' dir='ltr'><strong>testatur</strong></span> <span class='ocrx_word' id='word_1_1058' title='bbox 3181 5235 3324 5290; x_wconf 88' lang='lat' dir='ltr'><strong>Beda</strong></span> <span class='ocrx_word' id='word_1_1059' title='bbox 3351 5235 3421 5289; x_wconf 88' lang='lat' dir='ltr'><strong>de</strong></span> <span class='ocrx_word' id='word_1_1060' title='bbox 3451 5234 3581 5289; x_wconf 77' lang='lat' dir='ltr'><strong>Rat.</strong></span> <span class='ocrx_word' id='word_1_1061' title='bbox 3607 5234 3801 5303; x_wconf 84' lang='lat' dir='ltr'><strong>Temp.</strong></span> 
     </span>
    </p>
   </div>
   <div class='ocr_carea' id='block_1_134' title="bbox 2207 5305 3806 5377">
    <p class='ocr_par' dir='ltr' id='par_1_134' title="bbox 2207 5305 3806 5377">
     <span class='ocr_line' id='line_1_139' title="bbox 2207 5305 3806 5377; baseline 0.002 -21"><span class='ocrx_word' id='word_1_1062' title='bbox 2207 5320 2327 5377; x_wconf 86' lang='lat' dir='ltr'><strong>cap.</strong></span> <span class='ocrx_word' id='word_1_1063' title='bbox 2354 5305 2443 5377; x_wconf 80' lang='grc'><strong>47)</strong></span> <span class='ocrx_word' id='word_1_1064' title='bbox 2487 5324 2759 5363; x_wconf 83' lang='lat' dir='ltr'><strong>numerare</strong></span> <span class='ocrx_word' id='word_1_1065' title='bbox 2787 5324 3051 5362; x_wconf 78' lang='lat' dir='ltr'><strong>curamus.</strong></span> <span class='ocrx_word' id='word_1_1066' title='bbox 3099 5305 3189 5360; x_wconf 88' lang='lat' dir='ltr'><strong>Sic</strong></span> <span class='ocrx_word' id='word_1_1067' title='bbox 3216 5320 3349 5377; x_wconf 80' lang='lat' dir='ltr'><strong>ergo</strong></span> <span class='ocrx_word' id='word_1_1068' title='bbox 3386 5321 3559 5359; x_wconf 83' lang='lat' dir='ltr'><strong>annus</strong></span> <span class='ocrx_word' id='word_1_1069' title='bbox 3591 5306 3806 5377; x_wconf 77' lang='lat' dir='ltr'><strong>lunaris</strong></span> 
     </span>
    </p>
   </div>
   <div class='ocr_carea' id='block_1_135' title="bbox 2202 5375 3806 5446">
    <p class='ocr_par' dir='ltr' id='par_1_135' title="bbox 2202 5375 3806 5446">
     <span class='ocr_line' id='line_1_140' title="bbox 2202 5375 3806 5446; baseline 0.001 -18"><span class='ocrx_word' id='word_1_1070' title='bbox 2202 5375 2319 5430; x_wconf 77' lang='lat' dir='ltr'><strong>sive</strong></span> <span class='ocrx_word' id='word_1_1071' title='bbox 2349 5375 3017 5446; x_wconf 77' lang='lat' dir='ltr'><strong>paschalis,antecedentis</strong></span> <span class='ocrx_word' id='word_1_1072' title='bbox 3046 5376 3171 5430; x_wconf 86' lang='lat' dir='ltr'><strong>anni</strong></span> <span class='ocrx_word' id='word_1_1073' title='bbox 3190 5375 3385 5431; x_wconf 86' lang='lat' dir='ltr'><strong>solaris</strong></span> <span class='ocrx_word' id='word_1_1074' title='bbox 3408 5376 3592 5430; x_wconf 87' lang='lat' dir='ltr'><strong>ultimi</strong></span> <span class='ocrx_word' id='word_1_1075' title='bbox 3618 5375 3806 5439; x_wconf 82' lang='lat' dir='ltr'><strong>linem,</strong></span> 
     </span>
    </p>
   </div>
   <div class='ocr_carea' id='block_1_136' title="bbox 2204 5446 3804 5525">
    <p class='ocr_par' dir='ltr' id='par_1_136' title="bbox 2204 5446 3804 5525">
     <span class='ocr_line' id='line_1_141' title="bbox 2204 5446 3804 5525; baseline -0.003 -22"><span class='ocrx_word' id='word_1_1076' title='bbox 2204 5454 2260 5503; x_wconf 88' lang='lat' dir='ltr'><strong>et</strong></span> <span class='ocrx_word' id='word_1_1077' title='bbox 2283 5454 2667 5525; x_wconf 68' lang='lat' dir='ltr'><strong>consequentis</strong></span> <span class='ocrx_word' id='word_1_1078' title='bbox 2689 5451 2846 5518; x_wconf 89' lang='lat' dir='ltr'><strong>primi</strong></span> <span class='ocrx_word' id='word_1_1079' title='bbox 2876 5449 3086 5502; x_wconf 89' lang='lat' dir='ltr'><strong>initium</strong></span> <span class='ocrx_word' id='word_1_1080' title='bbox 3113 5446 3455 5525; x_wconf 83' lang='lat' dir='ltr'><strong>oecupabat_:</strong></span> <span class='ocrx_word' id='word_1_1081' title='bbox 3480 5447 3804 5525; x_wconf 63' lang='lat' dir='ltr'><strong>atqueadeo</strong></span> 
     </span>
    </p>
   </div>
   <div class='ocr_carea' id='block_1_137' title="bbox 2205 5516 3807 5586">
    <p class='ocr_par' dir='ltr' id='par_1_137' title="bbox 2205 5516 3807 5586">
     <span class='ocr_line' id='line_1_142' title="bbox 2205 5516 3807 5586; baseline 0 -16"><span class='ocrx_word' id='word_1_1082' title='bbox 2205 5516 2351 5570; x_wconf 87' lang='lat' dir='ltr'><strong>nulla</strong></span> <span class='ocrx_word' id='word_1_1083' title='bbox 2383 5516 2652 5573; x_wconf 81' lang='lat' dir='ltr'><strong>incondita</strong></span> <span class='ocrx_word' id='word_1_1084' title='bbox 2678 5516 2703 5586; x_wconf 71' lang='grc'><strong>,’</strong></span> <span class='ocrx_word' id='word_1_1085' title='bbox 2725 5528 2820 5574; x_wconf 89' lang='lat' dir='ltr'><strong>aut</strong></span> <span class='ocrx_word' id='word_1_1086' title='bbox 2844 5535 2905 5575; x_wconf 86' lang='lat' dir='ltr'><strong>se</strong></span> <span class='ocrx_word' id='word_1_1087' title='bbox 2950 5526 3138 5578; x_wconf 84' lang='lat' dir='ltr'><strong>mutuo</strong></span> <span class='ocrx_word' id='word_1_1088' title='bbox 3172 5518 3475 5573; x_wconf 74' lang='lat' dir='ltr'><strong>ever-tentia</strong></span> <span class='ocrx_word' id='word_1_1089' title='bbox 3512 5516 3572 5570; x_wconf 84' lang='lat' dir='ltr'><strong>in</strong></span> <span class='ocrx_word' id='word_1_1090' title='bbox 3619 5517 3807 5572; x_wconf 82' lang='lat' dir='ltr'><strong>verbis</strong></span> 
     </span>
    </p>
   </div>
   <div class='ocr_carea' id='block_1_138' title="bbox 2208 5587 2787 5644">
    <p class='ocr_par' dir='ltr' id='par_1_138' title="bbox 2208 5587 2787 5644">
     <span class='ocr_line' id='line_1_143' title="bbox 2208 5587 2787 5644; baseline 0.007 -4"><span class='ocrx_word' id='word_1_1091' title='bbox 2208 5587 2446 5644; x_wconf 91' lang='lat' dir='ltr'><strong>Dionvsii</strong></span> <span class='ocrx_word' id='word_1_1092' title='bbox 2477 5600 2787 5644; x_wconf 91' lang='lat' dir='ltr'><strong>occurrunt.</strong></span> 
     </span>
    </p>
   </div>
   <div class='ocr_carea' id='block_1_139' title="bbox 2284 5658 3184 5722">
    <p class='ocr_par' dir='ltr' id='par_1_139' title="bbox 2284 5658 3184 5722">
     <span class='ocr_line' id='line_1_144' title="bbox 2284 5658 3184 5722; baseline 0.003 -11"><span class='ocrx_word' id='word_1_1093' title='bbox 2284 5658 2301 5694; x_wconf 75' lang='grc' dir='ltr'><strong>ί</strong></span> <span class='ocrx_word' id='word_1_1094' title='bbox 2336 5658 2458 5722; x_wconf 84' lang='lat' dir='ltr'><strong>Alii,</strong></span> <span class='ocrx_word' id='word_1_1095' title='bbox 2483 5660 2827 5715; x_wconf 75' lang='lat' dir='ltr'><strong>consevimus.</strong></span> <span class='ocrx_word' id='word_1_1096' title='bbox 2860 5661 3184 5717; x_wconf 69' lang='grc' dir='ltr'><strong>Βυαιιιιιυε.</strong></span> 
     </span>
    </p>
   </div>
   <div class='ocr_carea' id='block_1_140' title="bbox 2281 5724 3811 5799">
    <p class='ocr_par' dir='ltr' id='par_1_140' title="bbox 2281 5724 3811 5799">
     <span class='ocr_line' id='line_1_145' title="bbox 2281 5724 3811 5799; baseline -0.001 -17"><span class='ocrx_word' id='word_1_1097' title='bbox 2281 5738 2305 5774; x_wconf 74' lang='lat'><strong><em>8</em></strong></span> <span class='ocrx_word' id='word_1_1098' title='bbox 2333 5728 2388 5782; x_wconf 93' lang='lat' dir='ltr'><strong>ln</strong></span> <span class='ocrx_word' id='word_1_1099' title='bbox 2420 5729 2659 5783; x_wconf 85' lang='lat' dir='ltr'><strong>editione</strong></span> <span class='ocrx_word' id='word_1_1100' title='bbox 2704 5732 2905 5786; x_wconf 84' lang='lat' dir='ltr'><strong>Petavii</strong></span> <span class='ocrx_word' id='word_1_1101' title='bbox 2947 5733 3174 5799; x_wconf 85' lang='lat' dir='ltr'><strong>legitur,</strong></span> <span class='ocrx_word' id='word_1_1102' title='bbox 3206 5731 3405 5783; x_wconf 85' lang='lat' dir='ltr'><strong>retinet.</strong></span> <span class='ocrx_word' id='word_1_1103' title='bbox 3457 5726 3679 5792; x_wconf 83' lang='lat' dir='ltr'><strong>Primo;</strong></span> <span class='ocrx_word' id='word_1_1104' title='bbox 3711 5724 3811 5780; x_wconf 82' lang='lat' dir='ltr'><strong>sed</strong></span> 
     </span>
    </p>
   </div>
   <div class='ocr_carea' id='block_1_141' title="bbox 2208 5800 3811 5871">
    <p class='ocr_par' dir='ltr' id='par_1_141' title="bbox 2208 5800 3811 5871">
     <span class='ocr_line' id='line_1_146' title="bbox 2208 5800 3811 5871; baseline 0 -18"><span class='ocrx_word' id='word_1_1105' title='bbox 2208 5813 2329 5853; x_wconf 89' lang='lat' dir='ltr'><strong>cum</strong></span> <span class='ocrx_word' id='word_1_1106' title='bbox 2355 5800 2621 5871; x_wconf 79' lang='lat' dir='ltr'><strong>Buclierii,</strong></span> <span class='ocrx_word' id='word_1_1107' title='bbox 2653 5802 2933 5871; x_wconf 79' lang='lat' dir='ltr'><strong>quamliic</strong></span> <span class='ocrx_word' id='word_1_1108' title='bbox 2954 5803 3274 5869; x_wconf 87' lang='lat' dir='ltr'><strong>retinemus,</strong></span> <span class='ocrx_word' id='word_1_1109' title='bbox 3305 5800 3542 5856; x_wconf 85' lang='lat' dir='ltr'><strong>lectione</strong></span> <span class='ocrx_word' id='word_1_1110' title='bbox 3565 5812 3811 5855; x_wconf 82' lang='lat' dir='ltr'><strong>consen-</strong></span> 
     </span>
    </p>
   </div>
   <div class='ocr_carea' id='block_1_142' title="bbox 2209 5870 3223 5941">
    <p class='ocr_par' dir='ltr' id='par_1_142' title="bbox 2209 5870 3223 5941">
     <span class='ocr_line' id='line_1_147' title="bbox 2209 5870 3223 5941; baseline 0.005 -18"><span class='ocrx_word' id='word_1_1111' title='bbox 2209 5872 2348 5925; x_wconf 88' lang='lat' dir='ltr'><strong>tiunt</strong></span> <span class='ocrx_word' id='word_1_1112' title='bbox 2376 5885 2505 5926; x_wconf 87' lang='lat' dir='ltr'><strong>mss.</strong></span> <span class='ocrx_word' id='word_1_1113' title='bbox 2536 5870 2689 5941; x_wconf 78' lang='lat' dir='ltr'><strong>Digb.</strong></span> <span class='ocrx_word' id='word_1_1114' title='bbox 2722 5883 2778 5928; x_wconf 91' lang='lat' dir='ltr'><strong>et</strong></span> <span class='ocrx_word' id='word_1_1115' title='bbox 2806 5870 2949 5928; x_wconf 87' lang='lat' dir='ltr'><strong>Cott.</strong></span> <span class='ocrx_word' id='word_1_1116' title='bbox 2978 5883 3223 5940; x_wconf 88' lang='lat' dir='ltr'><strong>uterque.</strong></span> 
     </span>
    </p>
   </div>
  </div>
