4000 6344
228 278 334 333 517

1270 266 1597 323 EPiSTUl.A
1640 265 1724 320 DE
1769 264 2066 320 RATIONE
2108 264 2419 320 PASCHAS.

3425 268 3528 323 518

229 389 522 445 volvuntur
552 396 599 450 ⁸,
647 386 790 441 nulla
835 393 1023 456 epacta
1072 385 1124 438 in
1175 382 1439 454 principio
1491 381 1656 450 ipsius
1699 382 1836 451 cycli
1871 388 1911 440 Α
2015 379 2170 433 Αηιιο
2213 379 2721 436 decemuoverualis
2772 381 2956 436 circuli
3016 382 3026 432 i
3087 381 3281 451 primo,
3334 380 3538 438 lunaris

229 479 473 553 ponitur,
496 479 762 533 secundus
785 482 963 531 autem
988 491 1159 532 anuus
1189 484 1410 545 epactas
1440 472 1686 528 undecim
1713 487 1832 526 sus-

229 575 398 643 cipit:
449 578 504 626 et
541 569 685 633 ideo,
723 570 862 624 sicut
903 568 1152 632 diximus,
1184 583 1214 621 a
1241 566 1449 622 decima
1487 566 1672 634 quinta
1711 564 1834 617 luna

232 664 455 720 Paschm
484 663 638 732 primi
667 661 830 732 cycli,
853 675 1025 730 usque
1055 660 1119 712 ad
1153 659 1312 713 linem
1343 656 1481 728 ejus,
1510 657 1562 710 in
1593 671 1836 710 commu-

231 756 390 810 nibus
427 765 479 808 ct
510 751 844 808 cmbohsmis
866 752 1020 806 anuis
1051 749 1298 820 praefixos
1325 750 1439 804 dies
1471 763 1569 802 nos
1596 746 1837 801 invenire

232 861 339 896 nou
371 843 590 897 dubium
623 852 722 898 est.
767 842 921 909 Quod
963 842 1006 897 si
1053 841 1209 895 aliter
1242 841 1531 910 aliquando
1560 838 1836 895 calculan-

231 935 365 987 tium
399 934 665 1004 imperitia
695 931 855 986 fuerit
883 932 1119 987 fortassis
1151 933 1480 1000 expositum,
1511 931 1612 985 hac
1650 930 1836 986 obser-

232 1026 418 1079 vantia
449 1024 881 1080 ratiocinationis
911 1039 1098 1078 eorum
1126 1021 1332 1076 falsitas
1361 1031 1636 1090 arguetur.

308 1119 486 1187 Atque
517 1127 573 1172 ut
602 1119 707 1174 hoc
734 1118 1070 1172 manifestius
1097 1117 1266 1187 possit
1289 1117 1532 1185 intelligi,
1559 1115 1838 1186 praesentis

231 1210 358 1263 anni
388 1209 641 1280 exemplo
685 1219 1065 1263 monstremus.
1111 1207 1335 1262 lmlictio
1363 1209 1561 1277 quippe
1591 1215 1783 1278 quarta
1809 1207 1835 1244 δ

233 1312 337 1366 est,
369 1311 426 1355 et
456 1302 660 1357 lunaris
687 1301 919 1357 circulus
961 1301 1299 1365 undecimus;
1333 1300 1838 1356 dcccmnovcnnalis

233 1391 419 1462 cyclus
455 1391 698 1448 decimus
739 1401 962 1462 quartus
1013 1403 1058 1444 ε.
1110 1390 1172 1444 Et
1217 1393 1470 1461 quoniam
1512 1390 1839 1447 hcndeca‘dis

233 1492 422 1538 sextus
451 1499 624 1538 annus
651 1492 754 1549 est,
785 1499 909 1537 cum
940 1483 1314 1538 cmbolismum
1345 1499 1464 1539 esse
1495 1499 1713 1538 necesse
1734 1493 1835 1539 est.

235 1577 278 1630 A
310 1576 518 1630 decima
551 1576 736 1645 quinta
765 1575 945 1644 itaque
975 1575 1096 1629 luna
1138 1575 1394 1645 pncteriti
1425 1573 1545 1631 festi
1575 1590 1744 1644 usque
1771 1575 1839 1629 ad

237 1664 510 1720 decimam
541 1675 790 1734 quartam
819 1666 1120 1735 praesentis,
1149 1674 1283 1736 quot
1310 1674 1438 1721 sunt
1465 1666 1580 1721 dies
1608 1665 1837 1736 diligen-

1938 471 2150 527 decimo
2172 472 2423 542 septimo,
2450 487 2478 525 a
2501 471 2709 526 decimo
2735 474 2924 541 quinto
2945 471 3197 527 calendas
3217 471 3344 526 Maii
3367 489 3538 543 usque

1938 580 2108 618 nonas
2147 563 2364 635 Aprilis,
2394 565 2518 634 quia
2548 565 2850 619 communis
2879 581 3052 620 anuus
3074 565 3340 634 est,'linnt
3367 563 3392 604 ⁸
3423 566 3540 622 dies

1939 657 2163 710 trecenti
2195 657 2581 725 quinquaginta
2613 666 2866 727 quatuor.

2009 750 2164 805 Anno
2188 750 2699 805 decemnovennalis
2723 748 2906 803 circuli
2931 748 3192 815 secundo,
3211 749 3426 804 lunaris
3451 747 3542 802 dc-

1938 843 2080 897 cimo
2107 850 2326 908 octavo,
2349 842 2416 894 ab
2438 849 2631 895 octavo
2657 840 2773 894 idus
2797 839 2994 909 Aprilis
3016 855 3185 908 usque
3210 839 3259 892 in
3288 849 3539 893 octavum

1939 931 2189 985 calendas
2216 931 2434 1000 Aprilis,
2466 930 2587 998 quia
2619 929 2922 983 communis
2943 943 3116 982 anuus
3139 936 3248 995 est,
3272 928 3402 981 ilum
3425 928 3542 982 dies

1941 1022 2169 1077 trecenti
2201 1020 2589 1090 quinquaginta
2620 1028 2872 1088 quatuor.

2010 1113 2165 1166 Anno
2194 1112 2704 1166 decemnov‘ennalis
2741 1111 2928 1165 circuli
2964 1109 3144 1177 tertio,
3175 1108 3375 1163 lunaris
3402 1107 3543 1163 deci-

1941 1221 2030 1260 mo
2063 1221 2230 1270 nono,
2262 1219 2290 1258 a
2321 1204 2551 1274 septimo
2589 1203 2840 1258 calendas
2883 1203 3078 1273 Aprilis
3119 1217 3288 1270 usque
3331 1202 3383 1255 in
3427 1201 3543 1255 idus

1941 1297 2156 1366 Aprilis,
2181 1295 2307 1366 quia
2330 1295 2680 1350 embolismus
2703 1303 2806 1360 est,
2827 1294 2971 1348 liunt
2995 1293 3110 1347 dies
3141 1292 3366 1346 trecenti
3391 1300 3544 1345 octo-

1942 1389 2089 1458 ginta
2121 1399 2374 1457 quatuor.

2013 1482 2168 1536 Anno
2198 1481 2704 1536 decemnovennalis
2739 1480 2921 1535 circuli
2953 1487 3170 1548 quarto,
3201 1478 3403 1532 lunaris
3427 1475 3541 1546 pri-

1943 1591 2052 1640 mo,
2077 1590 2106 1628 a
2136 1574 2344 1629 decimo
2367 1583 2562 1629 octavo
2585 1572 2840 1628 calendas
2869 1572 2990 1626 Maii
3019 1586 3186 1640 usque
3216 1570 3267 1624 in
3291 1579 3541 1640 quartum

1946 1681 2112 1721 nonas
2138 1666 2356 1735 Aprilis,
2385 1667 2512 1734 quia
2544 1665 2844 1721 communis
2874 1671 2974 1726 est,
3006 1664 3141 1716 liunt
3171 1660 3542 1717 dies*treceuti

237 1760 342 1814 tius
371 1759 728 1828 inquiramns,
761 1767 817 1814 et
845 1759 1184 1814 inveniemus
1218 1759 1405 1829 procul
1434 1759 1596 1814 dubio
1623 1760 1841 1830 quando
1881 1773 1920 1830 Β
1949 1759 2332 1829 quinquaginta
2364 1771 2612 1826 quatuor.

236 1850 444 1905 Pascha
491 1850 769 1905 celebrare
809 1850 1120 1906 debeamus.
1164 1849 1462 1906 Transacto
1500 1868 1643 1906 anno
1674 1850 1699 1889 ιλ
1743 1870 1839 1924 per

237 1942 590 1996 indictioncm
639 1943 850 1996 tertiam
896 1944 970 2010 (in
1023 1940 1253 2012 Pascha)
1295 1953 1317 1979 ε
1361 1942 1541 1996 lunam
1573 1945 1836 1999 decimam

234 2043 490 2102 quartam
520 2049 664 2088 nono
693 2033 1038 2088 calendarum
1069 2034 1330 2108 Aprilium
1361 2035 1466 2102 die,
1499 2035 1551 2090 id
1578 2046 1658 2092 est
1687 2039 1838 2107 vige-

235 2138 377 2178 snno
425 2131 620 2192 quarto
662 2123 863 2177 mensis
903 2122 1079 2177 Martii
1122 2124 1309 2192 fuisse,
1341 2126 1463 2194 quis
1491 2126 1718 2192 dubitet,
1748 2130 1839 2199 qui

235 2225 428 2271 euram
459 2211 618 2282 hujus
661 2213 737 2267 rei
782 2213 980 2268 habere
1005 2215 1538 2286 quantulumcunque
1559 2221 1838 2288 cognosci-

235 2307 360 2359 tur?
385 2303 452 2357 Et
482 2305 603 2360 ideo
630 2305 696 2360 ab
725 2314 921 2364 octavo
950 2306 1297 2362 calendarum
1331 2308 1593 2378 Aprilium
1625 2311 1712 2366 die
1741 2329 1840 2367 nu—

235 2395 480 2452 merandi
527 2413 800 2452 sumamus
840 2399 1163 2456 exordium:
1199 2399 1464 2456 habemus
1502 2401 1680 2458 Martii
1725 2405 1841 2460 dies

233 2496 468 2570 sqptem,
497 2488 694 2559 Aprilis
727 2490 963 2559 triginta,
998 2490 1121 2546 Maii
1155 2492 1370 2561 triginta
1400 2501 1457 2547 et
1486 2509 1669 2561 unum,
1696 2494 1839 2552 Junii

233 2579 478 2647 triginta,
509 2577 631 2633 Julii
680 2581 896 2649 triginta
936 2590 991 2634 et
1028 2598 1212 2647 unum,
1255 2581 1480 2652 Augusti
1528 2585 1745 2653 triginta
1787 2597 1842 2642 et

232 2685 428 2734 unum,
444 2669 779 2739 Septembris
803 2671 1040 2738 triginta,
1065 2669 1313 2729 Octobris
1337 2673 1553 2743 triginta
1571 2683 1631 2733 et
1653 2693 1836 2742 unum,

230 2760 561 2814 Novembris
591 2761 825 2829 triginta,
859 2761 1168 2818 Decembris
1201 2764 1416 2833 triginta
1448 2773 1721 2834 et‘uuum,
1751 2764 1842 2820 Ja-

230 2852 412 2906 nuarii
448 2852 665 2920 triginta
697 2862 751 2906 et
780 2869 965 2917 unum,
1001 2852 1276 2907 Februarii
1308 2854 1494 2923 viginti
1524 2863 1668 2920 octo,
1701 2853 1836 2910 Mar-

231 2942 291 2996 tii
326 2943 549 3012 triginta
575 2951 630 2997 et
656 2958 842 3010 unum,
875 2943 1073 3014 Aprilis
1101 2943 1385 2999 duodecim
1413 2944 1550 3012 dies,
1578 2946 1723 3016 quod
1756 2956 1841 3002 cst

231 3034 412 3105 pridie
450 3033 574 3088 idus
612 3033 832 3105 Aprilis.
884 3034 1043 3089 Fiunt
1087 3034 1244 3089 simul
1296 3037 1524 3092 trecenti
1566 3038 1838 3106 octoginta

2014 1855 2170 1908 Auno
2199 1850 2706 1906 deeemnovennalis
2739 1849 2932 1906 circuli
2975 1849 3185 1919 quinto,
3220 1849 3422 1903 lunaris
3452 1864 3542 1902 se-

1943 1945 2142 2004 cundo.
2175 1960 2205 1997 a
2238 1945 2399 1997 tertio
2430 1957 2602 1998 nonas
2641 1941 2840 2006 Aprilis
2878 1957 3048 2010 usque
3095 1941 3146 1994 iu
3197 1940 3538 1996 undecinuun

1943 2035 2194 2092 calendas
2225 2035 2440 2104 Aprilis,
2471 2034 2596 2105 quia
2639 2032 2940 2090 communis
2973 2041 3075 2098 est,
3109 2031 3242 2086 liunt
3270 2031 3384 2086 dies
3429 2042 3538 2086 tre-

1942 2130 2082 2184 centi
2111 2129 2496 2200 quinquaginta
2525 2137 2778 2197 quatuor.

2014 2223 2169 2277 Anno
2191 2221 2698 2277 decemuovennalis
2718 2220 3101 2281 circulisexto,
3119 2219 3333 2274 .luuaris
3357 2221 3542 2286 tertio,

1943 2329 1972 2367 a
2015 2313 2225 2368 decimo
2268 2312 2521 2368 calendas
2565 2311 2762 2381 Aprilis
2815 2325 2986 2380 usque
3037 2310 3090 2365 in
3134 2318 3383 2378 quartum
3427 2311 3544 2365 idus

1945 2407 2159 2474 Aprilis,
2183 2406 2306 2475 quia
2337 2405 2683 2460 embolismus
2710 2410 2812 2469 est,
2839 2402 2970 2458 liunt
3000 2400 3116 2458 dies
3145 2403 3371 2458 trecenti
3395 2414 3542 2458 oens

1943 2497 2090 2570 ginta
2121 2505 2373 2566 quatuor.

2015 2589 2170 2641 Anno
2219 2587 2728 2642 decemnovennalis
2776 2585 2963 2641 circuli
3017 2585 3288 2656 septimo,
3340 2585 3542 2644 lunaris

1943 2687 2157 2748 quarto,
2193 2693 2222 2730 a
2255 2678 2416 2732 tertio
2445 2678 2562 2731 idus
2606 2677 2806 2748 Aprilis
2833 2691 3002 2747 usque
3033 2677 3085 2729 in
3118 2677 3331 2731 tertium
3355 2676 3542 2731 .caleu-

1945 2770 2039 2825 das
2069 2770 2287 2840 Aprilis,
2315 2770 2438 2840 quia
2488 2770 2932 2840 communisest,
2975 2767 3111 2824 liunt
3155 2769 3271 2824 dies
3315 2770 3543 2826 trecenti

1944 2862 2329 2932 quinquaginta
2362 2871 2615 2932 quatuor.

2017 2955 2170 3009 Anno
2235 2952 2745 3010 decemnovennalis
2807 2951 2994 3008 circuli
3051 2960 3284 3020 octavo,
3342 2953 3545 3008 lunaris

1943 3047 2152 3116 quinto,
2183 3062 2213 3102 a
2252 3048 2424 3119 pridie
2465 3045 2715 3101 calendas
2760 3045 2956 3116 Aprilis
2999 3061 3166 3114 usque
3195 3045 3247 3101 in
3277 3046 3540 3102 decimum

231 3135 496 3194 quatuor.
537 3125 690 3192 Quod
734 3127 802 3194 si,
844 3126 998 3198 juxta
1044 3143 1230 3183 eorum
1270 3129 1637 3184 deﬁnitionem
1688 3129 1706 3168 ί
1749 3130 1840 3200 qui
1871 3152 1916 3214 ρ
1947 3148 2197 3206 quartum
2245 3137 2498 3192 calendas
2540 3136 2686 3202 Maii,
2715 3138 2841 3206 quia
2881 3137 3229 3193 embolismus
3261 3148 3370 3206 est,
3414 3137 3545 3197 liunt

232 3217 425 3272 lunam
458 3218 614 3273 aliter
639 3235 800 3290 quam
831 3235 888 3274 se
921 3220 1114 3274 veritas
1147 3221 1307 3274 habet
1336 3232 1672 3291 computant,
1698 3222 1843 3276 deci-

232 3325 379 3363 mam
405 3321 674 3378 quartam,
701 3326 808 3365 non
839 3311 1008 3380 pridie
1035 3311 1214 3365 iduum
1248 3313 1532 3383 Aprilium,
1562 3312 1655 3369 sed
1682 3314 1841 3369 tertio

229 3398 426 3456 iduum
465 3400 654 3456 demus
685 3418 993 3472 occurrere,
1031 3405 1257 3459 trecenti
1289 3407 1561 3474 octoginta
1590 3418 1698 3461 tres
1726 3406 1840 3461 dies

231 3493 526 3550 imminuto
548 3511 770 3551 numero
787 3496 1106 3566 colligcutur
1129 3509 1184 3563 8;
1207 3499 1350 3568 quod
1375 3499 1520 3556 nullo
1547 3499 1658 3556 ﬁeri
1680 3511 1839 3571 pacto

233 3583 575 3638 conceditur.
620 3583 686 3640 Et
715 3586 787 3640 ita
818 3601 1032 3656 semper
1058 3590 1271 3658 quoties
1299 3589 1564 3646 dubitatio
1594 3594 1715 3647 talis
1747 3608 1841 3648 oc-

234 3675 489 3742 currerit,
519 3691 549 3730 a
582 3675 792 3731 decima
819 3679 1008 3748 quinta
1051 3680 1172 3734 luna
1205 3691 1486 3747 transacto
1514 3683 1838 3752 festivitatis,

235 3781 412 3836 usque
441 3767 495 3822 in
525 3768 786 3824 decimam
829 3781 1075 3838 quartam
1119 3770 1355 3835 l’ascbac,
1392 3771 1416 3810 δ
1455 3773 1598 3848 quod
1645 3776 1842 3844 ([llll‘l'i-

238 3875 404 3924 mus,
456 3861 572 3916 dies
616 3863 847 3918 sollicite
891 3875 1282 3936 computemus.
1342 3867 1407 3922 Ει
1445 3868 1486 3923 si
1541 3871 1842 3927 communis

234 3966 417 4005 anuus
436 3959 539 4018 est,
560 3961 831 4009 trecentos
852 3955 1234 4026 quinquaginta
1258 3967 1490 4027 quatuor
1504 3959 1639 4022 dies;
1661 3961 1704 4014 si
1729 3977 1814 4016 em
1829 3992 1843 4002 -

237 4039 503 4095 bolismus
518 4049 624 4110 est,
639 4053 910 4102 trecentos
931 4046 1202 4116 octoginta
1225 4059 1456 4117 quatuor
1479 4050 1837 4109 inveniemus:

238 4147 345 4186 nec
380 4132 715 4202 inmqualitas
752 4134 765 4171 ί
803 4152 1025 4206 prorsus
1066 4139 1302 4205 eveniet,
1328 4141 1451 4210 quia
1493 4143 1674 4209 regula
1707 4143 1840 4214 cycli

237 4221 402 4289 hujus
430 4223 528 4278 hac
555 4225 764 4280 ratione
801 4226 1062 4292 subsistit,
1093 4228 1246 4297 cujus
1274 4231 1608 4286 enucleatam
1636 4233 1842 4290 formu-

239 4313 348 4366 lam
374 4314 616 4382 subjecta
645 4317 1006 4388 descriptione
1036 4319 1352 4388 pandemus.

315 4459 342 4486 ⁸
369 4449 436 4515 Β,
457 4453 693 4507 volvitur.
716 4451 776 4517 D,
802 4455 1146 4510 reuoluuntur.

317 4519 523 4594 Pilunc
552 4523 726 4594 locum
759 4527 1104 4594 exposuimus
1137 4526 1228 4582 lib.
1282 4543 1373 4592 xu,
1405 4544 1458 4585 c.
1505 4528 1556 4594 5,
1589 4529 1641 4582 iu
1676 4527 1780 4585 (ine
1821 4549 1834 4584 :

238 4591 332 4646 ubi
387 4600 446 4646 et
472 4593 810 4669 ostendimus
831 4591 1116 4669 legendum
1167 4598 1328 4669 paulo
1360 4591 1509 4669 post,
1543 4591 1831 4656 transacto

238 4678 386 4740 anno
409 4703 425 4727 ,
469 4664 753 4740 indictione
780 4663 835 4730 ὅ,
866 4663 969 4720 non
1015 4666 1070 4740 5,
1109 4663 1250 4736 quod
1277 4677 1333 4722 et
1360 4663 1421 4724 in
1454 4670 1668 4740 scriptis
1697 4681 1753 4726 ct
1783 4674 1836 4727 in

235 4735 390 4808 guis
435 4735 581 4808 apud
630 4734 831 4790 Bedam
862 4734 1154 4808 exstabat,
1203 4745 1260 4792 et
1285 4741 1439 4795 nobis
1481 4734 1834 4808 imposuerat.

239 4801 450 4881 Eodem
477 4801 644 4881 igitur
671 4821 814 4881 anno
849 4805 1066 4863 Juliano
1093 4801 1361 4881 posterior
1383 4801 1590 4880 scripta
1617 4823 1701 4869 est
1727 4829 1836 4881 ψω

238 4875 674 4950 prior_epist_ola.
706 4875 993 4950 Pennus.
1026 4875 1284 4950 -—’llccte
1304 4881 1375 4933 ita
1404 4875 1690 4950 legendum
1722 4875 1840 4938 cen-

237 4946 350 4997 suit
383 4943 636 5015 Petavius
661 4989 674 5012 ,
708 4949 853 5015 quod
894 4964 1000 5002 non
1046 4949 1208 5002 modo
1237 4943 1509 5008 Marianos
1553 4951 1746 5008 Scottis
1773 4953 1839 5006 ad

237 5030 331 5067 an.
366 5013 490 5089 526.
527 5015 614 5089 ubi
644 5013 804 5071 verba
827 5017 1065 5089 Dionysii
1087 5020 1238 5082 citat,
1259 5021 1351 5074 sed
1383 5030 1436 5075 et
1460 5038 1647 5081 (unnes
1676 5025 1837 5078 codd.

237 5086 418 5162 nostri
449 5085 795 5162 confirmant.
825 5089 934 5144 Sed
957 5085 1235 5158 quomodo
1269 5091 1394 5146 hinc
1419 5093 1615 5147 inferre
1647 5096 1836 5162 possit,

235 5157 438 5232 eodem
496 5171 640 5211 anno
685 5157 1308 5232 Julianorposteriorem
1366 5163 1508 5218 hanc
1553 5157 1836 5232 epistolam

233 5227 504 5301 scriptam
527 5243 664 5292 esse,
697 5245 803 5301 quo
851 5227 1126 5301 priorem,
1161 5240 1286 5299 puta
1318 5232 1528 5301 praefat.
1559 5227 1624 5287 ad
1653 5233 1840 5289 Petro-

236 5298 446 5371 nium.
483 5314 599 5371 non
662 5298 866 5371 capiof
900 5299 1031 5371 Nam
1084 5298 1456 5371 prtel'ationem
1509 5309 1647 5359 hanc
1696 5321 1837 5359 anno

233 5366 449 5444 Christi
477 5365 583 5421 515
607 5409 621 5432 ,
651 5365 867 5444 Jul'iano
894 5369 1037 5444 570,
1085 5365 1340 5440 scriptam
1373 5388 1491 5429 esse
1512 5417 1526 5440 ,
1557 5389 1717 5444 supra
1761 5376 1843 5428 in-

233 5437 405 5515 victis
429 5443 798 5515 argumentis
832 5437 1209 5515 osteiitﬁrnusj
1256 5444 1482 5498 alteram
1515 5437 1664 5500 ’νει-ἱ)
1696 5446 1842 5500 illam

231 5508 533 5580 epistolam
567 5508 800 5580 Dionysii
831 5513 896 5580 ad
929 5512 1264 5566 Bonifacium
1296 5529 1438 5570 anno
1467 5515 1663 5571 Christi
1697 5533 1843 5570 coni-

231 5579 393 5658 inuni
559 5619 572 5640 ,
623 5575 965 5658 lulian0§7l
1011 5592 1288 5658 eraratam
1321 5602 1477 5652 esse,
1533 5589 1616 5642 vel
1661 5587 1846 5642 chara-

227 5655 424 5702 (πει-α
456 5648 542 5701 hic
569 5650 757 5714 additi,
783 5653 1006 5709 indictio
1035 5652 1086 5718 4,
1113 5657 1296 5724 cyclus
1315 5648 1587 5723 decedam,
1613 5658 1728 5714 sive
1750 5674 1845 5714 au-

229 5733 661 5801 reus_nutnerus
689 5739 797 5790 xw,
828 5737 959 5801 etc__.,
995 5725 1413 5801 luculentissime
1444 5739 1694 5801 premnt.

320 5799 341 5827 ι
380 5789 448 5846 υ.
479 5789 955 5849 dcccmnorcunalis
985 5795 1160 5850 circuli
1195 5813 1323 5859 xnu.

1948 3230 2060 3291 dies
2090 3231 2314 3286 trecenti
2344 3231 2616 3295 octoginta
2648 3238 2899 3298 quatuor.

2019 3322 2174 3375 Auno
2205 3322 2713 3381 decemnoveunalis
2735 3321 2922 3376 circuli
2948 3337 3113 3387 nono,
3142 3323 3342 3378 lunaris
3365 3332 3540 3391 sexto,

1947 3430 1974 3468 a
2003 3415 2212 3468 decimo
2241 3414 2398 3470 tertio
2419 3414 2672 3470 calendas
2695 3414 2816 3470 Maii
2841 3431 3011 3483 usque
3035 3417 3086 3470 in
3114 3418 3399 3484 septimum
3427 3417 3543 3473 idus

1948 3504 2161 3573 Aprilis,
2193 3506 2317 3573 quia
2349 3505 2648 3560 communis
2677 3512 2782 3572 est,
2814 3503 2948 3560 liunt
2975 3505 3088 3564 dies
3127 3507 3351 3562 trecenti
3382 3508 3543 3576 quin-

1947 3599 2202 3664 quaginta
2227 3606 2479 3663 quatuor.

2017 3687 2172 3742 Auno
2200 3686 2709 3743 decemnovennalis
2734 3687 2922 3743 circuli
2954 3688 3188 3755 decimo,
3224 3688 3427 3745 lunaris
3455 3705 3544 3746 se-

1941 3778 2140 3847 ptimo,
2169 3791 2198 3830 a
2229 3788 2384 3832 sexto
2414 3776 2530 3832 idus
2558 3776 2758 3846 Aprilis
2782 3793 2950 3848 usque
2977 3780 3028 3834 in
3050 3789 3260 3836 sextum
3291 3781 3549 3837 calendas

1947 3871 2162 3943 Aprilis,
2195 3870 2322 3940 quia
2358 3872 2660 3927 communis
2689 3881 2792 3940 est,
2820 3872 2954 3928 limit
2982 3873 3097 3929 dies
3135 3874 3362 3930 trecenti
3385 3875 3544 3946 quin-

1945 3965 2202 4036 quaginta
2233 3973 2482 4032 quatuor.

2020 4057 2177 4111 Anno
2224 4057 2731 4112 dceemuovennalis
2773 4058 2957 4114 circuli
3008 4058 3310 4123 undecimo,
3346 4059 3548 4116 lunaris

1949 4157 2166 4212 octavo,
2199 4163 2228 4201 a
2257 4149 2446 4220 quinto
2476 4149 2728 4204 calendas
2765 4149 2964 4219 Aprilis
2994 4166 3163 4220 usque
3192 4151 3244 4206 in
3273 4151 3543 4206 decimum

1947 4239 2233 4308 septimum
2274 4239 2526 4294 calendas
2556 4239 2702 4307 Maii,
2734 4245 2858 4310 quia
2896 4244 3244 4298 embolismus
3273 4251 3375 4309 est,
3412 4244 3546 4300 liunt

1948 4330 2062 4390 dies
2095 4332 2319 4386 trecenti
2351 4333 2623 4402 octoginta
2652 4344 2906 4406 quatuor.

2017 4461 2045 4501 ά
2072 4466 2227 4521 Anno
2258 4475 2385 4535 puta
2407 4465 2605 4539 Christi
2630 4466 2759 4532 525,
2802 4470 2957 4538 cyclo
2987 4471 3124 4524 inme
3157 4470 3418 4526 Alexand.
3453 4473 3548 4539 l3,

1945 4535 2126 4590 littera
2156 4539 2465 4594 dominicali
2498 4537 2557 4590 E.
2607 4535 2932 4594 Bucntmuis.

2020 4605 2186 4684 filice
2208 4608 2260 4660 in
2293 4606 2748 4684 cditione_Petavii
2781 4610 2991 4664 desunt.
3043 4609 3168 4684 ln_D
3200 4611 3420 4680 legitur,
3453 4632 3546 4684 per

1929 4677 2276 4752 indictione»:
2295 4679 2632 4752 _tv_pasrlmle
2658 4679 2781 4732 luna
2806 4697 2911 4747 xw,
2941 4692 3048 4736 etc.
3079 4677 3328 4737 Fortasse
3361 4677 3549 4752 legen-

1947 4747 2087 4824 dum
2110 4764 2131 4824 ἱ
2156 4749 2452 4824 pose/talem
2480 4751 2677 4824 lunam.

2023 4816 2039 4854 ί
2071 4816 2336 4896 bimarem
2372 4819 2595 4896 Victorii
2618 4820 2830 4891 cyclum
2860 4837 2894 4874 ν
2924 4822 3012 4878 hic
3034 4831 3186 4896 notat
3215 4841 3237 4896 ς,
3279 4841 3445 4896 quem
3477 4827 3546 4880 ad

1946 4887 2120 4942 Martii
2152 4887 2222 4941 ‘29
2261 4891 2609 4965 apposuimus
2635 4887 2792 4965 {uno
2821 4901 2950 4965 ante,
2971 4895 3181 4965 cyclum
3214 4887 3544 4952 Aléxaiidri-

1946 4975 2132 5011 norum
2169 4975 2254 5013 xiv
2287 4961 2371 5013 die
2401 5001 2414 5026 ,
2447 4973 2594 5015 reete
2639 4962 2704 5014 ad
2738 4961 2978 5036 Dionysii
3006 4961 3282 5021 'mentem.
3333 4967 3540 5024 Bucca.-

1944 5045 2082 5083 IUUS.

2017 5109 2042 5178 ξ
2074 5099 2149 5178 με
2181 5098 2224 5151 D
2253 5109 2310 5154 et
2339 5109 2566 5169 uterque
2589 5098 2650 5155 C.
2683 5101 2850 5172 Editi,
2880 5105 3198 5178 colligemus.

2020 5168 2044 5206 ιι
2076 5169 2138 5231 D,
2161 5187 2337 5237 quam.

2025 5240 2036 5314 ξ
2075 5241 2219 5314 Alias
2239 5283 2253 5306 ,
2285 5243 2633 5314 ianualiter.
2662 5243 2896 5300 Bucher.
2915 5288 2928 5310 ,
2961 5245 3002 5303 C
3028 5247 3082 5314 9.,
3115 5265 3209 5303 nec
3239 5249 3413 5304 aliter.

2021 5311 2034 5361 i
2079 5309 2332 5389 Petavius
2357 5309 2414 5365 ei
2437 5312 2730 5389 Bueberius
2761 5315 2846 5370 hic
2872 5309 3078 5385 pariter
3100 5336 3162 5373 ac
3186 5321 3236 5373 in
3265 5321 3548 5389 sequenti-

1951 5383 2051 5456 bus
2082 5385 2234 5437 annis
2265 5384 2448 5451 legunt
2471 5400 2609 5437 anno
2643 5383 3208 5442 decemudrennali.....
3251 5383 3543 5456 lunim'....,

1953 5452 2270 5526 sedomncs
2319 5471 2446 5507 mss.
2483 5459 2651 5509 nostri
2687 5458 2885 5524 ubique
2933 5475 3031 5526 pro
3060 5459 3296 5512 ablativo
3347 5452 3546 5515 habent

1951 5524 2268 5603 genitivum,
2318 5539 2478 5603 sensu
2521 5526 2861 5590 evidentiori,
2913 5524 2967 5582 et
3013 5543 3134 5583 cum
3186 5529 3364 5585 tabula
3406 5533 3548 5603 cycli

1955 5594 2270 5664 Dionysiaui
2303 5599 2475 5663 magis
2501 5605 2849 5664 congruente.

2027 5665 2051 5701 κ
2092 5654 2243 5738 Editi
2273 5665 2323 5738 in
2384 5654 2525 5738 anno
2551 5654 2752 5738 primo
2787 5673 2842 5717 et
2867 5667 3104 5738 secundo
3131 5668 3354 5738 habent,
3385 5686 3542 5734 sum;

1953 5735 2249 5874 illam?
2277 5735 2429 5804 ﬁunt.
2458 5735 2564 5791 Sed
2592 5750 2723 5791 mss.
2753 5737 3114 5805 poeteriorcm
3135 5757 3322 5799 vocem
3343 5735 3549 5816 ubique

2123 5822 2190 5860 an
2222 5846 2237 5860 .

2123 5822 2237 5860 11m.
