4000 6344
458 338 560 392 519

537 453 688 491 Anno
719 428 1221 488 decemuovenualis
1250 426 1438 481 circuli
1467 422 1815 484 duodecimo,
1848 421 2047 475 lunaris
2081 423 2124 478 Α

465 545 627 594 nono,
657 543 687 581 a
718 525 926 580 decimo
966 530 1120 575 sexto
1150 517 1407 574 calendas
1440 515 1559 569 Maii
1586 529 1754 583 usque
1801 513 1852 565 in
1885 511 2053 582 pridie

464 635 632 675 nonas
655 617 871 687 Aprilis,
901 614 1025 681 quia
1059 608 1365 666 communis
1386 615 1488 669 est,
1518 605 1649 659 ﬁunt
1680 603 1798 657 dies
1826 603 2053 656 trecenti

464 709 844 780 quinquaginta
870 712 1121 774 quatuor.

536 806 689 853 Anno
712 792 1219 852 decemnovennalis
1243 789 1428 846 circuli
1456 788 1664 842 decimo
1692 785 1871 848 tertio,
1896 783 2053 837 luna-

467 893 538 945 ris
565 891 797 957 decimo,
827 903 858 942 a
890 887 1045 941 nonis
1072 884 1270 954 Aprilis
1300 897 1466 949 usque
1500 881 1551 932 in
1583 893 1783 931 nonum
1806 874 2056 929 calendas

471 981 684 1051 Aprilis,
712 979 836 1047 quia
861 975 1162 1031 communis
1203 976 1305 1032 eSt,
1338 969 1469 1023 limit
1498 970 1611 1023 dies
1643 965 1864 1020 trecenti
1900 965 2055 1031 quin-

466 1072 722 1140 quaginta
761 1075 1019 1138 quatuor.

536 1162 693 1214 Anno
736 1151 1247 1212 decemnovennalis
1274 1148 1458 1205 circuli
1487 1145 1702 1201 decimo
1722 1152 1938 1213 quarto,
1974 1142 2051 1194 lu-

468 1253 608 1305 naris
637 1249 941 1309 undecimo,
975 1245 1042 1299 ab
1072 1250 1264 1298 octavo
1300 1238 1555 1294 calendas
1584 1236 1778 1306 Aprilis
1811 1248 1978 1302 usque
2003 1232 2058 1286 in

475 1343 768 1398 secundum
825 1339 943 1393 idus
966 1336 1181 1407 Aprilis,
1230 1334 1355 1404 quia
1398 1329 1744 1386 embolismus
1771 1335 1872 1391 est,
1925 1323 2061 1379 ﬁunt

467 1437 579 1488 dies
608 1432 836 1487 trecenti
868 1429 1140 1496 octoginta
1164 1433 1416 1495 quatuor.

538 1523 693 1577 Anno
724 1517 1230 1575 ueccmnovennalis
1259 1513 1445 1570 circuli
1474 1512 1685 1568 decimo
1712 1509 1900 1579 quinto
1926 1550 1940 1577 ,
1971 1510 2053 1563 lu-

474 1618 615 1670 uaris
645 1614 995 1680 duodecimo,
1026 1614 1092 1665 ab
1116 1610 1290 1665 idibus
1307 1607 1505 1677 Aprilis
1526 1621 1695 1674 usque
1726 1606 1778 1658 in
1810 1604 2062 1659 calendas

472 1708 684 1775 Aprilis,
718 1706 840 1776 quia
875 1705 1174 1760 communis
1204 1711 1303 1765 est,
1336 1700 1469 1754 ﬁunt
1509 1699 1625 1753 dies
1660 1697 1884 1753 trecenti
1913 1696 2063 1766 quin-

475 1799 728 1865 quaginta
757 1805 1008 1866 quatuor.

972 1912 1273 1926 β

1205 307 1563 367 DlUNYSlUS
1606 306 1924 361 ΕΧιουυς.
1973 302 2189 359 EPIST.
2230 301 2374 357 JANI
2416 302 2505 354 AD
2547 292 3035 352 llOFFMA-NNUM.

3651 288 3753 342 5Ξο

2224 418 2379 469 Anno
2406 411 2911 469 liCCCﬂllltWt‘llllallS
2933 408 3116 463 ciieuli
3144 407 3358 463 decimo
3383 412 3564 470 sexto,
3599 404 3755 456 luna-

2159 508 2228 560 ris
2252 506 2460 559 decimo
2507 503 2668 556 tertio
2696 543 2711 567 ,
2770 516 2799 551 a
2851 509 3042 567 quarto
3075 513 3243 552 nonas
3272 494 3469 566 Aprilis
3504 508 3675 562 usque
3704 494 3757 550 in

2158 596 2535 652 duodecimum
2594 593 2844 649 calendas
2892 591 3111 660 Aprilis,
3160 589 3285 658 quia
3318 587 3623 642 communis
3652 597 3757 655 est,

2160 688 2293 741 ﬁunt
2319 688 2433 740 dies
2459 684 2683 739 trecenti
2720 681 3106 750 quinquaginta
3146 688 3400 747 quatuor.

2230 781 2385 836 Anno
2433 777 2943 834 decemuovennalis
2993 776 3179 830 circuli
3238 774 3450 829 decimo
3500 774 3758 843 septimo,

2160 873 2358 927 lunaris
2388 870 2595 925 decimo
2624 878 2836 937 quarto,
2868 866 2935 919 ab
2968 864 3253 919 undecimo
3283 864 3535 919 calendas
3563 863 3761 931 Aprilis

2162 977 2330 1030 usque
2360 963 2411 1014 in
2441 961 2687 1030 quintum
2717 959 2833 1012 idus
2861 957 3078 1026 Aprilis,
3123 956 3248 1024 quia
3278 955 3633 1011 embolismus
3654 962 3757 1019 est,

2166 1056 2301 1109 fiunt
2329 1056 2443 1108 dies
2473 1052 2700 1107 trecenti
2732 1050 3004 1118 octoginta
3036 1057 3289 1118 quatuor.

2234 1147 2390 1201 Anno
2420 1142 2930 1200 decemnovennalis
2958 1140 3147 1194 circuli
3169 1139 3382 1193 decimo
3411 1145 3638 1204 octavo,
3673 1139 3756 1193 lu«

2163 1238 2308 1292 naris
2331 1237 2541 1292 decimo
2565 1234 2772 1304 quinto,
2816 1249 2844 1286 a
2886 1241 3081 1303 quarto
3114 1230 3232 1285 idus
3254 1230 3472 1301 Aprilis,
3506 1246 3677 1299 usque
3708 1232 3761 1286 in

2162 1338 2417 1399 quartum
2445 1326 2699 1383 calendas
2730 1325 2945 1394 Aprilis,
2975 1324 3101 1391 quia
3140 1321 3442 1379 communis
3463 1330 3576 1385 est,
3628 1322 3764 1375 ﬁunt

2164 1420 2280 1475 dies
2307 1419 2537 1473 trecenti
2562 1415 2950 1486 quinquaginta
2971 1422 3223 1484 quatuor.

2238 1512 2395 1564 Anno
2423 1506 2934 1564 decemnovennalis
2957 1506 3141 1559 circuli
3164 1504 3373 1559 decimo
3400 1519 3567 1568 nono,
3600 1505 3758 1557 luna-

2168 1603 2242 1657 ris
2269 1602 2479 1654 decimo
2520 1607 2707 1663 sexto,
2738 1611 2768 1648 a
2810 1596 2969 1650 tertio
2996 1594 3251 1649 calendas
3280 1593 3478 1664 Aprilis
3507 1609 3681 1663 usque
3709 1595 3761 1647 in

2167 1694 2437 1748 decimum
2484 1692 2731 1760 quintum
2762 1689 3017 1744 calendas
3068 1686 3212 1753 Maii,
3244 1686 3371 1755 quia
3414 1686 3769 1742 embolismus

2101 1803 2135 1852 ει
2169 1793 2269 1846 est,
2302 1783 2433 1838 ﬁunt
2474 1782 2586 1837 dies
2618 1780 2847 1835 trecenti
2878 1779 3151 1847 octoginta
3180 1786 3437 1848 quatuor.

813 1923 1240 2010 {dimissum
1269 1945 1813 2013 DOCTISSIMOQUE
1851 1945 2012 2000 vmo
2051 1941 2383 1997 smmum
2422 1938 2843 1995 HOFFMANNO
2881 1936 3450 1993 VBATlSLAVlENSl

1776 2038 1886 2097 JO.
1938 2036 2150 2096 GUIL.
2199 2034 2460 2095 J’».NUS.

550 2150 786 2220 Dionysii
817 2147 1005 2214 Exigui
1032 2186 1046 2210 ,
1074 2146 1191 2209 viri,
1221 2152 1281 2198 ut
1304 2152 1429 2197 tunc
1459 2150 1702 2210 tempora
1729 2145 1902 2201 erant,
1935 2152 2062 2192 eru-

472 2242 659 2304 tliti,ct
684 2238 750 2292 de
774 2254 831 2291 re
857 2251 1012 2291 saera
1043 2250 1108 2289 ac
1139 2233 1397 2288 Iitteraria
1426 2230 1564 2284 bene
1595 2228 1791 2293 meriti,
1825 2228 1932 2280 vita
1965 2243 2063 2295 pa-

474 2333 602 2384 riter
617 2344 679 2383 ac
701 2328 921 2397 scripta,
936 2325 1036 2381 etsi
1055 2332 1359 2394 temporum
1385 2321 1513 2374 vitio
1542 2336 1648 2374 non
1666 2319 1823 2387 plane
1847 2318 2065 2371 oblitte-

473 2422 580 2475 rari
603 2428 696 2474 aut
715 2420 769 2473 in
790 2418 1117 2473 oblivionem
1130 2415 1317 2469 deduci
1333 2420 1644 2483 potuerunt,
1670 2411 1847 2464 minus
1878 2418 2065 2462 tamen

474 2512 647 2573 adhuc
667 2526 828 2586 quam
850 2508 1475 2566 merebanturillusuata
1490 2514 1632 2561 sunt.
1663 2503 1808 2559 Inter
1832 2503 2067 2571 :equales

476 2614 618 2667 solus
643 2612 754 2667 fere
770 2610 1125 2665 Cassiodorus
1147 2602 1405 2661 virtutum
1426 2600 1569 2653 illius
1590 2597 1908 2652 memoriam
1936 2611 2069 2649 con-

476 2703 731 2771 servavit,
753 2717 914 2773 quem
961 2715 1125 2755 unum
1149 2714 1339 2753 omnes
1378 2698 1470 2767 qui
1512 2688 1745 2750 bucdum
1774 2688 1973 2764 aliquid
2000 2686 2070 2746 de

478 2798 585 2850 vita
615 2793 851 2865 Dionysii
879 2792 1228 2856 tradiderunt,
1256 2800 1535 2844 auctorem
1566 2786 1738 2841 secuti
1760 2794 1903 2842 sunt.
1930 2782 2072 2837 Nihil

477 2894 625 2941 certe
648 2882 791 2938 aliud
809 2881 911 2937 ﬁde
936 2882 1153 2951 dignum
1180 2880 1246 2935 de
1262 2895 1327 2934 eo
1346 2878 1490 2947 apud
1515 2885 1727 2931 veteres
1750 2886 1804 2930 et
1826 2874 2074 2944 juniores

478 2975 764 3044 scriptores
788 2971 1184 3027 ecclesiasticos
1199 2977 1254 3024 et
1276 2968 1566 3023 litterarios
1596 2964 1858 3020 invenias.
1888 2963 2070 3018 Abba-

479 3078 585 3121 tem
616 3064 858 3135 plerique
892 3070 1120 3127 vocant,
1171 3074 1331 3128 quem
1361 3056 1717 3112 Cassiodorus
1744 3052 2073 3110 monachum

480 3154 633 3208 dixit.
664 3150 773 3207 Sed
802 3149 1191 3205 monasterium
1222 3147 1375 3217 cujus
1422 3146 1588 3201 abbas
1625 3144 1785 3199 fuerit
1813 3143 2070 3214 ignorari,

489 3249 671 3301 Patres
698 3242 1028 3299 Benedictini
1056 3284 1072 3309 ,
1097 3240 1189 3310 qui
1219 3240 1461 3294 ultimam
1490 3252 1714 3308 operum
1756 3234 2068 3290 Cassiodori

2176 2135 2534 2189 conciliarunt
2571 2151 2582 2186 :
2640 2133 2822 2188 Codex
2854 2147 3121 2188 canonum
3149 2146 3270 2186 cum
3296 2129 3527 2186 decretis
3555 2131 3773 2200 pontiﬁ-

2174 2244 2295 2282 cum
2344 2227 2711 2281 Romanorum
2743 2226 2975 2296 primum
3026 2224 3347 2293 coniunctus
3374 2263 3388 2287 ,
3436 2230 3493 2277 et
3536 2222 3678 2277 liber
3706 2224 3774 2279 de

2175 2316 2456 2372 Paschate.
2489 2317 2581 2372 llle
2613 2325 2809 2387 praeter
2835 2325 3105 2372 cmterosa
3128 2312 3519 2383 Christophoro
3549 2311 3774 2369 Justello

2174 2408 2353 2463 editus
2382 2423 2446 2462 ac
2476 2408 2805 2473 illustratus,
2840 2407 2891 2461 in
2921 2406 3197 2463 communi
3220 2405 3552 2461 eruditorum
3584 2406 3777 2461 notitia

2175 2516 2239 2555 ac
2284 2500 2600 2555 celebritate
2637 2507 2885 2554 versatur
2940 2517 2953 2551 :
3008 2499 3151 2553 hunc
3199 2505 3405 2551 tantum
3449 2512 3557 2551 non
3606 2497 3773 2566 plane

2177 2590 2431 2644 amissum
2455 2629 2468 2651 ,
2496 2589 2685 2645 saltem
2710 2588 3037 2643 doctissimis
3062 2587 3186 2642 viris
3216 2602 3314 2657 pro
3352 2585 3638 2656 deperdita
3681 2586 3779 2639 ha-

2180 2683 2370 2749 bitum,
2401 2697 2541 2741 nunc
2567 2696 2717 2754 sum,
2749 2691 3005 2748 quantum
3038 2678 3205 2742 licuit,
3240 2678 3533 2747 integritati
3558 2677 3775 2731 restitu-

2182 2788 2293 2834 tum
2316 2780 2368 2832 in
2397 2782 2572 2834 lucem
2598 2778 2936 2847 proferimus.
2970 2771 3135 2830 Multo
3162 2773 3342 2829 lotsau
3370 2770 3573 2827 diutius
3602 2769 3692 2821 ille
3724 2770 3776 2822 iu

2181 2869 2394 2925 scriniis
2439 2870 2572 2924 meis
2600 2869 2861 2933 latuisset,
2911 2868 3009 2921 nisi
3042 2876 3152 2931 tua,
3184 2867 3264 2919 vir
3305 2865 3671 2927 nobilissime,
3699 2861 3783 2918 in-

2184 2961 2390 3018 dustria
2416 2977 2482 3017 ac
2511 2961 2763 3018 alacritas
2809 2961 3145 3016 accessisset.
3178 2958 3313 3012 Cum
3356 2958 3499 3012 enim
3550 2957 3783 3026 publica:

2184 3053 2563 3124 disputationis
2591 3062 2966 3123 argumentum
3018 3052 3344 3121 requireres,
3376 3059 3431 3105 et
3473 3049 3581 3105 hoc
3605 3051 3786 3119 ipsum

2183 3145 2280 3201 tibi
2307 3145 2549 3199 oblatum
2574 3160 2680 3199 non
2703 3143 3057 3213 improbares,
3084 3156 3169 3195 me
3191 3139 3437 3208 subinde,
3470 3139 3591 3193 aliis
3620 3154 3787 3194 occu-

2182 3234 2492 3306 patiouibus
2524 3232 2841 3288 di~tractum
2864 3273 2878 3296 ,
2914 3231 2981 3285 ad
3007 3230 3136 3285 illud
3165 3230 3434 3285 revocasti
3458 3269 3473 3294 ,
3504 3244 3629 3298 qua:
3659 3228 3787 3283 hinc

484 3337 778 3391 editionem
819 3333 1312 3401 Bothomagensem
1340 3339 1623 3395 curarunt,
1652 3338 1802 3385 recte
1830 3326 2075 3383 animad—
2104 3311 2149 3373 C
2180 3327 2308 3381 inde
2335 3326 2577 3396 dispersa
2604 3332 2789 3392 erant,
2814 3338 3026 3377 mecum
3056 3322 3107 3375 in
3139 3321 3384 3376 ordinem
3413 3318 3696 3387 redegisti,
3731 3327 3789 3373 et

482 3435 713 3481 vertunt.
745 3425 1013 3481 Antonius
1052 3423 1180 3491 Pagi
1208 3439 1336 3479 vero
1361 3464 1376 3487 ,
1407 3421 1715 3477 Cassiodori
1744 3420 2072 3475 auctoritate

484 3517 747 3577 inductus,
782 3514 990 3570 abbatis
1012 3514 1327 3583 dignitatem
1360 3511 1615 3584 Dionysio
1636 3510 1797 3581 plane
1824 3509 2069 3578 derogat,

482 3609 637 3677 eique
667 3622 697 3660 a
726 3606 871 3661 Beda
918 3606 1152 3676 primum
1182 3604 1419 3659 aftictam
1469 3603 1632 3658 fuisse
1675 3599 1971 3657 contendit.
2006 3600 2076 3654 At

483 3701 623 3754 enim
652 3699 858 3768 integro
881 3699 1073 3753 saltem
1105 3706 1231 3753 ante
1261 3696 1459 3752 Bedam
1490 3695 1685 3751 saeculo
1710 3732 1727 3759 ,
1758 3694 1903 3748 illum
1929 3693 2076 3747 urbis

488 3793 673 3846 Romae
698 3791 947 3845 abbatem
979 3789 1305 3859 appellatum
1339 3786 1522 3851 fuisse,
1570 3785 1870 3841 luculenter
1889 3795 2071 3839 osten-

484 3884 561 3937 dit
602 3880 863 3951 Prologus
904 3879 1097 3936 Felicis
1148 3879 1358 3934 abbatis
1412 3877 1673 3941 Gillitani,
1722 3890 1884 3945 quem
1931 3888 2078 3929 anno

484 3972 686 4029 Christi
717 3972 821 4027 616
870 3971 1036 4043 Cyclo
1066 3970 1332 4040 Dionysii,
1378 3984 1407 4022 a
1437 3983 1495 4022 se
1532 3968 1882 4029 continuato,
1938 3980 2075 4034 pne-

487 4067 649 4126 misit.
694 4067 747 4119 in
801 4064 1034 4117 llistoria
1064 4061 1211 4131 Cycli
1258 4060 1597 4131 Dionysiani,
1649 4073 1714 4112 ex
1747 4057 1935 4112 codice
1959 4055 2081 4127 Dig-

489 4157 676 4207 luctum
699 4164 748 4207 et
784 4151 1073 4206 Rhemensi
1123 4150 1314 4203 editus.
1367 4148 1575 4202 Interea
1622 4147 1923 4202 communis
1956 4160 2082 4201 sen-

490 4246 655 4301 tentia
684 4261 806 4300 cum
833 4259 897 4298 ea
926 4259 1090 4313 quam
1125 4241 1317 4310 Pagius
1342 4282 1356 4307 ,
1388 4241 1541 4311 quasi
1572 4254 1796 4305 novam,
1820 4238 2079 4305 defendit,

486 4341 639 4395 facile
669 4338 1012 4403 conciliatur,
1060 4338 1105 4391 si
1134 4351 1478 4391 communem
1503 4334 1713 4390 abbatis
1728 4332 2081 4401 signiﬁcatio-

489 4449 608 4488 nem
638 4449 667 4486 a
695 4433 912 4502 pr0pria
938 4439 993 4485 et
1017 4430 1273 4499 singulari
1303 4430 1616 4497 distinguas.
1644 4427 1777 4481 Nam
1805 4470 1819 4495 ,
1843 4435 1902 4482 ut
1931 4436 2080 4483 recte

488 4525 722 4595 (Jangius
767 4522 1185 4587 animadvertit,
1220 4521 1440 4576 abbates
1469 4520 1596 4575 dicti
1627 4528 1753 4574 sunt
1798 4518 1998 4575 Latinis
2027 4528 2084 4574 et

488 4617 690 4671 tirazcis
728 4609 1018 4671 univcrsim
1049 4614 1300 4668 monachi
1328 4626 1515 4667 oumes
1539 4652 1553 4677 ,
1584 4613 1882 4681 prtesertim
1930 4612 2082 4666 senio

2176 3426 2422 3488 sumptus
2446 3417 2511 3471 ad
2559 3416 2822 3470 edendum
2856 3414 2999 3489 ultro
3052 3413 3314 3468 obtulisti.
3368 3411 3449 3466 Sit
3478 3412 3643 3479 igitur
3686 3410 3790 3464 hoc

2178 3506 2451 3577 publicum
2478 3508 2556 3560 tui
2582 3507 2635 3559 in
2660 3506 2830 3559 bonas
2851 3504 3061 3558 litteras
3089 3503 3310 3567 amoris,
3334 3502 3539 3572 pariter
3560 3517 3627 3556 ac
3650 3502 3783 3556 doc-

2179 3597 2333 3650 trina:
2364 3605 2421 3649 et
2448 3595 2737 3664 diligentia:
2762 3636 2778 3662 ,
2806 3593 3207 3656 documentum,
3240 3607 3401 3661 quam
3443 3592 3497 3646 iu
3545 3592 3688 3646 meis
3732 3600 3789 3645 et

2181 3691 2408 3745 aliorum
2449 3689 2735 3745 doctorum
2793 3687 3223 3742 academicorum
3274 3686 3475 3742 scholis
3528 3684 3783 3754 quotidie

2180 3783 2400 3852 probas,
2431 3790 2485 3836 et
2513 3782 2754 3836 moribus
2774 3780 2841 3835 ad
2864 3795 3078 3835 omnem
3100 3781 3441 3835 honestatem
3472 3786 3644 3847 atque
3671 3793 3789 3833 mo-

2179 3877 2404 3932 destiam
2449 3875 2767 3945 compositis
2812 3889 2974 3929 ornas
3003 3882 3058 3928 et
3085 3871 3456 3929 commendas.
3489 3870 3609 3926 Hoc
3642 3873 3790 3925 enim

2179 3967 2351 4021 laudis
2374 3967 2735 4021 testimoniqu
2760 3967 2877 4033 tibi,
2902 3981 3038 4019 unas
3057 3963 3717 4023 mecummdesinhabitau
3730 3964 3791 4030 ti,

2180 4056 2372 4112 etinde
2391 4057 2457 4111 ab
2471 4058 2674 4127 aliquot
2694 4057 2847 4111 annis
2879 4056 3099 4126 propius
3116 4071 3181 4109 ac
3211 4055 3526 4108 familiarius
3546 4055 3787 4123 cognito,

2182 4147 2322 4201 bona
2371 4145 2472 4201 ﬁde
2500 4147 2763 4216 impertiri
2796 4162 3033 4216 possum.
3067 4146 3204 4200 Deus
3246 4145 3565 4200 immortalis
3596 4144 3788 4199 lauda-

2184 4240 2419 4293 tissimos
2449 4248 2677 4294 conatus
2701 4247 2822 4293 tuos
2867 4253 3031 4306 porro
3075 4236 3358 4301 secundet,
3390 4245 3444 4290 et
3486 4236 3553 4289 ad
3582 4238 3790 4305 Optima

2182 4344 2410 4399 quaeque
2427 4330 2774 4384 contendenti
2798 4343 3079 4383 successus
3101 4328 3467 4397 Optatissimos
3492 4327 3790 4391 largiatur;

2186 4430 2245 4475 ut
2294 4430 2577 4491 parentum
2622 4428 2677 4474 et
2722 4418 2934 4473 familia:
2962 4419 3358 4473 honestissima:
3396 4416 3652 4485 gaudium
3686 4417 3786 4468 im-

2186 4516 2355 4586 pleas,
2387 4512 2840 4582 amplissimorum
2870 4510 3263 4566 florentissima:
3296 4510 3485 4579 patria:
3527 4518 3635 4563 tuae
3665 4525 3787 4577 pm—

2186 4622 2390 4671 eerum,
2437 4620 2667 4673 quorum
2700 4603 2991 4671 singularia
3023 4603 3075 4655 in
3102 4614 3154 4656 te
3186 4602 3444 4656 benclicia
3476 4602 3793 4669 gratissimo

489 4727 552 4765 ac
581 4711 701 4764 vita:
729 4709 1015 4764 sanctitate
1028 4706 1341 4769 venerandi,
1387 4720 1491 4773 qua
1524 4704 1743 4758 notione
1773 4718 1871 4756 nos
1894 4701 2081 4756 Patres
2109 4695 2161 4753 D
2185 4698 2366 4752 animo
2390 4696 2524 4751 colis
2547 4736 2560 4760 ,
2612 4694 3076 4765 exspectationem
3109 4694 3377 4748 sustineas
3398 4734 3414 4757 ,
3461 4703 3518 4746 et
3562 4709 3677 4745 rem
3709 4708 3797 4746 sa-

490 4802 709 4856 cosdem
739 4800 899 4868 vulgo
938 4798 1292 4868 appellamus.
1338 4793 1500 4856 Illud,
1528 4794 1705 4862 inquit
1733 4793 2083 4860 Augustinus,

492 4891 699 4943 honoris
715 4897 812 4956 est,
827 4897 884 4942 ut
904 4888 1131 4957 quotidie
1152 4885 1359 4940 senibus
1371 4885 1633 4936 dicamus:
1657 4882 1832 4933 Pater.
1853 4880 2083 4934 Lexicon

491 4980 733 5036 Gnaeum
755 4994 885 5034 mss.
917 4981 1120 5047 regium
1152 4979 1274 5032 cod.
1306 4974 1447 5029 2062
1491 4993 1503 5027 :
1533 4976 1697 5034 ἀξϐἀς
1724 5016 1737 5039 ,
1783 4974 1807 5027 ὁ
1838 4976 2027 5047 γέρων.
2059 4972 2085 5027 ὁ

491 5076 682 5143 πατὴρ.
701 5069 777 5122 Ita
793 5069 1082 5123 Cassianus
1102 5069 1282 5122 Mosen
1308 5077 1361 5121 et
1390 5066 1738 5127 Germanum,
1774 5078 2087 5118 commoua-

492 5164 646 5226 clins,
680 5163 901 5214 abbates
933 5168 1124 5222 vocat;
1178 5168 1234 5213 et
1264 5158 1448 5223 regula
1493 5155 1550 5209 S.
1583 5154 1903 5208 Columbani
1946 5152 2087 5205 mille

493 5251 700 5314 abbates
729 5261 819 5313 sub
861 5276 963 5311 uno
1008 5255 1420 5308 archimandrim
1460 5258 1740 5305 memorat.
1788 5248 1900 5301 Hoc
1928 5249 2087 5314 igitur

494 5367 651 5408 sensu
682 5350 837 5405 etiam
876 5348 1159 5419 Dionysius
1190 5356 1409 5406 noster,
1458 5342 1676 5396 honoris
1710 5341 1887 5409 potius
1919 5353 2083 5409 quam

496 5442 732 5497 uitiueris
755 5454 936 5500 causa,
965 5438 1129 5492 abbas
1153 5437 1327 5489 dictus
1348 5442 1451 5493 est.
1484 5431 1594 5486 Sed
1624 5429 1690 5484 de
1712 5429 1818 5482 vlta
1844 5427 2084 5497 Dionysii

496 5533 789 5596 nonnulla,
848 5530 1197 5599 scriptoribus
1242 5523 1616 5581 ecclesiasticis
1680 5519 2082 5589 pnetermissa,

497 5626 788 5681 adnotandi
820 5624 921 5678 alia
946 5622 1147 5687 forsan,
1169 5628 1224 5671 et
1243 5613 1578 5671 commodior
1604 5610 1822 5665 dabitur
1843 5610 2084 5679 occasio,

2189 4804 2338 4844 cram
2381 4787 2589 4857 pariter
2636 4802 2699 4841 ac
2745 4784 3065 4841 litterariam
3105 4786 3309 4838 meritis
3352 4786 3461 4839 tuis
3503 4782 3795 4850 aliquando

2191 4893 2357 4934 ornes
2398 4886 2561 4946 atque
2590 4876 2882 4930 devincias.
2917 4874 3065 4928 Vale.

2303 5038 2509 5111 Cyclica
2538 5054 2653 5091 cum
2683 5038 2853 5092 studio
2890 5048 3095 5101 teneas,
3130 5036 3472 5106 Ho/fmanne,
3508 5036 3726 5089 subacto

2370 5130 2663 5201 Dogmata,
2692 5128 2961 5183 Pieridum
2991 5145 3115 5197 pars
3141 5128 3267 5180 mihi
3296 5127 3457 5180 chara
3488 5127 3637 5180 chori
3671 5144 3689 5180 :

2303 5223 2495 5294 Ecquis
2525 5224 2741 5276 miretur
2764 5220 2991 5284 tandem,
3018 5229 3065 5273 te
3096 5235 3355 5286 exponere
3376 5220 3511 5289 cycli

2373 5315 2534 5368 Docte
2574 5315 2755 5368 conari
2793 5313 3025 5383 difﬁciles
3058 5312 3336 5366 numeros?

2301 5407 2478 5461 Macte
2507 5416 2595 5459 tua
2620 5408 2825 5468 virtute,
2862 5421 3019 5458 novas
3036 5405 3151 5473 jam
3172 5404 3384 5474 concipe
3413 5410 3571 5468 vires,
3596 5394 3599 5395 ν

2382 5500 2742 5569 “nariumque
2776 5510 2875 5553 tua:
2896 5500 3067 5570 perfer
3090 5498 3159 5550 ad
3188 5508 3332 5551 astra
3365 5496 3542 5551 decus.

2267 5613 2681 5669 Litteratissimo
2708 5613 2825 5666 viro
2854 5611 2951 5667 DN.
2990 5612 3363 5666 “BSPONDENTI
3392 5610 3498 5665 hoc
3521 5610 3803 5680 publicum

2192 5703 2535 5773 elegantioris
2553 5702 2814 5758 doctrinm
2827 5702 3098 5771 specimen
3116 5701 3420 5769 gratulatur

2816 5794 3137 5848 l'ninmcus
3164 5793 3489 5849 Srnusztvs.
3534 5790 3597 5848 P.
3630 5791 3691 5849 P.
