4000 6344
529 377 635 434 525

1582 362 1942 423 FACUNDUS
1969 359 2182 418 EPlSC.
2226 357 2748 415 HERMIANILNSIS.

3677 350 3795 410 524

508 493 784 560 pra-ﬁgere
813 490 1062 557 oportet.
1117 496 1182 537 nc
1212 479 1522 537 inconsulto
1565 481 1840 534 trahamur
1880 476 1948 531 ad
1976 491 2094 529 eam
2131 480 2169 535 Λ
2202 474 2384 545 plures
2412 473 2719 536 orthodoxi,
2750 471 2858 525 imo
2893 479 2947 527 ct
2969 471 3083 544 ipse
3109 471 3335 541 Vigilius
3358 470 3636 528 Romanus
3661 488 3806 541 pon-

511 582 896 644 adulationem,
930 591 1034 645 qna
1084 573 1416 644 principibus
1445 572 1557 626 suis
1608 573 1770 626 totius
1810 568 2100 638 disciplina:

511 671 883 732 ecclesiasticm
911 683 1175 724 summam
1206 665 1378 721 Grmci
1422 664 1758 720 deferebant.
1797 682 1815 715 ι
1865 661 1981 716 Huc
2007 676 2100 715 us-

509 782 617 836 que
638 767 719 821 vir
742 762 1102 819 doctissimus.
1128 760 1243 812 Alia
1267 773 1428 829 porro
1450 758 1536 814 his
1558 771 1798 825 consona
1824 770 1890 810 ex
1913 753 2104 810 eodem

517 857 771 913 Facundo
794 853 998 925 jamdiu
1028 851 1287 907 retulerat
1317 864 1548 919 magnus
1586 847 1850 903 Baronius
1878 846 1978 918 (a).

582 949 670 1004 111.
728 947 944 1003 Utinam
974 961 1106 1000 vero
1148 943 1202 997 in
1249 942 1436 998 eadem
1487 941 1752 997 sententia
1784 937 1978 1010 pnesul
2022 937 2112 992 hic

515 1038 915 1096 llermianensis
959 1035 1028 1090 ad
1081 1033 1240 1090 ﬁnem
1281 1047 1450 1101 usque
1490 1031 1614 1086 vitte
1660 1029 2004 1101 perstitisset.
2051 1026 2111 1080 In

517 1131 709 1186 exsilio
738 1141 970 1198 namque
1000 1126 1329 1182 constitutus
1357 1124 1428 1180 ob
1456 1122 1786 1194 pertinacem
1817 1121 1976 1175 trium
2005 1117 2113 1173 Ca-

518 1222 808 1294 pitulorum
859 1218 1249 1283 defensionem,
1295 1217 1434 1271 inter
1474 1213 1852 1270 schismaticos
1881 1210 2116 1266 militare

518 1315 725 1386 empit;
776 1313 866 1368 ubi
905 1322 959 1368 et
990 1313 1183 1367 librum
1232 1309 1448 1380 scripsit
1477 1315 1667 1363 contra
1696 1305 2000 1360 Mocianum
2032 1300 2118 1356 vel

521 1407 819 1462 lllutianum
849 1405 1249 1469 scholasticum,
1273 1403 1364 1472 qui
1397 1401 1676 1456 Africanos
1703 1399 1972 1453 antistites
1995 1394 2119 1464 jure

521 1499 729 1568 optimo
760 1498 1127 1565 redargucrat,
1161 1503 1448 1565 propterea
1478 1491 1621 1562 quod
1655 1490 1815 1544 trium
1843 1485 2122 1558 Capitulo-

523 1607 641 1645 rmn
673 1605 835 1644 causa
865 1603 923 1644 se
949 1603 978 1641 a
1004 1586 1198 1657 Vigilio
1224 1599 1360 1656 papa
1389 1592 1445 1637 et
1472 1582 1538 1637 ab
1565 1579 1802 1636 Ecclesia
1831 1586 1952 1649 post
1982 1575 2123 1630 illius

523 1684 823 1737 Jmlicatum
845 1687 1213 1748 scgrcgarant.
1244 1676 1379 1742 Quin
1409 1676 1570 1729 etiam
1603 1688 1668 1728 ex
1699 1669 1928 1740 cpistola
1957 1667 2124 1738 ipsius

521 1771 756 1827 Facundi
784 1771 926 1825 edita
959 1769 1234 1838 primuma
1264 1765 1526 1820 Dacherio
1557 1762 1790 1834 (b),qu.'c
1819 1759 2124 1814 inscribitur

2207 563 2354 632 tifex,
2385 566 2537 634 quasi
2565 561 2802 618 vindices
2828 562 3281 619 Chalcedonensis
3309 563 3542 628 concilii,
3570 562 3620 616 in
3650 563 3808 631 cujus

2204 652 2572 725 pratjudicium
2624 667 2689 706 ea
2737 652 3048 708 viderentur
3096 653 3164 709 ab
3210 653 3539 724 imperatore
3574 653 3810 719 sancita,

2204 745 2570 803 insurrexere.
2619 741 2758 798 Cum
2787 751 2967 798 autem
3010 744 3295 813 perspicue
3324 743 3593 813 pleneque
3622 744 3809 810 Cogni-

2209 843 2321 890 tum
2359 832 2477 897 fuit,
2511 831 2874 902 nequidquam
2901 831 3219 902 derogatum
3247 841 3594 886 sacrosancto
3623 833 3810 887 conci-

2211 925 2285 980 lio
2323 923 2748 978 Chalcedonensi
2778 938 2875 994 per
2899 921 3304 978 damnationem
3337 935 3495 978 tnum
3526 924 3808 994 Capitulo-

2212 1029 2366 1082 rum;
2397 1015 2510 1085 ipsa
2534 1014 2795 1084 imprimis
2820 1014 3113 1085 apostolica
3144 1013 3298 1069 sedes
3323 1029 3442 1069 eam
3465 1014 3812 1084 imperatoris

2214 1105 2395 1162 edicto
2430 1105 2659 1175 primum
2691 1103 3084 1175 promulgatam
3123 1112 3180 1159 el.
3205 1115 3393 1174 postea
3443 1121 3539 1174 per
3565 1107 3810 1175 quintam

2215 1195 2478 1268 synodum
2526 1195 2900 1251 confirmatam
2943 1196 3296 1250 assertionem
3345 1197 3594 1267 probavit
3646 1205 3812 1266 atque

2216 1288 2470 1355 retinuit;
2495 1288 2734 1356 itumque
2757 1296 2841 1342 est
2857 1303 2888 1342 a
2913 1287 3190 1342 catholicis
3218 1287 3467 1343 omnibus
3489 1289 3540 1342 in
3564 1289 3810 1343 eamdem

2219 1379 2543 1434 sententiam
2567 1395 2686 1433 cum
2717 1379 2904 1447 quinta
2931 1379 3137 1449 synodo
3166 1387 3221 1433 ct
3247 1394 3368 1434 cum
3399 1379 3526 1448 ipsis
3557 1377 3815 1433 Romanis

2221 1470 2562 1542 pontificibus
2599 1471 2824 1539 aliisque
2854 1469 3163 1539 apostolica:
3201 1471 3314 1525 sedi
3364 1472 3812 1524 communicanti-

2223 1561 2340 1613 bus.
2364 1557 2466 1625 Qui
2492 1574 2622 1613 vero
2648 1567 2834 1627 postea
2859 1559 2926 1612 ab
2947 1557 3030 1613 his
3059 1558 3377 1623 dissensere,
3403 1566 3460 1612 nt
3487 1559 3817 1614 schismatici

2225 1652 2392 1707 habiti
2432 1661 2556 1705 sunt
2593 1659 2754 1721 atque
2803 1649 2986 1719 rejecti
3031 1668 3045 1703 :
3095 1666 3215 1706 cum
3247 1661 3426 1704 tamen
3456 1651 3660 1706 interea
3693 1662 3817 1704 an‘e

2227 1744 2574 1799 novissimum
2603 1742 2912 1813 apostolicae
2939 1741 3080 1798 sedis
3103 1757 3379 1798 assensum
3401 1757 3507 1796 non
3534 1751 3678 1796 esset
3705 1743 3818 1812 pia-

529 1862 770 1934 Epistola
798 1862 922 1932 ﬁdei
953 1834 1225 1914 catholica:
1278 1859 1330 1911 in
1367 1857 1666 1926 defensione
1716 1855 1870 1906 trium
1913 1850 2125 1921 Cupitu-

2236 1839 2408 1894 culum
2439 1853 2536 1908 pro
2563 1837 2732 1891 tribus
2763 1849 2999 1906 pugnare
3037 1834 3326 1906 Capitulis;
3359 1849 3478 1888 cum
3519 1835 3818 1905 prmsertim

526 1956 714 2020 lorum,
757 1954 847 2008 ille
894 1953 946 2005 in
978 1951 1268 2005 siliismate
1296 1947 1612 2004 occubuisse
1641 1945 1870 1999 videtur.
1905 1942 2018 2009 Qua
2057 1941 2125 1996 de

526 2067 586 2106 re
608 2049 850 2105 Natalem
876 2046 1237 2101 Alexandrum
1263 2044 1443 2100 vidca<
1463 2046 1556 2114 (c).
1587 2042 1712 2097 llaec
1731 2056 1857 2097 vero
1887 2038 2126 2111 pluribus

526 2144 802 2214 prosecuti
829 2149 957 2196 sunt
983 2140 1269 2194 Annalium
1303 2137 1794 2193 ecelesiasticorum
1826 2132 2125 2204 parens'(d)

536 2244 594 2289 ct
615 2233 686 2290 cl.
718 2232 962 2288 Norisius
993 2229 1090 2302 (ε).
1138 2229 1233 2284 His
1261 2238 1439 2283 autem
1470 2229 1726 2282 hactenus
1755 2224 2017 2280 enarratis
2046 2232 2128 2277 at-

532 2334 719 2380 texcre
748 2324 879 2379 libet
907 2338 1026 2394 quae
1054 2321 1242 2377 scribit
1270 2319 1466 2374 Petrus
1509 2319 1577 2374 de
1605 2318 1808 2381 Marca,
1838 2315 1905 2371 de
1949 2314 2128 2384 Vigilii

526 2419 749 2474 decreto
785 2433 883 2488 pro
931 2414 1342 2471 conﬁrmatione
1373 2429 1405 2468 v
1437 2411 1629 2483 synodi
1649 2411 1971 2465 edissercns
2000 2409 2076 2480 (Γ)
2111 2425 2125 2461 :

537 2529 556 2562 ι
591 2509 668 2564 Ne
694 2511 848 2580 quis,
881 2509 1072 2578 inquit,
1105 2508 1450 2563 ambitiosum
1491 2506 1595 2560 hoc
1623 2504 1802 2572 Vigilii
1851 2503 2127 2558 decretum

529 2601 890 2666 existimaret,
921 2600 1034 2669 ipse
1063 2597 1300 2652 rationes
1319 2610 1441 2665 quae
1467 2609 1527 2650 se
1547 2593 1612 2648 ad
1642 2593 1783 2647 hanc
1808 2593 2129 2648 sententiam

533 2690 867 2761 impulerint,
900 2690 996 2743 has
1033 2689 1290 2755 assignat.
1326 2686 1527 2755 Nempe
1555 2683 2052 2754 quodoliensiones
2075 2691 2132 2738 et

530 2785 786 2840 scandala
813 2797 934 2854 qua:
961 2782 1175 2851 generis
1219 2779 1438 2834 humani
1469 2779 1639 2834 hostis
1688 2793 1785 2847 per
1812 2777 2130 2847 disputatio-

531 2892 654 2930 nem
682 2875 749 2930 de
781 2872 1244 2942 tribus-Capitulis
1275 2871 1573 2934 invexerat,
1591 2869 1701 2938 jam
1725 2869 1912 2925 sedata
1929 2877 2127 2935 essent,

531 2981 750 3038 paxque
777 2963 1005 3020 "reddita
1036 2971 1181 3018 esset
1211 2961 1465 3017 Ecclesia:
1493 2969 1618 3031 post
1664 2961 1877 3015 illormn
1908 2958 2132 3013 damna-

534 3061 760 3128 tionem,
791 3067 846 3113 et
875 3059 1076 3113 veritas
1107 3055 1395 3111 affulsisset
1425 3055 1477 3110 in
1508 3053 1591 3111 his
1619 3055 1882 3122 ambiguis
1911 3063 2130 3109 contro-

535 3153 746 3207 versiis.
782 3149 955 3218 Unde,
980 3150 1178 3212 subdit,
1206 3147 1461 3217 colligere
1488 3147 1612 3203 licet
1633 3145 2047 3218 lllyricianarum
2076 3153 2132 3200 et

534 3245 906 3300 Africanarum
952 3241 1350 3312 provinciarum
1382 3240 1667 3311 episcopos
1695 3239 1889 3309 prioris
1913 3245 2132 3295 senten-

527 3338 624 3390 tiae
668 3335 1004 3405 pmnituisse,
1038 3331 1534 3388 ct-communicatis
1559 3347 1681 3388 cum
1709 3330 1905 3400 'Vigilio
1954 3331 2134 3386 censi-

534 3429 619 3484 liis
638 3427 990 3483 Orientalium
1019 3425 1454 3482 communionem
1477 3425 1778 3496 amplexos.
1813 3444 1831 3476 ι
1868 3423 1994 3479 Haec
2021 3423 2132 3479 ille.

535 3520 791 3586 Quamvis
843 3534 952 3574 non
995 3517 1264 3572 defuerint
1307 3516 1550 3572 nonnulli
1601 3515 1795 3571 eruditi
1825 3516 1948 3584 viri,
1996 3531 2136 3586 quos

534 3610 675 3665 inter
703 3608 995 3664 Garnerius
1015 3609 1112 3681 (g),
1157 3608 1248 3677 qui
1278 3607 1345 3662 de
1375 3607 1686 3676 integritate
1711 3605 1998 3681 decpetalis
2020 3607 2136 3676 epi-

531 3701 687 3756 stohr.
711 3699 905 3768 Vigilii,
1118 3665 1216 3754 abs
1245 3712 1305 3753 se
1332 3665 1564 3768 primum
1586 3695 1783 3752 editam
1801 3665 2134 3751 “lustratum

535 3809 629 3848 sua
660 3792 1040 3848 dissertatione
1071 3791 1210 3846 idem
1241 3792 1310 3847 cl.
1336 3791 1776 3860 archiepiscopus
1802 3787 2134 3855 Parisiensis,

538 3882 876 3938 dubitarunt.
911 3879 1194 3950 Utcunque
1222 3895 1351 3934 vero
1393 3880 1482 3944 sit,
1515 3895 1582 3933 an
1613 3888 1799 3949 postea
1829 3877 2137 3947 Facundus,

537 3975 783 4046 deposita
813 3973 991 4044 priore
1020 3973 1308 4037 sententia,
1334 3971 1469 4024 inse
1491 3969 1707 4028 tandem
1730 3983 2007 4035 reversus,
2033 3968 2140 4023 sal-

538 4081 648 4124 tem
701 4068 802 4123 sub
853 4068 976 4120 vitm
1017 4065 1177 4119 ﬁnem
1233 4063 1543 4132 resipuerit,
1586 4077 1649 4116 ac
1689 4063 1900 4131 ejurato
1955 4061 2140 4132 iniquo

537 4161 828 4217 schismate
877 4173 1002 4216 sese
1049 4157 1329 4212 catholica:
1387 4154 1689 4225 adiunxerit
1743 4155 2139 4224 communioni,

540 4253 657 4321 ejus
700 4266 918 4306 causam
969 4265 1036 4304 ex
1076 4249 1287 4319 integro
1329 4246 1730 4318 dijudicandam
1773 4245 1869 4301 Dei
1917 4247 2141 4303 arbitrio

540 4342 877 4398 dimittimus.

611 4433 698 4488 ιγ.
728 4432 928 4489 Verum
960 4438 1017 4486 ut
1039 4445 1250 4486 summa
1278 4427 1346 4485 de
1371 4428 1540 4484 tribus
1554 4427 1824 4498 Capitulis
1851 4427 2145 4484 lectoribus

541 4526 594 4581 in
621 4532 874 4595 promptu
896 4523 968 4580 sit
995 4537 1104 4594 quo
1129 4523 1196 4577 de
1227 4521 1309 4576 his
1325 4520 1587 4590 judicium
1618 4521 1829 4573 ﬁrmum
1859 4528 2145 4590 ratumque

2231 1932 2283 1985 in
2311 1945 2374 1985 ea
2399 1929 2696 1983 assertione
2717 1928 3004 1996 habuerint
3024 1927 3310 1996 aliquando
3340 1942 3497 1996 quem
3526 1942 3819 1996 sequeren-

2230 2031 2333 2084 tur,
2365 2021 2536 2090 ipsum
2571 2019 2818 2087 Vigilium
2860 2017 3159 2073 Romanum
3191 2017 3516 2088 pontiﬁcem.
3559 2036 3577 2069 ι
3623 2016 3822 2071 Hacte-

2229 2126 2328 2164 nus
2356 2109 2641 2163 Annalium
2673 2107 3160 2163 ecclesiasticarum
3191 2108 3436 2162 conditor
3469 2125 3482 2160 :
3514 2107 3606 2176 qui
3633 2115 3691 2161 et
3725 2108 3824 2162 ali-

2228 2199 2278 2255 bi
2311 2200 2371 2270 (i)
2403 2215 2649 2269 quamam
2677 2198 2872 2254 fuerint
2897 2199 2995 2252 tria
3027 2199 3124 2251 ista
3152 2197 3397 2268 Capitula
3425 2198 3688 2264 edocens,
3721 2216 3824 2252 no-

2229 2312 2348 2350 vam
2379 2294 2534 2348 simul
2566 2293 2860 2362 falsamque
2884 2290 3162 2362 cujusdam
3193 2291 3385 2347 eruditi
3410 2291 3505 2346 viri
3536 2292 3604 2346 de
3633 2293 3824 2346 iisdem

2229 2391 2537 2460 opinionem
2563 2388 2827 2443 confutat.

2302 2479 2365 2534 V.
2401 2481 2467 2533 At
2493 2494 2625 2533 vero
2655 2477 2795 2532 haud
2819 2477 2974 2534 nobis
3003 2475 3465 2542 committendum,
3494 2485 3555 2531 ut
3582 2476 3829 2532 Sirmon-

2229 2571 2354 2625 dum
2399 2569 2462 2624 V.
2507 2569 2568 2623 C.
2621 2568 2724 2623 hac
2767 2568 2835 2622 de
2864 2583 2945 2634 rc,
2997 2577 3160 2637 atque
3208 2569 3469 2639 imprimis
3496 2569 3563 2623 de
3601 2580 3833 2625 auctore

2232 2669 2420 2716 nostro
2473 2659 2638 2714 verba
2689 2657 2976 2714 facientem
3033 2665 3434 2727 prattereamus.
3505 2656 3597 2713 Sic
3668 2658 3836 2727 igitur

2232 2754 2322 2809 ille
2352 2753 2416 2824 (j)
2457 2771 2467 2806 :
2507 2773 2525 2804 ε
2560 2751 2616 2806 In
2648 2752 2806 2806 trium
2831 2750 3208 2821 Capitulorum
3237 2766 3397 2805 causa
3425 2766 3587 2821 quam
3611 2750 3837 2808 Facun-

2232 2843 2331 2899 dus
2349 2841 2617 2910 defendit,
2641 2842 2686 2898 si
2716 2856 2904 2897 verum
2929 2840 3075 2912 loqui
3107 2841 3298 2910 placet,
3344 2840 3628 2897 honestius
3655 2841 3838 2900 fuerat

2231 2951 2353 2992 cum
2397 2935 2592 3006 Vigilio
2635 2934 2832 2990 cadere
2879 2948 3040 3003 quam
3081 2933 3300 2989 vincere
3327 2949 3449 2990 cum
3493 2932 3834 2990 Justiniano.

2233 3030 2391 3100 Quod
2419 3031 2464 3086 si
2507 3031 2758 3100 Vigilium
2800 3039 3060 3100 perpetuo
3097 3028 3290 3084 ducem
3334 3030 3488 3100 sequi
3519 3030 3837 3097 maluisset,

2232 3138 2394 3194 quam
2422 3122 2696 3192 Vigilum,
2727 3131 3010 3192 postquam
3043 3119 3342 3176 Justiniano
3370 3121 3672 3193 cedendum
3703 3138 3842 3177 cen-

2158 3231 2203 3293 C
2235 3217 2370 3282 suit,
2412 3231 2534 3271 cum
2580 3214 2722 3269 Afris
2763 3214 2874 3268 suis
2920 3214 3346 3283 reprehendere;
3395 3229 3555 3269 nemo
3585 3215 3738 3269 illum
3771 3215 3841 3269 de

2233 3317 2484 3378 suscepta
2521 3306 2891 3376 Capitulorum
2933 3305 3247 3362 defensione
3297 3306 3363 3361 ad
3416 3321 3581 3376 quam
3610 3306 3842 3376 VLgilins

2234 3401 2349 3471 ipse
2377 3400 2517 3455 ultro
2553 3408 2740 3469 postea
2766 3398 2952 3465 rediit,
2984 3398 3105 3468 jure
3151 3398 3511 3455 accusandum
3537 3397 3836 3470 judicaret.

2234 3493 2341 3550 Sed
2365 3492 2679 3548 Facundum
2717 3491 3090 3560 collegasque,
3125 3498 3183 3545 ut
3225 3491 3417 3561 Vigilio
3447 3501 3838 3562 repugnarent,

2235 3584 2422 3641 fefellit
2446 3599 2599 3638 error
2619 3597 2727 3652 quo
2757 3585 3081 3639 tenebantur
3103 3599 3370 3654 quemque
3393 3584 3627 3640 Victoris
3655 3594 3714 3640 et
3746 3584 3842 3638 lsi-

2237 3676 2357 3732 dori
2393 3677 2461 3731 de
2491 3675 2744 3730 Facundo
2772 3675 3079 3730 testimonia
3103 3674 3410 3740 declarant;
3441 3674 3584 3742 quod
3628 3675 3842 3730 scilicet

2237 3785 2555 3843 persuasum
2583 3769 2845 3823 haberent
2873 3784 2980 3823 non
3029 3782 3190 3838 posse
3227 3768 3429 3837 absque
3470 3767 3668 3835 injuria
3717 3766 3842 3820 fidei

2242 3864 2544 3936 synodique
2582 3859 3038 3917 Chalcedonensis
3079 3860 3360 3915 eversione
3405 3857 3656 3928 Capitula
3704 3875 3842 3914 con-

2242 3956 2482 4012 demnari
2510 3972 2523 4006 :
2556 3953 2783 4024 proinde
2810 3952 3053 4006 damnari
3081 3966 3189 4005 non
3220 3949 3581 4020 patiebantur.
3614 3949 3689 4003 At
3715 3965 3845 4004 con-

2243 4058 2327 4105 tra
2357 4049 2578 4118 Vigilius
2609 4047 2830 4102 liberam
2885 4059 3005 4100 esse
3044 4041 3466 4099 controversiam
3496 4041 3846 4110 intelligens,

2243 4153 2438 4212 etqua:
2460 4150 2631 4196 utram
2663 4141 2714 4194 in
2739 4146 2945 4210 partem
2975 4143 3240 4206 vergeret,
3275 4136 3340 4192 ad
3385 4134 3508 4190 ﬁdei
3538 4135 3850 4192 doctrinam

2245 4236 2377 4290 nihil
2406 4235 2665 4289 attineret
2690 4232 2856 4302 (quod
2881 4231 3052 4302 ipsum
3082 4240 3206 4301 post
3233 4230 3408 4300 Vigilii
3439 4238 3690 4298 tempora
3724 4228 3854 4284 Cre-

2245 4329 2427 4398 gorius
2455 4327 2695 4398 Magnus,
2727 4323 2977 4394 Pelagius
2998 4333 3052 4380 et
3079 4324 3166 4379 alii
3194 4339 3334 4392 saepe
3365 4323 3544 4378 testati
3575 4323 3758 4392 sunt),
3791 4338 3856 4380 ea

2247 4421 2517 4477 interdum
2548 4421 2799 4475 libertate
2822 4433 2951 4475 usus
2974 4426 3053 4473 est
3082 4432 3244 4488 quam
3269 4431 3431 4472 causa
3461 4415 3816 4470 concedebat
3840 4432 3854 4468 :

2248 4531 2464 4586 semper
2491 4513 2726 4583 a'ioquin
2757 4513 2825 4569 ad
2854 4511 3204 4576 deicndenda,
3248 4519 3306 4564 ut
3346 4526 3442 4580 par
3470 4520 3610 4573 erat,
3643 4520 3707 4565 et
3731 4527 3859 4581 pro-

541 4616 681 4671 ferre
702 4623 925 4686 queant,
951 4612 1080 4669 illud
1105 4618 1314 4667 certum
1339 4619 1503 4682 atque
1519 4609 1860 4680 exploratum
1881 4625 2002 4665 cum
2016 4611 2140 4665 viro
2169 4625 2223 4688 ι)
2249 4607 2422 4663 banda
2462 4605 2706 4676 Capitula
2750 4604 3088 4675 propensior.
3135 4603 3268 4656 Nam
3312 4611 3363 4657 et
3401 4602 3703 4672 principio,
3736 4618 3857 4657 cum

542 4707 777 4763 maxime
807 4706 1178 4762 existimamus
1235 4703 1336 4776 (It).
1373 4721 1391 4755 ι
1427 4701 1581 4769 Quod
1629 4701 1732 4756 etsi
1775 4702 1990 4757 demum
2017 4711 2139 4773 post

543 4799 764 4852 obortas
819 4796 1077 4866 plurimas
1125 4793 1527 4849 controversias
1573 4791 1941 4862 immensaque
1986 4801 2140 4864 parta

545 4886 783 4950 dissidia,
816 4886 1077 4940 catholica
1107 4882 1344 4939 Ecclesia
1373 4883 1694 4937 sententiam
1721 4880 2006 4937 Justiniani
2037 4884 2141 4938 im-

546 4980 810 5052 peratoris
837 4988 1026 5035 contra
1060 4979 1172 5032 .tria
1202 4978 1449 5047 Capitula
1480 4977 1549 5032 sit
1573 4985 1782 5041 secuta,
1819 4985 1998 5030 tamen
2031 4973 2145 5045 ipso

546 5073 771 5129 exordio
796 5072 1086 5142 propositae
1118 5071 1460 5140 quaestionis,
1495 5070 1602 5123 imo
1632 5078 1853 5124 asserta:
1881 5070 1948 5124 ab
1978 5069 2146 5138 impe-

546 5172 728 5220 ratore
771 5163 1080 5226 sententia},
1132 5171 1318 5215 contra
1367 5160 1557 5215 eadem
1579 5160 1690 5213 tria
1719 5159 1961 5231 Capitula
1993 5173 2142 5214 eom-

619 5405 697 5479 (α),
724 5406 919 5479 Baron.
943 5403 1012 5479 ad
1041 5417 1164 5479 ann.
1200 5399 1326 5464 547,
1364 5398 1544 5479 ξδῇί,
1578 5395 1666 5461 55,
1857 5413 2009 5466 seqq.

721 5478 953 5533 Dachcr.
983 5474 1237 5544 Spicilcg.
1265 5467 1520 5532 tom'flll,
1560 5483 1678 5537 pag.
1703 5467 1804 5520 5L)?
1830 5483 1980 5536 seqq.
2011 5483 2136 5522 nov.

546 5553 690 5690 edt(tc.)
718 5620 841 5676 Nat.
900 5617 1053 5672 “ex.
1077 5613 1219 5668 Hist,
1267 5609 1400 5666 eccl.
1431 5624 1555 5664 sate.
1589 5623 1660 5672 rt,
1695 5623 1815 5678 cap.
1855 5605 1904 5675 ι,
1949 5615 2052 5662 art.
2085 5607 2140 5675 7,

551 5694 580 5762 δ
609 5691 696 5826 id)
728 5761 926 5813 Baron.
952 5757 1017 5810 ad
1049 5772 1174 5810 anu.
1217 5753 1337 5815 5&7,
1372 5751 1434 5825 ἕξ
1465 5748 1534 5804 ⁸56
1559 5759 1613 5826 et
1641 5764 1792 5819 seqq.

619 5817 690 5896 (ei
725 5832 898 5882 Nom.
934 5830 1151 5880 Disscrt.
1187 5828 1306 5878 hist.
1344 5817 1624 5894 δέῃ-[ιω.
1666 5817 1869 5891 γίὸηρ.
1917 5818 1970 5887 4,
1995 5817 2141 5892 Opp.

551 5914 685 5954 eoin.
720 5898 759 5964 l,
791 5911 944 5966 pagg.
982 5897 1082 5950 59ιὶ
1118 5907 1172 5952 et
1200 5911 1349 5966 seqq.

2247 4701 2371 4756 mali
2399 4700 2546 4754 labes
2563 4710 2679 4754 orta
2702 4696 3286 4765 estConstantinopoli,
3303 4710 3490 4749 eorum
3509 4694 3860 4750 damnationi

2246 4790 2620 4866 vehementius
2641 4789 2878 4855 obstitit;
2904 4798 2959 4842 et
2985 4801 3292 4857 quanquam
3324 4785 3638 4840 Ju.lieatum
3666 4795 3861 4857 postea

2252 4886 2306 4940 in
2337 4900 2523 4940 eorum
2549 4882 3056 4939 condemnationem
3083 4877 3323 4949 protulit,
3358 4885 3416 4932 ut
3445 4879 3746 4935 schismati
3775 4896 3864 4934 oc-

2253 4986 2494 5035 curreret
2539 4976 2920 5048 publicamque
2983 4973 3327 5042 concordiam
3394 4973 3698 5028 sententia:
3756 4989 3868 5026 sine

2248 5070 2456 5140 jactura
2498 5069 2785 5123 redimeret
2816 5085 2829 5120 :
2865 5076 3043 5120 tamen
3072 5064 3161 5119 ubi
3203 5063 3360 5117 aliter
3397 5063 3657 5117 evenisse
3702 5079 3866 5131 quam

2253 5162 2533 5233 sperabat,
2568 5168 2729 5229 atque
2755 5159 2858 5213 hac
2903 5159 3016 5227 ejus
3045 5153 3415 5210 moderatione
3453 5153 3670 5208 turbari
3704 5154 3868 5222 Capi-

2315 5403 2392 5473 (f)
2425 5403 2604 5456 Marca
2629 5399 2852 5473 Dissert.
2968 5397 3136 5473 Epist.
3158 5396 3402 5473 Υἱςίμὶἰρ
3429 5396 3514 5462 17,
3537 5398 3593 5451 in
3619 5396 3869 5460 Co::cil.,

2243 5467 2381 5527 toni.
2412 5473 2496 5543 VAI,
2521 5485 2643 5543 pag.
2673 5468 2799 5543 254,
2833 5468 2960 5523 edit.
2992 5467 3329 5543 Yep,_Labb.

2315 5545 2394 5614 (g)
2425 5537 2649 5614 Gai-"uer.
2687 5540 2907 5614 Dissert.
2959 5540 3025 5614 ad
3071 5537 3308 5614 biberat.
3363 5537 3612 5595 Breviar.
3647 5555 3784 5613 cap.
3822 5537 3874 5606 5,

2253 5613 2280 5686 §
2315 5607 2514 5686 iz'pag.
2545 5611 2668 5675 9.29,
2703 5610 2828 5686 edit.
2862 5607 3031 5686 Paris.

2322 5677 2408 5753 (Ιιῖ
2429 5677 2622 5753 Baron.
2658 5681 2723 5733 ad
2752 5677 3033 5753 δεξεμ-546,
3053 5677 3212 5753 Αῇιὸβε

2326 5748 2387 5821 (ἱ)
2422 5753 2520 5812 Μ..
2548 5752 2614 5806 ad
2645 5768 2771 5804 ann.
2806 5748 2928 5816 5W,
2960 5750 3022 5820 ᾗῇ
3049 5748 3240 5821 ﬂii-Sil.

2419 5823 2687 5880 Siz‘montl.
2723 5822 2929 5892 prtefat.
2965 5817 3029 5875 ad
3071 5817 3308 5875 Facund.
