4000 6344
157 317 258 371 5Ξ5
1397 326 1620 384 NOTlTl
1633 332 1665 384 «λ
1710 329 1802 386 EX
1841 330 2234 388 GALLANDIO
3349 347 3452 402 5‘26

147 433 382 490 tutorum
405 431 736 500 defensores,
769 435 916 490 abuti
957 435 1296 494 adversarios
1326 442 1739 509 animadvertit;
1774 449 1822 507 Α
1848 446 2007 502 nimis
2037 448 2303 520 prolixam
2347 464 2455 506 non
2486 460 2567 508 est
2593 453 2751 524 hujus
2790 455 2895 512 loci
2928 454 3167 526 referre;
3197 457 3265 514 ad
3295 475 3455 530 quem

147 535 261 581 tum
307 541 598 596 suppresso
643 525 891 582 iudicato
926 527 993 581 ad
1041 529 1320 598 pristinam
1372 532 1745 591 defensionem
1857 537 2082 607 proinde
2139 539 2372 597 lectores
2421 545 2743 600 remittimus
2798 547 2922 620 (e).
2991 525 3456 618 Benignnmitem

145 634 273 672 mox
304 617 462 673 rediit
488 618 539 672 in
567 633 739 690 eaque
763 619 1023 674 constitit.
1043 618 1285 692 Cumque
1309 623 1362 677 id
1391 623 1476 692 agi
1499 624 1742 693 sentiret,
1855 630 2206 702 interpretem
2251 632 2454 703 ﬂagitat
2512 637 2648 692 alius
2703 617 2940 695 Facundi
2990 617 3168 703 locus,
3239 641 3292 695 in
3347 649 3456 712 quo

146 719 202 763 ut
235 726 332 779 per
371 710 480 764 vim
509 718 928 780 extorqueretur
973 714 1041 768 ab
1097 713 1280 770 invitis
1329 718 1744 788 condemnatio,
1855 735 2065 778 comma
2098 722 2130 776 8
2155 726 2346 794 capitis
2378 743 2406 780 v
2433 725 2684 798 Epistolas
2729 729 2748 783 l
2778 728 2836 784 S.
2870 729 3090 786 Joannis
3120 710 3455 789 connnenta-

145 810 457 869 snspectam
487 801 692 855 habens
719 803 984 872 synodum
1015 801 1324 860 Graecorum
1360 808 1621 864 interesse
1651 825 1749 864 no-
1857 818 1944 866 tur
1975 815 2072 884 (ί).
2103 813 2274 880 Quem
2305 817 2520 884 quidem
2565 818 2740 873 locum
2775 821 2960 890 paucis
2992 823 3304 891 perstringit
3331 837 3453 876 eru-

146 886 244 945 iuit
269 909 281 956 ;
311 901 368 946 et
394 908 546 947 suam
573 893 640 948 de
670 892 930 964 Capitulis
955 911 1061 950 non
1085 895 1404 972 damnandis
1427 901 1748 957 sententiam
1855 903 1997 960 ditus
2027 905 2224 963 Millius
2252 908 2328 979 (g)
2363 925 2375 962 :
2408 909 2649 980 pluribus
2677 886 2808 967 vero
2837 886 3084 970 edisserit
3115 886 3306 970 doctus
3332 915 3455 970 Bero

149 985 293 1038 edito
313 985 616 1077 constituto
652 987 888 1054 graviter
917 988 1195 1056 exposuit;
1234 990 1439 1061 synodo
1471 991 1706 1062 denique
1728 1035 1742 1059 ,
1856 998 2054 1054 nardus
2096 999 2163 1055 de
2192 999 2390 1056 Rubeis
2423 1002 2522 1074 (Ιι).
2557 1003 2636 1058 Ad
2667 1003 2780 1060 haec
2825 1007 3068 1075 quisquis
3116 1007 3340 1077 hujusce
3367 1024 3456 1063 au-

148 1089 272 1127 cum
300 1074 550 1144 Capitula
581 1074 906 1143 damnasset,
933 1091 998 1132 ne
1026 1078 1333 1147 provincias
1361 1097 1481 1150 quae
1507 1083 1749 1152 plurimae
1855 1088 2021 1142 ctoris
2051 1088 2216 1144 libros
2250 1089 2531 1146 duodecim
2565 1091 2743 1160 (mitto
2788 1074 2928 1151 enim
2953 1074 3158 1167 reliqua
3187 1074 3293 1154 duo
3337 1099 3456 1169 ejus

148 1165 554 1230 reclamabant,
588 1166 781 1220 iterum
825 1166 1156 1236 oll‘enderet,
1201 1185 1479 1226 assensum
1508 1175 1743 1242 negavit.
1854 1181 2111 1248 opuscula
2140 1197 2259 1252 quae
2291 1183 2456 1240 libros
2485 1185 2606 1241 illos
2634 1189 2791 1260 exeip
2815 1190 2933 1262 unt)
2965 1165 3168 1248 attente
3205 1165 3454 1262 perlege-

145 1255 223 1310 Ex
255 1257 454 1328 quibus
481 1267 704 1328 apparet
733 1260 931 1314 nullam
963 1261 1016 1315 in
1065 1262 1166 1317 hac
1189 1262 1369 1333 Vigilii
1399 1266 1748 1324 consiliorum
1853 1269 1941 1336 rit,
1975 1271 2233 1327 nonnulla
2283 1271 2422 1330 forte
2451 1255 2774 1348 comperiet-
2795 1255 3013 1346 alicubi,
3045 1297 3164 1350 quae
3189 1255 3291 1337 sibi
3335 1255 3453 1337 nio-

145 1348 414 1402 varietate
451 1348 868 1404 inconstantiam
901 1350 1086 1420 fuisse,
1119 1355 1262 1424 quod
1297 1357 1467 1412 visum
1495 1367 1580 1413 est
1609 1374 1746 1415 non—
1854 1380 1970 1420 ram
2002 1366 2253 1433 inferant,
2303 1383 2532 1440 quaeque
2577 1372 2772 1426 seriam
2801 1373 3072 1442 postulent
3115 1375 3454 1430 animadver—

146 1439 336 1504 ηιιιιίες
369 1439 462 1494 sed
501 1450 698 1494 Statum
726 1443 905 1512 potius
949 1443 1218 1514 ﬁxamque
1247 1448 1300 1501 in
1332 1449 1527 1503 tuenda
1567 1449 1750 1507 Eccle-
1853 1458 2081 1514 sionem.
2117 1460 2313 1516 Verum
2361 1439 2666 1534 cuicunque
2724 1465 2775 1519 id
2801 1439 3104 1520 interdum
3151 1469 3432 1536 contingat

145 1531 255 1629 5:193
289 1546 454 1599 quam
482 1532 721 1600 regebat,
756 1549 890 1602 ρειοο
935 1537 1332 1608 concordiaque
1362 1543 1744 1596 οοηείδηιὶειῐῐιο
1854 1553 2161 1607 meminerit
2192 1553 2302 1623 ille,
2334 1554 2514 1625 lapsos
2542 1557 2818 1612 enimvero
2860 1557 3148 1627 aliquando
3171 1559 3256 1613 vel
3301 1560 3448 1629 opti-

145 1619 312 1690 Cujns
345 1622 512 1693 ipsius
557 1625 704 1694 pacis
752 1624 930 1679 studio
985 1625 1163 1696 Vigilii
1207 1645 1580 1700 successores,
1625 1649 1725 1687 cun

1873 1661 1971 1698 nos
2000 1654 2240 1700 vetustos
2270 1648 2583 1718 scriptores,
2628 1657 2789 1718 atque
2819 1649 2870 1703 in
2913 1649 3234 1718 quibusdam
3275 1651 3453 1721 cespi-

144 1727 353 1808 ῐξλυοοξ
386 1713 500 1782 iam
540 1725 728 1769 00mm
768 1715 869 1769 Πῖιί
901 1716 1145 1772 Videre!"
1185 1729 1244 1773 υῐ
1280 1737 1383 1774 una
1427 1723 1666 1778 omnium
1694 1725 1746 1779 ίη
1853 1742 1996 1790 tasse
2027 1752 2039 1789 :
2073 1751 2192 1806 qua:
2224 1747 2421 1805 tamen,
2470 1749 2528 1794 ut
2556 1741 2804 1808 equidem
2853 1757 3068 1806 censeo,
3119 1743 3252 1798 satis
3289 1742 3453 1800 fuerit

143 1803 390 1860 Ecclesia
423 1821 575 1860 mens
616 1815 672 1860 et
697 1823 799 1862 vox
831 1817 1004 1875 esset,
1034 1821 1380 1867 assenserunt
1410 1822 1465 1868 et
1495 1814 1592 1883 ipsi
1626 1825 1723 1870 tan!

1871 1828 1980 1897 psis
2025 1827 2354 1897 condonare,
2387 1845 2546 1899 quam
2579 1831 2709 1886 vitio
2749 1841 2976 1888 vertere.
3011 1833 3101 1889 Sic
3131 1834 3275 1889 enim
3306 1850 3448 1900 sum,

141 1897 294 1962 dem,
331 1905 388 1951 et
426 1897 632 1968 synodo
669 1899 888 1954 incerta:
921 1901 987 1954 ad
1025 1901 1077 1955 id
1120 1911 1329 1973 tempus
1375 1907 1742 1971 auctoritatis,
1855 1926 1914 1972 υι

139 1991 360 2045 concilii
390 1992 656 2060 generalis
700 1994 805 2048 vim
841 2009 1151 2064 nomenque
1197 1996 1611 2054 conﬁrmatione
1650 2016 1745 2054 sua
1980 2033 2133 2084 mum
2153 2032 2291 2095 plura
2312 2035 2472 2086 “non,
2491 2037 2540 2085 in
2563 2037 2800 2098 carmine,
2823 2048 2919 2086 non
2939 2049 3035 2098 ego
3059 2038 3222 2098 paucis

140 2082 512 2151 pnebucrunt.
556 2102 573 2134 ›
608 2081 723 2137 Huc
750 2099 920 2152 usque
949 2085 1030 2139 vir
1057 2085 1420 2142 doctissimus.
1773 2115 1778 2122 υ
1976 2081 2919 2160 ominr’issenigfcjias'iaiillam;
2937 2081 3078 2158 uidit:

212 2170 300 2224 Vl.
348 2171 520 2227 Porro
547 2172 816 2241 quodnam
846 2175 915 2230 sit
952 2175 1255 2245 bujusmodi
1297 2177 1533 2233 Facundi
1564 2184 1745 2252 operis
1973 2157 2072 2208 Αυί
2094 2157 2302 2207 humana
2325 2157 2644 2222 Ρπωῖίθλνίί
2663 2166 2835 2210 nam"
2860 2158 2941 2223 (θ’

134 2265 397 2334 pretium,
423 2264 584 2319 modo
609 2264 1186 2322 laudatusSirmondus
1208 2269 1486 2340 statuit(a)
1525 2289 1542 2321 ι
1567 2286 1633 2326 ex
1659 2281 1744 2326 at-
1921 2265 2034 2324 νη.
2071 2266 2191 2323 Jam
2218 2277 2467 2340 superest
2509 2279 2568 2326 ut
2610 2271 2678 2328 de
2707 2287 2836 2328 cura
2875 2282 3059 2329 nostra
3110 2273 3164 2327 in
3205 2274 3308 2329 hac
3343 2274 3444 2329 Fa-

136 2362 284 2410 tenta
314 2353 436 2423 ejus
465 2354 694 2410 lectione
739 2368 1033 2423 agnoscere
1058 2370 1328 2426 quemque
1360 2357 1534 2413 virum
1567 2361 1747 2416 erudi-
1848 2359 2008 2416 eundi
2037 2360 2275 2417 editione
2303 2361 2569 2433 paranda,
2603 2365 2789 2434 paucis
2829 2380 2899 2421 ex
2928 2381 3080 2421 more
3109 2381 3348 2435 agamus.
3383 2365 3446 2420 Et

137 2455 252 2499 tum
320 2445 526 2500 habere
579 2445 722 2500 hunc
773 2452 1054 2502 auctorem
1127 2445 1329 2502 atl’atim
1385 2448 1530 2504 unde
1576 2452 1748 2520 possit
1849 2455 2079 2525 primum
2109 2455 2327 2524 quidem
2355 2455 2629 2512 Sirmondi
2655 2457 2861 2514 ἔκδοσιν
2887 2459 3060 2515 secuti
3089 2474 3293 2524 sumus,
3324 2474 3446 2528 quae

134 2553 324 2594 rerum
355 2555 493 2610 quas
522 2546 717 2594 tractat
760 2538 1015 2606 utilitate,
1065 2541 1244 2610 copia,
1292 2541 1578 2609 varietate,
1628 2543 1746 2598 ani-
1847 2545 1991 2600 inter
2018 2545 2136 2614 ejus
2164 2560 2330 2616 opera
2365 2547 2516 2601 varia
2568 2562 2602 2603 e
2647 2548 3004 2618 typographia
3035 2549 3182 2617 regia
3227 2547 3446 2605 Parisiis

135 2648 284 2686 mum
338 2631 688 2702 studiumque
740 2647 896 2687 suum
941 2648 1050 2689 non
1104 2633 1376 2689 immerito
1422 2635 1678 2692 retinere.
1718 2654 1736 2688 ι
1846 2634 2046 2705 prodiit
2075 2650 2220 2692 anno
2266 2633 2423 2704 1696,
2473 2637 2653 2694 studio
2699 2637 2768 2693 cl.
2817 2636 3008 2693 Baunii
3052 2640 3309 2709 expolita.
3343 2641 3447 2697 Ve-

135 2723 412 2780 Nonnnlla
446 2730 623 2778 tamen
667 2724 976 2782 duriuscula
1001 2725 1057 2781 in
1096 2725 1246 2781 hisce
1291 2726 1442 2782 libris
1474 2728 1744 2784 interdum
1847 2733 1973 2781 neta
2002 2725 2145 2782 enim
2167 2740 2285 2798 qum
2313 2726 2461 2782 illam
2502 2727 2746 2785 insecuta
2773 2737 2855 2784 est
2875 2743 3016 2785 anno
3047 2721 3207 2801 i729,
3236 2731 3448 2795 mendis

135 2823 462 2883 occurrunt,
487 2831 605 2885 quae
633 2816 897 2872 intentum
926 2817 1186 2873 lectorem
1214 2813 1742 2889 requiruntL'Cujus-
1845 2817 1988 2874 haud
2034 2819 2220 2889 paucis
2263 2827 2560 2877 scatentem
2606 2807 2872 2878 novimus.
2927 2821 3191 2879 Caeterum
3241 2840 3308 2880 ex
3345 2825 3448 2882 hac

135 2906 284 2961 modi
317 2915 404 2962 est
436 2906 584 2976 locus
615 2907 704 2962 ille
733 2909 957 2977 insignis
979 2908 1048 2964 de
1068 2923 1225 2965 sacra
1256 2907 1621 2976 Eucharistia,
1651 2909 1740 2966 ubi
1844 2910 2130 2980 posteriori
2159 2911 2398 2968 editione
2423 2913 2568 2969 notis
2595 2911 2991 2970 Sirmondianis
3019 2916 3291 2972 variantes
3321 2919 3444 2974 sub-

137 2999 212 3052 ait
235 2997 315 3067 (ὁ)
352 3015 364 3049 :
398 2995 799 3052 Sacramentum
841 3000 1072 3069 corporis
1119 3007 1168 3053 et
1213 3000 1482 3071 sanguinis
1525 2998 1740 3068 Christi,
1837 2999 2089 3069 jecimus,
2122 3015 2256 3071 quas
2291 3002 2536 3073 diligenti
2576 3003 2868 3073 collatione
2892 3004 3139 3061 instituta
3161 3022 3285 3062 cum
3314 3024 3444 3078 pra:-

135 3090 270 3159 quod
292 3097 373 3142 est
393 3090 451 3142 in
481 3105 616 3158 pane
657 3097 707 3142 et
740 3088 923 3161 poculo
965 3099 1283 3155 consecrato,
1327 3104 1512 3160 corpus
1551 3090 1665 3160 ejus
1694 3099 1743 3144 et
1843 3095 2008 3151 stanti
2033 3109 2133 3150 ms.
2163 3095 2352 3152 codice
2376 3095 2694 3167 amplissimi
2717 3096 3282 3168 capituliVeronensis
3297 3100 3442 3154 eruit

133 3181 448 3252 sanguinem
474 3181 732 3235 dicimus:
774 3198 879 3236 non
907 3182 1041 3254 quod
1069 3182 1277 3254 proprie
1314 3198 1500 3254 corpus
1534 3183 1648 3255 ejus
1674 3187 1741 3238 sit
1768 3215 1813 3276 ρ
1843 3185 2045 3257 Ioseph
2070 3185 2397 3241 Blanchinus
2427 3185 2492 3240 ν.
2523 3184 2608 3255 C.,
2639 3187 2834 3257 quibus
2861 3187 3080 3258 quidem
3111 3188 3437 3245 lectionibus

132 3275 312 3340 panis,
362 3280 411 3324 et
439 3273 676 3341 poculum
701 3274 948 3344 sanguis;
993 3274 1085 3328 sed
1113 3274 1249 3345 quod
1277 3276 1330 3328 in
1360 3291 1416 3329 se
1442 3277 1742 3347 mysterium
1782 3273 1808 3276 θ
1847 3276 2086 3332 Facundi
2137 3285 2314 3332 textus
2362 3275 2693 3343 illustratur,
2743 3279 3091 3346 emendatur,
3141 3282 3443 3352 suppletur.

133 3363 374 3431 corporis
403 3362 515 3431 ejus
543 3364 910 3434 sanguinisque
930 3366 1210 3430 contineat,
1236 3372 1344 3420 etc.
1373 3365 1502 3431 Qua:
1525 3365 1741 3435 quidem
1846 3367 2060 3423 Codieis
2087 3367 2406 3436 dignitatem
2434 3368 2504 3424 ob
2533 3368 2722 3425 oculos
2753 3370 2974 3426 exhibet
3011 3356 3233 3427 illuSIris
3261 3372 3444 3443 Scipio

134 3454 380 3510 Facundi
410 3454 576 3509 verba
607 3456 730 3510 licet
769 3455 940 3512 solide
967 3456 1100 3512 satis
1137 3458 1451 3528 exposuerit
1493 3457 1742 3514 Sirmon-
1844 3459 2087 3516 Mail‘eius
2109 3460 2198 3532 (j).
2243 3461 2510 3516 Prmterea
2539 3461 2743 3516 laudati
2764 3462 2966 3517 codicis
2993 3463 3318 3519 Veronensis
3344 3481 3444 3520 no-

131 3546 254 3612 dus,
288 3562 357 3601 ea
404 3555 585 3602 tamen
635 3548 788 3603 avide
831 3548 1172 3619 arripuerunt
1205 3549 1522 3606 heterodoxi
1575 3551 1745 3606 homi-
1845 3550 1914 3605 tis
1941 3549 2230 3605 nonnullas
2270 3550 2763 3607 animadversiones
2808 3551 3162 3617 subdidimus,
3211 3568 3346 3622 quas
3374 3570 3441 3610 ex

132 3656 251 3705 nes,
287 3656 497 3710 eosque
526 3643 665 3697 inter
688 3639 897 3698 Caveus
928 3643 1024 3713 (ο),
1055 3652 1114 3698 ιιι
1151 3643 1288 3699 alios
1333 3652 1738 3713 praetereamus,
1844 3640 1991 3695 varia
2021 3655 2247 3712 operum
2277 3641 2346 3695 ab
2372 3640 2596 3696 eruditis
2623 3640 2753 3696 viris
2789 3640 3057 3698 editorum
3085 3642 3318 3700 lectione
3344 3661 3442 3700 no-

132 3732 334 3800 quibus
354 3732 457 3786 sibi
485 3731 710 3802 aliisque
737 3734 1026 3790 suaderent
1051 3750 1161 3790 sua:
1188 3734 1409 3791 demum
1438 3749 1615 3792 causa:
1645 3751 1741 3806 pa-
1843 3731 1926 3787 bis
1952 3729 2416 3801 comparavimus;
2449 3730 2643 3799 quibus
2666 3745 2829 3786 unam
2863 3739 2920 3787 et
2941 3731 3168 3788 alteram
3193 3747 3313 3803 qua:
3342 3751 3443 3791 nos

133 3830 359 3876 tronum
385 3823 657 3879 exstitisse
702 3824 828 3879 olim
867 3823 1315 3883 Ilermianensem
1347 3827 1495 3883 illum
1525 3827 1740 3898 episco-
1842 3822 2231 3894 prmterierant,
2263 3821 2352 3877 hic
2380 3820 2578 3877 addere
2620 3820 2816 3894 placet.
2866 3818 3046 3878 Primo
3095 3824 3279 3895 itaque
3327 3825 3441 3897 jam

133 3923 284 3981 pum,
319 3912 437 3982 qui,
469 3913 514 3968 si
559 3913 660 3968 diis
689 3914 884 3985 placet,
917 3915 1070 3986 panis
1116 3931 1182 3972 ac
1221 3917 1332 3972 vini
1382 3917 1740 3973 substantiam
1842 3916 1935 3971 diu
1975 3916 2290 3974 observarat
2344 3912 2578 3968 Baunius
2619 3913 2692 3986 (Ις)
2727 3927 2847 3983 qua:
2888 3913 3140 3982 leguntur
3167 3915 3311 3988 apud
3341 3917 3442 3972 Fu.

133 4003 187 4056 in
211 4000 415 4056 Christi
447 4018 645 4074 corpus
668 4012 722 4060 et
748 4007 1065 4075 sanguinem
1094 4007 1465 4073 transmutari,
1498 4006 1624 4062 dum
1649 4022 1740 4063 sa-
1843 4009 2105 4076 cundum,
2136 4009 2226 4064 lib.
2256 4024 2292 4064 ιι
2321 4021 2440 4078 cap.
2472 4007 2505 4061 6
2537 4005 2696 4078 (inira
2725 4005 2834 4063 col.
2866 4005 3016 4077 578),
3047 4009 3114 4064 ab
3141 4009 3224 4064 his
3244 4010 3441 4076 verbis,

133 4108 287 4148 crum
336 4094 520 4149 altaris
549 4097 862 4166 mysterium
893 4097 1186 4167 peragitur,
1240 4098 1382 4153 haud
1427 4098 1738 4154 crediderit.
1843 4119 2022 4156 rursus
2043 4117 2287 4172 agnosce,
2321 4100 2571 4171 Auguste,
2603 4114 2772 4170 usque
2798 4099 2866 4153 ad
2894 4108 3167 4169 postrema
3192 4101 3326 4168 lucc,
3358 4105 3444 4172 qui

132 4186 217 4238 Ad
238 4185 346 4240 bos
371 4199 655 4254 segregum
686 4188 1004 4244 vanissimos
1023 4190 1242 4258 plausus
1264 4188 1626 4246 exsufﬂandos
1653 4203 1742 4244 sa-
1842 4194 2048 4249 veritati
2093 4193 2321 4247 audeant
2373 4191 2644 4258 resultare,
2696 4207 2760 4247 ea
2815 4208 2923 4246 non
2971 4206 3111 4256 esse,
3147 4194 3224 4248 uti
3274 4195 3442 4257 videri

135 4277 207 4330 tis
227 4276 422 4330 habuit
451 4276 747 4334 Dacherius
771 4294 839 4333 ex
864 4279 1102 4349 ejusdem
1127 4279 1363 4335 Facundi
1410 4279 1650 4351 Epistula
1675 4280 1744 4350 Ιί-
1843 4293 2087 4356 possent,
2128 4283 2298 4354 ipsius
2354 4282 2610 4349 Facundi,
2672 4281 3032 4338 Iustinianum
3079 4285 3214 4352 Aug.
3268 4285 3443 4341 verbis

135 4368 218 4421 dei
249 4367 522 4423 catholica:
551 4370 604 4423 in
635 4369 933 4441 defensione
971 4373 1128 4425 trium
1165 4368 1541 4443 Capitulorum,
1578 4385 1741 4440 quam
1844 4377 1953 4432 suis
1981 4375 2324 4445 alloquentis,
2355 4374 2450 4429 sed
2493 4373 2779 4445 desumpta
2800 4390 2866 4430 ex
2894 4375 3068 4431 sancti
3098 4374 3296 4431 Leonis
3324 4377 3439 4445 epi-

137 4461 349 4529 primus
377 4459 562 4526 edidit,
608 4462 858 4516 evincere
888 4461 965 4534 (ά)
1015 4461 1219 4516 nullam
1251 4477 1370 4518 esse
1401 4461 1452 4515 in
1498 4461 1740 4516 Ecclesia
1844 4467 1981 4523 stola
2009 4465 2076 4521 ad
2108 4465 2344 4522 Leonem
2374 4465 2512 4534 Aug.
2555 4465 2642 4534 (l).
2696 4466 2873 4533 Atque
2904 4466 3030 4520 hinc
3077 4481 3242 4536 porro
3271 4469 3442 4522 corri.

136 4553 306 4620 ipsius
338 4551 740 4620 auctoritatem,
791 4568 914 4607 cum
964 4569 994 4607 a
1047 4553 1312 4609 catholica
1359 4553 1742 4608 communione
1769 4586 1818 4646 Β
1844 4555 2076 4625 gendum
2103 4563 2206 4620 est,
2237 4554 2382 4624 quod
2428 4555 2481 4608 in
2514 4555 2605 4609 illo
2631 4563 2911 4623 segmento
2951 4555 3148 4624 legitur
3174 4557 3313 4627 apud
3346 4558 3439 4612 Fu.

132 4643 429 4698 desciverit
457 4650 619 4712 atque
660 4644 713 4698 in
739 4645 1031 4700 schismate
1072 4647 1139 4700 ad
1180 4647 1384 4701 obitum
1417 4661 1587 4716 usque
1617 4660 1742 4715 per-
1770 4643 1802 4646 ⁷
1846 4647 2098 4712 cundum,
2130 4647 2250 4717 quia
2272 4647 2415 4717 prius
2455 4645 2731 4717 legitimus,
2764 4656 2905 4712 etc.;
2938 4661 3061 4700 nam
3103 4647 3246 4702 haud
3278 4649 3439 4706 dubie

133 4737 438 4790 manserit:
497 4751 605 4806 quo
661 4744 950 4807 propterea
995 4737 1132 4792 duce
1185 4738 1418 4792 inaniter
1445 4737 1744 4806 glorientur
1846 4739 2054 4795 restitui
2083 4737 2266 4801 debet,
2296 4736 2416 4808 quia
2436 4745 2551 4806 post
2573 4737 2847 4807 legitimas,
2877 4746 3010 4809 etc.,
3041 4739 3179 4794 sicut
3220 4741 3271 4795 in
3304 4741 3440 4798 Leo-

135 4825 399 4880 li-xretici.
434 4824 634 4881 Verum
675 4827 780 4883 hoc
817 4837 902 4882 est
928 4829 1146 4884 demum
1182 4829 1382 4884 nodum
1414 4844 1544 4885 ense
1573 4844 1743 4899 expe-
1845 4831 1930 4885 nis
1952 4828 2176 4900 epistola
2218 4828 2431 4898 legitur,
2463 4836 2520 4881 et
2548 4827 2651 4883 loci
2687 4828 2954 4883 sententia
3001 4844 3219 4899 prorsus
3249 4834 3438 4904 exigit.

130 4916 271 4981 dire,
305 4931 417 4968 non
447 4917 675 4972 solvere.
711 4917 781 4972 At
828 4917 978 4973 illum
1023 4918 1200 4986 solvit,
1234 4927 1292 4974 et
1338 4934 1500 4974 manu
1525 4918 1742 4989 quidem
1847 4918 1999 4974 lianc
2063 4928 2242 4973 autem
2298 4917 2730 4973 emendationem
2790 4933 2859 4974 ex
2907 4931 3209 4978 memorato
3253 4925 3440 4982 codice

128 5007 320 5075 «λε-αδ,
351 5005 558 5064 Natalis
584 5007 907 5080 Alexander,
957 5012 1112 5082 cujus
1156 5012 1509 5083 expositionis
1545 5013 1744 5070 seriem
1853 5009 2147 5066 Veronensi
2175 5024 2242 5064 eo
2272 5008 2374 5063 loci
2408 5007 2686 5065 Blanchini
2716 5012 2893 5067 studio
2916 5011 3229 5072 adnotatum
3267 5015 3440 5076 habe-

206 5259 288 5326 (τι)
329 5259 601 5313 Sirmond.
637 5259 840 5328 pnet‘at.
876 5263 941 5314 ad
975 5260 1237 5326 Facund.,
1267 5260 1366 5316 sub
1396 5256 1512 5311 init.
1915 5257 1994 5329 (h)
2034 5256 2096 5313 Β.
2127 5256 2197 5329 de
2221 5255 2362 5329 Bub.
2417 5256 2635 5329 Dissert.
2670 5258 2737 5313 de
2785 5259 2908 5316 trib.
2961 5263 3012 5317 in
3063 5265 3185 5320 cmi.
3227 5264 3431 5324 Testih.

209 5330 283 5406 (bl)
329 5329 566 5409 Eacuqd.
592 5327 778 5409 libzix,
805 5346 926 5401 cap.
957 5331 1009 5394 5,
1025 5339 1164 5409 _post
1188 5331 1347 5409 med.“
1707 5335 1722 5350 '
1841 5327 2067 5409 capp.
2094 5338 2148 5385 et
2171 5327 2270 5409 710,
2299 5345 2446 5409 num.
2477 5327 2532 5381 9..
2597 5407 2604 5409 _
2849 5399 2916 5409 η

210 5401 282 5469 (ε)
325 5399 459 5469 (inv.
492 5397 627 5454 Hist.
670 5401 833 5456 litter.
868 5397 996 5456 tonL
1023 5397 1064 5462 ιζ
1095 5415 1215 5469 pag.
1250 5399 1372 5453 520.

1910 5397 1975 5467 ii)
2016 5399 2205 5454 Horat.
2240 5399 2307 5453 de
2338 5400 2448 5453 Art.
2483 5407 2631 5466 poet.
2675 5415 2813 5454 vers.
2847 5399 3104 5455 551-553.

210 5418 260 5460 (ε
325 5418 459 5453 ων.
492 5418 627 5454 ιιιει.
670 5418 833 5456 utter.
868 5418 996 5456 tom.
1023 5418 1064 5462 ι,
1132 5418 1215 5469 ag.
1250 5418 1372 5453 ozu.
1911 5418 1975 5467 (ι)
2016 5418 2205 5454 norat.
2240 5418 2307 5453 ue
2338 5418 2448 5453 AN.
2483 5418 2631 5466 poet.
2675 5418 2813 5454 vers.
2847 5418 3104 5455 θυι-θοι).

331 5467 560 5589 Ιῖςιεὴοτ.
592 5470 842 5541 Spicileg.
878 5481 1007 5527 tom.
1041 5418 1129 5537 lli:
1179 5487 1299 5544 pag.
1347 5469 1478 5538 307,
1530 5477 1644 5524 not.
1679 5483 1729 5536 a,
1839 5541 1877 5596 Γ
1913 5473 1978 5543 (j)
2020 5469 2162 5524 Mali".
2194 5470 2394 5596 ggusc.
2446 5469 2577 5525 eccl.
2613 5470 2680 5525 ad
2710 5471 2844 5526 cale.
2903 5469 3101 5526 Histor.
3151 5473 3315 5528 theol.
3363 5476 3433 5532 de

216 5559 262 5592 δ’.
298 5552 345 5596 e-
375 5551 431 5592 Ιι.
1865 5554 2013 5596 urat"
2043 5556 2164 5596 nan.
2271 5581 2284 5594 .

173 5559 262 5593 ιη’.
298 5551 431 5596 e-ttt.
1839 5551 2013 5604 (ἐι-31η
2043 5556 2164 5604 pag.
2197 5551 2284 5596 δδ.

129 5559 262 5595 mw.
298 5552 431 5596 e-nt.
1839 5552 2013 5604 (ξι-πμ,
2043 5556 2164 5610 pag.
2197 5552 2284 5596 δδ.

130 5683 166 5691 _
208 5610 503 5691 (eLNatal.
555 5612 706 5666 Alex.
757 5613 890 5668 llist.
927 5614 1081 5677 ecel.,
1124 5628 1249 5668 sec.
1283 5628 1353 5677 vr,
1382 5627 1505 5682 cap.
1537 5611 1589 5676 4,
1623 5619 1725 5667 art.
1912 5616 1986 5691 (te)
2017 5613 2196 5691 .Bann.
2229 5611 2534 5691 pifyl':it_._a__d
2566 5619 2696 5666 tom.
2727 5611 2772 5691 ll
2796 5608 2935 5691 Opp.
2963 5609 3252 5691 Sirpicum,
3289 5613 3315 5686 §
3343 5614 3398 5670 4.

143 5709 190 5744 δ’
210 5682 562 5807 (ξ’)ἓίθειουηι.
591 5753 680 5807 lib.
716 5771 750 5807 ι.
781 5769 900 5807 can.
930 5755 984 5807 ’5.
1017 5753 1148 5807 inira
1181 5755 1286 5807 Cui.
1317 5753 1440 5807 553.

1848 5679 1976 5807 5At)
2015 5682 2184 5738 Leon.
2217 5679 2372 5753 (ἐνίει.
2408 5683 2532 5746 155,
2587 5691 2717 5738 tom.
2750 5679 2768 5734 Ι
2817 5681 2946 5736 edit.
2980 5679 3015 5732 εὶ
3041 5680 3265 5748 Quesn.,
3291 5679 3428 5756 'pag.

210 5751 276 5826 (ἶ)
318 5751 562 5826 Facuntl.
591 5753 680 5826 lib.
716 5771 750 5818 ι,
781 5769 900 5826 cap.
928 5755 984 5826 ᾇ,
1017 5753 1148 5826 infra
1181 5755 1286 5810 Cui.
1317 5753 1456 5826 555.7
1479 5823 1491 5826 _
1511 5822 1528 5826 _
1554 5822 1569 5826 λ
1838 5751 1960 5809 3M.

209 5821 286 5892 (g)
329 5821 464 5876 Mill.
497 5822 798 5894 Proh-gum.
829 5821 896 5879 ad
926 5824 986 5878 Ν.
1020 5825 1078 5878 'l‘.
1113 5825 1226 5893 (ita,
1262 5845 1406 5885 nunt.
1438 5822 1594 5880 1006.
