4000 6344
532 384 645 456 527
712 353 719 362 ’

1630 384 1928 440 FACUNDI
1967 383 2180 443 EHSC.
2219 383 2731 442 HERMIANENSIS

3725 387 3832 448 528

532 520 666 560 mus.
690 501 818 556 Eam
848 517 976 558 vero
1003 500 1206 571 primus
1255 496 1472 568 agnovit
1519 495 1842 564 Quesncllus
1891 496 1970 568 (α)
1999 538 2015 563 ,
2060 513 2124 554 ac
2151 504 2195 561 Α
2229 499 2425 554 thzeum
2456 497 2558 569 (ά).
2590 497 2832 567 Denique
2876 497 2942 554 ad
2982 497 3078 553 lib.
3112 514 3185 564 ιν,
3234 513 3354 569 cap.
3417 498 3452 552 2
3505 499 3664 573 (infra
3717 509 3832 563 col.
3903 512 3905 514 '

529 594 784 666 deinceps
805 592 1074 649 Ballerinii
1118 591 1312 648 fratres
1357 588 1456 663 (ὁ).
1512 589 1721 644 Deinde
1770 590 1838 644 ad
1877 589 2121 659 ejusdem

522 686 764 754 Facundi
793 685 884 740 lib.
911 700 990 750 ιιι,
1019 699 1139 754 cap.
1164 683 1218 747 5,
1250 689 1436 738 monet
1462 679 1896 736 Montfauconius
1937 679 2012 752 (ο)
2042 679 2124 738 lo-

527 793 648 836 cum
669 777 737 832 ab
757 785 982 832 auctore
1001 775 1274 847 prolatum
1299 788 1366 831 ex
1391 772 1603 830 Joanne
1614 771 2003 845 Chrysostomo
2020 774 2036 837 ι
2044 773 2126 828 in-

532 867 612 924 fra
641 868 749 925 col.
776 866 931 933 595),
972 873 1188 922 exstare
1230 864 1283 919 in
1328 863 1515 920 homil.
1558 861 1632 916 83
1662 862 1734 917 al.
1765 861 1837 916 84
1881 863 1934 918 in
1982 861 2125 917 Mat-

596 1002 677 1076 (a)
717 1001 949 1076 Quesn._
970 999 1093 1056 Not.
1142 999 1211 1054 ad
1260 998 1422 1067 epist.
1475 995 1858 1060 Leon.,tom.
1911 993 1954 1050 ll
1985 994 2118 1051 edit.

527 1071 668 1137 cit.,'
692 1087 812 1143 pag.
845 1071 970 1143 507,

599 1135 675 1215 (ὁ)
694 1135 912 1199 'Baller.
941 1138 1080 1211 Opp.
1111 1137 1283 1196 Leon.
1313 1145 1447 1195 tom.
1471 1135 1520 1204 Ι,
1553 1151 1676 1208 pag.
1705 1135 1868 1192 15t5.

537 1308 724 1319 .—_-_—.

2230 587 2384 660 ϐω),
2430 589 2521 643 ubi
2569 590 2776 644 mentio
2828 588 3066 661 Martyrii
3116 588 3564 660 Marciopolitani,
3600 593 3832 649 advertit

2232 679 2624 751 Wesselingius
2683 682 2801 754 (e)
2863 682 3146 753 legendum
3193 683 3712 757 Marcian0politaui.
3760 690 3833 743 At

2233 775 2347 840 ἅλις
2373 773 2626 837 σπουδῆς.

2307 989 2378 1063 (σί)
2419 988 2608 1063 Montf.
2637 987 2846 1063 prmfat.
2880 987 2944 1042 ad
2976 988 3228 1063 tom_.__Yll
3253 989 3556 1063 Chrysost.,
3588 992 3616 1063 §
3647 993 3697 1048 3.

2304 1057 2385 1132 (d)
2420 1057 2874 1132 §!ll'y$Q$l:_0p[l_.
2909 1067 3041 1112 toni.
3077 1059 3186 1132 ΥΠ,
3221 1075 3344 1130 pag.
3367 1057 3502 1116 ⁷791.

2310 1129 2382 1202 te)
2420 1129 2654 1184 Wessel.
2684 1129 2805 1186 Vet.
2835 1129 3062 1183 Roman.
3097 1129 3310 1194 Itiner.,
3334 1148 3454 1202 pag.
3489 1133 3615 1188 229.

1760 1391 2647 1537 vacuum,

1458 1559 2285 1641 HERMIANENSIS
2311 1566 2342 1606 ³
2394 1558 2919 1652 EPISCOPI,

529 1709 833 1837 Ριιο
954 1619 3832 1833 DEFEN‘é‘iBﬁE‘"ﬁ1613i"'éxi)nux.om

1379 1903 1902 1992 CON‘CILII
1959 1901 3000 1988 CHALCEDONENSIS

1774 2069 2221 2174 LIBRI
2319 2068 2604 2172 ⁴ΧΠ

1062 2269 1231 2376 ΑΙ)
1301 2267 1757 2376 JUSTIN
1768 2259 1995 2395 IAN
2002 2264 2153 2368 Ull.

2279 2261 3276 2371 ΙΜΡΕΒΑΤΟΒΕΜ.

1961 2437 2415 2451 —-————

1981 2518 2443 2580 PBEFATIO.

595 2645 732 2704 Cum
761 2646 817 2700 in
847 2643 1211 2716 praeiudicium
1253 2643 1427 2698 sancti
1467 2639 1682 2697 concilii
1711 2639 2119 2696 Cbalcedonen-
2157 2648 2194 2706 Β
2223 2642 2372 2712 gravi
2403 2641 2727 2698 necessitate
2758 2640 3086 2711 respondere
3116 2641 3537 2714 constringet-er,
3568 2643 3661 2699 vix
3693 2646 3828 2702 mihi

524 2739 602 2798 sis
621 2741 1020 2809 impugnatores
1048 2735 1165 2806 ejus
1189 2733 1443 2806 Acephali
1468 2749 1568 2804 per
1586 2734 1850 2808 quosdam
1880 2734 2128 2804 subripe-

527 2840 666 2894 rent,
693 2838 752 2886 ut
779 2830 1006 2900 epistola
1037 2829 1141 2883 lb:c
1183 2827 1441 2886 Edesseni
1471 2826 1730 2898 episc0pi,
1765 2843 1926 2900 quam
1953 2828 2019 2881 ad
2067 2841 2127 2882 se

527 2922 759 2977 delatam
790 2928 1086 2976 memorata
1110 2919 1348 2992 synodus
1369 2919 1688 2974 catholicam
1716 2917 2006 2987 judicavit:
2031 2917 2128 2973 sed

524 3021 586 3069 et
635 3011 954 3068 Theodorus
1006 3010 1419 3081 Mopsuestenus
1472 3011 1516 3074 ‘,
1563 3010 1786 3082 ejusque
1836 2997 2126 3074 doctrina,

520 3120 650 3178 quae
677 3105 731 3160 in
761 3104 951 3160 eadem
999 3103 1227 3175 epistola
1268 3102 1374 3157 Iba:
1396 3101 1610 3157 laudata
1640 3110 1753 3168 est;
1795 3115 1898 3156 nec
1927 3116 2034 3156 non
2072 3109 2128 3156 et

526 3199 772 3270 qumdam
800 3197 1135 3254 Theodoreti
1181 3197 1338 3270 Cyrri
1388 3197 1626 3270 episcopi
1669 3197 1890 3268 scripta,
1936 3197 2027 3268 qui
2072 3197 2126 3252 in

520 3293 784 3366 prmdicto
815 3291 1242 3347 Cltalcedonensi
1285 3290 1518 3346 concilio
1547 3287 1829 3361 epistolam
1863 3287 2128 3358 dogmati-

505 3376 654 3440 'cam
681 3399 833 3454 papa:
860 3381 1058 3438 Leonis
1097 3382 1349 3446 asseruit,
1385 3382 1486 3437 sub
1515 3381 1861 3437 anathemate
1905 3380 2128 3436 damna-

532 3484 766 3530 rentur:
793 3474 898 3529 hoc
918 3488 1054 3544 opus
1075 3473 1426 3529 suadentibus
1455 3472 1709 3528 fratribus
1738 3473 1804 3528 ad
1830 3473 2126 3544 imperato-

530 3581 648 3622 rem
678 3562 1149 3634 Constantinopoli
1197 3563 1409 3634 scripsi.
1443 3563 1561 3630 Quo
1607 3564 1838 3619 necdum
1885 3563 2036 3621 linito
2061 3579 2126 3621 ac

530 3663 882 3726 pertractate,
925 3654 1190 3711 adductus
1229 3662 1313 3711 est
1350 3653 1627 3711 Romanus
1671 3654 2005 3727 episcopus”
2030 3675 2043 3711 :
2073 3657 2126 3713 in

525 3750 681 3818 cujus
706 3749 1300 3820 examine-cumgestis
1327 3764 1492 3820 super
1520 3748 1623 3804 bac
1665 3763 1828 3804 causa
1859 3749 2127 3820 discepta-

525 3857 730 3911 remus,
759 3843 1030 3898 mediante
1058 3841 1311 3899 conﬂictu
1341 3843 1657 3913 interrumpi
1685 3851 1806 3899 acta
1836 3844 2125 3914 praecepit;

525 3943 581 3989 ct
614 3935 682 3990 ab
712 3935 976 3990 universis
1030 3934 1298 4006 episcopis
1327 3935 1420 4004 qui
1450 3935 1733 3992 aderamus
1773 3936 2019 4006 expetiit,
2067 3944 2127 3991 ut

2228 2744 2435 2805 septem
2477 2735 2684 2790 dierum
2729 2735 2952 2790 induciae
2982 2735 3121 2788 data:
3149 2745 3295 2803 sunt,
3329 2736 3380 2789 in
3426 2737 3624 2807 quibus
3673 2752 3832 2795 erant

2229 2828 2393 2882 etiam
2424 2826 2531 2881 duo
2563 2825 2704 2881 festi.
2739 2825 2912 2888 Unde,
2958 2835 3018 2879 ut
3060 2827 3238 2881 omnia
3269 2825 3522 2890 dicerem,
3557 2844 3684 2897 qum
3726 2847 3837 2883 nsa-

2229 2921 2310 2990 gis
2352 2920 2656 2976 necessaria
2681 2919 3009 2989 judicabant,
3042 2935 3108 2973 cx
3141 2919 3223 2974 his
3252 2919 3399 2975 libris
3429 2920 3710 2990 aliquanta
3745 2921 3838 2974 de~

2230 3011 2407 3084 ccrpsi
2433 3029 2446 3064 :
2474 3011 2599 3080 quia
2623 3026 2731 3066 non
2757 3010 3105 3066 occurrcham
3130 3011 3310 3065 omnia
3340 3026 3479 3064 nova
3508 3011 3721 3076 dicere,
3760 3011 3840 3065 si-

2232 3106 2449 3177 quidem
2495 3106 2599 3160 tria
2642 3105 2808 3159 millia
2838 3119 3085 3158 vcrsunm
3132 3103 3347 3160 excedit
3393 3104 3481 3158 illa
3523 3107 3835 3176 responsio.

2231 3201 2374 3256 Sane
2403 3201 2680 3271 quoniam,
2713 3200 2854 3255 sicut
2899 3199 3028 3264 dixi,
3063 3200 3291 3255 necdum
3336 3216 3366 3255 a
3397 3215 3484 3255 me
3513 3205 3836 3272 pcrtmctati

2231 3291 2448 3346 fuerant
2478 3291 2641 3346 iidem
2668 3289 2810 3358 libri,
2841 3289 3086 3360 quaedam
3115 3290 3424 3346 testimonia
3456 3307 3555 3362 pro
3602 3294 3836 3349 mendo-

2230 3386 2393 3440 sitate
2421 3383 2664 3440 codicum
2696 3399 2763 3439 ex
2794 3384 2987 3454 quibus
3009 3398 3079 3438 ea
3111 3399 3483 3454 posueramus,
3517 3383 3599 3439 vel
3627 3401 3730 3454 pro
3763 3387 3839 3439 in-

2231 3474 2380 3530 curia
2409 3474 2811 3540 translatorum,
2844 3473 3003 3529 aliter
3023 3474 3391 3536 continebant,
3421 3490 3542 3544 quae
3562 3477 3644 3530 sic
3669 3478 3834 3531 etiam

2232 3567 2286 3622 in
2312 3565 2458 3620 illam
2488 3567 2896 3638 responsionem
2919 3565 3241 3636 transcripta
3270 3575 3414 3620 sunt.
3439 3565 3652 3621 ldcirco
3680 3568 3839 3635 igitur

2227 3657 2495 3730 .przeloqui
2527 3673 2592 3712 ac
2620 3672 2953 3729 przcmonere
2982 3657 3186 3721 curavi,
3221 3666 3279 3712 ut
3305 3657 3574 3712 neminem
3606 3659 3704 3727 qui
3732 3673 3838 3713 me-

2231 3759 2440 3806 morata
2491 3749 2847 3821 responsione
2897 3749 3139 3821 perlecta
3196 3749 3295 3803 hos
3335 3750 3628 3818 contigerit
3669 3750 3837 3805 libros

2231 3840 2470 3898 offendat
2495 3841 2600 3895 ista
2627 3840 2944 3907 diversitas;
2988 3839 3087 3897 sed
3129 3840 3237 3896 illic
3260 3841 3503 3910 ignoscat
3533 3840 3834 3906 festinanti,

2231 3944 2288 3992 et
2317 3935 2440 3991 huic
2468 3934 2650 4006 potius
2677 3933 2881 3990 credat.
2914 3934 3047 3989 Nam
3071 3943 3127 3990 et
3153 3935 3329 4006 aliqua
3361 3934 3434 3989 ibi
3463 3951 3587 3991 cum
3621 3945 3835 4007 pertur-

522 4026 727 4096 scripto
755 4027 983 4097 quisque
1009 4025 1365 4095 responderet
1391 4023 1536 4094 quod
1561 4025 1612 4080 ei
1642 4025 1710 4080 de
1746 4025 1830 4081 his
1869 4026 2121 4096 capitulis
2150 4030 2198 4094 ο
2227 4025 2446 4080 batione
2503 4023 2716 4094 prolata
2765 4022 3100 4079 moderatius
3138 4022 3227 4078 hic
3270 4022 3683 4096 ordinatiusque
3728 4034 3839 4079 tra-

525 4117 822 4172 videretur.
865 4115 998 4170 Cum
1050 4129 1181 4185 ergo
1211 4129 1308 4186 per
1334 4115 1651 4186 magistrum
1681 4113 1983 4172 otﬁciorum
2023 4117 2124 4173 sub

599 4270 716 4340 alni
752 4268 947 4340 Africa:
989 4268 1269 4340 provincia
1324 4267 1606 4340 Byzacena
1649 4267 1849 4340 :cujus
1888 4269 2127 4328 civitatis

528 4349 655 4396 ante
682 4339 990 4394 Facundum
1018 4339 1255 4410 episc0pi
1281 4339 1531 4408 leguntur
1552 4339 1907 4410 Maximianus
1934 4340 1989 4394 in
2011 4341 2121 4396 col-

527 4413 730 4467 latione
761 4411 785 4463 l
820 4409 1273 4479 CarthaginienSi,
1306 4425 1532 4465 numero
1563 4409 1686 4475 187,
1719 4421 1774 4465 et
1801 4411 2040 4466 Donatus
2073 4412 2124 4466 in

527 4483 757 4539 elencho
787 4498 886 4537 ms.
930 4481 1332 4550 episc0porum,
1358 4481 1453 4549 qui
1483 4479 1866 4550 Carthaginem
1895 4496 1962 4536 ex
1988 4497 2124 4550 prm-

527 4562 687 4624 cepto
708 4553 848 4622 regis
872 4551 1147 4624 llunerici,
1180 4566 1324 4606 anno
1355 4551 1842 4624 ejusregnisexto,
1870 4565 1971 4622 pro
1997 4552 2124 4606 red-

526 4622 702 4680 denda
733 4625 944 4680 ratione’
971 4623 1095 4679 fidei
1126 4630 1410 4678 venerunt.
1455 4622 1587 4678 Post
1628 4622 1941 4678 Facundum
1969 4637 2121 4690 vero,

527 4695 775 4750 Benadus
819 4694 1460 4766 iniconciliollyzacerio,
1493 4693 1646 4764 cujus
1667 4701 1845 4766 exstat
1869 4693 2121 4766 _episto_la

2234 4125 2378 4173 ctata
2407 4124 2557 4172 sunt.

2226 4270 2346 4341 jicit
2373 4269 2658 4337 Baronius,
2682 4271 2774 4340 qui
2805 4270 3054 4340 Vigilium
3084 4270 3614 4340 Constantinopolim
3643 4285 3842 4340 perve-

2231 4343 2374 4412 nisse
2397 4343 2676 4412 scripserit
2695 4343 2747 4412 in
2770 4342 2949 4410 vigilia
2965 4342 3167 4396 Natalis
3193 4342 3404 4396 Domini
3429 4357 3576 4396 anno
3598 4352 3846 4396 exeunte

2233 4411 2354 4466 546.
2388 4411 2670 4468 lloc'enim
2701 4411 2815 4467 fieri
2845 4429 2953 4468 non
2977 4413 3216 4482 potuisse
3245 4412 3450 4480 liquido
3476 4415 3707 4481 probat;
3741 4412 3843 4466 sed

2229 4484 2448 4552 quando
2478 4484 2805 4552 pervenerit,
2855 4500 2960 4537 non
2991 4483 3170 4537 docet.
3202 4483 3368 4536 Docet
3398 4491 3580 4536 autem
3615 4485 3842 4552 Appen-

2231 4551 2321 4608 dix
2371 4569 2400 4608 a
2455 4551 2611 4607 nobis
2643 4553 2785 4608 edita
2834 4551 3126 4608 Marcellini
3159 4552 3406 4616 Comitis,
3465 4551 3845 4622 papam’Vigi—

2229 4624 2358 4679 lium
2389 4625 2689 4692 ingressum
2739 4639 2861 4678 esse
2907 4622 3436 4691 Constantinopolim
3466 4622 3656 4678 Basilii
3689 4640 3844 4678 anno

2229 4696 2280 4759 6,
2315 4696 2364 4750 id
2395 4705 2478 4749 est
2503 4694 2708 4748 Christi
2738 4692 2862 4748 547.
2889 4693 3006 4748 Jam
3041 4703 3150 4748 tum
3181 4709 3310 4762 ergo
3331 4693 3622 4748 Facutnlus
3651 4695 3704 4748 in
3739 4695 3841 4748 hu—

528 4766 584 4819 in
628 4766 835 4840 synodo
866 4765 1113 4819 Romana
1143 4762 1357 4840 blartini
1382 4762 1426 4840 l,
1451 4762 1750 4840 secietario
1781 4763 1836 4818 2.
1869 4763 2127 4840 Epistole
2223 4764 2312 4840 jus
2343 4765 2854 4840 Operis_s_criptione
2888 4765 3222 4840 versabatur,
3247 4772 3371 4835 post
3415 4764 3845 4840 centumfern'ie

531 4833 722 4900 autem
758 4839 896 4890 inter
942 4834 1491 4906 cmterossubscribit
1518 4833 1780 4906 rBenadus
1822 4836 1993 4905 gratia
2026 4833 2127 4887 Dei
2226 4833 2421 4902 annos,
2455 4835 2507 4890 in
2539 4835 2628 4890 lib.
2661 4850 2719 4901 ιι,
2751 4850 2870 4906 cap.
2908 4836 2959 4904 ί,
2993 4843 3199 4904 narrat,
3231 4833 3264 4890 a
3289 4835 3498 4906 synodo
3525 4834 3842 4892 Chalcedo-

529 4907 795 4975 episcopus
827 4915 1023 4960 sancta:
1067 4905 1311 4960 Ecclesia:
1341 4904 1758 4959 Hermianensis.

606 4976 632 5014 δ
661 4975 900 5043 Vigilius.
934 4977 1275 5033 Anastasium
1311 4975 1781 5033 bibliothecarium
1810 4974 2004 5030 merito
2035 4990 2124 5029 re-

2233 4907 2405 4962 n-ensi.

606 5111 625 5144 ⁸
650 5109 732 5166 Ex
755 5119 862 5166 vet.
894 5111 1014 5168 cod.
1047 5112 1264 5182 capituli
1294 5111 1492 5168 Veron.
1525 5111 1616 5167 Sic
1674 5118 1729 5165 et
1759 5111 1811 5164 in
1841 5124 1994 5180 seqq.
2028 5107 2172 5164 notis
2200 5107 2592 5180 accipiendum.

1717 5323 2068 5406 LIBER
2143 5322 2626 5406 PRIMUS.

1043 5525 1270 5586 CAPUT
1309 5526 1599 5583 PRIMUM.

531 5627 684 5690 Quod
709 5623 1052 5688 Justiniamzs,
1085 5623 1137 5675 in
1161 5621 1477 5690 confessione
1522 5619 1646 5687 ﬁdei
1675 5633 1801 5680 sum,
1855 5635 2014 5672 unua:
2063 5619 2126 5671 de

607 5696 860 5750 Trinitate
885 5695 1213 5758 cruciﬁxum,
1251 5689 1449 5745 beatam
1495 5689 1724 5744 Mariam
1761 5705 1876 5744 vere
1903 5703 1948 5744 et
2001 5705 2124 5754 pro-

2148 5525 2198 5584 D
2298 5526 2408 5592 prie
2445 5535 2661 5578 nmtrmt
2689 5525 2803 5591 Dei,
2832 5536 2877 5580 et
2906 5526 3097 5581 Christi
3132 5530 3263 5583 duos
3303 5545 3412 5583 esse
3442 5537 3659 5584 naturas
3709 5541 3859 5585 recte

2306 5596 2570 5667 professus
2601 5598 2689 5649 sit.

2305 5688 2708 5746 Confessionem
2735 5699 2759 5728 ει
2786 5697 2891 5745 tua:
2941 5689 3086 5756 tidei,
3130 5691 3555 5748 clementissime
3603 5694 3860 5767 impera-

605 5854 784 5925 f'Eam
835 5855 1009 5910 innuit
1062 5868 1226 5925 quant
1269 5852 1602 5925 Justinianus
1641 5850 2109 5925 Constantinopoli
2221 5849 2525 5914 consulatu,
2568 5863 2711 5925 anno
2739 5846 2938 5925 Christi
2984 5846 3266 5925 533._Qnm
3293 5854 3348 5901 et
3388 5845 3583 5925 (Er-tace
3612 5845 3857 5906 Latine-

534 5923 725 5991 cdidit,
769 5917 1113 5996 diversasque
1164 5925 1219 5982 in
1266 5923 1572 5996 provincias
1619 5923 1765 5982 misit
1812 5923 1974 5982 tertio
2003 5917 2112 5980 'suo
2220 5935 2328 5990 que
2369 5927 2545 5978 exstat
2574 5919 2709 5978 Cod.
2757 5919 2826 5975 de
2850 5917 3070 5977 Summa
3099 5917 3362 5974 Trinitate
3401 5918 3497 5973 lib.
3530 5935 3606 5986 vi,
3642 5930 3710 5977 et
3753 5925 3863 5978 tria
