4000 6344
155 273 256 329 529

1094 269 1228 325 eno
1267 237 1693 325 auresaures
1732 272 1950 324 ϊιιιωι
1986 271 2301 328 αΑΡιτυι.
2347 272 2475 327 LIB.
2516 272 2556 326 r.

3324 288 3428 345 550

157 400 259 448 tor,
324 362 503 455 magni
530 356 769 442 'comilii
834 385 1293 444 Chalcedonensis
1346 385 1751 442 deﬁnitionibus
1782 383 2083 444 Al’roclus
2121 386 2486 444 Orientalibus
2522 403 2737 459 quoque
2787 403 2883 458 pro
2936 388 3445 460 ﬁalci'cnngruentia

156 486 573 540 ctntsoltantem,
596 487 649 532 et
672 479 967 547 approbavi
993 493 1228 549 semper,
1253 487 1310 533 et
1335 477 1593 532 adversus
1615 476 1754 531 mul-
1855 476 2169 547 destinavit,
2202 480 2274 533 ita
2303 479 2583 535 confessus
2610 488 2693 536 est
2723 479 2889 549 (Edit.
2918 479 3094 544 llom.,
3128 498 3247 552 pag.
3280 480 3404 551 128)
3431 500 3445 535 :

156 580 334 623 torum
366 570 828 626 contradictiones
871 571 1099 626 asserui.
1130 570 1265 626 Nam
1292 584 1414 625 cum
1444 568 1567 624 dna:
1609 582 1753 622 nunc

158 661 401 717 ferveant
442 660 679 717 hereses
718 661 786 715 ab
827 660 1022 717 eodem
1078 661 1309 717 concilio
1336 660 1601 725 refutatrc,
1632 673 1753 727 quae

156 752 508 807 contentione
550 752 767 823 quidem
810 752 1101 818 contraria,
1149 752 1245 807 sed
1282 751 1644 807 detestatione
1680 748 1754 805 si-

157 844 291 909 mili,
322 844 637 914 mysterium
663 843 854 898 divinze
877 844 1263 899 incarnationis
1285 850 1615 915 oppugnant,
1649 840 1757 897 Ne-

156 936 524 990 storianornm
559 934 680 989 dico
709 942 767 990 et
793 934 1253 1006 Eutychianorum
1288 952 1301 988 :
1326 933 1455 1003 quid
1484 932 1755 991 salubrius

156 1026 242 1081 vel
272 1026 403 1094 quid
432 1024 734 1081 evidentius
762 1026 1017 1080 adversus
1049 1034 1331 1099 utramque
1364 1024 1615 1080 ltzcrcsim
1646 1025 1755 1080 dici

156 1118 358 1188 potuit,
388 1132 547 1186 quam
570 1116 713 1186 quod
743 1116 858 1187 ipse
880 1115 1158 1172 confessus
1179 1130 1261 1185 es,
1285 1131 1448 1171 unum
1476 1120 1543 1171 de
1573 1106 1761 1170 Trini?

158 1216 273 1263 tate
301 1224 401 1278 pro
430 1207 587 1262 nobis
629 1207 942 1262 cruciﬁxum
962 1212 986 1261 ’ἔ
1023 1222 1184 1275 quem
1227 1220 1477 1274 magnum
1508 1208 1677 1262 Deum
1704 1215 1757 1261 te

157 1299 391 1355 credere
445 1298 631 1353 docuit
684 1297 978 1367 Apostolus
1032 1297 1219 1353 dicens
1263 1297 1567 1368 :Apparuit
1616 1299 1756 1352 enim

159 1390 336 1460 gratia
366 1388 463 1443 Dei
503 1388 793 1443 Salvatoris
824 1390 991 1443 nostri
1028 1389 1264 1443 omnibus
1295 1388 1608 1456 hominibus,
1639 1406 1760 1443 eru-

158 1482 307 1535 diens
335 1498 430 1534 nos
459 1488 513 1533 ut
544 1479 861 1552 abnegantes
890 1480 1205 1551 impietatem
1232 1490 1279 1533 et
1310 1466 1590 1534 scecularia
1613 1481 1756 1535 desi-

157 1574 328 1637 deria,
350 1584 494 1627 caste
519 1582 569 1626 et
590 1574 731 1644 jnste
759 1580 811 1626 et
838 1574 923 1642 pie
949 1573 1174 1625 vivamus
1202 1572 1256 1625 in
1298 1572 1393 1626 hoc
1424 1572 1636 1638 swculo,
1666 1589 1759 1626 ea:-

158 1674 453 1735 spcctantes
476 1663 680 1719 beatam
705 1680 850 1733 spem
878 1671 928 1718 et
955 1664 1229 1718 adventum
1254 1663 1435 1734 gloria:
1461 1665 1637 1736 magni
1660 1663 1757 1718 Dei

1863 587 1881 621 ι
1907 568 2016 624 Nec
2044 569 2187 625 enim
2216 570 2458 627 dicentes
2487 571 2679 626 Filium
2710 587 2949 641 passum,
2999 573 3208 627 ratione
3234 573 3451 627 deitatis

1858 674 1982 714 eum
2009 661 2119 730 pati
2147 661 2389 731 potuisse
2427 662 2712 728 sentimus,
2744 662 3007 732 siquidem
3048 662 3227 717 divina
3256 670 3450 717 natura

1858 753 2061 807 nullam
2096 769 2316 823 prorsus
2368 755 2561 825 recipit
2601 754 2942 826 passionem;
2991 755 3085 811 sed
3128 754 3457 811 confitentes

1858 848 2026 903 Deum
2058 846 2291 903 Verbum
2336 864 2501 902 unum
2551 862 2619 902 ex
2648 847 2911 901 Trinitate
2963 847 3321 915 iucarnatum,
3354 850 3448 903 tri-

1860 943 2074 999 buimus
2102 942 2433 1011 intelligendi
2470 941 2750 997 materiam
2781 940 2863 995 his
2888 941 2980 1010 qui
3010 939 3236 994 fideliter
3259 941 3448 997 scisci-

1862 1041 2047 1087 tantur
2075 1048 2172 1088 cur
2208 1031 2478 1087 incarnari
2507 1031 2761 1100 dignatus
2810 1039 2911 1086 est.
2944 1050 2964 1083 ›
2998 1031 3253 1086 Scribcns
3290 1032 3451 1088 etiam

1858 1125 2019 1181 beato
2049 1123 2243 1179 Joanni
2270 1122 2637 1190 Antiocheno,
2669 1124 2755 1179 cui
2801 1130 2857 1179 et
2886 1124 2975 1178 illa
3005 1138 3127 1194 qua“:
3164 1124 3451 1193 scripserat

1859 1217 1927 1271 ad
1953 1217 2238 1283 Armenos,
2268 1232 2367 1286 pro
2395 1216 2657 1272 servanda
2684 1216 2988 1271 communis
3016 1215 3141 1270 ﬁdei
3166 1216 3451 1280 societate,

1858 1310 2091 1377 direxit,
2120 1317 2183 1365 ut
2209 1310 2349 1367 sicut
2376 1325 2541 1366 unum
2568 1318 2732 1380 atque
2754 1308 2896 1365 idem
2922 1323 3112 1363 oumcs
3140 1307 3304 1363 corde
3331 1323 3451 1363 cre-

1860 1402 2059 1458 debant
2087 1403 2155 1458 ad
2177 1402 2463 1472 justitiam,
2492 1402 2572 1459 sic
2591 1404 2753 1459 etiam
2783 1417 2888 1459 una
2918 1400 3181 1457 eteadem
3210 1415 3307 1457 ore
3328 1415 3449 1454 om-

1860 1493 2006 1547 nium
2038 1492 2307 1549 confessio
2355 1491 2511 1549 ﬁeret
2554 1493 2623 1548 ad
2664 1491 2916 1559 salutem,
2961 1490 3041 1547 sic
3076 1491 3153 1545 ait
3194 1488 3451 1559 (Liberet.

1860 1602 1978 1657 cap.
2009 1584 2097 1655 i0)
2127 1602 2138 1636 :
2173 1603 2192 1637 ι
2221 1584 2478 1641 Dicentes
2501 1592 2683 1640 autem
2710 1584 2902 1639 iterum
2926 1582 3235 1653 passibilem
3262 1581 3451 1645 Deum,

1862 1675 1916 1729 id
1960 1684 2045 1731 est
2091 1675 2384 1744 Christum,
2435 1672 2757 1731 conﬁtemur
2802 1683 2929 1729 enm
2975 1688 3085 1728 non
3136 1686 3204 1727 eo
3242 1686 3455 1741 passum

158 1758 461 1811 Saluatoris
508 1758 672 1811 nostri
718 1755 849 1810 Iesu
898 1754 1093 1810 Christi
1134 1754 1263 1826 (Tit.
1315 1771 1371 1821 ιι,
1420 1754 1498 1826 2).
1534 1757 1762 1825 Propter

1868 1768 2010 1836 quod
2029 1773 2166 1833 erat,
2196 1767 2293 1823 sed
2314 1766 2460 1837 quod
2486 1766 2687 1822 factum
2709 1773 2812 1832 est,
2832 1764 2886 1819 id
2914 1772 2998 1819 est
3016 1762 3234 1833 propria
3255 1776 3417 1817 carne
3436 1778 3453 1813 :

154 1849 305 1919 quod
335 1849 500 1905 etiam
546 1850 760 1905 beatam
790 1849 1064 1918 Virginem
1109 1849 1333 1904 Mariam
1371 1866 1500 1906 vere
1544 1859 1600 1907 et
1626 1866 1757 1921 pro-

1864 1866 1922 1913 et
1966 1859 2038 1913 ita
2086 1857 2448 1928 pmdicantes
2495 1855 2648 1911 nullo
2696 1854 2859 1909 modo
2897 1853 3170 1907 fallimur:
3202 1848 3453 1920 quoniam

155 1942 277 2010 prie
319 1949 549 1996 matrem
578 1940 677 1996 Dei
705 1956 827 1996 esse
861 1941 1063 1997 dixisti.
1094 1941 1213 1997 Non
1259 1942 1402 1997 enim
1445 1945 1610 2000 alium
1653 1946 1760 2001 scis
1856 1948 2077 2019 quidem
2102 1957 2159 2004 et
2188 1964 2352 2004 unum
2380 1964 2449 2003 ex
2471 1947 2737 2002 Trinitate
2764 1943 3064 2000 secundum
3093 1957 3310 1998 carnem
3332 1957 3451 1995 cru-

154 2031 332 2086 Deum
364 2032 621 2099 Verbum,
652 2040 710 2087 et
755 2033 919 2087 alium
948 2030 1131 2088 Iesum
1177 2032 1469 2100 Christum,
1510 2049 1672 2105 quem
1703 2037 1757 2091 in

152 2123 371 2177 duabus
410 2123 617 2178 naturis
645 2139 809 2178 unum
849 2123 1210 2195 eumdcmque
1238 2128 1597 2196 pronuntiasti
1628 2144 1759 2184 con-

150 2213 575 2269 substantialem
604 2229 724 2269 esse
750 2213 897 2269 Patri
924 2217 1215 2272 secundum
1245 2219 1520 2287 deitatem,
1554 2228 1610 2276 et
1637 2237 1761 2275 con-

151 2304 575 2359 substantialem
625 2304 782 2361 nobis
826 2305 1074 2361 eumdem
1118 2308 1415 2363 secundum
1455 2310 1761 2366 humanita-

154 2404 310 2460 tem;
353 2402 411 2449 et
462 2394 531 2450 de
570 2410 678 2465 quo
736 2405 1135 2468 consequenter
1180 2399 1342 2454 etiam
1385 2400 1489 2456 hoc
1535 2401 1756 2457 dixisti:

158 2509 178 2541 ι
209 2488 350 2542 Nam
380 2488 522 2542 sicut
550 2496 631 2544 est
668 2490 720 2543 iu
749 2489 947 2546 deitate
977 2492 1266 2561 perfectus,
1307 2491 1381 2547 ita
1412 2492 1552 2548 idem
1579 2494 1631 2548 in
1655 2495 1759 2548 hu-

151 2578 427 2633 manitate
454 2577 723 2647 perfectus
758 2588 860 2635 est.
893 2600 911 2631 ι
947 2581 1075 2647 Quae
1118 2582 1300 2636 omnia
1344 2592 1553 2639 certum
1595 2592 1679 2639 est
1707 2594 1763 2641 te

151 2670 315 2741 juxta
344 2668 805 2726 Chalcedonensis
840 2672 1056 2727 concilii
1086 2674 1408 2730 sententiam
1449 2676 1758 2746 protulisse.

154 2759 299 2814 Nam
330 2775 499 2814 unum
529 2774 648 2815 esse
676 2760 744 2815 de
782 2759 1044 2817 Trinitate
1075 2762 1360 2819 Dominum
1387 2764 1569 2835 Jesum
1601 2764 1762 2821 Cbri-

155 2858 331 2917 stum,
373 2865 443 2904 ex
473 2850 713 2917 ejusdem
751 2852 942 2922 synodi
968 2852 1315 2921 allocutione,
1335 2870 1496 2925 quam
1523 2856 1591 2910 ad
1618 2855 1764 2910 Mar-

158 2942 386 2996 cianum
435 2941 730 3010 principem
782 2942 926 3009 fecit,
977 2942 1257 2999 evidenter
1294 2946 1614 3003 ostenditur.
1666 2946 1768 3003 Ubi

158 3051 286 3089 cum
318 3036 466 3089 beati
497 3032 693 3090 Leonis
718 3035 975 3091 Ecclesia:
1003 3037 1260 3094 Romanae
1285 3040 1529 3109 prmsulis
1567 3039 1768 3111 episto—

1860 2045 2077 2100 cilixum
2096 2044 2414 2112 fatemur,et
2433 2042 2691 2098 deitatem
2721 2038 3031 2111 passibilem
3060 2035 3281 2091 minime
3308 2034 3452 2089 blas-

1862 2138 2196 2207 phemamus.
2234 2155 2254 2189 ι
2312 2135 2380 2190 Ει
2406 2135 2547 2190 hanc
2565 2132 2683 2203 ejus
2706 2148 2892 2189 sanam
2914 2128 3215 2187 doctrinam
3240 2128 3450 2198 sapien-

1863 2230 2099 2286 tissimus
2137 2226 2372 2284 Joannes
2400 2226 2769 2282 Antiochenus
2818 2238 2942 2279 cum
2989 2220 3241 2278 orientali
3279 2218 3461 2275 conci-

1863 2323 1937 2378 lio
1977 2322 2089 2378 suis
2118 2320 2313 2376 litteris
2342 2318 2691 2390 approbavit;
2741 2316 2798 2371 in
2850 2315 3046 2385 quibus
3075 2328 3200 2369 eum
3247 2326 3453 2366 memo-

1863 2422 1980 2469 rata
2023 2412 2265 2485 synodus
2291 2408 2752 2467 Chalcedonensis
2797 2414 3028 2462 testatur
3071 2403 3453 2459 hiereticorum

1864 2506 2151 2562 maledicta
2197 2504 2467 2574 rejecisse,
2517 2512 2575 2559 et
2618 2500 2970 2573 apostolicam
3012 2498 3320 2554 declarasse
3358 2493 3453 2550 do-

1865 2598 2115 2655 ctrinam.
2156 2596 2260 2663 Qui
2289 2594 2590 2651 rescribens
2626 2592 2803 2648 eidem
2842 2591 3005 2646 beato
3033 2588 3228 2644 Proclo
3269 2585 3407 2641 dixit
3438 2602 3453 2639 :

1872 2711 1891 2745 ι
1925 2690 2155 2747 Tomum
2183 2688 2276 2758 qui
2316 2686 2385 2741 ad
2412 2686 2677 2741 Armenos
2721 2684 2896 2738 factus
2939 2686 3025 2735 est
3060 2695 3092 2734 a
3140 2675 3455 2733 reverentis-

1866 2784 2004 2841 simo
2027 2785 2047 2815 '
2079 2790 2269 2838 nostro
2298 2777 2409 2835 ﬁlio
2430 2778 2659 2834 diacono
2689 2774 3016 2840 Theodosio,
3046 2772 3137 2843 qui
3160 2771 3351 2841 dignus
3370 2776 3456 2826 est

1869 2876 1977 2931 tuis
2003 2871 2451 2944 dispositionibus
2476 2868 2804 2933 ministrare,
2832 2867 2903 2923 ob
2931 2880 3051 2921 eam
3079 2880 3200 2934 qua:
3240 2864 3379 2918 inest
3403 2860 3457 2916 ei

1868 2980 2034 3036 super
2057 2971 2272 3019 aetatem
2298 2961 2660 3029 diligentiam,
2684 2967 2739 3013 et
2757 2958 3064 3027 petivimus,
3094 2966 3289 3013 etcum
3312 2956 3459 3011 omni

1870 3055 2230 3112 delectatione
2277 3053 2395 3123 ejus
2423 3052 2650 3108 fecimus
2676 3050 3030 3105 mentionem.
3077 3048 3335 3105 Faciebat
3372 3063 3457 3102 au-

158 3127 270 3182 lam
304 3138 497 3183 contra
528 3129 903 3185 hzereticorum
951 3134 1240 3189 maledicta
1278 3135 1612 3207 defenderet,
1642 3146 1769 3209 post
1795 3143 1841 3207 C
1870 3156 1979 3203 rem
2008 3146 2165 3203 nobis
2190 3144 2608 3201 delectationem
2656 3158 2767 3197 non
2804 3140 3150 3211 pulchritudo
3191 3140 3458 3212 composi-

160 3222 447 3293 aliquanta
471 3222 549 3278 sic
575 3224 649 3277 ait
673 3242 686 3276 :
726 3243 744 3276 ι
774 3225 953 3282 Facile
974 3236 1055 3283 est
1083 3229 1366 3287 advertere
1389 3232 1563 3303 quod,
1592 3235 1768 3291 ambi-

156 3315 375 3385 guitate
400 3316 717 3384 qumstionis
744 3328 953 3383 exorta,
986 3321 1205 3379 Patrum
1231 3308 1769 3397 interpretationibus

159 3413 412 3458 nostram
460 3403 854 3463 confessionem
900 3419 1184 3481 coaptasse
1224 3417 1622 3485 cognoscimur,
1674 3435 1764 3476 sa-

161 3494 504 3551 tisfacientes
524 3496 671 3565 quod
698 3499 751 3554 in
781 3501 930 3557 nullo
958 3502 1260 3560 discordem
1287 3506 1653 3579 intelligentia:
1675 3526 1768 3567 eo-

162 3604 289 3643 rum
320 3588 675 3650 detulerimus
718 3595 980 3661 animum,
1007 3597 1101 3652 sed
1141 3597 1225 3653 bis
1263 3606 1477 3656 utamur
1502 3602 1772 3661 ‘testibus

160 3682 234 3736 ad
259 3691 463 3737 nostra:
492 3682 617 3741 ﬁdei
647 3685 975 3743 firmitatem.
1006 3688 1099 3744 Sic
1137 3689 1417 3748 Athanasii
1457 3691 1528 3748 ad
1554 3691 1771 3764 Epicte-

162 3782 281 3828 tum
328 3777 707 3847 amplectimur
754 3780 991 3847 litteras;
1042 3780 1123 3837 sic
1187 3789 1444 3853 tanquam
1494 3785 1769 3855 propriam

161 3866 419 3936 Gregorii
465 3869 532 3925 ad
583 3869 900 3926 Cledonium
950 3872 1238 3942 epistolam
1288 3875 1486 3944 ubique
1530 3876 1770 3946 prmferi-

163 3974 321 4013 mus.
353 3957 423 4012 Et
450 3960 578 4029 quid
603 3970 822 4033 oportet
846 3962 998 4032 plura
1029 3964 1252 4021 dicere?
1280 3964 1338 4021 Si
1365 3966 1521 4021 enim.
1540 3982 1640 4037 per
1663 3968 1773 4039 epi-

161 4050 343 4105 stolas
390 4048 644 4107 Ecclesia:
688 4052 939 4121 dogmata
985 4053 1251 4111 declarari
1299 4072 1398 4126 pro
1445 4072 1771 4130 unaquaque

162 4141 479 4209 quaestione
513 4142 732 4211 dignum
786 4144 943 4214 culpa
985 4145 1249 4215 judicaut,
1298 4147 1474 4218 ipsum
1508 4148 1771 4221 imprimis

161 4231 543 4287 beatissimum
570 4235 828 4305 Cyrillum
869 4236 1097 4305 quilibet
1124 4240 1323 4309 poterit
1363 4239 1646 4309 denotare,
1677 4243 1771 4313 qui

161 4321 367 4378 litteris
407 4325 522 4379 suis
560 4326 708 4394 quod
753 4328 1022 4383 sentiebat
1066 4328 1426 4389 Orientalibus
1467 4336 1769 4404 expressit;

163 4431 271 4470 nec
302 4432 413 4471 non
441 4424 499 4471 et
526 4431 779 4487 magnum
810 4419 1058 4475 Proclum
1080 4421 1207 4477 huic
1231 4422 1613 4494 vituperationi
1642 4427 1771 4481 sub-

1875 3239 2035 3294 tionis
2069 3237 2208 3306 sola,
2247 3250 2423 3307 neque
2450 3232 2975 3304 argumentationum
3014 3232 3301 3288 multitudo
3330 3248 3458 3289 con-

1872 3340 1957 3387 tra
2010 3339 2298 3399 utramque
2361 3335 2573 3397 partem
2632 3324 3034 3381 adversantium
3089 3330 3417 3395 pertractata
3443 3363 3460 3387 ,

1871 3429 2133 3492 quantum
2161 3420 2276 3491 ipsa
2322 3433 2600 3475 sacrorum
2625 3416 2939 3487 dogmatqu
2978 3416 3188 3472 cautela
3217 3415 3375 3471 simul
3404 3423 3458 3470 et

1871 3513 2070 3585 pietas.
2101 3510 2283 3567 Pietas
2310 3510 2553 3580 quidem,
2574 3508 2700 3579 quia
2724 3508 2962 3577 regalem
2990 3507 3292 3563 divinarum
3322 3506 3458 3562 Scri-

1872 3613 2153 3675 pturarum
2176 3602 2195 3634 ³
2224 3602 2279 3656 in
2309 3602 2393 3656 bis
2425 3613 2561 3669 quae;
2583 3598 2920 3663 dicebantur,
2950 3597 3177 3653 verbum
3217 3598 3461 3654 veritatis

1873 3702 2022 3751 recte
2048 3692 2334 3757 conﬁtens,
2365 3690 2648 3762 pergebas,
2678 3705 2795 3745 non.
2826 3690 2943 3745 sine
2971 3689 3295 3745 testimoniis
3318 3688 3457 3745 Serio

1872 3792 2045 3858 ptura;
2071 3798 2405 3856 prazsumcns
2434 3783 2634 3853 aliquid
2677 3797 2746 3839 ex
2785 3790 3056 3854 potestate
3081 3783 3300 3853 propria
3330 3798 3461 3853 pne-

1875 3876 2061 3933 dicare
2094 3875 2347 3931 :cautela
2399 3888 2553 3939 vero,
2596 3874 2721 3943 quia
2765 3889 2889 3929 cum
2933 3873 3127 3929 divinis
3173 3873 3463 3944 Scripturis

1876 3968 2041 4025 etiam
2070 3967 2290 4022 Patrum
2319 3965 2487 4034 dicta,
2515 3963 2584 4020 ad
2611 3965 2946 4035 probandum
2975 3980 3095 4034 quae
3122 3964 3463 4032 dicebantur,

1873 4059 2235 4131 proponebas.
2267 4076 2286 4111 ι
2314 4057 2568 4114 Scribens
2602 4056 2766 4111 etiam
2804 4056 2966 4111 beato
2992 4056 3191 4127 Cyrillo
3219 4055 3464 4127 supradi-

1873 4161 1992 4208 ctus
2013 4149 2293 4208 Joannes‘
2319 4164 2444 4206 cum
2491 4148 2683 4204 eadem
2726 4147 2933 4221 synodo
2985 4146 3238 4214 Orientis,
3288 4149 3362 4201 ita
3406 4162 3464 4204 se

1874 4253 2083 4301 tomum
2124 4243 2303 4313 ipsum
2348 4241 2417 4296 ad
2465 4241 2732 4297 Armenos
2770 4239 3101 4311 approbasse
3148 4239 3459 4309 perhibuit:

1880 4356 1900 4390 ι
1928 4337 2302 4402 Sanctissimo,
2335 4334 2531 4404 inquit,
2561 4335 2819 4405 episcopo
2848 4333 3043 4389 Proclo
3075 4340 3278 4387 tomum
3320 4340 3463 4387 recte

1876 4443 2067 4484 revera
2096 4438 2151 4482 et
2174 4426 2263 4496 pie
2288 4425 2596 4491 habentem,
2638 4439 2800 4494 quem
2827 4422 2901 4478 ad
2937 4424 3203 4478 Armenos
3232 4421 3465 4493 scripsit,

156 4504 341 4573 jiciet,
372 4506 467 4575 qui
485 4507 688 4562 eisdem
723 4507 1086 4567 Orientalibus
1112 4512 1363 4569 volumen
1390 4515 1459 4570 ad
1498 4516 1767 4572 Armeuos
1799 4525 1846 4586 Ι)
1874 4520 2032 4576 nobis
2059 4518 2389 4582 destinante,
2438 4524 2497 4572 et
2532 4524 2777 4571 nostrum
2818 4524 3092 4585 quaerente
3120 4529 3464 4583 consensum,

159 4611 269 4665 pro
304 4594 429 4651 ﬁdei
458 4600 810 4667 congruentia
855 4601 1164 4658 destinavit.
1208 4601 1304 4660 llis
1350 4614 1533 4661 autem
1581 4623 1773 4665 conso-

160 4687 405 4742 .‘iabitur
431 4688 498 4742 ad
528 4689 743 4761 culpam
771 4700 828 4747 et
854 4694 1285 4763 sapientissimus
1310 4696 1548 4755 Joannes
1575 4700 1771 4757 Antio-

161 4779 379 4834 cbcnus
418 4781 722 4850 episcopus,
772 4783 864 4851 qui
912 4783 1289 4842 haereticorum
1329 4790 1612 4847 maledicta
1651 4793 1771 4863 reji-

161 4870 341 4932 ciens,
382 4878 442 4925 et
468 4872 781 4941 apostolica:
822 4872 1082 4930 doctrina:
1108 4866 1303 4948 dogma
1331 4878 1635 4945 declarans,
1680 4892 1766 4939 to-

162 4962 272 5015 tim
303 4960 545 5015 Orientis
572 4962 992 5034 confessionem,
1020 4967 1172 5021 velut
1193 4983 1262 5023 ex
1285 4984 1392 5023 uno
1422 4986 1519 5026 ore
1540 4974 1771 5029 sanctis-

159 5054 307 5108 siino
328 5052 527 5108 Proclo
548 5062 605 5108 et
632 5055 682 5109 ei
709 5056 803 5124 qui
820 5072 915 5127 per
936 5057 1075 5113 idem
1095 5067 1307 5129 tempus
1333 5062 1516 5116 mundi
1548 5068 1769 5132 regebat

156 5142 556 5212 gubernacula,
577 5144 884 5201 destinavit.
917 5166 936 5199 ι
964 5145 1022 5201 1η
1052 5147 1156 5204 hoc
1182 5157 1363 5203 autem
1396 5150 1669 5210 volumine
1699 5156 1767 5211 ad

158 5238 451 5303 Armenes,
488 5237 658 5307 quod,
691 5247 752 5295 ut
786 5248 1094 5329 memorata.
1133 5241 1371 5313 synodus
1412 5243 1508 5310 ait,
1540 5263 1767 5318 magnus

156 5442 337 5510 capita
364 5457 489 5514 quae
517 5443 799 5499 Facundos
836 5444 941 5500 hoc
964 5444 1088 5499 loco
1116 5455 1529 5514 commemorat,
1557 5450 1751 5507 iisdem

158 5513 339 5568 verbis
367 5513 627 5584 explicat,
653 5516 722 5570 de
749 5515 957 5571 duabus
980 5515 1030 5570 in
1055 5515 1271 5574 Christo
1298 5513 1523 5589 naturis,
1558 5538 1665 5579 uno
1689 5523 1757 5579 dc

234 5699 244 5724 '
272 5694 413 5748 Cod.
444 5694 667 5761 Vcron.,
696 5696 905 5749 utimur.

224 5769 248 5799 ⁸
279 5764 436 5820 idem
464 5765 608 5825 cod..
635 5767 924 5822 reverenda.

1877 4611 2060 4665 orniiia
2092 4609 2234 4665 facta
2277 4615 2403 4664 sunt
2448 4621 2480 4662 a
2523 4606 2698 4670 nobis,
2750 4614 2807 4661 et
2851 4606 2905 4660 in
2952 4604 3100 4659 nullo
3128 4604 3307 4661 minus
3336 4603 3498 4665 feci-,

1877 4718 2014 4758 mus.
2048 4720 2067 4753 ›
2102 4699 2364 4770 Apparuit
2384 4697 2568 4766 igitur,
2589 4695 2841 4766 religiose
2870 4694 3186 4765 imperator,
3216 4695 3361 4765 quod
3382 4709 3461 4750 se-

1876 4794 2110 4852 cundum
2136 4789 2462 4847 sententiam
2508 4788 2675 4859 ipsius
2723 4800 2931 4857 magna:
2966 4785 3160 4858 synodi
3187 4786 3467 4843 confessus

1876 4901 1935 4942 cs
1965 4899 2132 4939 unum
2161 4882 2229 4938 de
2250 4880 2515 4935 Trinitatc
2541 4894 2640 4951 pro
2661 4878 2816 4933 nobis
2841 4875 3155 4934 cruciﬁxum
3185 4895 3199 4931 :
3225 4878 3467 4949 quando-

1875 4978 2091 5047 quidem
2123 4977 2175 5030 in
2199 4976 2278 5031 eis
2306 4973 2553 5044 epistolis
2582 4972 2697 5028 bzec
2723 4982 2811 5027 tua
2842 4970 3108 5028 confessio
3138 4972 3466 5039 continetur,

1876 5071 2069 5140 quibus
2099 5076 2302 5122 tantam
2332 5064 2712 5120 auctoritatem
2748 5062 2961 5127 detulit,
2992 5072 3050 5119 ut
3070 5079 3254 5120 earum
3281 5080 3466 5120 excm~

1877 5162 1968 5232 plo
2014 5157 2406 5215 defendendam
2455 5156 2599 5210 brati
2646 5154 2843 5211 Leonis
2888 5155 3170 5226 epistolam
3196 5155 3465 5225 judicarct

1879 5255 2017 5325 (post
2047 5259 2165 5304 acta
2191 5250 2442 5319 concilii).
2476 5248 2609 5303 Illud
2637 5248 2800 5304 etiam
2823 5246 2967 5318 quod
2997 5249 3212 5303 beatam
3240 5246 3464 5302 Mariam

1865 5450 2435 5523 Trinitateﬁcruciﬁxo,
2470 5458 2526 5505 et
2552 5451 2708 5506 beata
2741 5449 2959 5517 Virgine
2986 5452 3169 5523 κυρίως
3216 5450 3300 5504 καὶ
3356 5457 3473 5503 κατ’

1866 5527 2092 5584 ἀλήθειαν
2119 5521 2369 5592 Deipara.

1935 5703 1955 5733 ³
1979 5701 2142 5764 Idem,
2178 5702 2565 5768 Scripturarunt
2593 5704 2741 5755 viam.

1940 5773 1954 5800 ‘
1998 5770 2165 5838 Ideni,
2196 5779 2407 5825 sumtus
2436 5769 2685 5824 Joannes.
