4000 6344
500 343 596 401 551

1566 331 1859 390 F.\:.UNDI
1895 329 2106 388 EPlSC.
2142 326 2644 385 HERMIAXENSIS

3682 320 3786 376 εἰὗὲ

499 478 629 521 vere
668 468 722 517 et
748 458 964 531 proprie
1006 464 1231 511 matrem
1276 454 1371 509 Dei
1401 469 1519 509 esse
1547 454 1750 516 dixisti,
1798 453 1851 507 in
1901 451 2089 506 eadem
2122 449 2170 511 Α
2197 446 2427 500 maxime
2447 440 2837 513 gloriati.Quid
2857 441 3000 496 enim
3022 440 3167 511 prius
3189 437 3432 494 laudetur
3454 437 3783 494 inhomine?

502 554 692 630 synodi
722 550 1046 609 allocutione
1082 547 1383 602 invenimus
1412 561 1531 601 esse
1560 544 1848 607 ﬁrmatum,
1892 543 1983 599 ubi
2012 545 2093 599 di-

503 657 649 704 ctum
677 652 801 701 est:
840 662 859 695 ‹
888 642 1087 697 Verum
1133 654 1243 692 non
1286 637 1440 691 latuit
1469 635 1915 691 indormitabilcm
1962 650 2093 689 ocu-

502 738 615 792 lum
642 744 846 790 natum
875 729 1177 786 communis
1204 727 1466 792 inimicus,
1518 725 1612 781 sed
1650 732 1904 793 tanquam
1935 723 2094 776 lumi-

503 829 655 882 naria
698 824 979 880 confestim
1030 820 1219 878 Patres
1262 828 1499 883 nostros,
1530 818 1615 873 his
1664 830 1801 885 quos
1842 814 2093 870 tenebra-

503 936 625 975 rum
655 921 967 990 pervaserat
1012 929 1186 982 error,
1216 910 1486 976 ostendit;
1509 910 1601 978 qui
1631 909 1842 964 cunctis
1882 921 2088 961 resera-

504 1021 628 1067 rent
666 1008 1074 1078 intelligentiam
1107 1003 1250 1069 ﬁdei,
1293 1011 1349 1058 et
1392 996 1778 1077 incarnationis
1807 997 2092 1066 diligenter

503 1100 765 1156 beneﬁcia
812 1093 1502 1169 praedicarentzquomodo
1550 1088 1966 1160 dispensationis
2005 1103 2093 1142 sa-

506 1200 844 1249 cramentum
872 1190 943 1244 sit
971 1190 1039 1243 ab
1068 1187 1221 1243 initio
1257 1201 1323 1240 ex
1351 1183 1508 1239 vulva
1554 1181 1910 1253 dispositum;
1950 1192 2089 1249 quo-

505 1285 668 1341 modo
695 1293 751 1338 et
773 1283 867 1337 Dei
894 1280 1127 1350 genitrix
1157 1279 1226 1334 sit
1268 1278 1421 1346 virgo
1452 1277 1686 1331 vocitata
1714 1282 1936 1344 propter
1966 1286 2089 1326 eum

506 1378 597 1447 qui
628 1375 982 1445 virginitatem
1013 1371 1129 1442 ejus
1156 1370 1404 1439 dignatus
1431 1375 1516 1425 est
1538 1368 1699 1422 etiam
1729 1380 1946 1422 sacrare
1969 1373 2092 1435 post

504 1478 740 1538 partum,
790 1465 1137 1533 vulvamque,
1187 1469 1247 1516 ut
1292 1458 1519 1516 decebat
1548 1459 1735 1523 Deum,
1783 1456 2092 1524 integritate

502 1562 751 1630 signare;
782 1556 1056 1627 quomodo
1104 1551 1400 1610 secundum
1450 1550 1732 1605 veritatem
1780 1556 1959 1602 mater
1996 1546 2091 1600 Dei

502 1654 647 1709 dicta
675 1653 745 1707 sit
772 1659 994 1722 propter
1033 1661 1271 1712 carnem,
1311 1659 1471 1715 quam
1504 1659 1573 1698 ex
1613 1657 1671 1697 se
1701 1641 1937 1697 omnium
1980 1639 2090 1693 Do-

504 1746 654 1800 mino
682 1741 1023 1798 ministravit.
1055 1759 1073 1792 ι
1110 1739 1248 1794 Ecce
1290 1744 1348 1792 et
1374 1737 1477 1791 hoc
1505 1743 1781 1790 ostensum
1819 1740 1919 1797 est,
1951 1745 2089 1799 quo-

2196 540 2325 611 quid
2352 538 2701 595 excellentius
2730 536 2885 592 decet
2931 535 2984 589 in
3014 533 3277 603 principe,
3323 546 3487 603 quam
3515 531 3785 586 catholica

2196 631 2343 697 ﬁdes,
2390 646 2509 700 quae
2549 630 2714 684 totius
2762 626 2932 682 nostri
2960 625 3086 681 boni
3136 633 3219 678 est
3264 623 3692 688 fundamentum,
3731 629 3786 677 et

2195 723 2311 778 sine
2334 736 2440 791 qua
2470 721 2597 774 nihil
2630 721 2682 773 in
2714 718 2870 773 nobis
2890 724 2972 773 est
2998 715 3245 772 bonum?
3273 713 3443 768 Omne
3468 712 3617 768 enim
3640 710 3785 781 quod

2196 832 2303 871 non
2334 832 2400 869 ex
2431 815 2533 869 ﬁde
2556 820 2835 884 peccatum
2864 819 2964 868 est.

2819 944 3046 1001 CAPUT
3093 944 3157 999 Il.

2198 1041 2346 1107 Quod
2380 1041 2688 1112 Eutycltiani
2718 1040 2808 1093 sub
2839 1040 2989 1093 trium
3032 1038 3389 1104 Capitulorum
3420 1039 3626 1091 nomine
3660 1055 3787 1091 con-

2264 1113 2437 1165 cilium
2478 1111 2887 1165 Chulcedonense
2916 1112 3271 1179 fraudulenter
3293 1117 3583 1178 Oppugnent
3605 1125 3624 1162 :
3668 1111 3785 1174 qui-

2266 1186 2357 1236 bus
2378 1192 2653 1265 antequam
2677 1184 3003 1250 responzieat,
3030 1181 3152 1250 ﬁdei
3173 1195 3279 1234 sua:
3302 1180 3674 1250 confessionem
3703 1195 3785 1233 ex-

2268 1264 2429 1322 ponit.

2264 1352 2371 1424 sed
2401 1380 2552 1437 rogo,
2603 1366 3019 1423 clementissime
3069 1364 3382 1435 imperator,
3436 1371 3495 1418 ut
3545 1363 3785 1420 rationes

2194 1477 2342 1517 meas
2372 1461 2456 1516 vel
2484 1467 2777 1530 gratanter,
2809 1458 2893 1513 vel
2930 1459 3199 1528 patienter
3226 1457 3478 1525 accipias.
3524 1455 3660 1509 Nam
3690 1455 3787 1510 de-

2196 1562 2496 1609 monstrare
2521 1552 2776 1623 proposui
2802 1554 3056 1621 quoniam
3092 1565 3189 1619 pro
3211 1549 3448 1619 ejusdem
3479 1548 3601 1603 ﬁdei
3624 1565 3785 1619 quam

2194 1654 2347 1699 tenes
2373 1642 2704 1708 defensione,
2733 1650 2787 1697 et
2814 1649 3036 1712 propter
3063 1639 3580 1696 Chalcedonensium
3601 1650 3787 1694 custo-

2197 1735 2341 1790 diam
2371 1735 2731 1799 decretorum,
2754 1733 2949 1802 quibus
2971 1740 3025 1787 et
3046 1730 3325 1787 manifesta
3355 1739 3516 1786 estet
3542 1732 3785 1794 ﬁrmata,

504 1839 650 1891 niam
693 1835 878 1891 eadem
936 1840 1121 1889 sancta
1161 1830 1397 1902 synodus
1428 1828 1609 1883 docuit
1652 1825 1795 1896 quod
1826 1825 1913 1878 illa
1939 1824 2088 1890 virgo
2126 1830 2167 1887 Β
2193 1827 2275 1881 his
2304 1825 2394 1895 qui
2424 1841 2593 1897 nuper
2622 1826 2950 1879 contrariam
2979 1824 3059 1879 eis
3084 1823 3407 1878 sententiam
3438 1823 3785 1891 protulerunt

504 1929 600 1983 Dei
630 1928 860 1997 genitrix
889 1924 1185 1981 secundum
1213 1922 1498 1977 veritatem
1527 1928 1717 1974 vocata
1748 1918 1838 1985 sit,
1866 1924 2091 1987 propter

504 2034 721 2074 carnem
751 2033 911 2087 quam
962 2031 1031 2070 ex
1072 2026 1130 2069 se
1178 2014 1420 2070 omnium
1472 2012 1701 2067 Domino
1747 2009 2089 2065 ministravit.

503 2111 613 2166 Nec
642 2111 866 2165 interest
888 2118 1063 2162 utrum
1092 2105 1384 2161 secundum
1408 2104 1710 2165 veritatem,
1744 2102 1794 2156 id
1821 2111 1924 2169 est,
1966 2114 2093 2155 vere

504 2202 599 2256 Dei
629 2210 802 2257 mater
847 2208 1109 2265 vocetur;
1158 2214 1226 2252 an
1258 2211 1383 2252 vere
1432 2203 1487 2250 et
1524 2194 1761 2265 proprie,
1809 2194 1950 2247 sicut
1978 2192 2093 2261 ipse

503 2291 783 2347 confessus
809 2305 887 2345 es.
917 2290 1051 2343 Nam
1078 2289 1221 2358 quod
1260 2286 1496 2342 Joannes
1541 2284 1816 2354 apostolus
1844 2283 1972 2336 dicit
2001 2298 2093 2337 ve-

503 2400 620 2440 rum
668 2383 762 2437 Dei
802 2382 1015 2443 Filium,
1064 2381 1239 2450 ipsum
1291 2377 1486 2431 Paulus
1516 2376 1789 2446 proprium
1821 2375 1969 2429 dicit.
2004 2373 2093 2429 Sic

504 2477 647 2534 enim
676 2474 889 2534 scribit:
917 2473 1122 2533 Scimus
1145 2472 1387 2549 quoniam
1420 2468 1514 2522 Dei
1554 2466 1719 2525 Filius
1749 2467 1901 2533 venit:
1926 2474 1976 2523 εἰ
2006 2465 2091 2523 de;

505 2572 581 2625 dit
622 2571 766 2625 nobis
798 2569 1130 2632 intellectum,
1155 2578 1209 2620 ut
1241 2568 1463 2620 sciamus
1486 2566 1620 2631 quod
1648 2571 1723 2615 est
1745 2576 1919 2615 verum
1945 2569 1992 2613 et
2017 2560 2093 2611 si-

504 2681 620 2719 mus
662 2664 717 2717 in
747 2679 863 2716 vero
887 2660 1025 2715 Filio
1067 2660 1179 2730 ejus
1201 2656 1326 2712 Jesu
1365 2656 1568 2711 Christo
1601 2652 1654 2723 (Ι
1693 2652 1849 2705 Joan.
1892 2667 1943 2715 v,
1976 2648 2091 2718 20).

506 2758 607 2814 llic
629 2766 807 2812 autem
830 2755 1071 2811 scribens
1104 2751 1359 2807 Romanis
1387 2750 1463 2803 ait
1497 2766 1508 2799 :
1542 2746 1604 2801 Si
1629 2744 1769 2799 Deus
1798 2761 1890 2815 pro
1922 2741 2093 2810 nobis,

509 2854 619 2924 quis
652 2859 831 2905 contra
860 2847 992 2901 nos?
1035 2847 1122 2917 qui
1152 2846 1309 2899 etiam
1338 2841 1478 2895 Filio
1514 2856 1606 2894 suo
1636 2838 1845 2909 proprio
1870 2852 1974 2889 non
2004 2851 2095 2905 pe-

507 2944 688 3015 percit,
732 2940 821 2995 sed
865 2956 958 3010 pro
999 2936 1148 2992 nobis
1199 2935 1436 2989 omnibus
1483 2931 1698 2985 tradidit
1739 2929 1885 2983 illum
1915 2925 2091 2997 (Rom.

508 3049 625 3099 vm,
658 3031 769 3100 Eii).
820 3029 937 3084 Non
966 3028 1125 3095 igitur
1171 3034 1255 3080 est
1304 3022 1446 3077 aliud
1478 3019 1621 3092 quod
1671 3019 1957 3073 Dominum
1993 3030 2097 3070 no-

507 3134 676 3179 strum
705 3120 890 3178 Jesum
939 3119 1209 3175 Christum
1242 3114 1475 3170 Joannes
1522 3126 1707 3166 verum
1759 3110 1853 3164 Dei
1903 3107 2096 3162 Filium

2195 1918 2635 1977 consentiendum
2666 1933 2785 1973 esse
2813 1934 2919 1972 non
2949 1916 3094 1971 duxi.
3128 1915 3400 1985 Inquietus
3427 1916 3574 1970 enim
3604 1923 3663 1969 et
3693 1915 3787 1968 im-

2193 2012 2400 2082 pudens
2427 2010 2800 2065 haereticorum
2826 2010 3067 2079 Spiritus,
3100 2008 3190 2076 qui
3222 2006 3392 2061 facilis
3420 2014 3478 2060 ct
3506 2015 3789 2076 promptus

2194 2104 2259 2156 ad
2302 2100 2661 2172 impugnanda
2709 2107 2894 2153 vetera
2936 2098 3248 2160 constituta,
3300 2098 3353 2150 in
3412 2096 3789 2152 confusionem

2194 2208 2344 2248 suam
2376 2206 2590 2261 semper
2623 2190 2919 2257 extollitur,
2960 2190 3086 2257 quia
3145 2203 3285 2257 saepe
3339 2189 3631 2243 frustratus
3689 2195 3791 2251 est,

2196 2301 2315 2340 cum
2350 2284 2582 2338 evidenti
2615 2282 3042 2335 contradictione
3086 2278 3542 2334 Chalcedonensis
3573 2279 3793 2333 decreta

2195 2377 2405 2437 concilii
2433 2375 2745 2434 subvertere
2767 2374 3064 2440 niteretur;
3097 2371 3310 2442 obliqua
3337 2384 3475 2424 nunc
3496 2377 3553 2423 et
3576 2370 3794 2423 obtecta

2194 2472 2527 2540 malignitate
2575 2471 2890 2538 subrepens,
2945 2466 3165 2534 intelligi
3215 2481 3320 2519 non
3350 2476 3509 2533 posse
3564 2461 3795 2517 credidit

2195 2582 2305 2621 sua:
2330 2565 2576 2620 factionis
2605 2561 2841 2617 insidias.
2867 2560 3074 2614 Invenit
3106 2566 3284 2612 autem
3314 2557 3675 2611 desideratam
3705 2571 3798 2609 oc-

2196 2659 2466 2714 casionem
2516 2670 2582 2710 ex
2634 2653 2814 2707 furore
2866 2649 3223 2720 quorumdam
3275 2647 3368 2716 qui
3423 2646 3522 2701 sub
3574 2644 3798 2699 nomine

2195 2750 2498 2805 Christiano
2530 2748 2763 2802 latenter
2804 2745 2857 2799 in
2896 2742 3137 2799 Ecclesia
3165 2741 3365 2811 gentile
3406 2738 3657 2807 Origenis
3699 2738 3801 2791 do-

2197 2854 2317 2910 gma
2345 2846 2639 2895 sectantur.
2673 2836 2740 2890 Et
2762 2836 2885 2905 quia
2922 2850 3017 2904 per
3046 2833 3354 2887 instantiam
3386 2840 3487 2884 tunc
3513 2829 3800 2897 religionis

2197 2929 2441 3000 ejusdem
2470 2926 2682 2999 profani
2716 2923 2984 2995 dogmatis
3008 2922 3197 2977 iterata
3226 2920 3499 2975 damnatio
3530 2926 3635 2984 est,
3672 2918 3801 2971 hinc

2198 3021 2314 3091 ejus
2340 3027 2636 3075 sectatores
2665 3024 2982 3072 exarserunt
3003 3013 3264 3067 adversus
3294 3008 3617 3074 Ecclesiam,
3648 3024 3802 3078 qua:-

2199 3122 2378 3168 rcntes
2405 3127 2523 3167 eam
2569 3124 2890 3181 quacunque
2929 3114 3152 3178 possent
3182 3104 3514 3160 immissione
3546 3104 3799 3160 turbare.

512 3226 694 3283 vocat,
736 3230 895 3287 quam
926 3210 1070 3282 quod
1099 3225 1221 3266 eum
1247 3207 1525 3280 proprium
1562 3204 1657 3259 ΒΘὶ
1678 3202 1870 3258 Filium
1895 3199 2094 3255 Paulus
2123 3223 2167 3285 ο
2201 3205 2265 3259 Ει
2295 3205 2397 3259 hoc
2418 3210 2589 3258 totum
2614 3200 2881 3272 publicam
2912 3198 3156 3253 notitiam
3187 3210 3295 3251 non
3326 3192 3530 3261 effugit,
3568 3208 3804 3262 praeser-

508 3309 763 3380 appellat.
795 3305 862 3360 Et
890 3304 1013 3360 ideo
1042 3317 1147 3358 non
1171 3299 1313 3355 aliud
1335 3296 1631 3370 putandum
1658 3302 1743 3350 est
1768 3293 1930 3351 etiam
1952 3288 2097 3360 quod

509 3411 697 3457 sancta
727 3394 1181 3455 Chalcedonensis
1207 3392 1442 3466 synodus
1477 3390 1689 3445 beatam
1726 3385 1950 3440 Mariam
1974 3395 2099 3437 vere

510 3501 736 3549 matrem
768 3492 860 3546 Dei
889 3504 1007 3545 esse
1035 3486 1277 3543 confessa
1319 3491 1422 3548 est,
1467 3496 1629 3552 quam
1657 3476 1803 3548 quod
1834 3490 1952 3531 eam
1983 3474 2099 3544 ipse

510 3585 787 3641 confessus
810 3599 869 3639 es
891 3597 1018 3638 vere
1038 3589 1095 3635 et
1120 3578 1336 3651 preprie
1360 3583 1588 3630 matrem
1611 3573 1725 3626 Dei.
1758 3569 1908 3637 Quod
1938 3569 1983 3623 si
2011 3567 2098 3622 cui

516 3678 693 3733 minus
724 3679 827 3732 hoc
852 3673 1072 3740 sufﬁcit,
1098 3680 1153 3727 et
1181 3670 1357 3725 adhuc
1386 3683 1506 3723 eam
1531 3680 1659 3720 vere
1688 3672 1745 3718 et
1768 3662 1983 3732 proprie
2004 3659 2099 3713 Dei

514 3776 743 3823 matrem
792 3765 1016 3821 dubitat
1055 3762 1350 3833 appellare,
1394 3758 1692 3828 pleniorem
1735 3754 1801 3808 de
1849 3753 1952 3806 hoe
1984 3752 2100 3819 ipso

514 3860 782 3915 rationem
837 3871 997 3927 quam
1030 3853 1252 3909 inferius
1296 3850 1581 3906 reddemus
1624 3853 1920 3915 exspectet.
1964 3843 2100 3908 Quia

513 3967 640 4008 vero
688 3950 889 4005 simul‘
932 3945 1225 4001 secundum
1280 3940 1719 3995 Chalcedonense
1773 3932 2099 3999 concilium,

514 4045 673 4098 etiam
711 4042 764 4095 in
803 4039 1009 4094 duabus
1046 4034 1252 4090 naturis
1300 4030 1586 4085 Dominum
1620 4026 1803 4081 Jesum
1829 4023 2103 4078 Christum

515 4135 797 4192 confessus
823 4147 899 4196 es,
931 4131 1097 4201 ipsius
1137 4126 1351 4181 concilii
1375 4123 1685 4178 deﬁnitione
1722 4127 2054 4173 monstratur
2084 4135 2099 4171 :

518 4228 572 4282 iu
609 4242 714 4297 qua
744 4224 931 4279 statuit
960 4237 1123 4277 unum
1177 4217 1533 4285 eumdemque
1571 4212 1879 4278 Christum,
1908 4210 2101 4267 Filium

517 4319 615 4375 Dei
643 4317 995 4387 unigenitum,
1039 4315 1089 4368 in
1120 4311 1325 4368 duabus
1352 4308 1575 4373 naturis,
1619 4306 1736 4362 sine
1763 4303 2098 4367 confusione,

518 4412 637 4467 sine
664 4408 1036 4471 conversione,
1080 4405 1196 4459 sine
1225 4400 1490 4457 divisione
1520 4407 1575 4454 et
1602 4397 1720 4452 sine
1760 4395 2105 4466 separatione

516 4519 638 4561 esse
658 4498 1020 4563 noscendum;
1052 4509 1315 4565 nusquam
1338 4499 1650 4548 naturarum
1679 4485 1978 4543 differentia
2009 4500 2106 4555 per

514 4596 779 4650 unitatem
817 4589 1032 4662 penitus
1055 4594 1350 4657 amputata,
1382 4582 1552 4653 magis
1589 4589 1771 4636 autem
1797 4578 1944 4633 salva
1974 4592 2102 4647 pro-
2134 4608 2181 4668 Β

515 4688 747 4757 prictate
773 4685 1048 4752 utriusque
1076 4688 1298 4733 natum.
1333 4675 1427 4730 His
1448 4674 1612 4742 igitur
1638 4672 1889 4727 omnibus
1909 4669 2106 4740 proba-

520 4793 609 4833 tur
636 4776 903 4833 confessio
934 4773 1055 4829 ﬁdei
1084 4780 1190 4827 tua:
1218 4769 1395 4837 magni
1417 4766 1630 4823 concilii
1652 4767 1672 4797 '
1702 4762 2105 4821 defmitionibus

518 4882 841 4923 consonare.
875 4866 1107 4934 Propter
1145 4860 1291 4933 quod
1336 4859 1500 4913 etiam
1531 4870 1629 4911 nos
1668 4864 1723 4910 et
1750 4850 2104 4921 congratulati

518 4972 734 5027 semper
776 4956 891 5023 ejus
940 4952 1248 5008 rectitudini
1299 4964 1521 5016 sumus,
1582 4954 1637 5001 et
1686 4960 1791 5015 pro
1837 4960 1899 4999 ea
1929 4943 1997 4998 de
2054 4952 2105 4997 te

592 5183 617 5210 ι
656 5172 732 5227 De
760 5187 867 5241 quo
892 5171 1083 5241 iterum
1114 5167 1206 5224 lib.
1241 5186 1311 5241 Iv,
1343 5184 1460 5241 cap.
1495 5167 1548 5233 4,
1581 5167 1687 5241 ubi
1714 5175 1769 5241 et
1817 5163 1975 5241 libelli
2007 5162 2106 5217 hu-

516 5244 603 5313 jus
631 5235 794 5313 verba
837 5240 1198 5313 proferentur.
1248 5235 1423 5313 Quod
1455 5246 1633 5313 autem
1675 5236 1761 5290 hic
1806 5235 1997 5313 astruit
2035 5249 2105 5288 ex

518 5305 702 5370 libello
734 5305 1041 5375 Domitiani,
1074 5310 1303 5363 afﬁrmat
1330 5309 1492 5363 etiam
1534 5306 1812 5360 Liberatus
1840 5305 2101 5375 diaconus

518 5386 572 5441 iu
625 5384 898 5438 Breviario
934 5399 946 5434 :
996 5373 1241 5435 incensos
1286 5379 1537 5433 videlicet
1582 5377 1817 5430 damnati
1863 5373 2107 5441 Origcuis

519 5457 706 5511 dolore
733 5452 1063 5523 Origenistas
1091 5451 1163 5523 ad
1200 5450 1359 5503 trium
1388 5446 1762 5523 capitulorum
1789 5444 2103 5523 damnatio-

519 5541 641 5580 nem
674 5515 949 5595 impulisse
974 5520 1360 5595 .lustin_ianum;
1409 5515 1625 5595 dolique
1655 5515 2007 5595 architectum
2038 5528 2105 5567 ex

520 5596 708 5650 eadem
736 5584 882 5666 secta
923 5592 1085 5647 fuisse
1127 5589 1468 5666 Theodorum
1512 5584 1888 5666 Cappadocem
1929 5584 2107 5666 Cresa-

520 5667 755 5722 riensem
786 5664 1117 5733 epicupum,
1159 5663 1251 5729 qui
1300 5652 1609 5727 imperatori
1634 5652 1956 5724 Sitggerebat
2002 5652 2105 5708 hoc

595 5850 610 5883 ‘
653 5847 783 5904 Cod.
817 5847 992 5903 Veron
1028 5888 1038 5911 ,
1074 5846 1327 5899 similiter.

2199 3296 2293 3349 tim
2325 3309 2445 3349 cum
2475 3300 2531 3347 et
2551 3290 2881 3345 Domitianus
2912 3286 3229 3359 Ancyrensis
3262 3295 3288 3323 ει
3314 3284 3535 3355 quidem
3562 3283 3804 3339 civitatis

2200 3385 2481 3454 episcopus
2507 3380 2797 3452 provinciae
2826 3379 3011 3449 prima:
3050 3375 3289 3440 Galatire,
3341 3374 3435 3446 qui
3481 3373 3583 3428 fuit
3630 3373 3804 3445 ipsius

2200 3475 2533 3545 Origeniana:
2560 3472 2775 3527 hmresis
2802 3469 3118 3526 manifestus
3142 3476 3399 3529 assertor,
3427 3481 3525 3537 per
3554 3465 3802 3521 libellum

2201 3583 2360 3636 quem
2387 3565 2456 3619 ad
2502 3564 2873 3619 beatissimum
2912 3576 3104 3632 papam
3138 3560 3383 3629 Vigilium
3411 3559 3653 3628 scripsit,
3689 3558 3803 3614 Deo

2202 3664 2558 3725 extorquente
2587 3653 2861 3710 confessus
2898 3661 2999 3719 est,
3032 3651 3177 3721 quod
3207 3656 3326 3721 ejus
3356 3650 3654 3720 complices
3676 3649 3801 3704 Ori-

2201 3748 2434 3817 geniani,
2469 3762 2590 3802 cum
2619 3745 2865 3800 viderent
2902 3760 3011 3799 non
3040 3758 3100 3797 se
3147 3757 3309 3811 posse
3358 3741 3639 3811 proprium
3698 3740 3804 3793 do-

2202 3855 2322 3909 gma
2351 3837 2661 3903 defendere,
2690 3851 2864 3905 neque
2893 3836 2993 3890 sibi
3022 3835 3315 3905 quidquam
3351 3832 3465 3901 spei
3505 3832 3577 3885 de
3604 3830 3803 3885 conﬁi-

2203 3942 2291 3990 ctu
2319 3940 2543 3997 restare,
2569 3930 2635 3985 ad
2654 3929 2911 3983 ultionem
2939 3942 3124 3982 eorum
3152 3940 3271 3993 qum
3293 3933 3477 3979 contra
3508 3920 3804 3990 Origeuem

2203 4036 2352 4097 gesta
2375 4034 2518 4090 sunt,
2574 4025 2689 4079 haec
2744 4020 2999 4076 Ecclesia:
3047 4018 3302 4073 scandala
3360 4025 3801 4071 commoverunt.

2205 4119 2408 4173 llorum
2440 4116 2599 4185 igitur
2635 4113 2890 4169 satellitio
2921 4110 3146 4177 fungens
3187 4107 3649 4178 Eutycbianorum
3677 4120 3806 4175 per-

2207 4212 2350 4277 ﬁdia,
2381 4225 2444 4265 ea
2474 4223 2593 4278 qua:
2624 4222 2719 4277 per
2784 4222 2843 4261 se
2883 4212 3072 4260 contra
3121 4201 3564 4257 Chalcedonense
3618 4200 3813 4255 conci-

2206 4304 2334 4358 lium
2364 4300 2725 4371 nequidquam
2763 4311 2906 4367 stnpe
2935 4302 3253 4358 tentaverat,
3289 4308 3386 4361 per
3431 4292 3580 4361 ipsos
3622 4291 3809 4345 laten-

2208 4402 2291 4448 ter
2331 4406 2580 4463 aggressa
2611 4397 2695 4445 est
2737 4389 2828 4459 qui
2871 4374 3026 4442 nobis
3049 4400 3157 4439 non
3210 4384 3539 4438 videbantur
3586 4384 3643 4437 in
3706 4384 3813 4437 hac

2208 4494 2364 4556 parte
2388 4481 2646 4553 suspecti.
2678 4480 2790 4535 Nec
2824 4488 3003 4533 tamen
3047 4485 3100 4533 et
3150 4476 3223 4530 illi
3255 4486 3504 4543 magnam
3533 4474 3815 4544 synodum

2209 4575 2385 4645 palam
2437 4571 2833 4643 reprehendere
2878 4574 3362 4640 puesumpserunt;
3415 4567 3589 4634 magis
3622 4576 3815 4621 autem

2208 4668 2307 4722 sub
2361 4666 2595 4735 quodam
2644 4663 2827 4719 colore
2874 4660 3222 4721 defensionis,
3266 4674 3427 4729 quam
3457 4666 3564 4713 tuae
3614 4659 3817 4728 pietati

2210 4756 2630 4812 eommendabat-
2645 4754 2805 4809 fallax
2831 4768 3018 4809 eorum
3050 4752 3355 4823 promissio,
3392 4751 3561 4805 robur
3576 4750 3707 4819 ejus
3735 4752 3818 4805 in-

2211 4850 2425 4904 ﬁrmare
2452 4848 2631 4903 conati
2657 4854 2799 4902 sunt.
2848 4843 3132 4899 iactabant
3181 4844 3345 4907 enim,
3404 4841 3547 4895 sicut
3601 4842 3817 4911 optime

2209 4942 2370 5006 nosti,
2397 4940 2541 5010 quod
2568 4953 2756 4995 omnes
2777 4937 3097 5009 Eutychiani
3120 4936 3211 5006 qui
3232 4934 3466 4990 decretis
3489 4934 3614 5004 ejus
3642 4933 3820 4989 oﬂ‘en-

2213 5163 2374 5218 modo
2421 5160 2488 5216 ad
2532 5160 2926 5230 suscipiendam
2992 5158 3254 5230 synodum
3300 5159 3818 5230 Chalcedonensem

2211 5232 2571 5303 Ecclesireque
2600 5229 3035 5303 communionem
3067 5230 3256 5303 adduci
3288 5229 3595 5303 Apephalos
3625 5250 3813 5303 posse.

2208 5302 2379 5358 Ediue
2406 5299 2529 5357 sunt
2556 5310 2681 5371 post
2724 5301 2985 5370 synodum
3032 5316 3066 5353 v
3104 5299 3526 5371 (nmen-Latium
3554 5299 3641 5357 de
3667 5314 3823 5359 utro—

2209 5388 2313 5441 que
2341 5369 2656 5441 argumcnto
2698 5369 2940 5440 epistola:
2967 5371 3083 5423 duae
3112 5369 3419 5424 Justiuiani.
3466 5370 3685 5427 Prioris
3725 5375 3822 5425 ad-

2209 5459 2397 5498 versus
2432 5443 2715 5510 Origencm
2748 5441 2955 5494 initium
2987 5449 3090 5505 est,
3139 5451 3275 5510 ἰιμῖν
3314 5444 3400 5507 μέν
3448 5443 3527 5494 ἀεὶ
3554 5445 3779 5503 σπουδὴ
3803 5461 3816 5473 ·

2212 5511 2381 5568 Nobis
2410 5530 2608 5582 ερτηρεν
2634 5511 2805 5583 studio
2835 5511 2963 5583 fuit:
2996 5510 3311 5583 posterioris
3337 5510 3403 5563 de
3432 5510 3614 5583 tribus
3644 5512 3825 5583 Capi-

2211 5585 2335 5639 tulis
2384 5580 2583 5644 Εὶδό-ἐες
2614 5587 2679 5643 ὡς
2710 5580 2848 5638 οζδὲὐ
2871 5581 3025 5645 οὕτω,
3052 5580 3285 5635 Scientcs
3307 5581 3442 5649 quod
3470 5581 3611 5636 nihil
3644 5580 3823 5638 aliud.

3204 5740 3249 5761 ς

2303 5831 2481 5886 ’ldem
2510 5829 2656 5893 cod.,
2698 5828 2899 5882 concilii
2936 5826 3379 5882 Clutlredonemis.
