4000 6344
180 245 292 301 5'33

1148 239 1286 297 PRO
1327 238 1747 296 DEFENSIONE
1785 237 2002 294 TRIUM
2042 237 2357 296 CAPITUL.
2402 238 2528 294 LIB.
2584 242 2621 297 Ι.

3387 239 3495 295 ὕῦι

179 362 407 426 duntur,
436 358 904 415 communicarent
931 355 1209 422 Ecclesiae,
1231 356 1275 409 si
1299 355 1528 424 epistola
1559 367 1786 408 venera-
1817 353 1862 412 A
1891 351 2008 406 lucc
2043 351 2262 420 quidem
2291 352 2432 408 dicta
2475 351 2584 407 sint
2631 350 2698 406 ad
2728 350 3153 408 satisfactionem
3182 368 3374 410 eorum
3400 357 3498 426 qni

179 456 307 511 bilis
333 453 437 508 lbae
457 451 716 507 Edesseni
737 449 980 520 episcopi
1009 448 1078 520 ad
1099 447 1288 503 Marim
1312 444 1533 502 Persam
1561 443 1782 514 scripta,

178 563 348 617 quam
395 544 652 616 praedicta
698 540 957 613 synodus,
1014 555 1138 595 cum
1191 554 1291 610 pro
1339 553 1405 593 ea
1453 542 1786 592 memoratus

179 639 306 693 lbas
328 646 580 706 tanquam
605 633 898 703 injuriosus
939 631 994 686 in
1020 631 1238 687 beatum
1267 629 1524 702 Cyrillum
1555 641 1784 684 accusa-

179 739 353 792 retur,
405 724 778 798 pronuntiavit
823 723 1204 788 orthodoxam,
1260 722 1613 778 damnaretur
1663 719 1784 790 qui-

177 820 304 874 dem
337 828 396 875 ut
430 819 769 882 Nestoriana,
817 815 913 871 sed
941 814 1240 886 approbata
1289 812 1450 869 fuisse
1497 828 1528 867 a
1575 812 1784 884 synodo

177 919 492 980 negaretur.
545 908 663 964 lloc
718 915 941 976 agentes
990 914 1187 971 astute,
1232 913 1292 960 ut
1334 904 1459 959 dum
1487 905 1700 961 nescios
1729 911 1787 960 et

177 1004 398 1072 ignaros
426 1001 711 1067 advocant,
743 999 888 1069 quod
927 1013 1026 1069 per
1055 995 1245 1053 falsam
1285 1003 1342 1052 et
1377 995 1782 1067 impudentissi-

177 1113 324 1153 mam
350 1096 695 1165 negationem
743 1091 958 1147 defendi
1012 1090 1256 1163 synodus
1297 1089 1490 1160 possit,
1524 1104 1782 1160 quaecun-

176 1205 286 1260 que
326 1187 610 1243 mendacia
667 1183 988 1255 Eutychiani
1043 1183 1100 1237 in
1160 1181 1582 1253 reprehensione
1618 1180 1786 1251 ipsius

177 1280 425 1352 epistola:
451 1279 742 1345 dictarent,
785 1276 1002 1331 nemine
1039 1275 1153 1344 jam
1191 1275 1498 1338 resistente,
1549 1273 1635 1328 vel
1660 1273 1787 1328 hinc

175 1379 482 1441 satagente,
520 1369 821 1426 scriberent
847 1374 1181 1432 nostrorum,
1210 1366 1357 1436 quod
1399 1365 1554 1421 valde
1596 1364 1786 1433 lugen-

174 1463 308 1520 dum
339 1471 440 1528 est,
470 1461 962 1531 subscriptionibus
990 1457 1306 1514 affirmauda
1345 1475 1357 1510 :
1391 1463 1448 1512 ut
1479 1472 1602 1514 cum
1632 1463 1784 1528 post-

183 1571 287 1623 ea,
338 1555 487 1625 quod
535 1553 850 1610 facillimum
907 1559 1028 1608 erat
1085 1552 1102 1582 ³
1133 1550 1250 1607 sola
1287 1558 1564 1619 gestorum
1605 1549 1784 1621 prola-

175 1648 348 1711 tione,
377 1651 628 1716 suscepta
658 1643 822 1700 fuisse
861 1643 930 1698 ab
959 1643 1051 1698 illo
1089 1643 1322 1699 concilio
1362 1635 1777 1709 monstraretur,

1889 457 2014 498 cum
2045 457 2168 497 eam
2212 442 2589 498 necessitatem
2643 443 2916 512 ignorent,
2969 443 3135 499 etiam
3179 459 3390 514 ea-qua:
3415 446 3499 501 di-

1888 542 2084 591 cuntur
2124 535 2302 591 minus
2345 535 2631 604 vigilanter
2685 536 2987 590 attendunt.
3044 535 3498 606 lntclligentiores

1888 629 2072 679 autem
2102 623 2344 695 profecto
2373 632 2728 693 cognoscent,
2777 624 2905 694 quid
2937 632 2992 679 et
3019 623 3319 681 defensioni
3360 642 3500 696 prac-

1887 717 2058 773 sentis
2085 731 2262 771 causa:
2290 713 2539 786 proficiat
2587 715 2829 770 defensio
2867 713 3009 780 fidei,
3055 731 3176 784 quae
3207 717 3336 771 mihi
3369 733 3492 773 cum

1885 817 1979 864 tua
2011 808 2214 879 pietate
2243 807 2542 863 communis
2572 815 2674 860 est.
2714 806 2770 861 Si
2831 806 2974 859 enim
3022 807 3325 875 probavero
3371 823 3493 861 eam

1886 908 2036 955 recte
2076 915 2140 956 ac
2168 898 2465 968 prudenter
2491 897 2826 953 Nestorianis
2867 896 3320 968 Eutychianisque
3360 899 3494 953 resi-

1887 1001 2053 1058 stere,
2116 1007 2280 1063 quam
2330 1007 2492 1061 supra
2543 989 2654 1060 jam
2715 989 2995 1045 docuimus
3039 1004 3244 1058 magum
3299 990 3490 1062 synodi

1884 1083 2340 1140 Chalcedonensis
2379 1082 2780 1138 definitionibus
2818 1082 3129 1147 convenire,
3181 1083 3340 1136 nimis
3392 1084 3488 1137 ab-

1885 1176 2106 1231 surdum
2160 1175 2428 1230 videbitur
2479 1181 2538 1228 ut
2593 1172 2913 1228 Nestoriana
2966 1172 3218 1228 credatur
3262 1171 3494 1242 epistola

1886 1283 2046 1338 quam
2080 1266 2168 1320 illa
2200 1265 2436 1337 synodus
2466 1264 2809 1334 approbavit,
2843 1279 2962 1333 qua:
3008 1264 3137 1332 ipsis
3164 1263 3275 1317 suis
3297 1261 3492 1317 defini-

1887 1358 2125 1413 tionibus
2152 1357 2592 1412 Nestorianorum
2623 1355 2849 1411 fallaciae
2881 1363 2990 1410 tam
3031 1356 3264 1411 solerter
3301 1370 3490 1410 occur-

1885 1449 1974 1504 rit.
2019 1448 2222 1505 Deinde
2251 1464 2376 1505 cum
2406 1457 2631 1519 propter
2662 1448 2778 1504 haec
2807 1464 2950 1516 eam,
2981 1448 3067 1503 vel
3116 1448 3170 1503 in
3219 1448 3491 1503 sententia

1885 1555 2049 1611 super
2076 1540 2303 1610 epistola
2332 1539 2436 1596 lbce
2459 1539 2690 1610 prolata,
2723 1539 2807 1594 vel
2837 1539 2890 1594 in
2919 1540 3129 1595 caeteris
3166 1539 3290 1593 hinc
3321 1545 3488 1607 atque

1887 1630 2016 1686 inde
2060 1629 2366 1686 Nestoriani
2413 1640 2470 1686 et
2497 1629 2816 1702 Eutychiani
2857 1630 3284 1695 calumnientur,
3316 1629 3491 1684 omnis

174 1739 249 1794 nil
275 1709 391 1808 jam
421 1709 749 1807 superesset,
781 1733 926 1805 quod
975 1731 1327 1806 Eutychianis
1364 1733 1432 1790 de
1457 1735 1782 1791 Nestoriano
1816 1709 1858 1767 Β
1887 1737 2076 1778 eorum
2098 1737 2236 1776 vana
2265 1721 2356 1777 fiet
2379 1722 2630 1789 intentio,
2657 1729 2714 1777 et
2762 1720 2958 1776 frustra
3005 1736 3063 1776 se
3103 1721 3354 1776 laborare
3399 1735 3482 1774 co«

171 1835 433 1902 dogmate
462 1847 680 1902 semper
707 1832 838 1887 illud
879 1829 1268 1887 infamantibus
1307 1833 1639 1903 respondere
1665 1849 1788 1904 pos-

170 1941 358 1982 semus
398 1928 441 1978 ².
479 1925 573 1980 His
628 1925 792 1996 igitur
837 1925 915 1980 ita
969 1924 1338 1981 fraudulenter
1383 1926 1689 1996 agentibus,
1719 1941 1786 1983 ac

172 2018 363 2074 nescio
391 2033 553 2086 quam
582 2016 1024 2087 promittentibus
1053 2018 1338 2083 unitatem,
1367 2032 1508 2088 quae,
1543 2019 1590 2074 si
1619 2019 1783 2074 etiam

170 2115 515 2178 sequeretur,
545 2105 791 2164 confusio
824 2107 1010 2179 potius
1035 2107 1261 2164 dicenda
1287 2117 1437 2177 erat,
1470 2109 1600 2164 illud
1628 2124 1787 2166 exse-

171 2200 442 2255 crandum
489 2199 930 2270 horrendumque
975 2215 1296 2257 concessum
1339 2209 1443 2266 est,
1475 2209 1534 2256 ut
1558 2201 1786 2272 epistola

171 2308 338 2363 quam
360 2291 538 2349 sancti
551 2291 625 2346 illi
637 2291 974 2348 venerabiles
985 2289 1175 2348 Patres
1201 2292 1560 2348 orthodoxam
1585 2293 1784 2363 proba-

173 2390 392 2449 verunt,
425 2398 536 2438 non
557 2383 675 2440 sola
695 2382 908 2451 saltem,
929 2381 1025 2437 sed
1047 2397 1175 2439 cum
1196 2383 1310 2439 suis
1328 2384 1788 2454 approbatoribus

174 2482 323 2529 esset
368 2472 830 2529 anathematizata
871 2473 912 2527 ³.
948 2471 1018 2527 Ει
1054 2472 1176 2529 ideo
1206 2482 1315 2528 tam
1341 2474 1562 2530 nefarite
1589 2490 1784 2531 occur-

173 2582 333 2621 surus
347 2565 610 2630 audaciae,
632 2565 888 2636 quoniam
908 2565 1039 2623 satis
1058 2565 1297 2636 ipsorum
1321 2565 1786 2639 Eutychianorum

171 2657 626 2716 consuetudinem
678 2658 938 2728 habemus
984 2667 1285 2729 expertam,
1335 2657 1480 2729 quod
1535 2659 1788 2716 omnibus

172 2767 274 2822 pro
293 2751 532 2807 veritate
555 2751 656 2807 sibi
686 2752 1063 2809 resistentibus
1091 2751 1539 2828 Nestorianorum
1578 2754 1787 2809 crimen

175 2843 503 2913 imponant,
528 2841 686 2897 fidem
721 2857 900 2898 meam
941 2842 1201 2913 imprimis
1229 2858 1392 2912 quam
1417 2844 1484 2900 de
1508 2842 1788 2900 salutifera

173 2931 561 2988 incarnatione
601 2930 814 2987 Domini
842 2932 1015 2987 nostri
1043 2929 1171 2988 Jesu
1199 2930 1401 2988 Christi
1447 2941 1630 3001 teneo,
1675 2946 1786 2987 non

174 3025 351 3080 mlum
379 3023 617 3093 simplici
641 3022 663 3054 ⁵
701 3037 956 3079 sermone
998 3023 1232 3094 aperire,
1262 3024 1406 3094 quod
1437 3025 1490 3078 in
1521 3032 1625 3080 tua:
1653 3037 1786 3080 con-

1886 1823 2166 1883 gnoscent,
2198 1815 2244 1869 si
2283 1829 2404 1869 cum
2448 1812 2605 1868 fidem
2652 1821 2892 1868 nostram
2934 1811 3244 1877 asserimus,
3277 1811 3355 1865 illi
3385 1809 3482 1866 de-

1889 1915 2037 1963 creta
2068 1907 2236 1978 ipsius
2283 1905 2478 1979 synodi
2508 1905 2743 1962 viderint
2791 1904 3122 1970 confirmari,
3169 1919 3270 1974 pro
3297 1903 3494 1972 quibus

1887 1996 2223 2054 infirmandis
2270 1997 2448 2053 fallaci
2495 2005 2552 2053 et
2601 1997 2764 2067 longe
2827 1996 3059 2052 circuitu
3113 1995 3491 2050 auctoritatem

1890 2090 2008 2160 ejus
2036 2091 2090 2146 in
2139 2089 2258 2145 aliis
2305 2088 2517 2145 auferre
2558 2096 2842 2146 conantur.
2884 2086 3150 2154 Quoniam
3180 2085 3342 2155 igitur
3367 2101 3489 2139 cum

1888 2181 2180 2246 defensori,
2227 2188 2344 2235 tum
2391 2179 2559 2236 etiam
2609 2194 2787 2238 causa:
2816 2179 3138 2243 defensioni,
3178 2175 3496 2248 propositus

1888 2273 2023 2329 ordo
2051 2271 2325 2336 conducit,
2353 2271 2457 2326 tria
2485 2287 2605 2343 qua:
2628 2271 2872 2343 superius
2909 2277 3330 2326 commemorata
3359 2275 3487 2323 sunt

1888 2365 2131 2421 breviter
2185 2365 2240 2420 in
2286 2365 2395 2420 hoc
2422 2364 2699 2420 volumine
2754 2362 3128 2419 defendemus.
3162 2361 3300 2429 Quid
3348 2361 3491 2415 enim

1887 2467 1989 2509 nos
2041 2460 2232 2508 contra
2275 2451 2671 2508 calumniantes
2734 2450 3100 2524 Eutychianos
3158 2449 3494 2506 manifestius

1888 2543 2085 2615 probat
2135 2557 2164 2598 a
2215 2541 2428 2598 fallacia
2479 2542 2925 2600 Nestorianorum
2980 2542 3198 2613 penitus
3251 2541 3490 2606 alienos,

1888 2649 2052 2706 quam
2077 2635 2125 2692 si
2151 2634 2260 2691 duo
2281 2635 2398 2690 haec
2428 2648 2752 2702 asseramus,
2797 2633 2851 2688 id
2896 2642 3002 2703 est,
3029 2649 3196 2689 unum
3225 2632 3293 2688 de
3319 2631 3494 2687 Trini-

1889 2736 2004 2785 tate
2029 2743 2131 2800 pro
2155 2728 2315 2785 nobis
2339 2727 2677 2795 crucifixum,
2727 2735 2783 2783 et
2807 2727 3020 2783 beatam
3070 2725 3294 2781 Mariam
3345 2734 3495 2782 recte

1887 2819 2074 2876 vocari
2096 2827 2152 2875 et
2174 2833 2307 2876 vere
2330 2826 2385 2874 et
2427 2819 2648 2890 proprie
2689 2825 2917 2874 matrem
2950 2817 3081 2873 Dei?
3111 2817 3207 2874 Vel
3233 2817 3360 2886 quid
3389 2834 3490 2872 nos

1889 2909 2022 2966 item
2049 2916 2238 2966 contra
2289 2908 2684 2965 calumniantes
2722 2907 3072 2963 Nestorianos
3103 2908 3170 2962 ah
3211 2907 3494 2980 Eutychia-

1892 3017 2087 3059 norum
2141 3002 2412 3058 discordia
2460 2999 2673 3070 longius
2719 3001 2909 3056 abesse
2938 2999 3300 3065 demonstret,
3332 3015 3495 3069 quam

175 3114 433 3171 fessionis
461 3085 852 3186 approbatione
875 3113 988 3184 jam
1020 3085 1146 3182 feci,
1168 3085 1458 3171 sed'etiam
1489 3116 1786 3172 decumen-
1813 3085 1860 3150 (ἶ
1891 3103 1963 3186 υί-
1992 3093 2123 3150 mu“
2153 3109 2372 3186 (ιυοίιιξο
2403 3097 3004 3186 ίθΓιίΫωὲθδιΓυῧηῖμδνγ
3028 3093 3154 3164 filii“
3202 3093 3341 3186 “cf”
3392 3093 3494 3186 pf“

176 3209 246 3263 tis
267 3207 594 3264 necessariis
622 3205 916 3273 affirmare,
939 3215 1102 3279 atque
1129 3207 1390 3264 adversus
1411 3209 1792 3279 impugnantes

175 3298 478 3354 defendere
515 3299 682 3354 statui
709 3317 722 3352 :
755 3307 818 3354 ut
845 3314 1034 3355 eorum
1064 3299 1365 3355 calumnias
1403 3308 1602 3368 quanta
1633 3299 1790 3356 valeo

175 3391 616 3446 manifestatione
666 3391 913 3447 veritatis
978 3391 1177 3447 evitem
1203 3429 1218 3456 ,
1288 3406 1519 3460 quorum
1571 3390 1791 3448 fraudes

175 3481 569 3552 mendaciaque
589 3482 870 3552 detegere,
901 3491 958 3538 et
985 3498 1202 3540 errores
1231 3483 1492 3555 proposui
1520 3485 1783 3541 refutare.

174 3575 231 3636 ιιι
262 3583 447 3629 autem
501 3573 663 3640 facio,
695 3591 764 3631 ne
813 3577 1025 3632 animOs
1073 3592 1416 3647 quorumque
1464 3577 1787 3648 simplicium

170 3664 266 3733 qui
299 3680 405 3720 nos
434 3664 704 3734 ignorant,
738 3666 908 3722 nostri
940 3668 1176 3722 nominis
1209 3667 1583 3735 infamatione,
1617 3684 1649 3724 a
1691 3684 1786 3726 ve-

171 3756 339 3811 ritate
371 3756 713 3825 agnoscenda
735 3773 899 3827 quam
929 3758 1251 3815 insinuaturi
1276 3776 1477 3828 sumus,
1513 3769 1784 3818 avertant.

172 3846 311 3900 Nam
340 3857 398 3903 et
432 3848 537 3904 hoc
564 3849 702 3904 bene
745 3858 1084 3922 compertum
1133 3861 1236 3917 est,
1267 3852 1414 3922 quod
1466 3868 1576 3907 non
1605 3853 1784 3910 solum

172 3937 505 4010 Eutychiani
533 3939 601 3995 de
631 3956 726 3995 sua
759 3943 997 3997 vanitate
1022 3944 1258 4000 convicti
1289 3944 1662 4012 Nestorianos,
1697 3963 1786 4002 ve-

173 4046 294 4084 rum
320 4031 488 4086 etiam
519 4032 622 4102 ipsi
649 4031 956 4088 Nestoriani
985 4051 1122 4105 quos
1160 4052 1270 4091 non
1299 4038 1480 4094 minus
1511 4039 1784 4107 redarguit

173 4120 298 4175 fidei
329 4128 530 4176 nostra:
551 4120 816 4186 defensio,
846 4130 1071 4180 econtra
1096 4141 1194 4181 nos
1215 4125 1282 4181 de
1309 4125 1647 4200 Eutychiana
1673 4129 1794 4184 bar--

172 4213 278 4268 resi
307 4213 682 4270 criminantur.
717 4214 783 4269 Et
833 4216 960 4272 licet
1013 4219 1115 4274 ista
1166 4234 1270 4275 nec
1334 4236 1777 4292 expavescamus,

171 4319 275 4359 nec
329 4305 489 4373 quasi
543 4320 684 4361 nova
732 4307 1026 4374 miremur,
1070 4310 1329 4378 quoniam
1369 4311 1449 4366 sic
1489 4311 1780 4380 aliquando

172 4395 338 4447 etiam
371 4403 556 4464 patres
604 4405 820 4453 nostros
867 4398 1051 4454 Ariani
1091 4400 1241 4455 velut
1281 4400 1642 4469 Sabellianos,
1687 4403 1780 4458 Sa-

1893 3183 2070 3240 minus
2093 3193 2278 3240 noster
2314 3183 2469 3240 Jesus
2513 3183 2760 3239 Christus
2799 3185 2852 3239 in
2885 3184 3094 3240 duabus
3127 3185 3358 3252 naturis,
3390 3185 3494 3240 hoc

1893 3281 1975 3330 est
2002 3274 2056 3331 in
2085 3273 2366 3330 divinitate
2392 3283 2556 3345 atque
2580 3275 2917 3330 humanitate
2941 3275 3211 3346 perfectus
3241 3276 3359 3332 est?

2510 3410 2744 3468 CAPUT
2793 3411 2880 3466 Ill.

1895 3528 2045 3595 Quod
2070 3543 2202 3582 unus
2223 3528 2289 3582 de
2310 3526 2564 3581 Trinitate
2595 3543 2777 3595 passus
2816 3534 2998 3578 contra
3028 3523 3364 3595 Nrstorianos
3401 3543 3492 3594 np-

1961 3601 2065 3653 liur
2089 3600 2311 3662 dicatur,
2341 3613 2493 3665 quam
2515 3614 2617 3650 una
2646 3598 2710 3650 de
2751 3596 2998 3650 Trinitate
3023 3613 3264 3667 persona.
3301 3594 3490 3650 Perso-

1959 3685 2143 3724 narum
2169 3685 2352 3722 nomen
2375 3669 2428 3722 in
2477 3667 2727 3721 Trinitate
2773 3667 2992 3722 Sabellii
3035 3684 3192 3721 causa
3241 3667 3489 3735 usurpari

1960 3749 2181 3811 emptum
2197 3756 2216 3804 ;
2251 3740 2382 3793 etde
2404 3739 2656 3808 baptismo
2685 3739 2745 3792 in
2773 3739 2985 3792 nomine
3015 3738 3224 3793 Domini
3242 3737 3391 3793 Iesu.

1958 3853 2105 3910 Sane
2134 3851 2424 3909 tacendum
2453 3867 2562 3908 non
2606 3851 2843 3907 arbitror
2862 3851 3012 3922 quod
3059 3851 3168 3906 sint
3206 3851 3370 3906 etiam
3403 3865 3492 3905 ca-

1885 3945 2072 4001 tholici
2109 3953 2139 3983 ¹ι
2175 3943 2288 4014 qui,
2322 3944 2464 3999 sicut
2491 3941 2778 4007 credimus,
2825 3942 3131 3998 nescientes
3171 3942 3276 3997 hoc
3302 3950 3431 3996 ante
3460 3943 3482 3972 δ

1885 4044 2184 4092 memorata
2212 4034 2423 4108 synodo
2451 4034 2852 4100 confirmatum,
2883 4032 3158 4103 superflue
3184 4039 3374 4088 contra
3418 4031 3490 4087 de

1883 4129 2050 4184 verbo
2082 4126 2456 4186 contendant:
2499 4125 2627 4195 quia
2678 4125 2893 4180 videtur
2922 4125 3001 4180 eis
3029 4122 3177 4194 quod
3230 4123 3334 4178 dici
3383 4139 3492 4178 non

1882 4221 2080 4278 debeat
2108 4235 2273 4276 unum
2301 4219 2370 4275 de
2399 4219 2663 4274 Trinitate
2702 4234 2802 4289 pro
2827 4217 2984 4274 nobis
3022 4217 3364 4282 crucifixum,
3398 4216 3491 4271 sed

1880 4311 2061 4382 potius
2089 4324 2248 4365 unam
2277 4309 2346 4364 de
2376 4307 2641 4363 Trinitate
2671 4323 2984 4378 personam.
3035 4305 3145 4361 llos
3195 4320 3326 4374 ergo
3376 4312 3491 4357 tan-

1883 4419 2045 4472 quam
2071 4403 2407 4473 propinquos
2443 4401 2595 4471 prius
2640 4400 2797 4455 nobis
2846 4400 3057 4456 sociare
3104 4398 3384 4462 debemus,
3432 4405 3490 4449 ut

171 4483 388 4539 belliani
420 4501 552 4540 vero
575 4488 724 4542 velut
749 4487 981 4545 Arianos
1025 4491 1363 4547 mendaciter
1403 4492 1735 4548 infamabant
1760 4535 1775 4556 ,
1814 4476 1856 4530 υ
1885 4493 1986 4562 ipsi
2031 4507 2250 4562 quoque
2279 4492 2561 4547 nobiscum
2608 4491 2750 4546 hanc
2801 4488 3197 4546 confessionem
3250 4493 3491 4549 teneant,

172 4585 394 4647 oportet
419 4594 519 4633 nos
540 4587 742 4646 tamen,
771 4582 915 4637 sicut
935 4592 1122 4639 monet
1141 4584 1436 4654 Apostolus
1465 4584 1644 4656 (Rom.
1678 4604 1770 4654 xu,

174 4671 286 4740 t7),
318 4671 610 4741 providere
637 4673 802 4739 bona,
848 4688 960 4729 non
999 4683 1208 4730 tantum
1255 4662 1440 4732 coram
1495 4677 1629 4743 Deo,
1681 4678 1776 4735 sed

171 4762 336 4816 etiam
362 4775 552 4817 coram
580 4762 832 4819 omnibus
873 4763 1201 4830 hominibus,
1246 4767 1657 4825 criminationes
1682 4769 1778 4824 de-

170 4853 526 4918 trahentium,
557 4855 856 4925 prarsertim
896 4857 952 4912 in
980 4872 1142 4914 causa
1179 4857 1330 4928 fidei,
1357 4861 1675 4932 prmvenire.
1711 4861 1779 4918 Et

239 5079 268 5108 ·
312 5066 491 5144 Unum
512 5070 584 5144 de
609 5071 874 5129 Trinitate
922 5073 1235 5130 cruciﬁxum
1265 5075 1462 5144 quibus
1509 5076 1612 5132 dici
1667 5093 1774 5133 non

151 5141 442 5212 placebat,
472 5141 527 5217 El
554 5144 788 5217 maxime
816 5147 1156 5217 spectabant,
1192 5162 1260 5200 ne
1279 5141 1612 5203 divinitatem
1644 5164 1776 5217 pas-

169 5211 286 5283 Satn
317 5227 442 5266 cum
472 5211 820 5283 Eutychianis
845 5211 1028 5271 dicere
1059 5216 1385 5272 viderentur.
1428 5218 1529 5272 Alii
1559 5211 1776 5283 contra,

169 5289 228 5335 ut
256 5275 868 5366 Joannes__.\rlaxentius,
919 5286 1146 5366 eosqui
1203 5303 1362 5341 unam
1394 5287 1462 5366 dc
1511 5275 1773 5366 Trinitate

167 5367 461 5422 personam
493 5353 756 5426 dicerent,
801 5357 854 5409 in
893 5353 1252 5425 suspicionem
1301 5359 1588 5426 vocabant,
1619 5360 1769 5426 quasi

167 5430 423 5491 quartam
452 5439 574 5479 cum
604 5424 856 5483 Nestorio
884 5424 1172 5496 personam
1218 5428 1549 5484 induccrcnt.
1576 5424 1768 5486 Cit-te-

240 5614 254 5644 ¹
299 5611 442 5669 le.
473 5609 624 5676 νει,
654 5619 750 5664 est.

237 5686 257 5714 ¹
299 5682 450 5736 Idem
492 5682 632 5743 cod"
665 5683 944 5750 possimus.

237 5755 257 5784 ³
298 5753 450 5808 Idem
481 5752 624 5820 cud.,
653 5753 948 5805 attat/arma.

1883 4586 1938 4640 in
1969 4600 2076 4654 qua
2123 4600 2232 4639 non
2271 4591 2472 4654 potest,
2513 4582 2653 4638 sicut
2684 4581 2957 4652 plerisque
2983 4579 3194 4635 videtur
3219 4579 3260 4643 ⁸,
3297 4577 3490 4632 Nesto-

1885 4675 2158 4730 rianorum
2189 4674 2346 4730 dolus
2387 4673 2688 4729 abscondirz
2722 4687 2790 4729 ne
2817 4687 2938 4728 cum
2966 4671 3199 4726 inaniter
3227 4671 3295 4726 dc
3324 4671 3489 4726 verbo

1889 4753 2252 4835 contend'tmt,
2281 4769 2362 4825 rei
2391 4767 2821 4824 controversiam
2862 4767 3039 4822 minus
3066 4766 3374 4822 examinate
3396 4765 3484 4821 de-

1882 4860 2090 4918 finiant.
2123 4861 2257 4918 Nam
2286 4877 2408 4918 cum
2450 4859 2738 4918 Dominum
2794 4869 3040 4918 nostrum
3093 4859 3279 4918 Jesum
3329 4861 3487 4918 Chri-

1886 5094 2006 5133 rum
2056 5077 2145 5148 pie
2199 5087 2457 5149 recteque
2504 5086 2811 5149 utrumque.
2855 5088 3019 5149 atque
3058 5097 3166 5136 uno
3195 5090 3250 5137 et
3295 5084 3484 5140 eodem

1884 5164 2046 5203 sensu
2073 5149 2204 5214 dici,
2243 5148 2402 5222 docet
2425 5166 2547 5222 cum
2585 5148 2841 5222 Facundo
2869 5148 3114 5222 ejusdem
3143 5155 3241 5206 mvi
3273 5155 3477 5222 gentis-

1882 5235 1988 5291 que
2029 5230 2220 5291 auctor
2251 5220 2554 5291 Ferrandus
2596 5221 2857 5276 diaconus
2911 5220 3373 5291 Carthaginiensis
3427 5225 3481 5278 in

1879 5289 2110 5358 epistola
2140 5290 2206 5343 ad
2236 5289 2542 5345 Anatolium
2572 5291 2858 5347 diaconum
2893 5289 3227 5356 Romanum;
3273 5301 3330 5347 ct
3357 5303 3482 5348 ante

1881 5369 2168 5434 utrumque
2195 5359 2432 5434 Joannes
2480 5360 2520 5414 ll
2553 5378 2688 5434 papa
2735 5365 2787 5416 in
2817 5365 3048 5434 epistola
3087 5362 3154 5418 ad
3192 5363 3478 5429 Avicnmn,

1879 5430 2220 5496 Senatorem,
2245 5431 2514 5487 Liberium
2537 5430 2591 5488 et
2621 5433 2774 5488 alios.

1951 5615 1971 5686 ἒ
2009 5615 2155 5686 idem
2187 5617 2332 5677 cod..
2365 5618 2686 5686 simpliciter.

1956 5685 1978 5716 ⁸
2009 5685 2149 5740 Idem
2180 5686 2323 5748 cml..
2357 5706 2388 5740 (ι
2417 5685 2534 5740 loc"
2561 5698 2698 5740 ante.

1953 5756 1976 5802 9
2009 5754 2066 5810 ln
2099 5758 2286 5814 eodem
2318 5758 2440 5812 cod.
2474 5759 2624 5813 deest
2653 5760 2708 5812 τὸ
2739 5756 2953 5811 videtur.
