4000 6344
464 315 568 369 535

1528 312 1826 369 FACUNDl
1865 312 2076 369 EPISC.
2119 310 2615 365 HERMIANENSIS

3640 301 3745 359 556

462 441 600 483 stum
649 432 732 484 sic
758 431 1078 501 perhibeant
1106 444 1265 483 uuam
1292 443 1411 483 esse
1458 408 1530 484 de
1574 425 1838 481 Trinitate
1860 441 2047 497 perso-
2076 429 2127 488 Α
2156 422 2446 494 Evangelio
2476 423 2698 493 exponit
2721 419 2884 475 verba
2913 417 3123 475 Domini
3149 419 3375 475 dicentis
3401 438 3413 475 :
3440 419 3500 474 Si
3521 421 3633 492 quis
3669 422 3747 474 si-

462 538 609 589 nam,
657 528 717 576 ut
758 529 811 576 et
838 522 929 577 Dei
977 520 1377 577 subsistentiam
1406 534 1569 574 unam
1598 533 1719 575 esse
1745 534 1853 573 non
1881 517 2050 573 dene-

461 623 604 681 gent,
638 629 758 686 qum
784 622 1096 669 naturarum
1116 612 1462 680 adunatione,
1485 610 1539 666 id
1568 618 1649 666 est
1668 609 1966 666 divinitatis
1995 617 2052 665 et

461 706 826 769 humanitatis,
873 706 1103 772 existat;
1154 704 1403 772 eumdem
1436 718 1556 759 esse
1598 702 1840 757 dicentes
1882 700 2050 756 Deum

460 814 618 869 quem
648 797 938 863 hominem,
972 812 1072 852 nec
1113 797 1269 852 aliter
1310 768 1508 863 Deum,
1551 796 2046 860 aliter'hominem,

459 888 551 943 sed
580 897 635 945 et
678 889 781 944 hoc
824 898 878 943 et
904 888 1034 943 illud
1074 889 1338 953 similiter,
1398 889 1450 943 id
1504 897 1588 943 est
1615 888 1954 955 naturaliter,
1985 889 2052 942 de

460 981 622 1036 verbo
643 980 971 1036 contendere
996 982 1125 1035 mihi
1154 980 1421 1035 videntur.
1454 979 1731 1049 Siquidem
1755 980 1861 1035 hoc
1887 979 2051 1035 etiam

458 1087 556 1127 suo
581 1086 831 1127 sermone
860 1071 1252 1128 demonstrant.
1282 1071 1339 1125 Si
1380 1071 1522 1127 enim
1561 1071 1823 1137 dicamus,
1856 1070 2049 1139 inquit,

460 1177 623 1216 unum
655 1161 724 1217 de
762 1160 1025 1216 Trinitate
1056 1177 1155 1232 pro
1196 1161 1351 1216 nobis
1379 1161 1712 1229 cruciﬁxum,
1744 1162 1787 1217 si
1818 1162 1936 1233 quis
1965 1162 2050 1215 in-

459 1263 697 1323 terroget
723 1254 849 1323 quid
894 1270 1057 1308 unum
1087 1253 1349 1322 dicamus,
1373 1269 1479 1309 non
1504 1269 1791 1324 possumus
1821 1267 2050 1323 respon-

459 1348 585 1402 dere
614 1347 780 1401 Deum
812 1355 903 1401 aut
932 1346 1125 1401 Filium
1146 1385 1162 1412 ,
1205 1346 1331 1415 quia
1360 1361 1465 1401 non
1509 1356 1617 1401 tres
1639 1353 1765 1399 sunt
1792 1345 1844 1399 in
1868 1344 2050 1400 Trini-

460 1447 570 1493 tate
600 1438 671 1492 dii
714 1438 797 1493 vel
840 1436 953 1504 ﬁlii,
982 1453 1050 1493 ex
1076 1437 1269 1508 quibus
1296 1453 1435 1493 unus
1470 1434 1757 1493 crucifixus
1786 1435 2000 1491 dicatur
2034 1452 2047 1488 :

459 1539 513 1585 et
536 1531 655 1585 ideo
684 1539 831 1586 recte
860 1530 1085 1586 dicimus
1126 1546 1288 1586 unam
1318 1529 1386 1586 de
1432 1530 1695 1585 Trinitate
1738 1528 2050 1585 cruciﬁxam

458 1636 572 1677 esse
602 1637 912 1692 personam,
961 1621 1215 1691 quoniam
1246 1628 1358 1676 tres
1387 1628 1512 1676 sunt
1542 1621 1595 1675 in
1624 1619 1886 1675 Trinitate
1916 1634 2044 1689 per-

458 1730 622 1781 sonze,
655 1729 722 1768 ex
753 1699 945 1785 quibus
984 1730 1089 1768 una
1114 1712 1369 1769 cruciﬁxa
1414 1713 1640 1769 dicatur.
1676 1714 1745 1767 At
1790 1714 1903 1769 iure
1942 1728 2048 1767 non

2154 517 2231 581 tit,
2270 515 2440 570 ueniat
2459 514 2530 567 ad
2551 530 2652 577 me,
2680 522 2729 567 et
2756 512 2915 566 bibat.
2943 509 3041 575 Qui
3065 512 3224 565 credit
3253 512 3305 565 in
3331 528 3429 576 nte,
3462 513 3593 565 sicut
3617 512 3745 565 dicit

2157 607 2456 678 Scriptura,
2487 606 2706 675 ﬂumina
2736 606 2799 658 de
2839 613 3014 658 ventre
3064 604 3177 673 ejus
3217 603 3377 674 ﬂuent
3407 619 3556 673 aqua:
3598 604 3741 656 virm.

2155 699 2256 755 Ubi
2306 700 2624 755 subsecutus
2668 697 2865 767 adjecit
2893 715 2905 750 :
2936 696 3053 751 Hoc
3080 706 3250 750 autem
3289 697 3489 751 dicebat
3537 698 3601 750 de
3628 697 3747 763 Spi-

2152 794 2275 859 ritu,
2308 809 2457 863 quem
2485 790 2742 861 accepturi
2771 798 2920 843 erant
2953 789 3216 843 credentes
3244 790 3298 842 in
3327 805 3461 842 eum.
3494 787 3747 843 Nondum

2153 886 2290 939 enim
2325 893 2437 937 erat
2468 883 2694 952 Spiritus
2722 881 2895 947 datus,
2943 898 3064 951 quia
3106 879 3259 934 Jesus
3306 880 3535 935 nondum
3576 882 3749 951 fuerat

2154 976 2478 1049 gloriﬁcatus
2505 973 2684 1046 (Joan.
2722 989 2813 1038 vn,
2846 972 2962 1043 57).
2994 972 3051 1027 lu
3099 973 3360 1041 sanguine
3382 989 3514 1028 vero
3548 972 3746 1027 Filium

2155 1067 2485 1139 signiﬁcans,
2528 1066 2783 1137 quoniam
2813 1066 2929 1135 ipse
2966 1079 3035 1120 ex
3081 1073 3271 1119 sancta
3296 1063 3559 1119 Trinitate
3604 1078 3748 1118 eom-

2154 1161 2453 1217 municavit
2495 1160 2645 1215 carni
2673 1168 2729 1214 et
2755 1158 3021 1226 sanguini.
3064 1156 3182 1212 Non
3231 1170 3361 1225 ergo
3398 1157 3475 1211 ait
3510 1155 3748 1213 Joannes

2154 1253 2431 1323 apostolus
2460 1252 2686 1322 loquens
2714 1250 2784 1306 de
2825 1250 2985 1306 Patre
3021 1259 3077 1305 et
3117 1250 3253 1305 Filio
3300 1260 3356 1305 et
3384 1249 3587 1321 Spiritu
3613 1267 3741 1307 sau-

2154 1354 2265 1414 cto,
2288 1354 2399 1402 tres
2424 1353 2550 1401 sunt
2572 1359 2819 1417 persona
2834 1359 2953 1414 qua:
2981 1342 3333 1399 testiﬁcantur
3360 1344 3413 1398 in
3443 1350 3613 1409 terra,
3640 1344 3751 1404 spi-

2154 1439 2309 1505 ritus,
2343 1453 2482 1508 aqua
2512 1445 2569 1493 et
2612 1438 2852 1507 sanguis,
2892 1447 2948 1493 et
2977 1438 3031 1493 hi
3064 1445 3174 1493 tres
3200 1454 3367 1493 unum
3395 1447 3523 1492 sunt
3545 1441 3587 1492 '.
3613 1438 3753 1505 Quid

2155 1546 2284 1601 ergo
2313 1545 2412 1601 pro
2439 1529 2647 1586 Joanne
2700 1530 3031 1602 respondent
3072 1531 3358 1600 apostolo?
3408 1530 3509 1597 Qui
3540 1539 3670 1585 sunt
3698 1530 3753 1585 hi

2156 1635 2290 1694 tres,
2319 1625 2411 1695 qui
2441 1625 2494 1679 in
2524 1633 2669 1680 terra
2701 1623 2992 1689 testiﬁcari,
3024 1632 3080 1679 et
3106 1622 3196 1692 qui
3227 1638 3391 1677 unum
3411 1637 3532 1677 esse
3559 1621 3754 1677 dicun-

2158 1718 2281 1773 tur?
2317 1733 2443 1772 num
2473 1717 2583 1772 dii?
2616 1731 2743 1771 num
2792 1716 3008 1786 patres?
3065 1730 3193 1769 num
3243 1714 3355 1781 ﬁlii,
3402 1722 3495 1768 aut
3527 1714 3754 1783 spiritus

458 1807 722 1874 generalis
752 1815 837 1862 est
880 1807 1129 1875 loquendi
1159 1808 1365 1875 regula,
1412 1806 1508 1861 sed
1554 1806 1797 1875 quaedam
1837 1808 2048 1876 privata
2081 1810 2125 1867 Β
2155 1810 2365 1863 sancti?
2396 1807 2511 1863 Non
2553 1808 2758 1876 utique,
2791 1806 2889 1861 sed
2917 1807 2971 1861 hi
3006 1814 3135 1871 tres,
3162 1805 3340 1869 Pater,
3373 1814 3429 1860 et
3472 1804 3662 1869 Filius,
3697 1814 3753 1859 et

459 1898 563 1963 lex,
589 1912 748 1967 quam
794 1899 895 1953 sibi
944 1914 1057 1975 sua
1096 1900 1446 1955 contentione
1500 1897 1764 1954 fecerunt.
1808 1899 1941 1953 Nam
1995 1899 2049 1953 in

458 1998 665 2043 tantum
692 2005 911 2045 necesse
940 2006 1048 2043 non
1079 1998 1162 2044 est
1203 1998 1311 2044 tres
1340 1989 1563 2059 intelligi
1604 1989 1737 2044 deos
1766 1998 1860 2043 aut
1889 1988 2046 2054 ﬁlios,

456 2081 500 2135 si
532 2098 669 2137 unus
693 2082 758 2137 de
783 2082 1047 2139 Trinitate
1085 2080 1375 2139 cruciﬁxus
1399 2082 1640 2149 dicatur;
1674 2091 1733 2137 nt
1761 2083 1834 2137 ita
1864 2081 1916 2135 in
1946 2081 2051 2135 Ge-

455 2171 569 2225 nesi
617 2172 947 2227 scriberetur
994 2193 1007 2227 :
1066 2174 1410 2245 Ecce'factus
1459 2184 1537 2228 est
1582 2174 1751 2227 Adam
1797 2190 1929 2227 unus
1984 2188 2050 2226 ea:

455 2262 599 2315 nobis
627 2260 783 2330 (Gen.
819 2280 874 2318 ιιι
894 2308 908 2332 ,
937 2264 1050 2335 22).
1097 2264 1251 2331 Quod
1279 2265 1465 2333 utique
1497 2280 1605 2319 non
1634 2280 1701 2319 ex
1730 2264 1897 2319 solius
1927 2277 2051 2333 per-

454 2369 585 2407 sona
611 2354 804 2418 Patris,
832 2371 1007 2426 neque
1038 2372 1105 2411 ex
1126 2356 1293 2412 solius
1315 2355 1457 2419 Filii,
1484 2356 1567 2410 vel
1595 2354 1827 2426 Spiiitus
1851 2354 2049 2420 sancti,

454 2447 652 2501 dictum
686 2448 978 2518 accipitur;
1009 2448 1101 2502 sed
1134 2456 1246 2503 tota
1295 2449 1410 2517 ipsa
1452 2447 1704 2512 Trinitas,
1739 2447 1792 2501 id
1835 2454 1919 2501 est
1949 2444 2051 2500 Pa-

455 2546 554 2603 ter,
587 2546 642 2591 et
670 2538 857 2604 Filius,
892 2549 945 2593 et
975 2539 1207 2609 Spiritus
1250 2547 1489 2605 sanctus,
1520 2540 1628 2594 illic
1659 2539 1934 2594 inducitur
1969 2538 2049 2593 lo-

455 2629 579 2697 qui;
612 2627 736 2682 ideo
775 2628 1053 2697 pluraliter
1077 2646 1141 2683 ex
1181 2629 1329 2683 nobis
1357 2631 1559 2684 dictum
1607 2637 1708 2684 est.
1743 2628 1851 2683 Cur
1890 2629 2051 2697 igitur

454 2736 559 2775 non
593 2720 661 2774 ibi
689 2720 966 2791 Scriptura
1000 2722 1149 2786 dicit,
1197 2721 1334 2777 Ecce
1379 2720 1555 2776 factus
1603 2731 1686 2776 est
1735 2722 1903 2776 Adam
1946 2736 2049 2775 una

455 2826 683 2885 persona
752 2827 819 2867 ex
887 2813 1083 2867 nostris
1141 2812 1406 2882 personis,
1493 2811 1587 2867 sed
1631 2812 1851 2882 potius,
1913 2812 2051 2867 Ecce

456 2911 622 2977 factus
670 2914 746 2959 est
801 2904 971 2958 Adam
1028 2922 1159 2960 unus
1216 2922 1281 2959 ex
1342 2906 1527 2961 nobis?
1590 2906 1845 2975 Nunquid
1911 2923 2049 2964 unus

457 3001 597 3055 Deus
626 3015 695 3055 ex
742 3000 917 3062 nobis,
974 3000 1129 3069 quasi
1183 3013 1249 3053 ex
1299 3000 1514 3053 tribus?
1560 3008 1654 3054 aut
1704 3016 1843 3056 unus
1890 3000 2050 3055 Pater

456 3109 518 3146 cx
551 3093 742 3162 nobis,
783 3092 934 3162 quasi
1002 3106 1069 3146 ex
1135 3091 1307 3148 tribus
1364 3092 1704 3163 patribus“?
1760 3104 1853 3149 aut
1912 3110 2049 3149 unus

457 3186 666 3256 lt‘ilius,
727 3188 811 3240 vel
876 3186 1107 3256 Spiritus
1179 3194 1401 3241 sanctus
1476 3202 1543 3242 ex
1624 3187 1823 3252 nobis,
1891 3188 2121 3282 quasic

455 3296 522 3336 ex
602 3280 772 3336 tribus
824 3280 993 3344 ﬁliis,
1062 3279 1145 3333 vel
1221 3279 1497 3349 spiritibus
1585 3280 1842 3335 sanctis?
1916 3280 2048 3348 Quis

456 3377 557 3431 hoc
612 3375 699 3429 vel
764 3374 982 3428 insanus
1046 3372 1181 3428 dixit
1213 3374 1269 3427 ‘?
1334 3372 1520 3427 Nullus
1578 3381 1759 3428 autem
1808 3374 1873 3428 de
1924 3374 2047 3429 Tri~

456 3468 624 3522 nitate
661 3466 851 3521 melius
881 3464 1029 3535 loqui
1057 3473 1256 3536 potest,
1287 3480 1447 3535 quam
1482 3466 1595 3536 ipsa
1650 3466 1719 3521 de
1768 3483 1828 3522 se
1869 3468 2046 3523 locuta

456 3568 537 3613 cst
566 3556 819 3613 Trinitas.
850 3558 964 3611 Non
996 3572 1125 3626 ergo
1154 3558 1396 3628 sequitur
1425 3564 1501 3624 ut,
1532 3573 1654 3613 cum
1691 3557 1884 3614 dicitur
1913 3575 2050 3613 unus

457 3649 526 3704 de
554 3647 816 3703 Trinitate
846 3648 1102 3703 Dominus
1129 3646 1283 3704 Jesus
1313 3648 1574 3715 Christus,
1602 3665 1738 3704 unus
1765 3648 1926 3710 Deus.
1956 3658 2050 3706 aut

459 3754 593 3796 unus
623 3738 787 3793 Filius
817 3739 1167 3793 subaudiatur
1195 3755 1262 3794 ex
1294 3738 1463 3794 tribus
1484 3740 1585 3795 diis
1614 3749 1707 3795 aut
1735 3739 1875 3796 ﬁliis.
1918 3742 2050 3797 Tres

457 3842 636 3887 tamen
666 3842 810 3899 sunt,
846 3830 1022 3899 Pater,
1054 3842 1109 3888 et
1144 3832 1328 3900 Filius,
1363 3844 1417 3888 et
1448 3834 1680 3905 Spiritus
1708 3845 1948 3903 sanctus,
1980 3853 2049 3893 ex

457 3924 650 3993 quibus
701 3939 840 3979 unus
888 3932 1035 3979 recte
1065 3923 1260 3979 dicitur
1288 3924 1548 3979 Dominus
1590 3925 1745 3981 Jesus
1785 3926 2044 3981 Christus.

456 4015 587 4069 Nam
618 4024 674 4070 et
698 4013 935 4069 Joannes
964 4014 1242 4083 apostolus
1290 4012 1345 4067 in
1374 4012 1611 4082 Epistola
1658 4032 1755 4070 sua
1782 4016 1849 4070 de
1891 4015 2051 4072 Patre

458 4116 511 4161 et
537 4106 673 4161 Filio
702 4116 755 4161 et
784 4106 986 4175 Spiritu
1030 4115 1220 4161 sancto
1252 4106 1329 4160 sic
1355 4106 1485 4160 dicit
1510 4124 1521 4157 :
1550 4104 1674 4160 Tres
1711 4115 1831 4159 sunt
1861 4108 1947 4176 qui
1976 4116 2051 4161 te-

458 4198 755 4252 stimonium
777 4198 905 4250 dant
935 4199 988 4251 in
1020 4205 1177 4261 terra,
1220 4198 1451 4266 spiritus,
1482 4215 1638 4269 aqua,
1662 4207 1709 4251 et
1738 4200 1973 4269 sanguis,
2003 4208 2052 4253 et

459 4292 512 4343 lii
547 4298 649 4343 tres
684 4305 843 4342 unum
887 4298 1007 4343 sunt
1035 4287 1087 4360 (Ι
1108 4288 1267 4343 Ιοαη.
1296 4305 1348 4354 v,
1382 4288 1436 4358 8)
1465 4306 1476 4341 :
1504 4289 1555 4342 in
1610 4289 1800 4359 spiritu
1849 4289 2052 4357 signiti-

460 4398 588 4438 caus
615 4381 850 4451 Patrem,
880 4383 1024 4437 sicut
1051 4382 1309 4438 Dominus
1341 4381 1550 4437 mulieri
1590 4382 1944 4437 Samaritana:
1966 4398 2052 4437 se-

458 4473 691 4529 cundum
716 4474 881 4543 ipsius
908 4473 1130 4531 Joannis
1159 4472 1504 4543 Evangelium
1536 4475 1793 4545 loquitur,
1819 4475 2002 4529 dicens
2033 4492 2046 4539 ;

459 4566 620 4623 Crede
648 4568 795 4636 milii,
838 4569 958 4639 quia
988 4569 1151 4622 veniet
1180 4569 1305 4621 liora
1334 4568 1539 4639 quando
1583 4584 1742 4636 neque
1780 4569 1833 4622 in
1877 4577 2052 4622 monte
2087 4606 2131 4663 υ

457 4663 575 4728 hoc,
616 4677 777 4729 neque
818 4662 873 4714 in
909 4659 1286 4731 Hierosolymis
1332 4660 1617 4715 adorabitis
1661 4660 1887 4715 Patrem.
1946 4660 2047 4715 Vos

457 4752 692 4807 adoratis
736 4752 872 4823 quod
919 4753 1146 4817 nescitis,
1181 4768 1274 4806 nos
1319 4752 1603 4806 adoramus
1643 4752 1779 4823 quod
1818 4753 2049 4806 scimus:

457 4844 578 4903 quia
598 4842 741 4897 satus
764 4859 829 4896 ex
855 4842 1057 4898 Judan's
1100 4855 1193 4898 cst.
1228 4843 1335 4899 Sed
1360 4846 1495 4898 venit
1524 4845 1673 4908 liora,
1714 4855 1763 4899 et
1790 4826 1926 4899 nunc
1953 4855 2052 4913 est,

458 4934 665 4998 quando
692 4936 796 4989 veri
818 4936 1120 4989 adoratores
1150 4935 1443 4990 adorabunt
1473 4933 1684 4990 Patrem
1720 4938 1773 4990 in
1800 4938 1982 5006 spiritu
2004 4946 2053 4990 et

459 5026 672 5079 reritate
691 5042 709 5079 :
740 5042 859 5079 nam
891 5037 939 5079 et
970 5027 1129 5081 Pater
1171 5030 1301 5082 tates
1327 5032 1506 5101 quierit
1540 5031 1624 5100 qui
1668 5029 1887 5083 adorent
1915 5044 2048 5080 eum.

461 5116 689 5185 Spiritus
718 5127 794 5171 est
824 5118 986 5185 Deus,
1018 5130 1065 5174 et
1094 5137 1179 5175 eos
1222 5125 1308 5193 qui
1346 5122 1570 5177 adorant
1600 5139 1735 5183 eum,
1774 5122 1826 5175 in
1868 5121 2052 5191 spiritu

459 5216 508 5261 et
525 5208 737 5262 veritate
762 5220 963 5279 Oportet
983 5212 1206 5266 adorare
1225 5210 1404 5282 (Joan.
1432 5229 1502 5279 iv,
1533 5211 1590 5263 2|
1606 5214 1643 5282 ).
1679 5212 1735 5266 In
1760 5227 1897 5282 aqua
1921 5226 2053 5266 vero

459 5302 717 5373 Spiritum
768 5312 1011 5359 sanctum
1058 5304 1389 5374 signiﬁcans,
1436 5306 1573 5361 sicut
1632 5307 1682 5359 in
1721 5304 1913 5360 eodem
1959 5318 2057 5358 suo

533 5521 561 5551 °
596 5512 778 5579 Forte,
810 5532 873 5568 ca:
908 5516 1067 5569 tribus
1097 5516 1217 5570 diis.

536 5678 548 5704 ¹
591 5675 725 5729 Cod.
762 5675 986 5741 Veron.,
1017 5674 1233 5727 dixerit.

537 5748 554 5773 ²
581 5744 722 5797 Idem
755 5748 899 5803 cod.,
957 5738 1004 5797 et
1054 5746 1135 5797 Ita:
1191 5753 1293 5796 tres
1325 5759 1481 5795 unum
1511 5748 1664 5801 sunt;
1697 5738 1787 5793 sed
1825 5739 1926 5791 hoc
1957 5752 2054 5805 p0-

466 5818 591 5873 tins,
642 5824 749 5867 tres
798 5827 919 5867 sunt
964 5816 1097 5885 (qui)
1140 5816 1482 5883 testiﬁcantur
1523 5814 1573 5863 in
1614 5822 1780 5885 terra,
1823 5812 2055 5877 spiritus,

469 5900 602 5951 aqua
633 5894 677 5936 tt
704 5889 931 5972 sangqis,
977 5882 1023 5939 ct
1054 5882 1107 5939 lii
1138 5898 1237 5939 (res
1262 5882 1422 5939 unum
1454 5896 1588 5938 sunt.
1620 5882 1756 5947 Quid
1780 5900 1918 5953 ergo,
1946 5891 2045 5935 etc.

2154 1897 2388 1968 Spiritus
2411 1905 2631 1953 sanctus
2652 1906 2800 1964 sunt,
2824 1896 3110 1952 tamenetsi
3139 1912 3246 1951 non
3277 1896 3548 1950 invenitur
3586 1911 3754 1949 unum

2156 2004 2375 2054 nomen,
2428 1987 2575 2057 quod
2628 1988 2696 2043 de
2749 1987 2997 2045 omnibus
3045 1987 3405 2043 communiter
3450 1986 3753 2042 masculino

2154 2096 2351 2152 genere
2380 2080 2722 2151 prmdicetur.
2753 2080 2894 2135 sicut
2935 2079 3294 2135 communiter
3326 2079 3393 2133 de
3432 2078 3534 2133 illis
3564 2093 3754 2147 perso-

2156 2188 2238 2227 na:
2266 2172 2626 2240 praedicantur
2648 2185 2845 2241 genere
2882 2169 3161 2228 feminino.
3196 2172 3302 2225 Aut
3326 2172 3369 2225 si
3396 2170 3625 2226 forsitan
3647 2171 3752 2240 ipsi

2154 2265 2246 2335 qui
2272 2265 2339 2321 de
2359 2265 2526 2319 verba
2552 2263 2909 2332 contendunt,
2941 2264 2994 2318 in
3018 2278 3083 2318 eo
3108 2263 3252 2332 quod
3272 2263 3406 2317 dixit
3430 2282 3443 2316 :
3472 2262 3602 2317 Tres
3630 2270 3754 2317 sunt

2154 2359 2241 2428 qui
2271 2358 2614 2427 testiﬁcantur
2638 2359 2694 2411 in
2718 2364 2876 2421 terra,
2908 2357 3140 2425 spiritus,
3173 2372 3313 2426 aqua
3355 2365 3403 2410 et
3432 2357 3676 2425 sanguis,
3706 2366 3755 2409 et

2154 2450 2207 2504 hi
2234 2457 2337 2505 tres
2372 2465 2531 2504 unum
2578 2456 2718 2513 sunt,
2764 2446 3081 2502 Trinitatem
3117 2462 3238 2515 qua:
3284 2462 3419 2500 unus
3456 2446 3602 2500 Deus
3648 2453 3751 2511 est,

2155 2542 2348 2596 nolunt
2401 2540 2645 2609 intelligi,
2699 2539 2996 2595 secundum
3035 2540 3150 2608 ipsa
3197 2539 3362 2592 verba
3402 2554 3521 2605 qua:
3571 2538 3757 2607 posuit

2154 2649 2255 2704 pre
2291 2634 2539 2704 apostolo
2570 2633 2779 2689 Joanne
2816 2632 3200 2702 respondeant.
3232 2630 3479 2700 Nunquid
3528 2631 3585 2684 lii
3617 2638 3755 2697 tres,

2153 2724 2246 2795 qui
2285 2725 2339 2778 in
2390 2734 2531 2778 terra
2558 2721 2837 2778 testiﬁcari
2880 2730 2936 2777 et
2963 2721 3056 2792 qui
3096 2737 3261 2775 unum
3305 2734 3424 2776 esse
3470 2718 3752 2782 dicuntur,

2153 2824 2383 2886 possunt
2412 2816 2652 2885 spiritus,
2682 2825 2777 2870 aut
2799 2830 2972 2884 aqua},
2995 2821 3088 2868 aut
3115 2813 3401 2882 sanguines
3428 2812 3569 2867 dici?
3599 2811 3758 2879 Quod

2154 2918 2331 2964 tamen
2354 2908 2578 2964 Joannis
2600 2908 2831 2979 apostoli
2851 2907 3216 2963 testimonium
3240 2906 3429 2960 beatus
3450 2902 3758 2974 Cyprianus

2150 3000 2607 3069 Carthaginiensis
2649 3000 2875 3056 antistes
2921 3008 2976 3054 et
3019 2993 3222 3069 martyr
3263 2998 3317 3051 in
3361 2995 3591 3069 epistola
3640 2997 3759 3050 sive

2151 3094 2292 3150 libro
2320 3110 2481 3166 quem
2518 3094 2587 3149 de
2632 3092 2897 3147 Trinitate
2918 3092 2938 3123 ³
2961 3092 3197 3161 scripsit,
3228 3089 3295 3144 de
3326 3092 3485 3144 Patre
3528 3098 3585 3144 et
3616 3088 3758 3144 Filio

2152 3197 2207 3244 et
2227 3187 2429 3259 Spiritu
2465 3194 2654 3242 sancto
2676 3185 2877 3243 dictum
2902 3183 3170 3253 intelligit.
3193 3182 3282 3236 Ait
3304 3182 3446 3237 enim
3470 3182 3622 3251 (tam.
3645 3180 3713 3250 lli
3738 3198 3754 3236 :

2160 3302 2178 3334 ι
2217 3282 2355 3337 Dicit
2384 3280 2662 3345 Dominus,
2699 3279 2814 3352 Ego
2838 3288 2889 3332 et
2918 3278 3077 3333 Pater
3104 3294 3261 3331 unum
3287 3294 3465 3331 sumus
3487 3275 3677 3347 (Joan.
3699 3293 3753 3342 x,

2151 3372 2279 3443 50);
2329 3379 2385 3427 et
2414 3374 2608 3427 iterum
2639 3371 2708 3426 de
2737 3370 2900 3425 Patre
2942 3378 2997 3424 et
3028 3369 3165 3423 Filio
3212 3378 3268 3423 et
3306 3367 3511 3437 Spiritu
3559 3376 3753 3421 sancto

2151 3466 2407 3535 scriptum
2451 3472 2554 3530 est,
2602 3472 2651 3517 et
2680 3464 2730 3517 lii
2763 3472 2865 3516 tres
2894 3478 3054 3515 unum
3102 3470 3220 3515 sunt
3246 3458 3297 3531 (I
3324 3458 3485 3513 Joau.
3525 3474 3585 3525 ν,
3617 3458 3700 3525 Ἰ).
3732 3476 3753 3508 ι

2152 3557 2386 3614 Proinde
2426 3557 2773 3613 considerare
2802 3556 3000 3609 debent
3028 3554 3117 3624 qui
3148 3554 3435 3608 verborum
3483 3552 3756 3620 captioni-

2152 3650 2253 3704 bus
2281 3662 2614 3720 supervacue
2640 3646 2878 3713 student,
2922 3647 3046 3715 quia
3097 3660 3204 3697 nou
3247 3643 3404 3697 simul
3443 3652 3500 3696 et
3528 3641 3758 3711 conjuno

2153 3751 2241 3797 cte
2267 3741 2495 3796 dicimus
2524 3755 2688 3793 unum
2716 3739 2909 3792 Filium
2940 3752 3006 3791 ex
3039 3735 3304 3790 Trinitate
3330 3732 3676 3793 cruciﬁxum,
3705 3740 3757 3786 ut

2155 3839 2265 3887 tres
2290 3840 2383 3885 aut
2405 3831 2539 3886 duos
2570 3829 2707 3884 ﬁlios
2738 3827 2993 3883 inducere
3021 3826 3329 3889 videamur;
3361 3824 3455 3879 sed
3484 3824 3643 3893 prius
3671 3824 3757 3877 di-

2152 3932 2355 3988 centes,
2396 3922 2541 3994 quod
2573 3937 2764 3991 magna
2809 3920 3045 3991 synodus
3085 3917 3442 3985 conlirmavit,
3476 3932 3650 3970 unum
3690 3931 3761 3969 ex

2154 4013 2414 4069 Trinitate
2460 4014 2814 4073 incarnatum,
2858 4010 2943 4064 vel
2989 4024 3227 4080 passum,
3265 4007 3355 4062 vel
3408 4004 3756 4072 cruciﬁxum,

2155 4117 2275 4157 cum
2320 4102 2635 4168 interrogati
2664 4100 2941 4166 fuerimus,
2992 4115 3151 4169 quem
3196 4114 3359 4151 unum
3387 4095 3453 4149 de
3485 4094 3761 4149 Trinitate

2152 4193 2417 4257 dicamus,
2467 4201 2617 4246 recte
2663 4199 2855 4261 postea
2911 4188 3319 4258 respondemus,
3372 4185 3589 4239 Filium.
3638 4184 3761 4239 Non

2154 4296 2336 4341 autem
2372 4294 2520 4341 recte
2556 4285 2717 4341 simul
2756 4284 3026 4339 diceretur
3049 4281 3068 4313 ³
3100 4297 3237 4335 unus
3282 4279 3422 4334 ﬁﬁus
3465 4293 3540 4334 ex
3578 4276 3764 4333 Trini~

2156 4390 2267 4436 tate
2295 4382 2625 4445 incarnatus,
2651 4388 2745 4433 aut
2774 4393 2981 4449 passus,
3015 4384 3109 4431 aut
3134 4374 3445 4432 cruciﬁxus.
3486 4371 3603 4427 Sed
3649 4388 3759 4426 non

2155 4486 2238 4531 est
2274 4489 2613 4544 consequens
2664 4480 2724 4528 ut
2761 4486 2882 4541 qua:
2929 4468 3089 4525 simul
3127 4484 3235 4523 non
3286 4475 3435 4521 recte
3473 4465 3757 4525 dicuntur,

2156 4568 2319 4623 etiam
2342 4565 2649 4634 singillatim
2679 4580 2787 4619 non
2816 4571 2965 4618 recte
2995 4560 3263 4616 dicantur.
3294 4556 3371 4612 Ac
3413 4572 3482 4610 ne
3511 4556 3621 4610 hoc
3651 4555 3762 4609 dis-

2156 4659 2409 4715 simulent
2438 4657 2755 4725 intelligere,
2787 4663 2882 4710 aut
2908 4654 3136 4711 fortasse
3163 4667 3273 4706 non
3302 4649 3533 4720 possint,
3559 4648 3764 4701 verbo-

2156 4766 2275 4805 rum
2331 4764 2552 4803 suorum
2606 4748 2691 4802 vel
2756 4748 3152 4802 convincuntur
3204 4741 3293 4797 vel
3354 4738 3763 4794 admoneantur

2158 4845 2426 4912 exemplo.
2478 4840 2609 4895 Nam
2650 4848 2706 4895 et
2749 4840 2874 4909 ipsi,
2918 4832 3042 4893 cum
3084 4841 3233 4891 recte
3275 4832 3458 4887 dicant
3493 4845 3661 4885 unam
3688 4842 3761 4882 ex

2158 4934 2419 4989 Trinitate
2448 4947 2735 5003 personam
2772 4926 3104 4991 cruciﬁxum,
3158 4922 3455 4980 secundum
3484 4919 3635 4991 quod
3666 4918 3760 4973 ille

2156 5027 2320 5080 etiam
2341 5025 2424 5078 vir
2452 5025 2643 5078 beatus
2672 5030 2725 5077 et
2754 5020 3015 5075 doctrinae
3043 5015 3373 5072 admirabilis
3400 5010 3757 5081 Augustinus,

2156 5120 2209 5173 in
2240 5134 2402 5188 Opere
2431 5118 2575 5187 quod
2611 5116 2828 5186 scripsit
2855 5113 2925 5170 de
2961 5110 3442 5168 Prtedestinatione
3487 5114 3541 5161 et
3570 5119 3760 5176 perse-

2161 5212 2400 5265 verantia
2431 5216 2764 5273 sanctorum,
2796 5207 2959 5263 docet
2979 5206 3001 5237 ⁸
3027 5223 3040 5258 :
3074 5223 3091 5256 ι
3122 5202 3323 5258 Fidelis
3350 5199 3444 5270 qui
3472 5199 3528 5253 in
3562 5211 3637 5251 eo
3667 5212 3761 5251 ve-

2166 5317 2280 5355 ram
2322 5310 2569 5357 naturam
2615 5302 2785 5357 credit
2827 5310 2883 5355 et
2916 5296 3205 5353 conﬁtetur
3229 5294 3543 5353 humanam,
3574 5288 3628 5343 id
3675 5296 3761 5342 est

2240 5667 2258 5697 ³
2285 5668 2427 5721 Idem
2470 5666 2619 5732 cod.,
2653 5666 2716 5719 de
2749 5664 2977 5719 Unitate.
3012 5663 3155 5717 Sane
3202 5661 3421 5732 iuglibro
3448 5660 3514 5732 de
3543 5656 3762 5715 Unitatc

2166 5736 2412 5791 It'crlcsia?
2438 5730 2870 5801 verha'li-guntur
2904 5750 3023 5803 quzc
3053 5732 3219 5787 refert
3246 5730 3554 5789 Facundus.

2241 5811 2259 5839 ⁵
2285 5810 2424 5861 ldum
2457 5808 2599 5872 cotl.,
2634 5809 2838 5859 dicitur.

2239 5883 2255 5910 ⁵
2277 5880 2419 5934 lJtm
2458 5881 2600 5941 cod.,
2649 5880 2787 5931 ιίὲιὶι.
