4000 6344
223 265 320 322 557

1143 276 1278 333 PRO
1302 277 1722 336 DEFENSIONE
1759 277 1980 336 TRIUM
2019 278 2337 337 CAPITUL.
2380 279 2506 336 LIB.
2533 277 2574 335 l.

3406 271 3512 329 558

223 393 484 452 nostram,
501 385 745 456 quamvis
763 385 1110 457 singulariter
1128 392 1457 462 suscipiente
1481 392 1592 448 Deo
1610 391 1810 461 Verbo,
1843 396 1894 456 Α
1919 391 2080 448 debet
2119 401 2178 448 ut
2207 409 2345 448 unus
2387 407 2454 448 ex
2485 390 2767 455 Trinitate,
2800 389 2882 445 vel
2925 387 2994 446 de
3026 386 3312 455 Trinitate,
3341 386 3517 442 cruci-

223 477 275 532 iu
306 477 524 535 unicum
556 477 652 533 Dei
681 478 874 535 Filium
903 479 1249 537 sublimatam
1275 501 1288 538 :
1318 486 1392 539 ita
1425 492 1486 540 ut
1508 486 1598 554 qui
1626 500 1813 541 susce-

222 575 320 640 pit,
360 579 417 626 et
444 570 589 640 quod
627 572 888 643 suscepit.
943 590 1050 629 una
1093 584 1236 631 esset
1281 577 1334 632 in
1373 577 1640 634 Trinitate
1685 595 1816 648 per-

225 676 380 718 sena.
407 681 427 715 ι
461 662 596 718 Cum
637 664 800 732 igitur
849 673 904 720 et
955 667 1090 736 ipsi,
1136 670 1590 738 quemadmodum
1629 672 1818 726 docui-

223 770 342 811 mus
365 755 403 820 ¹,
431 753 585 823 juxta
627 755 928 810 doctrinam
965 756 1182 816 Patrum
1240 771 1389 816 recte
1433 762 1615 816 dicant
1653 777 1817 816 unam

223 861 289 903 ex
321 848 586 904 Trinitate
623 862 912 919 personam
950 852 1300 922 crucifixam;
1332 863 1386 910 et
1407 855 1536 911 item
1586 856 1814 911 interro‘

221 941 332 1009 gati
360 940 514 1010 cujus
559 942 808 999 eamdem
838 943 1026 999 dicant
1053 961 1173 1002 esse
1204 961 1514 1016 personam,
1545 955 1693 1002 recte
1739 961 1822 1002 re-

221 1031 542 1102 spondeant,
575 1033 728 1102 Filii;
760 1051 870 1090 non
913 1043 1089 1092 tamen
1120 1037 1266 1106 quod
1313 1036 1629 1106 singillatim
1675 1045 1820 1093 recte

220 1122 429 1189 dicunt,
462 1125 627 1179 etiam
655 1126 813 1181 simul
854 1135 908 1182 et
937 1127 1226 1197 eonjuncte
1262 1135 1415 1183 recte
1457 1128 1640 1183 dicere
1665 1137 1822 1198 pote-

221 1223 373 1282 runt,
404 1214 456 1270 id
487 1225 588 1282 est,
617 1233 778 1274 unam
806 1234 1096 1288 personam
1145 1219 1266 1274 Filii
1295 1235 1363 1276 ex
1412 1219 1678 1276 Trinitate
1706 1237 1823 1276 cru-

221 1304 459 1371 cilixam,
498 1307 652 1377 quasi
681 1308 800 1362 dna:
840 1324 1084 1378 persona:
1125 1311 1234 1364 sint
1271 1310 1410 1365 Filii.
1443 1313 1460 1331 '
1490 1310 1641 1367 Sicut
1670 1327 1818 1380 ergo,

221 1397 473 1466 quamvis
505 1413 609 1452 non
637 1407 786 1452 recte
828 1399 987 1453 simul
1023 1398 1232 1454 dicatur
1279 1415 1383 1455 una
1433 1418 1661 1471 persona
1703 1401 1823 1456 Filii

221 1502 293 1542 ex
324 1486 592 1544 Trinitate
634 1489 916 1558 crucifixa,
963 1499 1020 1546 et
1055 1500 1204 1547 recte
1257 1493 1384 1548 item
1409 1496 1428 1525 ²
1450 1494 1519 1550 de
1561 1496 1675 1564 ipsa
1702 1509 1809 1564 per-

222 1595 361 1635 sona
403 1582 716 1650 singillatim
766 1583 966 1638 dicitur
993 1584 1139 1654 quod
1169 1583 1288 1640 Filii
1323 1587 1430 1641 sit:
1457 1587 1532 1641 ita
1581 1587 1826 1656 quamvis

221 1688 335 1728 non
393 1686 541 1730 recte
583 1676 743 1730 simul
784 1675 1014 1740 dicatur,
1070 1693 1211 1731 unus
1263 1677 1401 1732 filius
1447 1692 1514 1732 ex
1563 1677 1826 1734 Trinitate

1921 483 2060 540 ﬁxus
2095 500 2196 555 pro
2245 501 2352 540 una
2400 500 2633 554 persona
2681 482 2911 540 dicatur.
2944 482 3261 552 Quanquam
3308 480 3353 536 si
3396 480 3517 550 quis

1919 591 2034 632 rem
2064 575 2353 646 diligenter
2373 574 2633 639 attendat,
2663 583 2719 628 et
2745 574 2905 629 altius
2934 589 3155 630 causam
3181 579 3411 642 repetat,
3435 572 3518 626 in-

1920 667 2102 725 veniet
2129 666 2274 736 quod
2304 681 2412 721 non
2443 665 2523 720 sic
2553 664 2800 728 dicimus,
2831 680 2972 719 unus
3002 678 3099 733 pro
3124 678 3229 718 una
3261 675 3513 732 persona,

1919 762 2013 818 sed
2044 761 2223 832 potius
2252 775 2358 815 una
2385 774 2612 830 persona
2639 773 2734 828 pro
2765 773 2872 812 uno
2901 772 2968 811 ex
2991 756 3254 812 Trinitate
3281 755 3512 810 dicatur.

1919 854 2053 909 Nam
2083 855 2161 909 sic
2181 854 2201 885 ⁵
2223 851 2460 907 Ecclesia
2488 849 2708 915 Christi,
2739 850 2902 904 etiam
2933 864 3054 902 cum
3080 847 3305 902 necdum
3337 845 3402 900 ad
3429 846 3515 900 di-

1920 944 2265 1000 stinctionem
2293 942 2469 996 Patris
2498 950 2553 996 et
2582 941 2702 995 Filii
2729 948 2783 994 et
2810 939 3042 1009 Spiritus
3073 939 3245 992 sam-ti
3275 945 3517 992 uteretur

1921 1037 2142 1092 nomine
2180 1035 2492 1105 personm‘,
2523 1042 2633 1088 tres
2684 1031 2912 1087 credidit
2955 1038 3012 1085 et
3051 1030 3382 1102 prmdicavit,
3416 1029 3517 1082 Pa-

1924 1145 2062 1190 trem
2089 1143 2145 1189 et
2174 1133 2365 1187 Filium
2395 1140 2450 1186 et
2477 1129 2736 1200 Spiritum
2777 1135 3024 1183 sanctum
3049 1144 3064 1193 ;
3107 1126 3247 1181 sicut
3274 1125 3519 1180 testimo-

1923 1227 2014 1281 nio
2043 1225 2266 1279 Joannis
2289 1225 2309 1256 "
2332 1237 2491 1292 supra
2518 1220 2822 1286 docuimus,
2850 1233 2958 1287 quo
2987 1217 3190 1272 dictum
3234 1223 3318 1270 est
3344 1232 3357 1268 :
3392 1213 3519 1267 Tres

1923 1318 2151 1389 suntqui
2180 1315 2524 1370 testimonium
2570 1304 2696 1366 dant
2719 1313 2775 1366 in
2824 1319 2982 1374 terra,
3015 1309 3250 1378 spiritus,
3302 1322 3436 1377 aqua
3469 1315 3519 1359 et

1923 1410 2172 1482 sanguis;
2205 1417 2254 1462 et
2283 1408 2333 1461 lii
2363 1415 2466 1461 tres
2495 1421 2654 1459 unum
2692 1413 2811 1457 sunt
2839 1401 2893 1473 (Ι
2921 1401 3081 1455 Joan.
3117 1416 3165 1464 v,
3201 1399 3277 1469 8).
3325 1397 3519 1454 Perso-

1927 1517 2116 1556 narum
2155 1507 2335 1553 autem
2364 1512 2582 1559 nomen,
2617 1511 2724 1551 non
2770 1494 2871 1548 nisi
2901 1508 3023 1548 cum
3054 1490 3320 1546 Sabellius
3347 1491 3520 1559 impu-

1925 1600 2116 1664 gnaret
2144 1590 2463 1653 Ecclesiam,
2498 1585 2803 1642 necessario
2839 1583 2896 1638 in
2939 1597 3093 1638 usum
3124 1579 3521 1652 pnedicationis

1928 1691 2235 1753 assumptus
2275 1689 2384 1746 est;
2430 1687 2490 1733 ut
2519 1678 2609 1746 qui
2642 1690 2857 1745 semper
2900 1682 3012 1728 tres
3056 1671 3248 1727 crediti
3297 1679 3425 1725 sunt
3467 1676 3522 1724 et

221 1765 546 1830 crucifixus,
582 1776 730 1822 recte
782 1775 962 1820 tamen
1011 1767 1324 1834 singillatim
1354 1767 1552 1822 dicitur
1592 1785 1728 1823 unus
1759 1784 1825 1822 ex
1864 1785 1902 1841 Β
1931 1775 2129 1838 vocati,
2175 1773 2337 1829 Pater
2364 1783 2418 1828 et
2448 1773 2612 1827 Filius
2641 1781 2698 1827 et
2725 1772 2956 1842 Spiritus
2981 1777 3222 1834 sanctus,
3249 1783 3358 1821 uno
3384 1781 3522 1835 quo-

222 1851 492 1912 Trinitate
515 1856 821 1922 crucifixus,
869 1865 926 1910 et
954 1858 1084 1912 item
1112 1858 1179 1913 de
1209 1859 1327 1928 ipso
1357 1875 1465 1912 uno
1493 1858 1637 1927 quod
1658 1858 1825 1914 Filius

218 1945 313 2002 sit.
348 1948 639 2018 Quocirca,
671 1960 818 2005 recte
847 1951 1044 2006 dicitur
1081 1967 1221 2006 unus
1245 1967 1313 2007 ex
1342 1951 1607 2006 Trinitate
1651 1953 1826 2007 cruci-

221 2041 382 2105 fixus,
417 2049 474 2095 et
501 2057 607 2095 una
636 2056 704 2096 ex
736 2041 998 2098 Trinitate
1022 2056 1269 2114 persona.
1315 2042 1422 2099 Sed
1451 2059 1608 2098 unam
1644 2043 1826 2099 dicere

219 2146 515 2202 personam
566 2130 1010 2190 Nestorianorum
1065 2149 1207 2189 nova
1259 2135 1590 2204 subterfugia
1646 2135 1826 2191 minus

222 2223 468 2278 exeludit
494 2241 506 2276 :
531 2225 621 2292 qui
649 2225 884 2280 convicti
914 2225 1210 2280 innumeris
1235 2225 1559 2282 testimoniis
1580 2223 1822 2292 Patrum,

221 2315 368 2384 quod
399 2316 547 2372 Deus
567 2316 802 2372 Verbum
828 2327 882 2372 et
921 2328 1226 2389 assumptus
1261 2320 1427 2373 homo
1456 2335 1563 2373 una
1593 2333 1825 2388 persona

222 2405 314 2472 sit,
345 2421 450 2476 pro
480 2408 820 2463 auctoritatis
859 2408 1121 2477 dignitate
1166 2409 1234 2464 ab
1277 2409 1357 2465 eis
1381 2409 1487 2465 hoc
1513 2409 1598 2464 vel
1641 2410 1828 2465 existi-

223 2508 375 2554 mant
404 2500 634 2570 dictum,
667 2502 752 2557 vel
781 2503 1091 2558 existimare
1119 2517 1179 2558 se
1214 2501 1442 2572 fingunt,
1469 2511 1528 2558 ut
1555 2503 1634 2559 sic
1659 2503 1825 2559 homo

220 2587 380 2646 Jesus
405 2588 665 2645 Christus
682 2591 892 2646 dicatur
913 2591 1076 2648 Verbi
1097 2593 1328 2661 gessisse
1356 2608 1664 2664 personam,
1685 2594 1828 2648 sicut

222 2684 389 2739 etiam
420 2683 591 2752 gessit
628 2682 942 2752 Apostolus,
985 2683 1080 2759 qui
1122 2683 1368 2740 scribens
1411 2683 1478 2739 ad
1515 2683 1826 2742 Corinthios

222 2773 362 2829 dicit
387 2792 400 2827 :
434 2771 578 2826 Nam
608 2781 656 2827 et
677 2791 770 2845 ego
800 2774 938 2844 quod
967 2774 1155 2828 donavi
1181 2773 1222 2840 ³,
1245 2785 1459 2845 propter
1498 2791 1587 2830 vos
1629 2777 1683 2830 in
1708 2791 1828 2846 per-

222 2883 358 2922 sona
378 2865 600 2932 Christi,
622 2875 677 2918 ut
699 2881 802 2920 non
825 2867 1288 2920 circumveniamur
1311 2884 1342 2920 a
1371 2867 1576 2921 Satana
1600 2865 1685 2936 (II
1701 2865 1822 2922 Cor.

221 2976 277 3026 ιι,
311 2960 406 3030 10)
434 2976 451 3026 ;
476 2975 581 3014 non
609 2967 670 3014 ut
696 2975 836 3015 unus
875 2959 1127 3029 idemque
1156 2969 1304 3017 esset
1356 2961 1498 3016 Deus
1547 2969 1604 3016 et
1640 2962 1824 3015 homo.

222 3051 363 3107 Cum
391 3065 532 3106 vero
560 3059 615 3106 et
644 3067 784 3106 unus
813 3067 881 3106 ex
911 3049 1196 3120 Trinitate,
1237 3061 1293 3107 et
1324 3068 1430 3108 una
1459 3068 1528 3109 ex
1564 3052 1827 3109 Trinitate

222 3155 465 3211 persona
502 3156 604 3212 pro
633 3142 788 3196 nobis
818 3140 1073 3198 crucifixa
1103 3150 1253 3198 recte
1281 3142 1522 3209 dicatur,
1556 3144 1696 3199 hanc
1719 3144 1825 3198 nti-
1855 3170 1900 3232 ρ

221 3235 439 3289 litatem
470 3233 612 3302 qua‘
633 3232 780 3288 fraus
799 3233 1245 3290 Nestorianorum
1271 3249 1302 3288 a
1334 3243 1522 3290 sancta
1550 3247 1609 3291 et
1637 3250 1830 3305 magna

222 3327 445 3399 synodo
470 3325 804 3382 sufficienter
841 3328 1064 3384 exclusa
1091 3335 1194 3394 est,
1225 3327 1527 3396 intelligere
1547 3335 1602 3382 et
1629 3343 1828 3398 appro-

221 3419 362 3473 bare
383 3417 496 3487 jam
525 3417 724 3472 debent
744 3417 834 3486 qui
863 3417 971 3473 dici
1003 3419 1262 3474 nolebant
1282 3435 1448 3473 unum
1478 3419 1546 3473 de
1567 3419 1832 3474 Trinitate

221 3525 332 3582 pro
374 3509 534 3564 nobis
575 3509 933 3574 incarnatum,
976 3511 1063 3565 vel
1106 3526 1344 3581 passum,
1360 3511 1444 3566 vel
1491 3510 1826 3566 crucifixum.

223 3600 331 3668 Qui
365 3600 531 3654 etiam
559 3599 604 3653 si
636 3599 781 3654 nulla
812 3600 1068 3654 invitaret
1091 3601 1315 3667 utilitas,
1349 3615 1526 3669 neque
1555 3601 1661 3655 hoc
1689 3608 1834 3655 esset

226 3699 400 3744 tantm
443 3688 637 3759 synodi
677 3689 1004 3745 auctoritate
1034 3688 1327 3759 firmatum,
1356 3690 1652 3746 modestius
1689 3692 1834 3745 face-

225 3792 358 3838 rent
411 3784 756 3852 acquiescere
784 3784 1018 3853 sapienti
1048 3784 1337 3853 Gregorio,
1387 3785 1480 3855 qui
1508 3785 1576 3839 de
1607 3784 1836 3839 vocabu-

225 3875 413 3930 lorum
469 3875 780 3930 diversitate
827 3876 1194 3932 dissidentium
1246 3893 1355 3932 non
1428 3891 1548 3933 esse
1594 3876 1836 3932 decrevit

225 3965 482 4036 (ϐπ-ερον.
511 3964 884 4021 Nazianzenus
913 3977 1046 4022 orat.
1082 3968 1194 4040 59).
1227 3967 1284 4021 In
1314 3984 1379 4023 eo
1417 3967 1560 4024 enim
1583 3982 1836 4023 sermone

225 4055 388 4123 cujus
433 4061 520 4110 est
566 4056 895 4112 tituluszDe
943 4057 1267 4124 luminibus,
1322 4058 1396 4113 ita
1447 4057 1660 4113 locutus
1709 4068 1831 4113 est:

230 4163 256 4197 ι
285 4144 461 4200 Deum
482 4162 605 4202 cum
637 4148 878 4215 nomino,
912 4164 1018 4204 uno
1047 4149 1250 4204 lumine
1281 4149 1648 4218 illustramini,
1677 4149 1836 4206 simul

226 4247 289 4294 et
331 4239 527 4294 tribus.
575 4238 770 4296 Tribus
799 4241 1036 4310 quidem,
1075 4244 1372 4297 secundum
1417 4243 1838 4312 uniuscujusque

224 4330 598 4400 proprietates
624 4331 740 4386 sive
765 4347 1046 4401 personas.
1082 4331 1226 4386 Nihil
1251 4333 1396 4388 enim
1428 4349 1527 4404 pro
1549 4333 1838 4389 vocabulo-

225 4436 356 4475 rum
383 4419 700 4477 diversitate
748 4421 1114 4478 dissidendum
1165 4434 1269 4489 est,
1309 4439 1431 4480 cum
1471 4424 1540 4478 ad
1587 4424 1836 4479 eumdem

1930 1881 2037 1935 que
2065 1865 2226 1920 simul
2254 1877 2309 1920 et
2336 1864 2606 1919 communi
2639 1877 2993 1933 personarum
3020 1859 3239 1914 nomine
3266 1871 3524 1912 vocaren-

1928 1967 2037 2014 tur.
2070 1957 2274 2012 Deinde
2302 1957 2462 2012 ctiam
2490 1955 2846 2010 subsistentia:
2889 1953 3045 2008 dicta:
3073 1959 3216 2017 sunt,
3266 1949 3523 2019 quoniam

1928 2049 2184 2107 Ecclesia:
2213 2049 2435 2119 placuit,
2464 2048 2531 2102 ad
2555 2045 2958 2117 significandam
2988 2043 3403 2107 Trinitatem,et
3419 2040 3524 2096 hoc

1929 2158 2129 2199 nomen
2149 2141 2478 2197 distinctioni
2500 2140 2773 2212 personali
2803 2139 3058 2192 tribuere.
3083 2135 3318 2202 Qumstio
3343 2133 3523 2202 itaque

1929 2233 2220 2304 aliquando
2249 2233 2317 2288 de
2358 2247 2501 2287 novo
2532 2232 2752 2285 nomine
2793 2242 3041 2299 persona:
3069 2236 3125 2282 et
3165 2225 3524 2281 subsistentia:

1930 2325 2053 2390 fuit,
2087 2332 2266 2378 utrum
2294 2321 2360 2377 ad
2398 2321 2805 2390 significandam
2847 2319 3187 2380 Trinitatem,
3217 2331 3338 2385 qua:
3382 2315 3524 2370 Deus

1930 2425 2032 2479 est,
2064 2413 2286 2470 deberet
2315 2412 2544 2477 admitti,
2575 2412 2716 2467 sicut
2741 2418 2797 2466 et
2823 2410 2992 2481 ipsius
3019 2407 3299 2463 Trinitatis
3326 2421 3524 2461 nomen

1929 2505 2221 2561 admissum
2269 2512 2528 2559 estznon
2577 2503 2647 2558 de
2694 2518 2762 2558 eo
2808 2500 2956 2572 quod
2991 2515 3208 2571 semper
3255 2499 3426 2552 tenuit
3471 2504 3525 2552 et

1929 2593 2245 2666 prmdicavit
2271 2591 2533 2660 Ecclesia,
2566 2593 2692 2663 quia
2735 2601 2847 2648 tres
2875 2598 3002 2647 sunt
3033 2590 3126 2660 qui
3168 2588 3526 2644 testificantur

1930 2684 1987 2740 in
2017 2693 2182 2748 terra,
2208 2691 2265 2739 et
2287 2685 2342 2739 hi
2370 2691 2481 2739 tres
2508 2698 2675 2738 unum
2699 2690 2846 2737 sunt.
2883 2681 3038 2736 Unde
3065 2681 3230 2736 etiam
3253 2695 3525 2734 memora~

1931 2782 2019 2832 tus
2044 2777 2129 2832 vir
2147 2779 2171 2808 ⁸
2198 2775 2525 2844 Augustinus
2553 2775 2607 2828 in
2629 2773 2818 2843 quinto
2843 2771 3054 2827 decimo
3077 2772 3144 2827 de
3172 2771 3436 2826 Trinitate
3460 2771 3525 2825 li-

1930 2869 2031 2925 bro
2059 2866 2209 2939 (Cap.
2243 2866 2298 2937 5)
2326 2884 2339 2919 :
2367 2885 2385 2917 ‹
2412 2864 2656 2932 Clarum,
2687 2864 2880 2932 inquit,
2913 2872 2997 2919 est
3026 2862 3080 2917 in
3109 2861 3410 2917 substantia
3435 2875 3529 2916 ve-

1931 2963 2129 3028 ritatis,
2161 2975 2270 3017 non
2303 2959 2480 3016 solum
2510 2959 2727 3014 Patrem
2771 2958 2908 3013 Filio
2936 2974 3044 3012 non
3094 2971 3214 3012 esse
3243 2955 3525 3027 majorem,

1932 3055 2029 3110 sed
2055 3068 2156 3109 nec
2179 3051 2370 3108 ambos
2390 3050 2550 3106 simul
2580 3049 2783 3119 aliquid
2810 3049 2986 3120 majus
3015 3064 3135 3104 esse
3162 3065 3323 3120 quam
3352 3048 3528 3103 solum

1932 3146 2190 3216 Spiritum
2219 3149 2496 3208 sanetum;
2533 3151 2625 3196 aut
2645 3141 2919 3211 quoslibet
2946 3141 3084 3196 duos
3106 3141 3158 3196 in
3189 3139 3380 3196 eadem
3406 3139 3527 3196 Tri-

1933 3237 2104 3292 nitate
2133 3234 2306 3304 majus
2354 3233 2556 3302 aliquid
2601 3247 2721 3290 esse
2749 3247 2912 3303 quam
2956 3247 3157 3299 unum;
3209 3240 3303 3286 aut
3339 3247 3531 3288 omnes

1931 3329 2091 3386 simul
2123 3337 2255 3392 tres,
2281 3326 2456 3397 majus
2487 3324 2691 3395 aliquid
2717 3339 2836 3380 esse
2873 3339 3034 3394 quam
3072 3325 3332 3393 singulos.
3365 3344 3384 3376 ι
3421 3324 3530 3380 Nec

1932 3422 2010 3476 ait
2039 3422 2119 3477 vir
2147 3420 2488 3476 cautissimus
2514 3425 2571 3472 et
2591 3415 3020 3486 sapientissimus
3049 3415 3237 3470 ambas
3265 3430 3528 3484 personas

1931 3513 2090 3570 simul
2120 3511 2320 3582 aliquid
2344 3526 2464 3566 esse
2489 3512 2662 3577 majus
2690 3509 2745 3562 in
2769 3507 3067 3564 substantia
3095 3507 3340 3563 veritatis
3366 3522 3529 3576 quam

1931 3606 2108 3661 solum
2137 3603 2395 3673 Spiritum
2426 3609 2701 3668 sanctum,
2734 3599 2881 3670 quod
2909 3600 3125 3670 quidem
3153 3609 3320 3666 recte,
3351 3603 3395 3658 si
3421 3603 3531 3656 vel-

1933 3697 2026 3760 let,
2059 3697 2295 3761 diceret;
2337 3693 2434 3750 sed
2468 3693 2646 3764 potius
2673 3695 2901 3750 ambos:
2937 3710 3111 3763 neque
3149 3695 3225 3748 ait
3265 3695 3532 3764 quaslibet

1933 3789 2067 3845 duas
2089 3802 2351 3856 personas
2379 3787 2432 3841 in
2462 3785 2652 3840 eadem
2684 3784 2946 3840 Trinitate
2975 3784 3148 3854 majus
3174 3800 3295 3840 esse
3332 3785 3532 3854 aliquid

1935 3898 2096 3953 quam
2137 3897 2320 3946 unam,
2352 3879 2449 3935 sed
2491 3878 2761 3950 quoslibet
2781 3878 2917 3933 duos
2947 3879 3000 3933 in
3051 3878 3241 3934 eadem
3273 3877 3534 3934 Trinitate

1937 3975 2111 4046 majus
2141 3989 2261 4031 esse
2287 3973 2489 4044 aliquid
2529 3988 2692 4044 quam
2737 3988 2934 4037 unum;
2974 3987 3151 4041 neque
3179 3971 3316 4026 dixit
3344 3986 3535 4027 omnes

1935 4066 2099 4123 simul
2130 4073 2240 4120 tres
2282 4079 2545 4136 personas
2572 4061 2746 4132 majus
2776 4061 2974 4131 aliquid
2999 4077 3121 4117 esse
3160 4078 3320 4132 quam
3349 4064 3538 4134 singu-

1937 4162 2038 4228 las,
2069 4161 2165 4218 sed
2192 4175 2382 4216 omnes
2409 4156 2571 4214 simul
2615 4165 2724 4211 tres
2768 4155 2943 4224 majus
2987 4155 3190 4227 aliquid
3231 4171 3351 4211 esse
3375 4173 3536 4227 quam

1938 4253 2198 4322 singulos.
2229 4249 2390 4319 Quod
2409 4251 2454 4305 si
2481 4246 2788 4318 hujusmodi
2817 4247 3122 4302 locutiones
3147 4263 3216 4303 ex
3237 4248 3394 4303 dictis
3414 4264 3538 4318 pro-

1939 4345 2342 4402 batissimorum
2371 4340 2592 4395 Patrum
2623 4339 2782 4394 velim
2811 4339 3090 4407 colligere,
3117 4346 3244 4392 ante
3285 4354 3373 4393 me
3400 4346 3538 4392 tem-

1940 4453 2042 4507 pus
2067 4451 2228 4508 quam
2259 4432 2507 4502 exempla
2534 4430 2768 4487 delieiet.
2814 4429 2956 4484 Nihil
2998 4437 3084 4483 est
3112 4428 3273 4498 igitur
3299 4429 3444 4497 quod
3471 4431 3539 4485 de

222 4529 457 4570 sensum
499 4515 743 4570 omnium
783 4516 1070 4572 diversitas
1114 4517 1773 4587 provocet'intcllectum.
1810 4535 1825 4569 ι

1940 4528 2109 4584 verbo
2145 4524 2628 4597 reprehendamur,
2674 4521 2920 4576 dicentes
2965 4535 3128 4574 unum
3169 4519 3238 4576 de
3277 4517 3539 4577 Trinitate

221 4607 374 4662 Dum
405 4607 572 4675 igitur
611 4616 667 4662 et
693 4621 888 4677 magna
920 4625 1021 4664 nos
1048 4608 1115 4664 ad
1140 4610 1279 4664 hanc
1307 4607 1706 4666 confessionem
1749 4613 1833 4664 in-

220 4700 370 4754 vitet
400 4698 628 4764 utilitas,
660 4709 716 4755 et
747 4717 852 4755 non
877 4701 1116 4756 inaudita
1147 4709 1203 4756 et
1239 4717 1379 4756 nova
1414 4703 1485 4757 sit
1516 4703 1605 4757 illa
1633 4718 1740 4758 vox
1767 4702 1837 4758 de

219 4807 345 4862 qua
378 4793 540 4848 nobis
568 4792 873 4850 deliberare
902 4796 974 4852 sit
1021 4796 1248 4851 liberum
1279 4814 1347 4851 an
1382 4796 1590 4852 admitti
1620 4797 1837 4867 debeat,

217 4899 401 4954 quam
439 4883 740 4940 divinarum
763 4885 1163 4956 Scripturarum
1193 4889 1517 4944 testimoniis
1545 4889 1839 4946 convenire

218 4975 403 5029 etiam
435 4989 468 5028 a
500 4976 668 5031 tantis
693 4973 940 5032 Patribus
969 4977 1346 5032 confirmatum
1376 4994 1497 5034 esse
1533 4978 1838 5050 docuimus,

211 5065 480 5136 nihilque
499 5065 569 5121 de
591 5065 760 5121 verbo
786 5067 855 5123 sit
884 5066 1251 5124 dissidendum
1269 5111 1285 5138 ,
1332 5069 1548 5141 placere
1589 5071 1842 5128 omnibus

299 5296 324 5328 ³
347 5286 490 5344 Cod.
523 5289 747 5355 Verum,
789 5293 1037 5348 diximus.

294 5369 325 5399 ³
351 5360 504 5415 Idem
534 5361 681 5434 coll,
720 5374 858 5416 recte
902 5373 1075 5418 tamen
1124 5363 1432 5434 singillatim
1479 5366 1690 5428 dicitur,
1733 5381 1839 5420 una

199 5447 463 5504 prppria
486 5448 550 5484 ex
581 5429 834 5487 Trinitate
853 5436 1106 5504 cruciﬁxit
1130 5451 1147 5487 :
1175 5429 1228 5487 et
1253 5446 1388 5489 recte
1417 5439 1562 5504 item,
1595 5447 1702 5492 etc.

289 5501 317 5530 ³
351 5500 501 5554 idem
531 5505 679 5570 ωλι,
709 5506 843 5574 quod
878 5500 1086 5574 donavi,
1127 5505 1172 5559 si
1216 5508 1340 5576 quid
1369 5500 1580 5575 donavi,
1630 5517 1842 5577 propter

206 5587 342 5633 vos,
369 5580 481 5624 etc.

1939 4621 2301 4685 incarnatum,
2353 4617 2467 4672 sive
2516 4629 2757 4685 passum,
2815 4613 2932 4668 sive
2981 4611 3318 4667 cruciﬁxum.
3381 4613 3539 4680 Quod

1939 4711 2107 4768 etiam
2173 4717 2358 4765 sancta
2413 4704 2874 4762 Chalcedonensis
2924 4703 3185 4775 synodus,
3239 4705 3541 4762 divinarum

1939 4802 2338 4870 Scripturarum
2361 4798 2683 4854 auctoritate
2711 4804 2767 4851 et
2795 4795 3294 4866 antiquissimorum
3322 4796 3541 4856 Patrum

1945 4891 2270 4947 testimoniis
2317 4888 2624 4950 informata,
2668 4887 2860 4943 videns
2907 4903 2939 4942 a
2995 4900 3190 4955 magno
3233 4887 3428 4946 Prot-lo
3472 4893 3542 4952 ad

1946 4980 2211 5036 Armenes
2240 4981 2443 5035 utiliter
2463 4980 2742 5048 scriptum,
2766 4987 2825 5034 et
2849 4994 2879 5033 a
2907 4979 3308 5049 sapientissimo
3328 4981 3540 5040 Joanne

1949 5071 2288 5127 Antiocheno
2317 5077 2373 5127 et
2402 5071 2615 5126 caeteris
2642 5070 2999 5127 orientalibus
3025 5070 3294 5142 episcopis
3326 5076 3381 5131 in
3410 5091 3542 5132 cou-

2019 5293 2206 5368 fidem
2239 5296 2386 5362 cod.,
2417 5298 2560 5368 quia.

2019 5366 2041 5398 ³
2064 5365 2082 5420 Ι
2088 5367 2209 5421 dem
2237 5368 2360 5423 cod.
2371 5408 2386 5434 ,
2421 5365 2634 5437 semper.

2023 5439 2043 5467 ⁸
2069 5437 2212 5508 idem
2237 5439 2385 5500 cod.,
2420 5456 2780 5508 personarrm.

2019 5510 2040 5541 "
2065 5507 2208 5561 Idem
2233 5508 2382 5573 cod.,
2415 5508 2641 5563 Joannis
2663 5507 2903 5576 apostoli.

2022 5580 2043 5610 ⁸
2065 5579 2203 5633 Idem
2236 5579 2386 5646 cod.,
2410 5581 2486 5633 vir
2515 5581 2864 5634 doctissimus.

290 5772 318 5792 ’
349 5765 565 5824 Videsis
614 5770 665 5824 in
717 5772 858 5828 hunc
912 5773 1086 5829 locum
1135 5774 1200 5830 cl.
1263 5775 1682 5847 Wcssclinginm
1741 5774 1830 5829 lib.
1879 5771 2150 5832 Probabil.
2189 5792 2309 5848 cap.
2345 5772 2432 5839 56,
2465 5788 2584 5844 pag.
2616 5771 2738 5826 59.1.
