3974 6330
463 375 564 431 559

1557 369 1855 427 FACUNDI
1895 369 2105 425 EPISC.
2149 367 2652 424 IlERMlANENSlS

3653 367 3750 423 550

458 487 587 544 cilio
625 485 1005 556 approbatum,
1047 483 1439 539 convenienter
1477 482 1593 551 ipsa
1625 496 1845 552 quoque
1875 481 2056 535 linna-
2085 483 2134 542 Α
2162 489 2341 536 catum
2373 488 2456 536 est
2485 481 2551 535 ad
2589 481 2973 537 discretionem
3003 482 3173 551 ipsius
3209 481 3336 536 novi
3363 481 3614 551 baptismi
3660 497 3746 536 so-

459 579 556 631 vit.
601 575 670 631 Et
697 577 817 631 ideo
847 577 987 630 hanc
1022 573 1331 643 religiosam
1377 584 1434 629 et
1471 574 1832 630 necessariam
1861 589 2053 630 vocem

457 668 814 738 suscipientes
837 667 930 738 qui
971 665 1038 721 de
1060 667 1225 722 verbo
1246 665 1515 737 superﬂue
1535 665 1953 732 contendebant,
1979 667 2053 720 ita

455 755 565 826 iam
613 756 893 810 nobiscum
941 754 1295 811 Nestorianos
1347 769 1540 824 urgere
1588 753 1789 810 debent
1826 769 1891 809 ae
1930 771 2054 824 prce

457 862 627 912 mere,
674 854 869 902 utnon
906 854 1114 900 tantum
1145 861 1308 900 unam
1359 861 1427 900 ex
1469 845 1736 900 Trinitate
1765 860 2053 915 personam

455 937 656 1000 dicant,
688 935 834 1007 quod
863 935 938 990 illi
968 935 1128 999 male,
1171 936 1307 991 sicut
1331 934 1445 1004 jam
1475 935 1732 1003 diximus,
1779 935 2052 1004 interpre-

458 1039 669 1093 tantur;
701 1029 798 1084 sed
827 1029 990 1084 etiam
1019 1045 1186 1083 unum
1221 1043 1288 1083 ex
1327 1028 1593 1085 Trinitate
1633 1045 1873 1100 passum,
1905 1029 2054 1100 quod

459 1122 604 1177 nulla
634 1121 818 1177 fraude
845 1123 1054 1192 possint
1082 1121 1321 1178 eludere.
1355 1122 1560 1188 Quibus
1583 1123 1919 1178 Nestorianis
1944 1124 2054 1181 hoc

457 1217 620 1272 modo
647 1217 863 1284 gravius
889 1216 1205 1281 insistimus,
1237 1216 1280 1269 si
1303 1216 1382 1270 eis
1403 1216 1648 1272 dicamus
1678 1235 1691 1270 :
1724 1216 1946 1271 Certum
1967 1223 2054 1273 est

459 1308 706 1377 accipere
744 1323 840 1362 vos
881 1306 1161 1361 nobiscum
1201 1307 1326 1375 quia
1374 1305 1716 1373 Trinitatem,
1749 1323 1872 1377 qua:
1916 1324 2053 1363 unus

459 1399 600 1454 Deus
615 1408 716 1462 est,
743 1396 1063 1467 signiﬁcavit
1084 1391 1372 1468 Apostolus
1393 1399 1580 1454 dicens
1603 1417 1618 1457 :
1645 1398 1690 1452 0
1717 1401 1939 1456 altitudo
1965 1402 2050 1455 di-

458 1492 696 1545 uitiarum
719 1491 989 1561 sapientia:
1014 1500 1064 1544 et
1083 1490 1314 1545 scientia:
1335 1490 1466 1545 Dei!
1484 1508 1636 1561 quant
1660 1492 2053 1562 incomprehen-

457 1580 629 1636 sibilia
678 1591 795 1636 sunt
830 1581 1033 1652 judicia
1068 1581 1178 1652 ejus
1234 1589 1283 1636 et
1330 1583 1715 1654 investigabiles
1762 1583 1858 1637 ria:
1903 1585 2051 1654 ejus!

462 1675 590 1738 Quis
611 1676 745 1728 enim
784 1675 1018 1744 cognorit
1047 1691 1253 1728 sensum
1289 1675 1522 1739 Domini,
1552 1686 1642 1730 aut
1669 1661 1788 1748 quis
1803 1679 2052 1732 consilia-

461 1765 571 1817 rius
595 1764 706 1833 ejus
736 1766 831 1835 fuit
849 1764 874 1816 .9
919 1773 1008 1817 aut
1035 1765 1146 1836 quis
1175 1767 1318 1836 prius
1347 1766 1488 1820 dedit
1514 1767 1610 1833 illi,
1655 1777 1705 1821 et
1743 1769 2051 1823 retribuetur

2159 571 2272 626 lum
2302 587 2502 628 nomen
2544 573 2759 627 Domini
2787 572 2913 627 .lesu
2944 587 3268 637 memorare,
3313 572 3456 643 quod
3497 587 3672 642 neque
3697 576 3746 628 in

2156 663 2426 734 baptismo
2453 661 2702 732 Joannis,
2748 679 2926 733 neque
2975 665 3030 718 in
3061 665 3181 719 aliis
3224 659 3746 734 haptismis'Judairi

2157 755 2292 810 ritus
2321 755 2762 811 interserebatur.
2793 755 3060 811 Czeterum
3084 756 3187 811 illis
3214 756 3442 815 sacratis
3467 758 3667 821 verbis,
3698 756 3750 813 id

2157 857 2262 914 est,
2302 848 2354 902 in
2387 849 2604 905 nomine
2632 846 2808 904 Patris
2833 859 2889 904 et
2916 849 3037 904 Filii
3067 859 3124 904 et
3149 849 3380 920 Spiritus
3417 851 3614 917 sancti,
3656 851 3749 905 ba-

2158 941 2346 1010 ptizati
2373 941 2504 995 mihi
2533 941 2800 996 videntur.
2843 940 2954 996 Nec
2995 941 3326 996 mendaciter
3351 941 3575 1007 dictum,
3606 941 3750 1009 quod

2158 1031 2320 1100 absit,
2379 1033 2669 1088 existimo:
2697 1033 3002 1104 Baptizatur
3041 1035 3386 1106 unusquisque
3423 1044 3647 1087 vestrum
3695 1035 3748 1087 in

2157 1124 2365 1176 nomine
2391 1121 2516 1176 Iesu
2546 1122 2758 1187 Christi,
2791 1131 2884 1177 aut
2911 1123 3036 1192 quia
3079 1123 3335 1193 baptizati
3363 1132 3492 1178 sunt
3530 1123 3748 1192 quidam

2157 1211 2212 1266 in
2244 1212 2462 1266 nomine
2506 1212 2722 1267 Domini
2751 1213 2878 1266 Jesu
2905 1231 2916 1265 :
2947 1215 3202 1282 quoniam
3232 1214 3531 1268 certissime
3573 1215 3626 1268 in
3658 1230 3748 1268 uo-

2157 1304 2302 1360 mine
2327 1303 2458 1360 Jesu
2482 1304 2503 1335 ³
2528 1305 2874 1376 baptizabant
2902 1308 3156 1377 apostoli,
3188 1308 3290 1362 etsi
3348 1323 3457 1362 non
3496 1309 3548 1362 in
3581 1309 3749 1364 solius

2157 1393 2368 1450 Domini
2399 1393 2549 1460 Iesu,
2581 1395 2633 1451 id
2681 1403 2765 1451 est
2811 1396 2949 1460 Filii,
2983 1399 3201 1453 nomine
3247 1399 3617 1468 baptizabant,
3654 1415 3750 1454 ve-

2155 1504 2274 1543 rum
2316 1489 2482 1544 etiam
2515 1490 2568 1544 in
2598 1488 2774 1544 Patris
2817 1499 2872 1545 et
2913 1489 3146 1561 Spiritus
3185 1493 3379 1546 sancti.
3414 1492 3490 1548 Ae
3519 1507 3617 1563 per
3642 1494 3752 1549 hoc

2156 1581 2392 1638 arbitror
2419 1585 2582 1651 quod,
2631 1599 2753 1639 cum
2794 1583 3058 1655 baptisma
3103 1586 3486 1652 celebraretur,
3521 1588 3574 1640 in
3618 1588 3749 1656 ipsis

2155 1688 2372 1743 quoque
2406 1675 2631 1730 sacratis
2673 1675 2853 1730 verbis
2881 1677 3198 1730 servabatur
3243 1677 3334 1731 illa
3363 1677 3532 1732 forma
3578 1680 3751 1747 baptio

2157 1766 2291 1831 sini;
2330 1765 2384 1819 in
2415 1766 2727 1820 narratione
2748 1781 2878 1821 vero
2909 1766 3228 1832 sulliciebat,
3268 1769 3334 1822 ad
3363 1769 3748 1823 discretionem

458 1857 542 1908 ei?
579 1853 834 1918 Quoniam
876 1873 941 1909 ea:
969 1857 1102 1926 ipso,
1154 1865 1204 1910 et
1249 1875 1340 1927 per
1379 1860 1568 1928 ipsum,
1612 1869 1662 1913 et
1705 1861 1759 1913 in
1788 1862 1900 1930 ipso
1930 1870 2050 1914 sunt
2084 1871 2125 1930 Β
2156 1853 2386 1909 aliorum
2431 1855 2844 1925 baptismatum,
2903 1857 3071 1912 solius
3121 1858 3334 1912 Domini
3389 1857 3517 1913 Jesu
3568 1859 3749 1915 facere

459 1948 676 1999 omnia:
707 1947 808 2016 ipsi
835 1947 1005 2018 gloria
1044 1949 1099 2002 in
1126 1950 1319 2003 alecula
1350 1949 1524 2020 (Rom.
1556 1967 1629 2016 xl,
1663 1952 1774 2020 55).
1826 1951 1903 2007 Ex
1929 1953 2046 2022 ipso

457 2039 660 2104 dicens,
693 2053 758 2092 ex
789 2037 976 2105 Patre;
1003 2056 1099 2110 per
1145 2041 1318 2112 ipsum
1359 2058 1508 2107 vero,
1544 2059 1640 2112 per
1667 2043 1879 2110 Filium,
1911 2046 2048 2100 sicut

457 2132 584 2185 alibi
631 2131 797 2186 dicit:
833 2130 1000 2187 Nobis
1044 2143 1218 2188 tamen
1264 2150 1400 2188 unus
1432 2134 1571 2188 Deus
1610 2135 1791 2198 Pater,
1837 2153 1902 2190 ea:
1949 2154 2046 2208 quo

457 2225 654 2290 omnia,
685 2231 734 2276 et
759 2240 856 2278 nos
885 2225 939 2277 in
967 2225 1059 2278 illo
1083 2225 1097 2256 ¹
1120 2241 1140 2290 ;
1169 2233 1219 2278 et
1263 2242 1394 2278 unus
1443 2224 1692 2280 Dominus
1717 2226 1871 2282 Iesus
1899 2228 2049 2282 Chri-

455 2326 586 2384 stus,
614 2335 706 2387 per
751 2335 900 2387 quem
929 2319 1122 2384 omnia,
1175 2326 1225 2372 et
1251 2335 1344 2372 nos
1384 2336 1477 2388 per
1505 2319 1743 2391 ipsum(l
1773 2311 1902 2376 Cor.
1934 2337 2046 2386 vm,

456 2409 532 2474 6).
567 2408 627 2462 Ιιι
649 2408 767 2478 ipso
789 2423 941 2476 vero,
975 2408 1028 2464 in
1077 2407 1280 2478 Spiritu
1307 2418 1497 2464 sancto
1523 2428 1535 2463 :
1562 2409 1628 2464 de
1654 2425 1762 2479 quo
1790 2411 2048 2468 Salomon

455 2499 530 2554 ait
563 2517 574 2551 :
607 2499 866 2562 Quoniam
887 2501 1099 2571 spiritus
1129 2499 1225 2555 Dei
1256 2502 1469 2572 replevit
1495 2501 1668 2557 orbem
1699 2510 1975 2570 terrarum,
1998 2514 2048 2559 et

455 2590 552 2643 hoc
580 2590 716 2660 quod
755 2592 983 2644 continet
1011 2592 1206 2654 omnia,
1239 2593 1511 2645 scientiam
1542 2593 1694 2645 habet
1728 2594 1864 2647 uocis
1889 2594 2044 2667 (Sap.

457 2695 494 2743 ι,
527 2679 611 2749 7);
655 2694 756 2734 nec
781 2679 927 2734 aliud
959 2688 1043 2734 est
1073 2681 1125 2734 in
1153 2681 1270 2750 ipso
1310 2697 1431 2736 esse
1470 2682 1671 2748 omnia,
1701 2683 1805 2738 nisi
1835 2684 1902 2738 ab
1933 2686 2050 2753 ipso

457 2771 637 2824 omnia
667 2770 953 2824 contineri.
1005 2771 1136 2837 Qum
1179 2788 1299 2826 cum
1339 2772 1414 2826 ita
1453 2773 1581 2837 sint,
1617 2773 1892 2841 quomodo
1939 2791 2048 2828 non

456 2879 595 2917 unus
625 2877 691 2916 ex
722 2863 823 2918 hac
864 2862 1128 2917 Trinitate
1175 2872 1260 2918 est
1292 2863 1551 2920 Dominus
1578 2863 1737 2919 Iesus
1779 2864 2045 2931 Christus,

455 2967 597 3017 cum,
626 2953 768 3008 sicut
798 2954 1154 3019 ostendimus,
1187 2954 1328 3009 idem
1357 2954 1506 3009 dicat
1533 2954 1829 3026 Apostolus
1854 2975 1866 3010 :
1903 2955 2050 3012 Unus

455 3043 708 3100 Dominus
726 3045 879 3100 Iesus
909 3046 1165 3110 Christus,
1199 3065 1292 3118 per
1317 3065 1466 3120 quem
1505 3050 1700 3113 omnia,
1740 3058 1791 3103 et
1831 3066 1926 3105 nos
1957 3067 2049 3122 per

453 3137 812 3206 ipsum?ltem
845 3154 965 3192 cum
992 3139 1106 3208 ipse
1137 3139 1396 3195 Dominus
1425 3138 1582 3195 Iesus
1608 3139 1874 3204 Christus,
1907 3143 2050 3198 hanc

2152 1944 2506 2000 mentionem.
2542 1946 2838 2016 Propterea
2868 1962 2998 2001 vero
3027 1947 3191 2002 credo
3217 1948 3360 2017 quod
3393 1948 3462 2003 de
3500 1951 3748 2003 omnium

2153 2037 2316 2091 trium
2365 2052 2721 2107 personarum
2761 2039 3300 2108 commemoratione,
3351 2040 3565 2094 Domini
3617 2039 3749 2096 Iesu

2153 2146 2350 2185 nomen
2381 2130 2450 2185 ad
2478 2131 2856 2187 insinuandum
2890 2147 3087 2187 novum
3118 2133 3440 2202 baptismum
3461 2134 3633 2202 magis
3656 2149 3747 2190 as.

2150 2228 2422 2290 sumptum
2457 2229 2560 2289 est,
2587 2222 2843 2292 quoniam
2888 2222 2988 2292 ipsi
3018 2224 3411 2292 consepelimur
3439 2240 3538 2294 per
3565 2226 3747 2294 bapti-

2157 2327 2332 2366 smum
2362 2311 2415 2367 in
2445 2321 2703 2379 mortem.
2723 2313 3107 2368 Verumtamen
3150 2330 3259 2368 non
3289 2315 3580 2383 diceretur,
3621 2318 3744 2383 nisi,

2160 2410 2219 2457 ut
2241 2401 2356 2472 jam
2387 2403 2734 2467 asseruimus,
2785 2420 2923 2458 unus
2951 2412 3096 2459 esset
3139 2421 3207 2459 ex
3255 2405 3516 2460 Trinitate
3559 2407 3748 2461 Domi-

2152 2507 2251 2546 nus
2270 2490 2428 2547 Iesus
2448 2491 2716 2547 Christus.
2746 2491 2841 2548 llis
2869 2493 3030 2562 igitur
3057 2502 3219 2562 atque
3262 2495 3380 2549 aliis
3407 2497 3748 2565 quampluri-

2153 2584 2254 2639 mis
2301 2583 2647 2649 informatus,
2697 2584 3008 2653 priusquam
3059 2585 3164 2639 hoc
3207 2600 3237 2638 a
3284 2601 3472 2654 magna
3531 2588 3748 2660 synodo

2153 2676 2581 2732 Chalcedonensi
2608 2677 2936 2746 appobatum
2979 2691 3099 2732 esse
3143 2691 3550 2745 cognoscerem,
3582 2695 3750 2736 unum

2155 2771 2224 2826 de
2254 2771 2520 2826 Trinitate
2547 2770 2748 2826 credidi
2792 2771 3075 2826 Dominum
3104 2769 3284 2825 Jcsutn
3313 2770 3588 2826 Christum
3618 2791 3632 2826 :
3657 2775 3751 2842 qui

2162 2864 2302 2919 Deus
2331 2880 2397 2920 ex
2420 2864 2531 2918 Deo
2553 2873 2714 2918 natus
2742 2871 2867 2917 ante
2891 2862 3113 2925 saecula,
3147 2863 3288 2916 idem
3327 2863 3378 2917 in
3409 2864 3753 2934 plenitudine

2156 2966 2459 3026 temporum
2492 2956 2656 3010 homo
2683 2955 2753 3008 sit
2780 2961 2938 3008 natus
2966 2969 3032 3008 ex
3075 2953 3324 3021 Virgine;
3359 2964 3415 3008 et
3445 2957 3536 3024 qui
3573 2955 3755 3012 Patris

2154 3046 2396 3101 existens
2432 3045 2756 3114 unigenitus,
2791 3047 2965 3100 l'actus
2997 3045 3066 3100 sit
3095 3043 3402 3113 unigenitus
3435 3047 3665 3112 matris;
3696 3055 3755 3102 ut

2153 3139 2380 3209 geminae
2418 3138 2568 3207 gigas
2596 3138 2928 3203 substantiae,
2959 3139 3098 3193 sicut
3128 3137 3390 3194 intellexit
3417 3144 3472 3192 et
3509 3138 3756 3192 cantavit

453 3229 770 3285 Trinitatem
813 3231 968 3286 nobis
1007 3232 1306 3301 insinuans,
1357 3233 1411 3289 in
1454 3232 1747 3304 Evangelio
1775 3234 2050 3304 discipulis
2076 3253 2120 3315 ο
2155 3229 2497 3294 Ambrosius,
2554 3227 2836 3297 utriusque
2881 3242 3023 3282 verm
3069 3227 3362 3282 nativitatis
3410 3227 3752 3296 proprietate

451 3323 564 3380 suis
585 3323 819 3379 dixerit:
852 3324 1044 3379 Euntes
1081 3326 1258 3381 docete
1287 3343 1462 3381 omnes
1493 3337 1688 3399 gentes,
1721 3328 2046 3397 baptizantes

450 3433 536 3472 eos
561 3419 616 3472 in
641 3419 846 3472 nomine
876 3418 1057 3474 Patris
1087 3429 1136 3473 et
1157 3419 1286 3474 Filii
1305 3429 1355 3474 et
1382 3421 1611 3491 Spiritus
1631 3421 1798 3474 sancti
1829 3419 2044 3490 (Matth.

453 3523 639 3575 xxvm,
681 3507 1106 3580 l9);quomodo
1154 3509 1347 3566 Petrus
1391 3511 1668 3582 apostolus
1696 3509 1912 3566 Iudaeos
1951 3528 2048 3568 ex-

451 3598 681 3654 hortans
720 3599 926 3655 diceret
967 3617 979 3652 :
1015 3599 1382 3655 Ptenitentiam
1439 3602 1603 3673 agite,
1664 3610 1713 3654 et
1755 3602 2048 3671 baptizetur

449 3693 794 3763 unusquisque
819 3703 1042 3748 vestrum
1067 3695 1121 3748 in
1152 3697 1361 3750 nomine
1382 3695 1506 3749 Iesu
1529 3694 1748 3762 Christi,
1781 3695 1833 3748 in
1865 3696 2048 3749 remis-

448 3781 642 3835 sionem
667 3792 1012 3852 peccatorum,
1045 3794 1096 3839 et
1123 3788 1390 3854 accipietis
1426 3788 1618 3841 donum
1648 3786 1877 3857 Spiritus
1923 3804 2047 3842 san-

449 3873 517 3924 cti
549 3871 685 3942 (Act.
729 3890 788 3941 ιι,
838 3873 928 3944 58)
953 3875 976 3928 ?
1006 3884 1094 3929 aut
1131 3877 1274 3944 quod
1310 3876 1516 3932 simul’
1547 3878 1600 3931 in
1647 3876 1849 3932 eisdem
1895 3876 2048 3933 Actis

447 3966 818 4033 apostolorum
868 3968 1064 4036 legitur
1108 3967 1259 4039 (Cap.
1314 3969 1448 4034 xxxi,
1505 3969 1723 4038 quidam
1763 3969 2044 4040 discipuli,

446 4069 585 4124 quos
629 4055 746 4123 ejus
791 4057 1137 4127 coapostolus
1169 4056 1366 4111 Paulus
1396 4057 1591 4128 Ephesi
1629 4059 1830 4127 reperit
1862 4059 2043 4128 bapti-

446 4161 564 4200 smo
597 4155 802 4201 tantum
841 4147 1067 4202 Joannis
1097 4150 1353 4215 imbutos,
1385 4149 1451 4204 ab
1479 4165 1546 4204 eo
1577 4149 1836 4204 admoniti
1867 4150 2046 4218 bapti-

447 4247 703 4293 zarrntur
731 4241 782 4294 in
831 4241 1046 4296 nomine
1077 4242 1289 4296 Domini
1317 4241 1464 4307 Iesu,
1499 4242 1543 4298 si
1589 4258 1700 4298 non
1731 4257 1870 4298 unus
1897 4251 2042 4298 esset

444 4344 505 4382 ex
535 4327 819 4396 Trinitate,
874 4331 928 4384 in
975 4345 1082 4400 qua
1132 4340 1338 4386 tantum
1393 4331 1654 4400 baptizari
1711 4340 2038 4403 prmceptum

441 4429 543 4486 cst,
579 4422 835 4477 Dominus
857 4421 1013 4479 Jesns
1041 4421 1321 4478 Christus“!
1348 4423 1502 4490 Quod
1532 4432 1715 4478 autem
1745 4423 1797 4476 in
1821 4423 2039 4479 nomine

442 4511 651 4567 Domini
679 4513 807 4570 Jesu
829 4524 855 4552 ι
884 4516 935 4569 hi
980 4531 1118 4585 quos
1149 4516 1570 4571 memoravimus
1610 4515 1868 4585 baptizati
1912 4530 2040 4569 nar-

2152 3318 2406 3374 credatur
2428 3359 2443 3386 ,
2476 3319 2653 3390 sitque
2674 3318 3151 3374 consubstantialis
3171 3317 3317 3372 Patri
3346 3320 3651 3375 secundum
3671 3320 3760 3374 die

2150 3409 2454 3472 viuitatem,
2507 3417 2564 3463 et
2589 3409 3064 3464 consubstantialis
3106 3409 3266 3463 matri
3307 3409 3611 3464 secundum
3653 3412 3752 3466 hu-

2149 3501 2465 3556 manitatem
2495 3508 2588 3556 :et
2611 3500 2753 3556 sicut
2781 3500 2902 3555 ideo
2928 3501 3402 3556 consubstantialis
3431 3499 3580 3556 Patri
3629 3519 3752 3558 cre-

2149 3590 2333 3657 ditur,
2375 3592 2502 3661 qnia
2544 3591 2793 3662 proprius
2839 3590 2958 3660 ejus
3001 3599 3058 3645 et
3103 3606 3263 3646 verus
3290 3601 3374 3646 est
3419 3591 3628 3657 Filius,
3676 3595 3752 3648 sic

2148 3685 2310 3738 etiam
2353 3685 2513 3739 matri
2571 3691 2860 3754 propterea
2921 3683 3393 3738 consubstantialis
3448 3686 3751 3753 credatur,

2147 3777 2272 3846 quia
2303 3777 2558 3847 proprius
2585 3777 2749 3830 etiam
2779 3775 2896 3844 ejus
2922 3791 2978 3831 et
3005 3793 3163 3832 verus
3192 3784 3276 3831 est
3304 3776 3463 3832 ﬁlius.

2759 3977 2990 4034 CAPUT
3027 3977 3118 4032 IV.

2151 4094 2304 4160 Quod
2329 4093 2474 4148 beata
2506 4093 2679 4148 Maria
2706 4109 2820 4146 vere
2857 4111 2918 4147 ac
2944 4093 3148 4162 proprie
3182 4092 3244 4143 sit
3273 4101 3432 4144 mater
3473 4091 3592 4154 Dei,
3627 4110 3747 4146 conv

2217 4175 2294 4218 tra
2316 4166 2565 4234 quosdam
2595 4165 2875 4218 catholicos
2901 4172 2948 4217 et
2975 4173 3153 4215 contra
3183 4162 3544 4216 Nestorianos.
3603 4163 3750 4216 lira-

2219 4239 2478 4289 minantur
2526 4236 2754 4302 Ililarii,
2787 4235 3062 4306 Augustini
3122 4246 3167 4288 et
3207 4234 3411 4302 Leporii
3458 4235 3748 4304 presbyteri

2215 4309 2526 4362 testimonia.

2219 4421 2340 4476 Veri
2385 4431 2564 4477 autem
2594 4434 2650 4478 et
2678 4422 2880 4493 proprii
2925 4422 3015 4476 lilii
3047 4423 3165 4490 quis
3194 4422 3293 4476 nisi
3325 4420 3751 4476 absurdissimus

2139 4521 2303 4584 neget
2330 4529 2461 4569 vere
2481 4523 2536 4569 et
2565 4515 2783 4585 proprie
2805 4530 2924 4569 esse
2949 4515 3216 4568 matrem?
3236 4513 3380 4581 quod
3407 4528 3566 4583 atque
3593 4530 3752 4567 mon-

441 4611 649 4666 iautur,
685 4620 790 4659 non
822 4620 888 4660 co
915 4605 1243 4662 credendum
1276 4605 1530 4674 arbitror,
1561 4605 1686 4675 quia
1717 4621 1825 4659 non
1852 4605 1904 4660 in
1935 4620 2036 4661 no-
2071 4640 2116 4699 Β
2141 4606 2428 4661 stravimus
2474 4619 2682 4673 magum
2725 4604 2914 4676 synodi
2961 4603 3417 4658 Chalcedonensis
3462 4605 3752 4658 sententias

441 4693 586 4749 mine
612 4694 790 4750 Patris
823 4703 877 4750 et
907 4695 1026 4751 Filii
1055 4705 1112 4751 et
1138 4695 1372 4767 Spiritus
1397 4697 1566 4751 sancti
1591 4695 1848 4764 haptiza-ti
1886 4702 2032 4758 sunt,

440 4793 497 4837 ut
526 4787 689 4839 etiam
733 4788 787 4842 in
818 4788 948 4857 ipsis
974 4796 1285 4844 servaretur
1313 4788 1492 4844 verbis
1517 4802 1547 4841 a
1575 4787 1803 4842 Domino
1834 4785 2038 4841 consti~

441 4883 554 4930 tuta
588 4876 759 4932 forma
788 4880 1070 4948 baptismi;
1102 4882 1198 4936 sed
1227 4880 1352 4950 quia
1381 4879 1486 4935 hoc
1511 4886 1629 4934 erat
1658 4877 2037 4932 insinuandum

439 4968 585 5036 quod
607 4968 876 5039 baptismo
906 4987 1048 5027 novo
1076 4970 1275 5027 fuerint
1294 4970 1583 5042 haptizati,
1614 4968 1866 5026 sufﬁcere
1897 4968 2037 5024 iudi-

509 5151 674 5229 *_Alia
704 5153 802 5207 fuit
831 5155 1098 5209 sententia
1129 5157 1310 5229 sancti
1361 5158 1652 5226 Ambrosii,
1677 5161 1766 5229 qui
1809 5161 1861 5216 in
1892 5162 2030 5217 libro

436 5222 504 5306 de
530 5222 730 5306 Spiritu
752 5233 959 5306 sancto,
984 5241 1102 5295 cap.
1127 5225 1181 5306 εξ,
1203 5229 1476 5306 apostolos
1496 5222 1708 5306 censuit
1735 5233 1785 5286 in
1811 5234 2030 5289 nomine

436 5293 646 5368 Domini
675 5293 802 5349 Iesu
825 5293 1201 5368 tantummodo
1228 5293 1531 5368 baptizasse
1558 5318 1570 5353 :
1595 5300 1813 5368 plenum
1846 5311 2028 5359 tamen

435 5365 599 5421 fuisse
626 5366 960 5437 mysterium,
992 5367 1116 5435 quia
1141 5369 1233 5437 qui
1263 5365 1426 5424 unum
1458 5365 1672 5435 dixerit,
1705 5370 2028 5428 Trinitatem

434 5436 882 5518 signavit.’_Q_uod
913 5437 1087 5518 ipsum
1138 5436 1191 5492 in
1237 5439 1374 5518 libro
1414 5440 1489 5518 de
1527 5440 2029 5518 TrinitateuLatine

435 5507 813 5583 tantum-edito
836 5507 1126 5583 scripserat
1153 5517 1373 5583 sanctus
1399 5509 1744 5583 Athanasius.
1773 5509 2028 5583 Nunquid

437 5579 895 5651 prevaricatores,
947 5579 1151 5651 inquit,
1188 5580 1424 5634 mandati
1469 5579 1760 5651 Saluatoris
1808 5579 2034 5651 apostoli

434 5648 624 5718 allecti,
659 5659 710 5703 et
737 5658 918 5705 contra
959 5649 1292 5704 traditionem
1321 5652 1433 5722 ejus
1462 5649 1789 5722 baptizarant
1833 5648 2034 5710 tantam

514 5819 684 5890 iCod.
720 5822 946 5890 Vcron.,
975 5826 1027 5878 in
1059 5824 1226 5877 illum.

509 5889 530 5920 ³
553 5887 698 5944 Idem
729 5893 876 5962 cod.,
904 5887 1161 5949 similiter.

2143 4697 2470 4765 convenire,
2499 4705 2556 4752 et
2600 4711 2702 4752 nos
2741 4696 2979 4752 secundo
3008 4696 3317 4766 partitionis
3345 4697 3467 4751 loco
3495 4698 3753 4766 promisi-

2142 4804 2262 4845 mus
2287 4797 2611 4844 asscrturos.
2663 4778 3046 4843 insinuandum
3091 4802 3224 4842 vero
3267 4796 3353 4842 est
3407 4787 3561 4857 quod
3610 4789 3752 4844 hanc

2141 4896 2356 4951 quoque
2387 4879 2785 4937 confessionem
2831 4896 2936 4950 qua
2990 4880 3207 4934 beatam
3248 4879 3471 4934 Mariam
3512 4895 3646 4935 vere
3697 4886 3753 4934 et

2138 4973 2358 5044 proprie
2387 4973 2618 5029 dicimus
2645 4981 2872 5028 matrem
2905 4973 3022 5041 Dei,
3052 4973 3269 5042 quidam
3305 4973 3470 5027 etiam
3497 4988 3755 5027 commu-

2135 5166 2559 5219 mnltitudinem?
2590 5165 2711 5220 Non
2755 5167 2893 5219 enim
2920 5167 3168 5233 scriptum
3219 5172 3296 5217 est
3339 5162 3633 5230 baptisasse
3662 5177 3754 5214 eos

2135 5236 2190 5289 in
2220 5239 2426 5290 nomine
2454 5237 2633 5290 Patris
2665 5245 2714 5290 et
2757 5234 2886 5289 Filii
2915 5245 2964 5289 et
3010 5236 3238 5302 Spiritus
3266 5235 3461 5298 sancti,
3508 5233 3600 5285 sed
3628 5240 3747 5282 tan-

2137 5315 2243 5359 tum
2278 5309 2333 5360 in
2364 5309 2571 5361 nomine
2603 5307 2814 5361 Domini
2855 5305 3002 5360 Iesu.
3041 5303 3292 5374 Nunquid
3321 5320 3446 5373 ergo
3488 5303 3754 5374 primari-

2134 5378 2236 5450 cati
2271 5379 2432 5450 sunt?
2460 5376 2627 5450 Absit.
2666 5375 2811 5430 Nam
2843 5377 2962 5450 licet
3006 5374 3133 5429 Filii
3159 5371 3346 5450 nomen
3382 5371 3756 5450 tantummodo

2134 5447 2356 5510 dicatur,
2387 5448 2540 5501 habet
2559 5457 2729 5501 tamen
2761 5457 2811 5500 et
2838 5446 3054 5500 Patrem
3078 5455 3125 5498 et
3151 5445 3407 5517 Spiritum
3437 5445 3757 5517 pronuntia-

2135 5525 2262 5570 tum.
2285 5517 2343 5572 In
2373 5519 2564 5573 eadem
2597 5533 2815 5584 quoque
2845 5517 3115 5571 sententia
3151 5510 3236 5570 est
3265 5510 3576 5569 Fcrrattdus
3603 5510 3754 5565 idem

2140 5585 2404 5646 diaconus
2431 5589 2484 5642 in
2514 5589 2746 5659 epistola
2773 5588 2841 5642 ad
2873 5587 3200 5642 Anatolium.

2220 5825 2239 5857 ³
2261 5824 2406 5882 Idem
2437 5825 2556 5882 cod.
2569 5868 2582 5893 ,
2612 5824 2826 5881 Domini
2848 5823 2993 5880 Iesu.
