3974 6330
224 271 319 327 iiii

1102 271 1236 328 PRO
1274 272 1696 351 DEFENSIOZSE
1737 272 1951 328 TRIUM
1992 273 2307 332 CAPITUL.
2338 276 2465 333 LIB.
2508 276 2547 331 l.

3403 281 3508 335 5ιῆ

220 370 463 441 nicautes
501 384 753 442 Ecclesia:
781 394 807 422 ⁸
848 391 1038 457 putent
1066 403 1174 442 non
1202 387 1401 443 debere
1427 388 1658 458 suscipi,
1692 402 1814 443 cum
1844 390 1889 449 Α
1920 397 2092 453 catur,
2127 400 2301 445 utrum
2324 406 2450 446 vere
2477 400 2533 446 et
2556 392 2795 461 proprie,
2820 408 2886 447 an
2917 395 3276 465 nuncupative
3306 405 3356 451 et
3386 414 3513 467 per-

220 478 527 535 Nestorium
565 478 854 545 fateantur,
885 487 1110 549 prepter
1134 480 1278 547 quod
1307 494 1428 535 eam
1457 487 1685 534 matrem
1715 479 1812 535 Dei

219 571 467 641 negabat,
498 570 745 626 debuisse
766 571 1028 625 damnari.
1054 568 1281 638 Quibus,
1308 578 1597 638 antequam
1623 568 1815 624 Nesto-

220 662 386 716 rianis
413 662 868 730 respondeamus,
898 660 1331 730 respondendum
1364 662 1378 691 ¹
1411 668 1563 731 puto,
1595 660 1732 715 sicut
1760 670 1815 715 et

220 754 273 809 in
299 754 578 824 superiore
599 753 896 822 quaastione
917 752 1027 821 jam
1057 750 1256 807 factum
1285 760 1387 815 est,
1419 752 1567 821 quod
1593 752 1814 806 omnino

220 845 443 900 stultum
490 860 554 899 ac
584 852 739 913 turpe
783 842 883 907 sit,
936 850 992 897 et
1035 842 1539 897 condemnationem
1586 843 1816 911 probare

220 936 486 1001 Nestorii,
536 942 591 988 ct
638 934 851 988 beatam
880 932 1101 1010 Mariam
1148 946 1346 1000 negare
1395 931 1539 1000 quod
1586 946 1714 985 vere
1762 942 1817 985 et

220 1028 438 1098 proprie
481 1029 552 1081 sit
601 1035 774 1080 mater
813 1026 925 1079 Dei.
981 1025 1111 1079 Nam
1158 1026 1204 1079 si
1244 1040 1349 1093 qua
1401 1024 1529 1079 binc
1570 1040 1688 1079 esse
1719 1040 1816 1094 po-

222 1118 323 1171 tuit
350 1117 611 1185 quaestio,
642 1132 764 1170 cum
796 1117 912 1184 ipso
960 1115 1209 1170 Nestorio
1250 1115 1409 1169 simul
1439 1116 1655 1170 exclusa
1702 1124 1812 1181 est,

221 1212 313 1279 qui
345 1226 464 1264 eam
519 1219 745 1263 matrem
796 1206 887 1262 Dei
938 1224 1057 1263 esse
1111 1209 1360 1277 negabat.
1417 1208 1531 1262 lloc
1576 1210 1716 1263 enim
1763 1217 1819 1263 ct

220 1302 287 1355 ad
328 1301 653 1358 credendum
696 1298 935 1369 difficile,
980 1308 1035 1354 et
1064 1300 1281 1368 dignum
1330 1301 1695 1355 controversia
1740 1301 1818 1354 vi-

219 1396 469 1458 debatur,
530 1402 706 1448 utrum
757 1392 925 1446 Deum
972 1392 1060 1446 illa
1111 1393 1261 1460 virgo
1304 1392 1550 1460 genuerit
1590 1410 1602 1445 :
1654 1400 1816 1447 emto-

221 1501 341 1540 rum
392 1485 539 1555 quod
590 1499 714 1538 vere
753 1492 808 1539 et
852 1485 1068 1553 proprie
1108 1484 1383 1552 genuerit,
1434 1483 1689 1553 quidquid
1736 1491 1820 1539 est

223 1580 313 1632 ille
335 1592 497 1645 quem
527 1578 731 1645 genuit,
764 1577 933 1631 nulli’
966 1576 1181 1644 dignum
1216 1576 1617 1645 disceptationis
1655 1590 1819 1645 appa-

222 1681 325 1726 ret.
359 1671 461 1737 Qui
493 1685 621 1738 ergo
664 1670 967 1725 concedunt
1020 1670 1144 1738 quia
1184 1669 1352 1723 Deum
1385 1668 1548 1737 Virgo
1593 1670 1811 1736 genuit,

1919 483 2206 539 functorie.
2240 482 2391 549 Quod
2422 484 2464 538 si
2498 485 2683 539 dicunt
2712 502 2816 539 non
2847 501 2965 541 esse
2994 502 3328 556 couSiquens
3358 499 3434 555 ut,
3465 489 3509 545 si

1918 590 2047 630 vere
2075 584 2131 629 et
2154 576 2370 644 proprie
2402 590 2505 629 non
2532 576 2631 640 sit,
2662 562 3024 646 nuncupative
3052 587 3107 631 et
3148 579 3513 648 perfunctorie

1919 668 1990 720 sit
2015 675 2189 721 mater
2232 666 2347 731 Dei,
2396 666 2504 736 ipsi
2546 666 2725 721 dicant
2766 668 2984 721 modum
3024 683 3131 737 quo
3175 678 3362 724 contra
3411 685 3514 726 nos

1920 760 2257 832 prmdicanda
2301 759 2372 815 sit
2414 766 2589 813 mater
2629 758 2742 813 Dei.
2775 756 2959 813 Omnis
2987 759 3129 813 enim
3158 760 3248 829 qui
3290 760 3511 815 alterius

1919 851 2287 921 praadieationi
2320 859 2604 920 repugnat,
2634 849 2815 905 dicere
2840 850 3004 905 debet
3029 850 3226 918 aliquid
3254 852 3398 919 quod
3418 859 3512 905 aut

1919 943 2249 998 contrarium
2292 942 2341 996 ei
2380 944 2449 996 sit
2498 952 2590 995 aut
2636 941 2926 995 diversum.
2960 940 3111 996 Sicut
3139 942 3162 974 '
3192 943 3401 998 Arianis
3426 944 3512 997 di-

1920 1033 2163 1087 centibus
2208 1032 2350 1101 quod
2381 1033 2559 1087 minor
2588 1032 2746 1087 Patre
2774 1033 2843 1085 sit
2873 1031 3054 1094 Filius,
3087 1043 3273 1087 contra
3304 1050 3402 1087 nos
3427 1034 3512 1087 di-

1921 1124 2092 1178 cimus
2121 1122 2265 1193 quod
2293 1122 2516 1191 aequalis
2544 1123 2594 1176 ci
2639 1122 2742 1186 sit;
2775 1122 2915 1175 sicut
2946 1120 3248 1177 Manicbzeis
3283 1122 3513 1177 dicenti-

1920 1215 2020 1268 bus
2046 1215 2188 1281 quod
2218 1214 2573 1283 phantastica,
2607 1213 2660 1267 id
2681 1223 2765 1268 est
2786 1213 2912 1267 falsa
2935 1229 3063 1267 caro
3092 1213 3249 1268 fuerit
3275 1214 3511 1283 ejusdem

1922 1305 2041 1359 Filii
2064 1306 2177 1368 Dei,
2198 1313 2388 1360 contra
2409 1320 2507 1359 nos
2527 1304 2753 1359 dicimus
2774 1304 2917 1372 quod
2942 1304 2994 1357 in
3020 1319 3145 1358 vera
3166 1319 3327 1359 carne
3348 1304 3513 1359 homo

1921 1396 2081 1451 fuerit
2112 1396 2281 1450 factus
2307 1414 2319 1448 :
2351 1404 2512 1466 atque
2540 1396 2614 1449 ita
2644 1403 2699 1450 et
2729 1396 2801 1449 illi
2845 1396 3110 1460 vicissim,
3140 1397 3513 1466 impugnantes

1921 1488 2064 1558 quod
2096 1503 2280 1542 verum
2310 1494 2392 1543 est
2421 1496 2582 1555 atque
2611 1486 2932 1541 catholicum
2953 1528 2967 1553 ,
3018 1487 3285 1541 afﬁrmant
3313 1488 3511 1556 aliquid

1921 1595 2098 1635 suum.
2132 1580 2242 1634 Nec
2266 1580 2550 1648 quisquam
2579 1579 2734 1633 aliter
2763 1578 3246 1634 doctrinarresistit
3274 1580 3515 1651 alterius,

1922 1672 2024 1726 nisi
2068 1678 2258 1726 contra
2306 1670 2507 1739 aliquid
2536 1671 2680 1723 dicat
2713 1689 2725 1723 :
2760 1686 2877 1725 cum
2908 1686 3039 1724 vero
3070 1671 3266 1739 aliquid
3296 1680 3514 1725 contra-

221 1761 369 1830 quod
394 1760 695 1829 incapabile
715 1768 819 1826 est,
850 1769 905 1813 et
929 1760 1083 1813 unius
1102 1759 1447 1827 singulariter
1488 1761 1697 1824 matris,
1723 1776 1819 1814 cur
1854 1780 1897 1839 Β
1924 1764 2152 1830 dixerit,
2198 1775 2308 1817 tum
2359 1764 2574 1818 demum
2621 1764 2664 1819 si
2695 1764 3039 1832 acceptabilis
3086 1765 3156 1817 sit
3184 1764 3272 1817 illa
3300 1777 3515 1817 eontra-

222 1870 345 1909 eam
372 1860 574 1921 negant
595 1867 721 1907 vere
749 1860 807 1908 et
828 1852 1042 1921 proprie
1068 1851 1336 1919 genuisse,
1370 1851 1512 1918 quod
1534 1866 1822 1906 conunune

221 1946 475 2000 omnibus
502 1944 782 2009 matribus,
808 1952 865 1999 et
894 1943 1089 1997 nullius
1112 1942 1331 2010 dignum
1361 1950 1444 1998 est
1470 1943 1819 2011 quaestionis?

221 2036 288 2092 Et
315 2038 517 2093 audent
542 2038 762 2107 insuper
787 2037 912 2101 hoc,
938 2036 1082 2105 quod
1106 2036 1333 2090 dicimus
1359 2035 1572 2090 beatam
1602 2036 1820 2089 Mariam

224 2146 355 2186 vere
381 2140 438 2185 et
467 2131 682 2201 proprie
710 2138 936 2184 matrem
960 2128 1075 2196 Dei,
1108 2127 1441 2200 Eutychiano
1469 2128 1705 2196 dogmati
1730 2127 1824 2182 de-

222 2229 442 2291 putare,
475 2237 581 2274 non
608 2220 968 2287 intelligentes
995 2235 1169 2289 neque
1193 2235 1314 2288 quae
1353 2220 1661 2288 loquuntur,
1686 2202 1853 2273 sicut.

222 2312 354 2365 dicit
392 2310 686 2381 Apostolus
718 2309 771 2381 (Ι
805 2310 939 2364 Tim.
973 2326 1020 2375 ι,
1052 2311 1129 2379 7),
1161 2326 1336 2380 neque
1363 2311 1429 2365 de
1454 2310 1646 2379 quibus
1674 2310 1820 2364 aﬂir-

224 2414 408 2472 mant,
442 2420 563 2458 cum
592 2412 783 2459 sancta
828 2402 1283 2459 Chalcedonensis
1321 2403 1590 2475 synodus,
1639 2419 1669 2457 a
1717 2418 1821 2471 qua

224 2495 340 2565 ipse
368 2494 656 2549 damnatus
684 2502 765 2550 est
794 2493 1083 2564 Eutycbes,
1116 2494 1256 2548 sicut
1284 2494 1700 2549 memoravimus
1730 2492 1821 2564 (1η

225 2589 440 2643 auocat.
468 2588 537 2640 ad
566 2585 874 2657 Marciam),
898 2586 1037 2641 dicat
1064 2604 1076 2638 :
1115 2606 1133 2639 ‹
1165 2586 1444 2653 Quomodo
1470 2586 1563 2640 Dei
1589 2586 1824 2654 genitrix

224 2678 292 2731 sit
322 2678 478 2746 virgo
510 2679 742 2731 vocitata
774 2687 995 2747 propter
1022 2692 1144 2733 eum
1188 2678 1277 2747 qui
1308 2678 1664 2745 virginitatem
1708 2676 1824 2745 ejus

227 2768 483 2838 dignatus
513 2776 596 2822 est
622 2769 781 2822 etiam
813 2784 1032 2824 sacrare
1062 2777 1186 2838 post
1208 2776 1418 2838 partum
1437 2809 1453 2836 ,
1481 2768 1821 2837 vulvamque,

224 2867 285 2912 ut
319 2857 555 2913 decebat
600 2857 789 2923 Deum,
823 2859 1129 2925 integritate
1164 2858 1406 2927 signare,
1440 2857 1711 2927 quomodo
1736 2873 1827 2913 se-

224 2946 466 3003 cundum
508 2948 792 3002 veritatem
834 2957 1010 3002 mater
1037 2948 1181 3002 dicta
1224 2948 1295 3004 sit
1338 2957 1557 3018 propter
1585 2963 1826 3017 carnem,

225 3057 388 3112 quam
440 3056 510 3095 ex
559 3056 619 3096 se
668 3041 907 3096 omnium
961 3040 1188 3095 Domino
1239 3040 1581 3095 ministravit.
1620 3060 1639 3093 ι
1691 3039 1827 3094 Cum

1926 1856 2109 1921 dictio,
2141 1856 2474 1924 disquiritur.
2509 1853 2709 1909 [lorum
2733 1871 2861 1908 vero
2888 1855 2978 1923 qui
3011 1870 3108 1909 nos
3136 1856 3423 1924 prohibent
3445 1856 3516 1908 di~

1925 1964 2051 2004 cere
2070 1963 2197 2003 vere
2226 1958 2284 2002 et
2309 1946 2527 2017 proprie
2555 1954 2779 2001 matrem
2808 1946 2901 1999 Dei
2934 1945 3173 2009 Mariam,
3208 1961 3306 1999 nec
3335 1946 3514 1999 dicunt

1926 2040 2217 2095 secundum
2250 2053 2412 2107 quem
2445 2036 2662 2091 modum
2689 2035 2916 2091 dicenda
2946 2036 3017 2090 sit
3045 2044 3215 2089 mater
3245 2034 3369 2101 Dei,
3410 2051 3514 2087 non

1926 2138 2010 2185 est
2038 2130 2383 2198 quaerendum
2415 2129 2458 2181 si
2488 2127 2835 2198 acceptabilis
2864 2128 2934 2181 sit
2962 2126 3336 2181 contradictio.
3380 2125 3515 2179 Nam

1926 2220 2017 2291 qui
2046 2228 2236 2275 contra
2266 2219 2398 2273 nihil
2425 2218 2629 2286 dicunt,
2664 2218 2934 2287 quomodo
2963 2216 3048 2269 vel
3087 2216 3267 2271 dicere
3297 2216 3515 2270 videan-

1928 2312 2050 2366 tur?
2097 2309 2163 2363 Et
2192 2310 2312 2364 ideo
2356 2325 2462 2362 non
2497 2318 2601 2361 tam
2634 2308 2959 2361 laboriosum
3000 2307 3176 2363 studio
3220 2316 3405 2362 nostro
3433 2318 3516 2362 est

1928 2418 2115 2457 eorum
2140 2400 2457 2457 absurditati
2484 2400 2751 2463 resistere,
2783 2414 2943 2466 quam
2970 2397 3348 2452 existimationi
3377 2399 3516 2466 peri-

1928 2493 2193 2555 culosum,
2222 2506 2288 2545 ne
2309 2490 2586 2545 videamur
2607 2487 2875 2559 superﬂue
2896 2504 2999 2541 non
3026 2487 3516 2542 contradicentibus

1928 2582 2276 2652 respondere.
2320 2580 2574 2647 Quamvis
2619 2590 2795 2633 autent
2839 2586 3095 2645 negantes
3124 2577 3228 2630 hoc
3276 2587 3515 2629 nostrum

1928 2670 2072 2741 quod
2112 2670 2355 2733 dicimus,
2386 2684 2512 2724 vere
2541 2677 2595 2723 et
2624 2668 2839 2738 preprie
2869 2682 2987 2721 esse
3016 2674 3240 2720 matrem
3285 2666 3377 2721 Dei
3408 2665 3516 2719 Ma—

1929 2762 2094 2825 riam,
2146 2762 2278 2815 nibil
2325 2762 2583 2816 hactenus
2634 2759 3020 2813 afﬁrmaverint
3059 2774 3236 2825 suum,
3287 2759 3517 2813 interro-

1929 2854 2087 2924 gandi
2118 2862 2243 2908 sunt
2284 2861 2463 2907 tamen
2506 2861 2704 2917 utrum,
2738 2850 2878 2921 quod
2911 2850 3215 2904 necessario
3255 2850 3517 2918 sequitur,

1933 2949 2017 3003 vel
2044 2962 2241 3017 negare
2267 2946 2501 3001 audeant
2528 2945 2672 3016 quod
2702 2960 2801 2998 nos
2831 2943 3117 3014 prohibent
3156 2941 3395 2996 conﬁteri
3416 2982 3429 3006 ,
3465 2950 3519 2995 ut

1933 3041 2113 3095 addita
2145 3040 2431 3109 negatione
2457 3038 2639 3093 dicant
2660 3052 2777 3091 eam
2809 3053 2914 3091 non
2939 3050 3064 3090 vere
3090 3044 3144 3090 et
3171 3035 3384 3105 proprie
3407 3050 3519 3088 ma-

224 3133 407 3201 igitur,
442 3141 502 3187 ut
530 3133 618 3187 isti
647 3130 832 3186 Patres
859 3130 1188 3213 docuerunt,
1220 3139 1505 3201 propterea
1531 3129 1827 3187 secundum
1853 3154 1899 3218 C
1934 3142 2070 3189 trem
2101 3133 2217 3187 Dei.
2250 3131 2315 3186 Et
2338 3132 2448 3201 jam
2480 3146 2585 3185 non
2614 3130 2789 3184 dicam
2814 3145 2970 3184 aures
2997 3130 3405 3196 catholicorum,
3427 3128 3520 3183 sed

223 3224 515 3278 veritatem
560 3231 733 3277 mater
774 3223 795 3253 ³
846 3222 988 3277 dicta
1047 3223 1144 3286 sit,
1198 3223 1323 3292 quia
1379 3236 1597 3277 carnem
1647 3237 1714 3277 ex
1766 3236 1826 3276 se

227 3314 471 3367 omnium
512 3312 739 3367 Domino
769 3312 1112 3378 ministravit,
1142 3313 1286 3382 quod
1318 3312 1590 3384 Eutychos
1642 3320 1825 3380 negat,

229 3404 505 3475 quomodo
537 3413 753 3474 putatur
792 3403 1129 3475 Eutycbiano
1158 3404 1395 3474 dogmati
1427 3404 1824 3475 deputandum,

229 3498 313 3553 cui
342 3497 514 3574 magis
560 3496 828 3550 invenitur
856 3510 975 3552 esse
1002 3496 1373 3550 contrarium?
1404 3494 1520 3548 Non
1562 3495 1701 3548 enim
1730 3509 1826 3563 po-

230 3596 335 3643 test
360 3588 577 3642 beatam
604 3587 875 3656 Virginem
905 3603 1032 3642 vere
1060 3597 1113 3643 et
1142 3588 1361 3657 proprie
1390 3588 1570 3641 dicere
1601 3596 1827 3640 matrem

229 3680 360 3751 Dei,
397 3682 494 3736 sed
527 3683 889 3751 uuncupative
914 3682 1092 3751 potius
1139 3697 1202 3735 ac
1242 3681 1637 3750 perfunctorie,
1668 3694 1827 3747 quam

226 3789 335 3829 non
358 3774 533 3828 credit
556 3789 773 3827 carnem
796 3789 863 3827 ex
885 3788 942 3827 se
964 3773 1204 3828 omnium
1227 3773 1455 3827 Domino
1478 3771 1829 3825 ministrasse.

226 3864 347 3918 Non
397 3879 529 3933 ergo
560 3864 931 3918 Nestorianam
962 3873 1167 3917 tantum
1192 3905 1205 3928 ,
1239 3879 1424 3917 verum
1456 3862 1619 3916 etiam
1664 3860 1829 3933 Euty-

227 3954 481 4009 chianam
510 3955 754 4008 hzeresim
786 3954 1015 4008 destruit
1045 3954 1144 4007 ista
1174 3953 1460 4019 confessio,
1494 3972 1597 4023 qua
1639 3955 1834 4009 dicitur

228 4046 387 4100 beata
436 4045 602 4098 Maria
634 4062 757 4100 vere
786 4055 841 4098 et
870 4046 1085 4115 proprie
1116 4057 1288 4101 mater
1332 4047 1446 4102 Dei.
1481 4048 1633 4113 Quod
1661 4048 1704 4101 si
1736 4063 1834 4100 nos

228 4146 393 4189 recta:
426 4133 549 4188 lidci
594 4150 711 4189 esse
741 4150 849 4190 non
880 4138 1144 4203 credunt,
1172 4146 1225 4191 et
1254 4138 1451 4206 aliquid
1497 4139 1836 4207 suspicantur

232 4229 282 4282 in
315 4229 401 4282 bis
430 4228 612 4283 verbis
642 4229 893 4283 occulere
914 4268 928 4293 ,
976 4229 1247 4296 inquirant
1295 4246 1324 4283 a
1376 4230 1528 4285 nobis
1557 4231 1609 4284 id
1658 4231 1833 4300 ipsum

233 4321 688 4392 quemadmodum
710 4322 921 4389 volunt,
956 4331 1009 4374 et
1034 4322 1543 4390 interrogationibus
1572 4323 1683 4376 suis
1704 4322 1833 4390 quid

230 4414 531 4468 sentiamus
559 4413 797 4468 eliciant.
828 4412 885 4467 Si
929 4422 1108 4467 autem
1153 4411 1223 4467 de
1263 4412 1834 4481 rectitudinequidcm

235 4505 350 4560 tidei
382 4513 586 4559 nostra:
616 4519 721 4558 nou
752 4503 1017 4569 dubitant,
1062 4503 1155 4557 sed
1186 4511 1437 4572 putantes
1465 4503 1633 4571 ipsam
1676 4500 1831 4556 tidem

234 4608 437 4653 rectam
484 4612 595 4651 non
626 4596 792 4651 rectis
820 4596 999 4650 verbis
1044 4595 1413 4665 pronuntiari,
1464 4593 1646 4649 dicunt
1690 4592 1834 4663 quod

234 4701 394 4740 sensu
423 4687 645 4754 quidem
673 4701 858 4740 sumus
884 4684 1131 4754 perfecti,
1158 4699 1263 4739 non
1294 4693 1473 4738 autem
1495 4699 1681 4738 sumus
1708 4699 1834 4753 per-

233 4774 356 4829 tecti
389 4777 680 4840 sententia,
710 4792 830 4831 cum
861 4777 1155 4846 Apostolus
1181 4777 1233 4830 in
1265 4784 1494 4843 utroque
1523 4791 1623 4829 nos
1652 4775 1837 4828 horte-

234 4878 319 4924 tur
345 4871 621 4939 pertectos
648 4870 667 4899 ⁸
696 4870 883 4925 dicens
910 4888 921 4923 :
958 4870 1087 4924 Sitis
1133 4880 1301 4923 autem
1332 4870 1545 4939 perfecti
1568 4871 1621 4923 in
1658 4869 1835 4922 eodem

232 4974 385 5013 unm
409 4969 460 5013 et
482 4962 534 5013 in
563 4961 738 5013 cadent
759 4962 1011 5014 sententia
1034 4960 1088 5029 (l
1114 4960 1234 5014 Cor.
1260 4976 1299 5027 ι,
1325 4959 1411 5027 10)
1441 4978 1452 5013 :
1485 4959 1587 5027 ipsi
1608 4959 1837 5012 doceant

230 5057 503 5117 quritenus
530 5050 618 5104 illa
646 5050 825 5119 Virgo,
853 5051 998 5119 quod
1024 5066 1129 5105 non
1156 5052 1417 5113 abnuunt,
1440 5056 1611 5103 mater
1632 5046 1727 5101 Dei
1755 5046 1838 5100 di-

308 5236 333 5263 ι
372 5225 610 5295 Tametsi
643 5225 709 5278 de
738 5224 900 5279 Maria
927 5226 1163 5295 Virgine,
1196 5227 1325 5294 quin
1369 5241 1498 5282 vere
1525 5241 1587 5282 ac
1612 5226 1830 5295 proprie

227 5296 463 5353 dicenda
492 5296 559 5348 sit
580 5294 807 5363 Deipara
838 5294 1090 5358 θεοτὸκᾱς,
1122 5298 1393 5364 ambigere
1425 5298 1566 5351 inter
1597 5294 1831 5349 catholi~

228 5385 328 5423 cus
358 5368 626 5437 integrum
646 5380 754 5437 non
776 5376 893 5419 erat
914 5376 1033 5435 post
1056 5368 1318 5437 synodum
1348 5367 1694 5437 Ephesinam,
1717 5382 1834 5436 qua:

230 5437 439 5509 liquido
465 5435 517 5490 id
538 5435 717 5490 sanxit
754 5445 942 5491 contra
970 5435 1275 5494 Nestorium
1306 5456 1319 5492 z
1354 5435 1460 5493 neu
1488 5435 1835 5493 det‘uisseta-

308 5644 322 5672 ‘
357 5642 498 5696 Cod.
526 5641 753 5709 Veron.,
780 5641 1258 5697 demonstrandum.

306 5715 324 5742 ’
358 5710 506 5766 Idem
530 5712 672 5775 cod.,
699 5714 909 5765 nullius.

306 5782 329 5814 ⁸
362 5782 507 5838 idem
535 5782 680 5847 cod.,
710 5795 871 5837 mater
898 5783 1012 5836 Dei.

1930 3224 2080 3281 frons
2111 3224 2322 3279 illorum
2365 3222 2503 3277 ferat
2521 3263 2537 3288 ,
2566 3221 2611 3275 si
2640 3227 2841 3289 potest,
2874 3219 3013 3273 hanc
3041 3218 3316 3288 profanam
3344 3227 3399 3273 et
3425 3218 3520 3272 dea

1930 3315 2232 3370 testabilem
2262 3328 2473 3369 vocem.
2506 3312 2561 3366 Si
2595 3318 2774 3365 autem
2806 3325 2911 3364 non
2937 3308 3135 3363 audent
3162 3309 3360 3373 dicere,
3405 3308 3520 3363 Non

1930 3422 2060 3461 vere
2079 3414 2134 3459 et
2164 3404 2379 3475 proprie
2401 3412 2573 3457 mater
2600 3410 2683 3456 est
2708 3400 2824 3463 Dei,
2846 3416 2943 3455 cur
2964 3416 3064 3453 nos
3086 3400 3368 3469 prohibent
3390 3415 3520 3455 con-

1932 3498 2070 3553 ﬁteri
2128 3497 2271 3565 quod
2316 3510 2513 3564 negare
2559 3510 2664 3548 non
2707 3492 2949 3547 audent?
2996 3492 3336 3558 Cognoscaut
3367 3491 3520 3558 igitur

1930 3605 2054 3645 cum
2084 3598 2268 3643 sancta
2295 3588 2521 3659 synodo,
2550 3586 2701 3656 cujus
2729 3600 2788 3640 se
2810 3583 3130 3653 profitentur
3156 3584 3371 3638 decreta
3403 3600 3521 3638 sus‘

1931 3683 2145 3751 cipere,
2205 3681 2357 3751 quod.
2389 3691 2674 3753 propterea
2715 3679 2871 3737 beata
2917 3678 3003 3732 illa
3035 3677 3197 3743 Virgo
3226 3676 3517 3731 secundum

1931 3776 2215 3833 vetitatem
2240 3789 2413 3832 mater
2441 3778 2581 3832 dicta
2606 3778 2677 3831 sit
2704 3776 2818 3841 Dei,
2850 3774 3102 3845 quoniam
3132 3786 3347 3827 carnem
3378 3787 3444 3825 ex
3467 3786 3521 3826 so

1934 3870 2171 3924 omnium
2204 3867 2434 3922 Domino
2463 3867 2815 3931 ministravit,
2848 3874 2903 3920 ct
2933 3880 3037 3919 non
3067 3878 3124 3917 se
3152 3862 3332 3917 dicant
3359 3859 3522 3930 Euty-

1933 3959 2141 4013 chiauis
2166 3972 2466 4027 repugnare
2489 3998 2505 4025 ,
2537 3966 2795 4025 negantes
2821 3970 2947 4010 vere
2976 3963 3031 4007 et
3059 3953 3273 4023 proprie
3299 3960 3523 4006 matrem

1936 4051 2029 4106 Dei
2055 4051 2273 4105 Mariam
2294 4092 2308 4117 ,
2342 4067 2463 4106 cum
2492 4050 2671 4119 potius
2697 4050 2777 4104 eis
2816 4048 2979 4103 nescii
3009 4047 3189 4100 favere
3218 4054 3524 4099 monstren-

1936 4150 2040 4203 tur,
2083 4140 2381 4195 resistendo
2410 4141 2689 4195 sententia:
2722 4139 2913 4210 synodi
2954 4136 3440 4199 Chalcedonensis,
3474 4135 3524 4188 in

1935 4246 2037 4298 qua
2063 4230 2297 4283 damnati
2341 4236 2464 4283 sunt
2489 4268 2503 4292 ,
2535 4236 2589 4283 et
2619 4228 2861 4295 negando
2891 4227 3034 4295 quod
3061 4242 3244 4282 eorum
3269 4234 3350 4281 est
3380 4225 3524 4277 vani~

1937 4321 2035 4374 tati
2065 4319 2414 4374 contrarium.
2448 4318 2580 4374 Illud
2621 4320 2784 4373 etiam
2810 4326 3040 4373 caveant
3082 4317 3524 4372 Nestoriaunrmu

1936 4414 2144 4483 experti
2168 4411 2466 4480 perlidiam,
2492 4412 2685 4481 quibus
2707 4427 2803 4481 pro
2829 4413 2928 4466 hac
2949 4426 3165 4480 quoque
3190 4408 3524 4463 confessione

1865 4534 1915 4591 Β
1934 4503 2046 4571 jam
2076 4502 2403 4573 respondere
2430 4501 2719 4568 debemus,
2759 4517 2827 4556 ne
2865 4502 3019 4568 quasi
3068 4515 3165 4568 pro
3215 4505 3524 4553 naturarum

1939 4593 2263 4648 discretione
2292 4591 2531 4646 dicentes
2558 4592 2699 4660 quod
2729 4606 2836 4645 non
2865 4590 3029 4644 homo
3071 4589 3313 4642 Christus
3350 4587 3524 4652 Jesus,

1939 4684 2035 4740 sed
2066 4685 2205 4738 Deus
2234 4682 2466 4737 Verbum
2495 4681 2746 4750 proprius
2773 4694 2829 4735 et
2870 4696 3027 4735 verus
3072 4680 3142 4734 sit
3183 4678 3345 4732 Filius
3389 4678 3479 4732 Dei
3512 4695 3527 4743 ;

1941 4783 2036 4827 aut
2059 4774 2201 4843 quod
2223 4789 2329 4827 non
2357 4771 2499 4826 Deus
2530 4771 2781 4836 Verbum,
2808 4770 2901 4825 sed
2924 4770 3087 4825 homo
3111 4768 3355 4823 Christus
3374 4768 3526 4823 Jesus

1944 4865 2191 4935 proprius
2219 4874 2274 4919 ct
2298 4878 2459 4918 verus
2486 4864 2554 4917 sit
2584 4862 2721 4917 ﬁlius
2749 4862 3005 4927 hominis;
3038 4861 3319 4916 vidcantur
3343 4870 3398 4915 et.
3429 4861 3525 4930 ipsi

1943 4973 2050 5011 non
2076 4956 2319 5009 eumdem
2340 4955 2565 5010 credere
2594 4955 2762 5008 Deum
2790 4954 3022 5009 Verbum
3046 4970 3205 5022 quem
3233 4952 3523 5014 hominem,

1942 5050 2032 5105 sed
2050 5049 2271 5103 alteram
2295 5064 2581 5120 personam
2608 5049 2726 5116 Dei,
2750 5047 2974 5103 alteram
2996 5045 3229 5103 hominis
3257 5043 3526 5100 arbitrari.

1937 5243 2058 5299 men
2083 5230 2172 5299 qui
2198 5230 2264 5286 de
2286 5246 2350 5285 ea
2374 5245 2509 5286 voce
2535 5230 2621 5285 bis
2650 5228 2986 5299 temporibus
3008 5225 3277 5299 immerito
3302 5233 3525 5299 conttjtk

1939 5291 2153 5371 derexit,
2186 5311 2381 5371 pnetcr
2408 5301 2741 5363 Facundum,
2768 5291 3007 5371 ostendit
3047 5292 3419 5371 exdustinianl
3445 5291 3524 5342 lit-

1943 5372 2073 5427 teris
2094 5366 2329 5427 Joannes
2356 5387 2493 5443 papa
2518 5374 2571 5427 in
2602 5372 2789 5427 eadem
2816 5370 3039 5441 epistola
3067 5366 3134 5421 ad
3162 5369 3457 5419 senatores.

2021 5638 2042 5670 ⁸
2069 5638 2215 5693 Idem
2240 5636 2385 5699 cod.,
2412 5639 2664 5706 perfectos
2691 5646 2820 5684 esse.

2019 5711 2039 5741 ⁵
2070 5709 2213 5765 Idem
2241 5707 2340 5763 cod
2372 5747 2384 5773 ,
2419 5710 2511 5760 sic.
