3974 6330
367 334 472 387 M3

1463 319 1755 378 FACUNDI
1798 315 2009 374 EPISC.
2049 309 2557 371 IIERMIANENSIS

3547 305 3580 358 5
3589 305 3652 358 id

372 454 537 508 Porro
561 455 604 508 si
636 451 777 509 idem
805 459 890 506 est
917 451 1057 505 Deus
1087 449 1176 519 qui
1207 448 1394 512 homo,
1427 455 1482 499 et
1511 445 1652 500 idem
1677 445 1843 500 homo
1869 442 1962 512 qui
1996 444 2040 503 A
2067 439 2293 511 simplici
2319 447 2521 493 natura
2534 435 2708 490 Patris
2728 430 3200 491 consubstantialis
3223 427 3432 493 eﬁccta,
3458 429 3528 482 ita
3551 441 3659 481 non

373 546 545 610 Deus;
593 553 700 598 tam
743 550 891 598 recte
937 541 1132 596 dicitur
1181 539 1324 596 Deus
1355 537 1592 593 Verbum
1621 536 1874 607 proprius
1909 543 1964 589 et

375 652 532 692 verus
563 636 700 691 titius
727 634 990 702 hominis,
1033 648 1198 703 quam
1239 639 1391 687 recte
1436 629 1632 686 dicitur
1678 629 1822 684 idem
1853 629 1966 698 ipse

375 726 640 781 mediator
664 727 758 781 Dei
783 733 838 781 et
865 725 1146 780 hominum
1175 725 1338 780 homo
1365 722 1610 778 Christus
1636 718 1812 784 Iesus,
1842 735 1969 791 pro-

377 820 523 889 prius
551 827 607 874 et
635 834 796 874 verus
835 818 1000 874 Filius
1029 817 1123 873 Dei
1151 835 1164 870 :
1197 833 1297 872 nec
1327 817 1434 871 ulla
1483 816 1728 872 confusio
1755 822 1971 868 natura-

378 927 494 964 rum
527 926 591 965 ex
623 911 727 966 hoc
754 909 1044 976 inducitur,
1077 909 1171 964 sed
1193 923 1439 979 persona:
1469 908 1645 962 unitas
1671 907 1966 960 intimatur.

379 1001 562 1069 Neque
591 991 733 1055 enim
781 1000 1150 1056 confusionem
1183 1009 1492 1055 naturarum
1534 999 1769 1054 Joannes
1815 997 1974 1054 indu-

381 1092 537 1145 eebat
573 1091 848 1161 apostolus
888 1092 1071 1147 dici-ns
1103 1109 1116 1144 :
1150 1091 1352 1147 Scimus
1399 1077 1646 1163 quoniam
1677 1091 1848 1146 Filius
1878 1089 1975 1145 Dei

381 1185 533 1247 venit,
562 1194 611 1238 et
637 1184 779 1238 dedit
799 1185 1114 1240 intellectum
1142 1185 1180 1247 ¹,
1213 1195 1270 1238 ut
1295 1187 1519 1239 sciamus
1541 1185 1677 1257 quod
1703 1193 1780 1239 est
1807 1202 1972 1251 verus,

383 1286 431 1328 et
449 1292 626 1332 sumus
649 1289 671 1311 υ
693 1277 749 1329 in
771 1292 886 1330 vero
910 1275 1046 1330 Filio
1066 1276 1178 1347 ejus
1197 1275 1323 1330 Iesu
1343 1275 1547 1331 Christo
1571 1275 1751 1347 (Joan.
1775 1291 1831 1342 v,
1853 1274 1975 1346 20);

385 1369 469 1422 vel
524 1369 717 1422 Paulus
762 1384 884 1422 cum
915 1367 1169 1422 diceret:
1222 1367 1283 1421 Si
1327 1367 1469 1422 Deus
1515 1385 1610 1438 pro
1655 1369 1836 1432 nobis,
1866 1369 1979 1439 quis

387 1465 568 1512 contra
590 1458 722 1512 nos?
749 1458 836 1528 qui
864 1457 1021 1510 etiam
1060 1456 1201 1512 Filio
1231 1459 1440 1528 proprio
1481 1474 1584 1513 non
1612 1459 1856 1529 pepercit,
1888 1458 1982 1511 sed

387 1565 482 1618 pro
523 1548 670 1602 nobis
710 1548 945 1602 omnibus
980 1547 1199 1602 tradidit
1226 1548 1372 1602 illum
1405 1547 1584 1620 (Rom.
1611 1564 1733 1614 vm,
1763 1547 1876 1618 3i).
1923 1547 1981 1603 Si

390 1648 570 1693 autem
596 1638 832 1694 Ioannes
851 1638 1154 1705 Christum,
1189 1640 1238 1694 id
1270 1649 1354 1695 est
1392 1648 1632 1704 unctum,
1662 1656 1848 1694 verum
1889 1639 1984 1694 Dei

393 1729 583 1784 Filium
614 1730 762 1793 dicit,
791 1745 950 1800 quem
982 1740 1037 1785 et
1065 1731 1276 1786 venisse
1302 1739 1562 1795 testatur;
1589 1730 1776 1786 venire
1803 1737 1984 1783 autem

2067 536 2330 605 sequitur,
2377 547 2498 586 cum
2530 529 2758 584 dicimus
2799 543 2927 582 vere
2964 534 3020 579 et
3049 523 3266 594 proprie
3305 529 3536 577 matrem
3567 518 3663 573 llei

2069 627 2310 690 Mariam,
2338 633 2396 679 ut
2419 623 2594 678 dcitas
2613 621 2774 676 Verbi
2798 632 3058 675 conversa
3083 615 3326 670 videatur
3345 613 3398 667 in
3420 627 3664 700 carnem,

2070 727 2125 774 et
2144 727 2336 772 natura
2366 715 2569 779 divina,
2594 728 2712 782 qua:
2737 710 2967 780 simplex
2994 716 3094 772 est,
3120 705 3434 776 compositae
3463 697 3671 759 natura:

2071 810 2262 864 matris
2290 805 2761 864 consubstantialis
2801 801 3012 858 effecta.
3045 798 3296 868 Alioquin
3338 797 3384 852 si
3412 797 3670 866 blasphe-

2072 920 2217 959 mum
2249 912 2303 958 et
2329 901 2613 956 absurdum
2643 907 2725 954 est
2754 897 2899 969 quod
2928 897 3082 951 beata
3106 894 3271 949 Maria
3305 908 3428 949 vere
3455 901 3510 948 et
3539 909 3671 963 pro;

2077 998 2191 1068 prie
2219 996 2413 1050 dicitur
2452 1005 2626 1048 mater
2669 993 2782 1056 Dei,
2811 991 2928 1046 sine
2958 989 3064 1044 ulla
3094 987 3486 1057 disceptatione
3531 987 3675 1040 blas-

2075 1091 2330 1161 phemum
2360 1093 2416 1141 et
2442 1084 2728 1139 absurdum
2768 1091 2870 1150 est,
2900 1081 3043 1151 quod
3068 1081 3210 1135 Dens
3234 1079 3466 1134 Verbum
3497 1079 3514 1108 "
3544 1093 3680 1133 vere

2079 1191 2134 1235 et
2162 1179 2378 1250 preprie
2423 1178 2618 1233 dicitur
2664 1173 2805 1229 ﬁlius
2850 1171 3103 1228 hominis.
3149 1170 3207 1225 Si
3255 1178 3433 1225 autem
3473 1177 3526 1222 et
3570 1169 3681 1224 hoc

2080 1271 2450 1341 blasphemum
2481 1279 2538 1323 et
2563 1267 2850 1322 absurdum
2893 1263 3127 1328 videtur,
3173 1270 3231 1316 ut
3270 1261 3410 1316 Deus
3438 1259 3686 1314 Verbum

2080 1379 2211 1420 vere
2255 1371 2309 1418 et
2335 1361 2556 1432 proprie
2585 1360 2794 1416 dicatur
2823 1357 2962 1410 ﬁlius
2988 1353 3221 1408 hominis
3239 1392 3254 1418 ,
3285 1357 3686 1418 consequenter

2082 1451 2453 1522 blasphemum
2500 1447 2764 1502 videbitur
2804 1452 2860 1500 et
2927 1441 3217 1497 absurdum
3277 1447 3336 1494 ut
3379 1439 3519 1493 idem
3561 1437 3685 1508 ipse

2085 1542 2351 1598 mediator
2379 1538 2474 1594 Dei
2504 1549 2561 1593 et
2599 1536 2876 1592 hominum
2905 1535 3068 1590 homo
3105 1531 3349 1586 Christus
3375 1527 3531 1584 Iesus
3551 1542 3687 1582 vere

2087 1644 2142 1692 et
2170 1633 2388 1705 prepric
2411 1631 2624 1686 dicatur
2645 1629 2812 1683 Filius
2836 1626 2948 1679 Di-i.
2981 1625 3150 1680 Porro
3174 1622 3450 1692 Scriptura
3478 1619 3684 1684 divina,

2088 1742 2209 1798 qua:
2248 1725 2381 1780 nihil
2425 1723 2798 1793 blasphemum
2844 1716 3084 1786 loquitur
3118 1716 3202 1770 vel
3229 1713 3514 1769 absurdum
3535 1751 3552 1776 ,
3583 1727 3688 1780 pro

394 1832 449 1876 ct
475 1822 618 1890 ungi,
643 1799 902 1890 quantum
923 1822 992 1877 ad
1013 1831 1325 1877 naturarum
1349 1821 1730 1878 discretionem
1752 1830 1980 1892 spectat,
2021 1823 2060 1880 Β
2090 1819 2297 1875 unitate
2325 1828 2570 1885 personae
2594 1827 2782 1866 verum
2811 1817 2866 1864 et
2892 1807 3171 1878 proprium
3204 1804 3295 1859 Dei
3325 1802 3518 1857 Filium
3555 1799 3692 1854 dicit

395 1916 714 1969 humanitati
736 1918 912 1986 potius
931 1931 1094 1984 quam
1117 1915 1304 1970 deitati
1325 1915 1688 1980 conveniunt;
1710 1923 1768 1970 et
1785 1916 1829 1970 si
1851 1916 1993 1970 Pau-

396 2004 478 2062 lus
503 2022 668 2077 quem
713 2009 990 2078 proprium
1028 2008 1124 2065 Dei
1152 2019 1313 2064 vocat
1352 2009 1578 2075 Filium,
1624 2009 1727 2079 ipsi
1774 2007 1990 2064 Patrem

397 2113 504 2152 non
531 2101 840 2172 pepercisse
884 2101 1081 2170 docet,
1113 2102 1210 2158 sed
1238 2118 1360 2158 eum
1403 2118 1502 2174 pro
1547 2103 1703 2158 nobis
1746 2103 1994 2158 omnibus

399 2194 717 2260 tradidisse,
766 2202 822 2250 et
851 2196 1032 2250 omnia
1061 2196 1110 2250 ei
1140 2197 1400 2262 donasse;
1430 2210 1551 2264 qum
1577 2196 1843 2262 similiter,
1873 2211 1996 2251 cum

401 2285 468 2339 de
498 2287 704 2340 naturis
732 2286 909 2355 agitur
935 2286 1352 2356 distinguendis,
1403 2286 1588 2342 deitati
1631 2301 1738 2340 non
1771 2295 2000 2356 possunt

402 2377 654 2444 attribui;
687 2385 744 2432 ct
785 2385 976 2433 neuter
1018 2378 1210 2433 borum
1255 2378 1380 2432 talia
1426 2377 1726 2448 praadicans
1765 2376 2001 2432 creditur

403 2466 710 2524 confudisse
753 2477 1002 2537 naturas,
1041 2469 1135 2524 sed
1166 2471 1428 2524 unitatem
1459 2469 1631 2539 magis
1673 2469 2002 2538 expressisse

405 2574 652 2631 persona:
678 2577 691 2612 :
724 2561 1087 2630 respondeant
1117 2560 1437 2625 Nestoriani,
1469 2560 1743 2630 quomodo
1774 2575 1883 2615 non
1913 2574 2005 2614 ea—

407 2651 528 2706 dem
569 2652 868 2722 personalis
905 2653 1126 2709 unitatis
1171 2653 1333 2718 ratio,
1383 2653 1502 2708 sine
1541 2653 1650 2708 ulla
1691 2660 2003 2707 naturarum

409 2741 746 2808 Confusione,
781 2741 850 2797 de
873 2743 1029 2798 nobis
1054 2743 1276 2812 ﬂagitat,
1305 2753 1362 2799 ut
1393 2759 1520 2800 vere
1540 2751 1594 2799 et
1621 2745 1838 2814 proprie
1860 2745 2008 2799 dica-

411 2848 533 2889 mus
565 2833 729 2888 ﬁlium
758 2834 992 2890 hominis
1014 2835 1184 2890 Deum
1206 2835 1472 2904 Verbum,
1501 2843 1557 2890 et
1590 2835 1802 2890 beatam
1827 2835 2006 2905 Virgi-

413 2942 536 2982 nem
561 2942 687 2981 vere
715 2934 769 2980 et
795 2926 1013 2997 proprie
1039 2935 1267 2982 matrem
1297 2927 1427 2982 Dei.
1445 2926 1579 3002 Nam
1619 2934 1675 2981 et
1705 2927 1792 2982 ille
1819 2935 2008 2982 centu-

413 3020 517 3084 rio,
549 3019 640 3089 qni
663 3034 860 3089 corpus
880 3017 1090 3073 Domini
1117 3018 1300 3088 gloriae
1324 3017 1565 3074 cruciﬁxi
1589 3019 1856 3085 servabat,
1887 3032 2008 3074 cum

415 3111 727 3181 exSpirante
748 3109 930 3164 mundi
953 3112 974 3142 ³
998 3110 1274 3176 Creatore,
1305 3109 1490 3165 mundi
1513 3109 1721 3165 videret
1740 3110 2009 3166 elementa

2093 1908 2443 1966 mediatorem
2482 1905 2576 1959 Dei
2606 1911 2660 1958 et
2689 1901 2986 1965 hominum,
3017 1897 3290 1954 hominem
3318 1892 3496 1948 Iesum
3523 1889 3691 1944 Chri-

2093 2007 2237 2056 stum
2282 2015 2296 2051 :
2349 1995 2440 2068 qui
2491 1993 2639 2049 dedit
2699 1991 3048 2059 semetipsum
3111 1985 3539 2055 redemptionem
3588 1996 3700 2052 pro

2095 2091 2364 2154 omnibus,
2397 2088 2448 2141 in
2479 2101 2588 2156 quo
2611 2099 2743 2139 vero
2769 2083 2863 2136 Dei
2891 2080 3027 2135 Filio
3049 2093 3252 2140 sumus,
3284 2083 3339 2131 et
3363 2075 3448 2129 cui
3471 2072 3694 2143 proprio

2096 2182 2234 2238 Filio
2264 2179 2427 2234 Pater
2447 2193 2556 2232 non
2586 2175 2846 2246 pepercit,
2876 2171 2968 2227 sed
2999 2185 3096 2241 pro
3124 2169 3279 2224 nobis
3303 2167 3555 2223 omnibus
3583 2174 3698 2219 tra-

2098 2275 2229 2331 didit
2249 2274 2416 2329 illum.
2443 2271 2610 2326 Recte
2632 2269 2794 2336 igitur
2814 2267 2974 2321 etiam
2995 2265 3152 2318 beata
3175 2261 3359 2323 Maria,
3383 2275 3482 2329 pro
3503 2257 3697 2312 eadem

2099 2367 2307 2424 unitate
2327 2377 2594 2435 personae,
2625 2375 2755 2416 vere
2779 2367 2834 2414 et
2858 2357 3077 2428 proprie
3105 2361 3278 2409 mater
3303 2352 3500 2407 dicitur
3529 2349 3704 2420 ipsius

2102 2459 2364 2528 unigeniti
2406 2457 2502 2512 Dei
2543 2453 2727 2509 Verbi.
2787 2450 3021 2519 Ideoque
3063 2445 3490 2517 sapientissimus
3536 2449 3704 2511 atque

2105 2534 2436 2606 clarissimus
2462 2544 2822 2602 Ecclesiarum
2852 2539 3050 2596 Christi
3091 2536 3346 2607 magister
3373 2531 3708 2600 Augustinus

2106 2643 2159 2698 in
2189 2655 2354 2711 opere
2380 2642 2682 2692 memorato
2711 2631 2855 2703 quod
2882 2628 3205 2698 conscripsit
3245 2626 3311 2681 de
3340 2622 3703 2679 Przedestina-

2105 2731 2253 2787 tione
2273 2737 2328 2785 et
2347 2723 2749 2798 perseverantia
2769 2728 3080 2778 sanctorum
3104 2716 3255 2786 (Cap.
3286 2713 3372 2784 15)
3393 2731 3405 2766 :
3434 2733 3450 2764 ι
3472 2712 3701 2774 Clamat,

2108 2821 2302 2892 inquit,
2323 2818 2528 2875 Doctor
2547 2814 2785 2884 gentium
2809 2812 2862 2867 in
2883 2809 3061 2880 capite
3080 2805 3440 2877 Epistolarum
3464 2817 3706 2860 suarum.

2109 2911 2310 2967 Paulus
2338 2925 2516 2964 servus
2543 2907 2668 2962 Iesu
2689 2902 2884 2959 Christi
2912 2909 3119 2956 vocatus
3149 2896 3430 2968 apostolus,
3461 2909 3712 2964 segrega-

2111 3013 2191 3058 tus
2212 3003 2268 3058 in
2291 2999 2632 3072 Evangetium
2663 2995 2784 3060 Dei,
2813 2992 2951 3066 quod
2992 2999 3111 3043 ante
3140 2987 3446 3059 promiserat
3471 2999 3568 3052 per
3594 2995 3715 3050 pro-

2112 3096 2293 3167 phetas
2313 3109 2432 3148 suos
2453 3092 2508 3145 in
2526 3088 2814 3160 Scripturis
2835 3084 3030 3140 sanctis
3051 3081 3114 3136 de
3133 3079 3274 3134 Filio
3294 3095 3408 3141 suo,
3435 3077 3522 3148 qui
3545 3076 3717 3146 [nctus

418 3203 642 3263 turbari,
687 3201 879 3255 Filium
911 3201 1005 3256 Dei
1033 3216 1156 3256 eum
1186 3217 1375 3256 verum
1405 3200 1424 3232 ³
1456 3215 1578 3256 εεεε
1621 3201 1907 3270 cognovit;
1939 3201 2007 3256 ait

2117 3197 2195 3243 est
2219 3188 2266 3242 ei
2294 3203 2360 3241 ea:
2387 3183 2585 3240 semine
2620 3179 2793 3235 David
2839 3175 3122 3246 secundum
3159 3186 3399 3230 carnem:
3443 3185 3532 3239 qui
3579 3181 3719 3236 pra:-

419 3293 558 3347 enim
588 3311 601 3344 :
648 3293 776 3347 Vere
807 3292 978 3347 Fili-us
1008 3292 1107 3346 Dei
1147 3301 1261 3347 erat
1308 3293 1405 3348 iste
1436 3291 1650 3360 (Matth.
1682 3307 1859 3359 xxvn,
1899 3291 2017 3362 ει).

421 3387 585 3456 Cujus
622 3387 772 3442 verbi
822 3386 980 3441 ﬁdem
1009 3385 1200 3440 beatus
1247 3383 1376 3440 facit
1422 3383 1687 3449 Hilarius,
1736 3383 1809 3438 ita
1839 3382 2022 3438 dicens

425 3477 562 3548 (Lib.
597 3493 654 3532 ιιι
694 3476 757 3531 de
787 3475 1107 3547 Trinitate):
1147 3494 1166 3527 ι
1195 3474 1298 3541 Qui
1340 3474 1485 3530 cruci
1530 3473 1845 3538 aﬁixerant,
1893 3486 2024 3529 vere

426 3568 520 3622 Dei
550 3566 740 3621 Filium
769 3565 1096 3622 conﬁtentur
1125 3581 1140 3632 ;
1169 3563 1540 3635 praedicationi
1593 3562 1862 3618 consentit
1889 3561 2023 3618 eﬂ‘e-

426 3667 563 3715 ctus.
594 3657 853 3712 Dominus
877 3655 1089 3710 dixerat
1119 3673 1132 3708 :
1167 3654 1413 3725 Ctariﬁca
1443 3652 1639 3708 Filium
1669 3662 1809 3707 tuum
1839 3651 2021 3723 (Ioan.

428 3765 563 3815 xvu,
595 3747 669 3818 ι).
701 3747 822 3802 Non
861 3747 1035 3802 solum
1065 3745 1284 3802 nomine
1309 3751 1642 3801 contestatus
1682 3751 1768 3800 est
1806 3741 2022 3808 Filium,

428 3841 523 3896 sed
566 3849 620 3894 et
645 3839 980 3909 proprietate
1008 3853 1114 3907 qua
1157 3836 1350 3892 dicitur
1381 3846 1542 3892 tuum.
1575 3835 1728 3891 Multi
1754 3835 1898 3891 enim
1926 3849 2028 3890 nos

431 3933 522 3986 ﬁlii
545 3932 658 3999 Dei,
684 3931 778 3987 sed
809 3947 915 3986 non
941 3930 1063 3984 talis
1086 3930 1173 3985 hic
1194 3929 1359 3984 Filius
1388 3936 1492 3984 εει.
1523 3927 1621 3984 Hic
1644 3928 1788 3983 enim
1815 3935 1870 3982 et
1896 3941 2028 3998 pro-

432 4025 583 4094 prius
607 4032 660 4079 et
688 4039 849 4078 verus
878 4032 959 4078 est
988 4022 1173 4088 Filius,
1206 4021 1415 4090 origine
1444 4035 1553 4075 non
1577 4017 1873 4090 adoptione
1892 4059 1908 4086 ,
1935 4033 2030 4075 ve-

435 4116 593 4168 ritate
621 4129 730 4168 non
773 4111 1205 4182 nuncupatione,
1251 4110 1538 4165 nativitate
1578 4124 1686 4164 non
1729 4107 2028 4163 creatione.

438 4202 579 4271 Ergo
618 4211 742 4272 post
783 4201 1226 4257 clariﬁcationem
1274 4200 1391 4270 ejus
1435 4200 1719 4256 veritatem
1765 4199 2032 4256 confessio

436 4301 619 4348 secuta
641 4302 740 4349 est.
766 4293 896 4348 Nam
922 4302 1106 4348 verum
1127 4291 1223 4347 Dei
1239 4291 1430 4346 Filium
1450 4291 1697 4347 centurio
1718 4289 2031 4356 conﬁtetur,

438 4400 508 4441 ne
534 4385 655 4454 quis
682 4385 1016 4440 credentium
1047 4383 1346 4452 ambigeret
1371 4382 1516 4454 quod
1545 4397 1682 4450 unus
1704 4363 2036 4453 persequen-

440 4479 570 4533 tium
605 4495 708 4533 non
740 4485 1008 4548 negasset.
1043 4495 1060 4529 ι
1097 4476 1152 4533 Si
1183 4477 1365 4547 igitur,
1412 4475 1616 4532 llilario
1641 4489 1884 4546 quoque,
1931 4475 2035 4530 do-

2121 3280 2409 3335 destinatus
2430 3284 2506 3332 est
2536 3273 2708 3328 Filius
2728 3271 2826 3326 Dei
2848 3270 2904 3324 in
2925 3271 3130 3332 virtute,
3155 3265 3437 3320 secundum
3463 3261 3720 3332 Spiritum

2121 3369 2554 3442 sanctiﬁcationis
2570 3381 2636 3422 ea:
2652 3363 3026 3422 resurrectione
3045 3369 3363 3415 mortuorum
3382 3354 3558 3425 (Rom.
3585 3370 3622 3417 ι,
3645 3353 3720 3421 ll.

2124 3463 2541 3518 Przcdestinatus
2565 3466 2648 3514 est
2671 3470 2806 3525 ergo
2832 3454 3008 3518 Iesus,
3046 3460 3106 3506 ut
3134 3451 3222 3521 qui
3255 3449 3462 3504 futurus
3492 3456 3613 3501 erat
3639 3460 3724 3502 se.

2124 3552 2358 3610 cundum
2388 3565 2607 3607 carnem
2651 3546 2791 3601 ﬁlius
2830 3543 3020 3611 David,
3051 3550 3194 3598 esset
3220 3548 3401 3595 tamen
3446 3539 3502 3592 in
3527 3539 3731 3592 virtute

2125 3645 2294 3701 Filius
2335 3643 2428 3698 Dei
2470 3638 2767 3696 secundum
2789 3636 3049 3707 Spiritum
3095 3631 3570 3697 sanctiﬁcationis,
3603 3629 3730 3699 quia

2128 3744 2286 3793 natus
2311 3742 2395 3790 εει
2420 3733 2486 3789 de
2513 3731 2717 3803 Spiritu
2738 3734 2928 3785 saneto
2956 3741 3024 3782 ex
3049 3723 3256 3792 virgine
3285 3721 3476 3776 Maria.
3506 3719 3629 3790 Ipsa
3650 3727 3730 3774 est

2129 3829 2219 3885 illa
2247 3825 2584 3882 inetl'abiliter
2608 3820 2749 3877 facta
2787 3818 3022 3875 hominis
3052 3830 3082 3869 a
3111 3815 3225 3870 Deo
3247 3812 3425 3868 Verbo
3454 3809 3734 3878 susceptio

2130 3920 2413 3993 singularis
2435 3958 2450 3984 ,
2481 3925 2542 3972 ut
2579 3915 2748 3971 Filius
2784 3912 2881 3968 Dei
2921 3917 2978 3966 et
3004 3908 3144 3963 ﬁlius
3169 3904 3402 3961 hominis
3439 3901 3636 3993 simni,
3679 3909 3735 3954 et

2133 3992 2273 4069 ﬁlius
2301 4010 2535 4068 hominis
2558 4015 2782 4080 propter
2809 4009 3115 4073 susceptum
3146 3997 3440 4061 hominem,
3484 4001 3541 4049 et
3567 3992 3610 4046 F
3614 3993 3737 4046 ilius

2135 4107 2231 4162 Dei
2258 4103 2480 4176 propter
2502 4099 2884 4170 suscipientem
2906 4091 3238 4162 unigenitum
3271 4088 3437 4142 Deum
3467 4083 3740 4140 veraciter

2135 4206 2194 4255 et
2215 4195 2433 4268 proprie
2457 4192 2752 4257 diceretur,
2782 4203 2852 4244 ne
2879 4202 2989 4242 non
3014 4182 3247 4238 Trinitas
3273 4178 3370 4235 sed
3399 4177 3741 4246 quaternitas

2136 4266 2468 4346 crederetur.
2501 4303 2520 4338 ι
2546 4281 2712 4352 Igitur
2753 4281 2854 4336 iste
2881 4278 2965 4334 vir
2991 4279 3183 4332 doctus
3210 4280 3266 4328 et
3293 4275 3607 4338 susceptum
3634 4266 3742 4320 ho-

2137 4381 2338 4436 minem
2362 4375 2632 4432 veracitcr
2659 4373 2680 4405 '
2711 4379 2766 4427 et
2793 4369 3012 4442 proprie
3035 4365 3219 4422 docuit
3243 4361 3348 4418 dici
3379 4359 3573 4414 Filium
3601 4356 3698 4411 Dei
3725 4373 3740 4421 ;

2139 4477 2196 4525 et
2221 4465 2603 4537 suscipientem
2643 4462 2814 4517 Deum
2856 4467 3078 4529 propter
3113 4459 3419 4523 susceptum
3460 4447 3745 4503 hominem

440 4571 680 4625 ctissime
707 4537 943 4624 antistite
967 4577 1023 4622 et
1045 4537 1336 4624 fortissimo
1366 4537 1677 4623 confessore
1695 4609 1712 4634 ,
1739 4537 2033 4622 secundum
2061 4582 2116 4643 ι)
2144 4559 2412 4617 veraciter
2449 4563 2508 4611 et
2545 4553 2764 4624 proprie
2790 4550 2896 4606 dici
2925 4547 3102 4643 ﬁlium
3135 4542 3387 4643 hominis.
3415 4539 3474 4594 Si
3505 4553 3620 4641 qup
3643 4537 3747 4592 mi-

441 4660 739 4714 doctrinam
785 4659 1138 4730 apostolicam
1177 4667 1441 4723 testante,
1488 4658 1741 4728 proprius
1784 4665 1840 4712 et
1879 4671 2036 4712 verus

443 4758 526 4803 est
549 4749 714 4804 Filius
742 4750 836 4804 Dei
857 4751 944 4820 qui
971 4750 1258 4806 cruciﬁxus
1287 4746 1389 4814 est,
1417 4765 1526 4805 non
1555 4756 1638 4805 est
1661 4748 1878 4805 dubium
1906 4748 2038 4816 quin

444 4845 606 4898 etiam
637 4845 780 4901 Deus
805 4861 932 4900 vere
965 4854 1020 4900 et
1061 4846 1280 4916 proprie
1309 4844 1472 4900 Pater
1514 4843 1585 4898 sit
1611 4841 1853 4898 cruciﬁxi
1897 4839 2037 4895 Filii.

446 4935 576 5002 Qum
600 4951 721 4989 eum
752 4936 822 4989 ita
849 4935 992 4995 sint,
1021 4935 1472 5005 quemadmodum
1515 4932 1648 4986 nihil
1677 4947 1745 4986 ex
1775 4931 1882 4986 hoc
1924 4944 2040 4984 me-

448 5027 707 5082 tuendum
736 5036 850 5094 est,
900 5043 969 5082 ne
997 5044 1119 5083 cum
1165 5028 1360 5083 dicitur
1390 5027 1532 5083 Deus
1559 5041 1689 5081 vere
1729 5032 1782 5078 ct
1829 5023 2045 5094 proprie

449 5121 611 5174 Pater
639 5119 757 5173 Filii
785 5118 1046 5183 cruciﬁxi,
1071 5120 1222 5188 sequi
1250 5119 1497 5174 videatur
1517 5117 1660 5186 quod
1683 5116 1771 5170 illa
1793 5115 2040 5170 humani-

451 5219 534 5265 tas
575 5226 604 5265 a
639 5210 814 5266 Verbo
850 5211 944 5265 Dei
987 5221 1234 5280 suscepta
1282 5218 1338 5264 et
1382 5206 1638 5264 cruciﬁxa
1684 5206 1737 5260 in
1783 5205 2040 5260 deitatem

451 5316 712 5359 conversa
743 5303 846 5369 sit,
891 5311 946 5358 et
975 5311 1162 5357 natura
1187 5301 1439 5368 humana,
1463 5314 1579 5370 qua:
1607 5295 1904 5369 composita
1935 5301 2038 5360 est,

529 5541 554 5568 ⁸
589 5531 751 5587 Forte
777 5529 958 5585 simus.

531 5729 545 5757 ¹
579 5725 710 5780 Cod.
743 5726 966 5782 Vcron.,
999 5723 1144 5778 nobis
1173 5721 1505 5776 intellectum.

530 5795 553 5827 ²
588 5793 731 5848 ldrm
765 5797 908 5858 rod.,
944 5797 1120 5848 cortem
1150 5793 1348 5858 ntundi,
1379 5799 1487 5846 ctc.

536 5863 556 5894 ³
583 5863 729 5918 ldctn
762 5866 906 5929 cod.,
938 5883 1064 5918 vere.

2141 4665 2262 4715 nus,
2294 4661 2515 4703 necesse
2543 4661 2653 4700 non
2672 4651 2791 4698 erat
2817 4640 2998 4696 dicere
3017 4631 3159 4708 quod
3180 4633 3399 4703 adjecit,
3422 4629 3679 4685 veraciter
3696 4636 3750 4681 et

2143 4741 2384 4812 proprie,
2426 4731 2530 4792 nisi
2560 4735 2628 4791 ad
2655 4733 2817 4803 hujus
2843 4730 3022 4799 magni
3049 4725 3286 4798 mysterii
3315 4718 3751 4812 continenti—stio-

2145 4807 2292 4896 nem,
2315 4842 2414 4898 per
2440 4825 2587 4895 quod
2615 4832 2670 4878 et
2699 4822 2840 4878 Deus
2871 4819 3012 4873 ﬁlius
3038 4815 3270 4871 hominis
3299 4820 3358 4867 et
3383 4811 3551 4866 homo
3579 4807 3750 4862 Filius

2148 4921 2242 4976 Dei
2271 4919 2443 4975 factus
2482 4925 2584 4972 est.
2618 4915 2750 4970 Nam
2789 4911 3054 4968 veraciter
3093 4916 3150 4963 et
3184 4905 3403 4977 proprie
3429 4901 3534 4957 dici
3565 4901 3749 4954 horni-

2147 5029 2271 5068 nem
2299 5012 2465 5066 ﬁlium
2491 5008 2751 5073 hominis,
2794 5014 2850 5060 et
2887 5004 3055 5058 Deum
3085 5001 3277 5055 Filium
3308 4995 3404 5051 Dei
3430 4995 3554 5065 quis
3577 4993 3754 5063 possit

2146 5103 2462 5174 ambigere?
2492 5100 2636 5155 Idem
2676 5098 2856 5166 itaque
2883 5102 2939 5149 et
2976 5093 3118 5148 Deus
3142 5088 3378 5145 Verbum
3397 5124 3413 5152 ,
3466 5083 3562 5153 qui
3584 5082 3752 5137 etiam

2147 5197 2413 5252 mediator
2434 5193 2529 5248 Dei
2566 5201 2622 5248 et
2647 5190 2946 5249 hominum,
2981 5187 3144 5240 homo
3172 5180 3421 5236 Christus
3457 5176 3634 5240 Iesus,
3666 5188 3756 5228 se

2147 5288 2384 5347 cundum
2407 5285 2564 5356 hujus
2592 5283 2695 5339 viri
2722 5279 2894 5338 sancti
2925 5275 3254 5342 doctrinam,
3276 5279 3385 5325 tam
3406 5267 3678 5323 veraciter
3701 5273 3758 5319 et

2231 5710 2248 5739 "
2279 5707 2418 5760 Idem
2445 5703 2596 5769 cod.,
2627 5701 2764 5772 quod
2791 5702 2946 5754 etiam
2969 5696 3226 5765 reciproco
3261 5690 3414 5773 Dens,
3446 5693 3556 5742 Θῑϐο
3606 5756 3618 5768 .
3732 5755 3743 5773 ε

2231 5780 2250 5809 ⁵
2282 5777 2424 5830 Idem
2449 5776 2594 5837 eod.,
2620 5769 2876 5828 hominem
2909 5779 3115 5839 propter
3139 5769 3499 5832 suscipientem
3525 5771 3760 5827 unigeni-

2157 5858 2266 5906 tum
2291 5850 2454 5902 Deum
2487 5848 2748 5909 rerm'iter,
2785 5852 2888 5897 etc.
