3974 6330
233 342 337 398 545

1207 344 1341 400 PRO
1371 341 1790 399 DEFENSIDNE
1818 340 2034 398 TRIUM
2076 341 2391 397 CA‘i‘ITUL.
2432 341 2558 398 LIB.
2601 341 2640 397 I.

3429 343 3532 399 ΜΘ

219 457 447 531 .proprie
472 457 670 514 dicitur
695 457 834 512 filius
864 457 1115 523 hominis,
1145 472 1305 526 quam
1336 458 1604 512 veraciter
1624 464 1677 513 et
1709 472 1834 526 pro-
1865 467 1909 522 Α
1939 467 1994 512 ει
2023 457 2184 511 Maria
2218 457 2436 527 Virgine
2467 459 2484 489 ‘
2508 459 2651 514 Deus
2673 459 2839 516 homo
2877 457 3033 516 Iesus
3075 459 3320 516 Christus
3370 460 3538 515 Filius

233 552 344 628 prie
369 548 537 606 Filius
569 552 682 606 Dei.
711 549 767 606 Si
794 559 977 606 autem
1004 550 1272 606 veraciter
1293 561 1348 605 et
1386 551 1606 622 proprie
1643 551 1842 607 dicitur

233 645 375 703 lilius
404 645 641 700 hominis
668 643 835 713 Deus,
873 658 1098 700 necesse
1125 651 1210 700 est
1241 651 1298 697 ut
1325 645 1603 714 reciproco
1629 644 1842 699 dicatur

231 743 288 791 et
312 736 474 789 beata
501 734 672 790 Maria
704 736 971 790 veraciter
1010 742 1065 790 et
1104 735 1326 807 proprie
1354 743 1528 791 mater
1556 733 1673 790 Dei.
1704 734 1840 790 Cum

233 841 364 881 vero
398 826 503 881 hoc
533 826 729 895 adjecit
763 827 969 893 dicens,
1009 845 1028 877 α
1060 842 1127 881 ηε
1156 843 1266 882 non
1297 825 1549 889 Trinitas.
1582 826 1674 881 Sed
1705 842 1842 895 qua-

235 919 466 973 ternitas
491 918 828 983 crederetur,
859 938 878 970 »
913 921 1089 987 coegit
1117 919 1341 974 omnino
1384 927 1443 973 ut
1481 919 1696 974 beatam
1726 917 1842 972 Ma-

235 1009 373 1063 riam
401 1009 672 1064 veraciter
695 1017 751 1064 et
778 1009 998 1080 proprie
1027 1018 1254 1064 matrem
1283 1009 1378 1064 Dei
1419 1024 1540 1064 esse
1568 1009 1841 1075 dicamus,

235 1115 305 1153 ne
331 1115 441 1153 non
470 1097 812 1166 Trinitatem,
837 1098 934 1154 sed
962 1099 1380 1168 quaternitatem
1410 1098 1632 1154 credere
1657 1099 1843 1154 videa-

233 1205 379 1245 mur.
411 1188 481 1242 Et
502 1189 627 1244 ideo
652 1189 916 1258 religiosae
941 1204 1005 1245 ac
1030 1191 1353 1245 necessaria:
1381 1191 1530 1246 vocis
1569 1190 1728 1259 hujus
1750 1205 1846 1245 ne—

234 1283 387 1351 gatio
418 1298 526 1337 non
551 1282 688 1339 levis
710 1291 952 1353 putetur,
984 1299 1146 1354 quam
1171 1293 1321 1340 tanta
1352 1285 1684 1355 blasphemia
1710 1301 1844 1339 con-

234 1373 499 1441 sequitur.
550 1371 696 1428 Sane
727 1375 1030 1428 mirandum
1073 1391 1182 1429 non
1211 1383 1292 1430 est
1330 1375 1474 1444 quod
1517 1376 1847 1446 Augustinus

235 1463 511 1518 veraciter
551 1470 608 1517 et
651 1464 868 1533 proprie
911 1465 1015 1521 dici
1062 1467 1378 1535 pronuntiat
1421 1465 1585 1520 lilium
1616 1467 1848 1521 hominis

235 1551 432 1618 Deum,
477 1569 601 1609 cum
650 1554 701 1608 in
748 1556 984 1623 quodam
1032 1571 1284 1612 sermone
1311 1558 1379 1613 de
1418 1556 1715 1628 Epiphania
1747 1558 1849 1631 (De

237 1653 474 1714 tempore
497 1661 653 1698 εει-πη.
675 1644 793 1714 33),
823 1645 977 1714 cujus
1001 1646 1322 1716 principium
1350 1657 1434 1702 est
1457 1665 1470 1702 :
1509 1666 1529 1699 ι
1556 1647 1739 1718 Nuper
1759 1663 1851 1703 ee-

235 1734 572 1791 Iebravimus
603 1734 746 1790 diem
769 1751 877 1804 quo
902 1751 969 1790 ex
997 1735 1196 1792 Iudaeis
1242 1737 1501 1793 Dominus
1541 1747 1700 1794 natus
1742 1748 1844 1805 est,

1945 549 2059 613 Dei,
2085 565 2149 603 ac
2169 549 2245 603 sic
2275 550 2326 603 in
2357 550 2674 605 alterutrum
2704 567 2868 605 unum
2902 550 2958 605 lit
2985 561 3040 605 et
3055 551 3286 606 Verbum
3306 559 3362 606 et
3386 565 3536 618 caro,

1944 650 2003 696 ut
2033 650 2284 698 manente
2321 643 2373 697 in
2401 658 2497 697 sua
2553 643 2886 713 perfectione
2942 645 3259 698 naturaliter
3309 652 3540 713 utraque

1941 733 2263 798 substantia,
2295 733 2411 787 sine
2439 733 2521 789 sui
2543 733 2858 802 prmjudicio
2888 743 2943 788 et
2990 734 3308 788 humanitati
3355 733 3538 788 divina

1945 824 2366 889 communicent,
2401 833 2456 880 et
2491 824 2754 879 divinitati
2787 825 3018 878 humana
3044 825 3403 893 participem;
3438 839 3540 880 nec

1945 915 2083 970 alter
2109 915 2268 981 Deus,
2301 917 2438 970 alter
2465 917 2650 984 homo,
2701 915 2795 970 sed
2826 915 2964 969 idem
3010 916 3125 985 ipse
3167 915 3306 970 Deus
3352 914 3442 984 qui
3486 921 3542 968 et

1945 1007 2129 1072 homo,
2159 1016 2213 1061 et
2242 1007 2475 1063 vicissim
2499 1008 2663 1062 homo
2709 1008 2802 1077 qui
2843 1015 2898 1061 et
2947 1007 3084 1062 Deus
3114 1005 3271 1061 Iesus
3295 1006 3541 1062 Christus

1945 1095 2114 1150 Filius
2135 1097 2230 1151 Dei
2261 1106 2600 1168 nuncupetur
2619 1105 2677 1152 et
2699 1113 2825 1152 vere
2849 1099 2938 1153 sit.
2979 1117 2996 1150 ι
3045 1098 3179 1152 Cum
3237 1096 3418 1168 itaque
3445 1111 3544 1150 nc-

1946 1186 2136 1244 fandus
2163 1202 2333 1253 error,
2361 1189 2452 1258 qui
2478 1204 2746 1244 evacuans
2777 1198 2946 1245 totum
2975 1189 3162 1243 salutis
3191 1196 3389 1243 nostrae
3422 1203 3541 1259 my-

1945 1278 2168 1333 sterium
2197 1287 2388 1334 cautus
2410 1280 2510 1334 sibi
2538 1279 2747 1334 videtur
2772 1296 2836 1334 ac
2882 1280 3131 1349 diligens,
3190 1279 3243 1334 in
3298 1277 3541 1333 Ecclesia

1949 1374 2262 1429 Latinorum
2295 1376 2441 1445 prius
2468 1390 2754 1445 apparens,
2804 1389 2911 1428 non
2960 1375 3097 1429 sicut
3139 1371 3278 1443 apud
3325 1371 3544 1426 Gnecos

1950 1465 2388 1520 contentionibus
2410 1475 2717 1534 augeretur,
2743 1465 2838 1520 sed
2865 1463 3160 1532 satagcndo
3203 1465 3224 1494 ⁸
3241 1476 3432 1531 magna
3487 1469 3546 1518 et

1948 1560 2178 1615 sollicita
2201 1558 2421 1615 Patrum
2453 1561 2677 1630 pietate,
2735 1574 2860 1614 mox
2915 1568 2974 1612 ut
3019 1557 3386 1627 deprehensus
3436 1563 3541 1621 est,

1949 1652 2112 1706 etiam
2136 1667 2165 1706 a
2197 1668 2296 1708 suo
2325 1653 2777 1708 condemnaretur
2801 1659 3022 1706 auctore
3053 1668 3066 1703 :
3093 1665 3199 1705 non
3225 1649 3382 1704 aliter
3399 1647 3546 1704 visus

1951 1750 2035 1797 est
2073 1743 2277 1798 eisdem
2307 1745 2511 1799 sanctis
2565 1741 2812 1799 Patribus
2865 1743 3182 1807 abolendus,
3230 1742 3333 1796 nisi
3382 1748 3442 1796 ut
3479 1741 3547 1796 de

233 1823 406 1881 hodie
434 1826 775 1882 celebramus
793 1842 903 1896 quo
932 1842 963 1881 a
990 1827 1241 1895 gentibus
1269 1827 1526 1885 adoratus
1552 1835 1655 1893 est,
1689 1849 1708 1882 ι
1769 1830 1843 1884 ita
1881 1840 1920 1898 Β
1951 1833 2172 1901 Virgine
2231 1835 2396 1889 Maria
2451 1836 2668 1906 proprie
2718 1835 2887 1890 Deum
2944 1850 3064 1890 esse
3114 1843 3298 1887 natum
3344 1833 3548 1901 scripto

235 1917 499 1986 loquatur
531 1936 544 1970 :
598 1937 616 1969 ¢
650 1917 834 1988 Magos
861 1933 995 1973 sane
1033 1918 1102 1973 ad
1152 1918 1326 1990 ipsum
1362 1921 1583 1992 proprie
1628 1921 1839 1988 locum,

237 2012 334 2067 ubi
376 2011 521 2067 Deus
553 2011 785 2066 Verbum
834 2010 1015 2067 infans
1056 2020 1196 2077 erat,
1277 2013 1432 2067 stella
1496 2013 1766 2084 perduxit.
1820 2031 1838 2065 ι

237 2103 402 2170 Quod
431 2105 448 2135 ⁸
472 2117 603 2172 ergo
634 2111 660 2140 ι
693 2102 928 2158 Verbum
959 2103 1129 2158 Deum
1159 2103 1291 2159 dicit
1318 2104 1593 2170 infantem,
1618 2120 1848 2174 quomo-

236 2197 314 2249 do
345 2209 455 2250 non
477 2194 745 2249 veraciter
764 2201 820 2248 et
847 2194 1068 2266 proprie
1118 2193 1322 2250 diceret
1354 2181 1632 2266 przedicari
1679 2195 1847 2250 tilium

238 2285 482 2341 hominis
505 2284 716 2340 Deum?
769 2286 902 2339 Nam
930 2285 974 2340 si
1003 2285 1178 2342 infans
1226 2286 1317 2341 ille
1344 2286 1610 2342 veraciter
1636 2296 1690 2342 et
1717 2302 1848 2356 pro-

238 2381 361 2451 prie
417 2380 616 2434 dicitur
645 2377 785 2435 ﬁlius
833 2379 1086 2446 hominis,
1144 2379 1260 2450 ipse
1307 2387 1488 2434 autem
1538 2379 1715 2434 infans
1765 2387 1852 2434 est

242 2473 390 2528 Deus
425 2471 679 2536 Verbum,
709 2470 976 2526 veraciter
1003 2480 1059 2525 et
1086 2471 1306 2540 preprie
1333 2469 1531 2531 dicitur
1558 2470 1698 2525 lilius
1747 2470 1848 2524 ho-

240 2564 409 2619 minis
441 2561 583 2617 Deus
610 2561 866 2617 Verbum.
894 2561 1100 2618 Rursus
1131 2563 1183 2616 in
1213 2562 1320 2616 alio
1341 2561 1582 2630 ejusdem
1611 2561 1715 2615 diei
1732 2576 1849 2616 ser-

240 2672 410 2712 mone
440 2654 541 2725 (De
569 2664 796 2724 tempore
821 2669 976 2707 term.
1010 2653 1127 2722 50),
1154 2651 1308 2720 cujus
1351 2659 1433 2708 est
1483 2651 1806 2722 principium
1833 2670 1846 2706 :

244 2769 266 2804 ι
307 2750 390 2805 Ad
422 2758 634 2820 partum
677 2747 910 2815 Virginis
958 2745 1292 2800 adorandum
1325 2744 1465 2814 magi
1519 2745 1588 2798 ab
1633 2742 1853 2799 Oriente

239 2850 535 2908 venerunt,
571 2861 591 2894 ι
622 2843 701 2899 sic
723 2843 799 2896 ait
834 2856 848 2892 :
887 2858 906 2891 ι
939 2837 1055 2892 Jam
1083 2853 1212 2892 vero
1263 2835 1406 2906 quod
1458 2835 1648 2890 eadem
1697 2835 1849 2890 stella

239 2948 368 3004 quae
425 2946 611 3000 magos
639 2933 895 3003 perduxit
923 2930 989 2984 ad
1021 2931 1224 2996 locum,
1252 2927 1342 2982 ubi
1365 2935 1485 2982 erat
1509 2943 1632 2982 cum
1678 2934 1852 2982 matre

251 3024 475 3094 Virgine
503 3022 642 3078 Deus
674 3023 868 3087 infans,
901 3029 1007 3076 etc.
1048 3040 1066 3072 ι
1093 3019 1144 3075 Is
1171 3033 1302 3088 ergo
1327 3033 1524 3087 negare
1553 3025 1732 3088 potest
1757 3032 1853 3072 ve-

243 3119 452 3174 raciter
478 3125 536 3173 et
556 3118 775 3187 proprie
796 3115 898 3170 dici
933 3115 1098 3169 tilium
1125 3111 1360 3167 hominis
1381 3109 1572 3174 Deum,
1619 3109 1710 3178 qui
1753 3110 1852 3164 hu-

1947 1927 2300 1982 conliteretur
2327 1927 2495 1998 ipsius
2511 1936 2702 1983 auctor
2725 1927 2946 1982 erroris.
2967 1926 3054 1980 Ait
3075 1927 3238 1991 enim,
3265 1925 3404 1980 sicut
3431 1937 3547 1978 me-

1947 2019 2275 2073 moravimus
2302 2035 2315 2071 :
2349 2037 2367 2070 σ
2391 2017 2640 2073 Nascitur
2659 2031 2790 2088 ergo
2811 2019 3028 2090 proprie
3043 2017 3110 2071 de
3129 2016 3332 2085 Spiritu
3361 2023 3547 2070 sancto

1949 2116 2005 2162 et
2025 2107 2192 2163 Maria
2216 2124 2432 2180 semper
2459 2109 2680 2178 Virgine
2711 2110 2872 2165 Deus.
2912 2129 2930 2161 ι
2966 2108 3143 2178 Atque
3187 2109 3259 2161 ita
3310 2107 3449 2161 Deus
3479 2107 3546 2159 ab

1951 2212 2018 2252 eo
2039 2197 2236 2254 dicitur
2256 2199 2474 2269 proprie
2503 2208 2663 2254 natus
2693 2216 2760 2255 ex
2792 2199 3030 2268 Virgine,
3066 2207 3124 2253 ut
3175 2200 3338 2254 etiam
3381 2199 3547 2253 homo

1949 2285 2104 2343 Iesus
2132 2288 2378 2343 Christus
2393 2289 2627 2343 vicissim
2648 2288 2741 2344 Dei
2775 2289 2941 2344 Filius
2970 2291 3266 2359 nuncupari
3321 2298 3378 2344 et
3420 2305 3548 2345 vere

1951 2395 2073 2435 esse
2099 2379 2329 2434 dicatur.
2368 2378 2520 2435 Unde
2547 2388 2602 2435 et
2629 2381 2755 2436 illud
2786 2381 3018 2451 adjecit:
3061 2401 3080 2457 ς
3114 2383 3190 2438 Ac
3207 2383 3286 2438 sic
3334 2383 3386 2437 in
3411 2382 3549 2437 alte-

1952 2483 2160 2527 rutrum
2190 2488 2354 2527 unum
2378 2472 2436 2527 fit
2457 2481 2512 2528 et
2537 2472 2773 2528 Verbum
2805 2481 2859 2528 et
2885 2489 3033 2529 caro.
3071 2493 3090 2526 ι
3145 2473 3256 2529 Νεε
3299 2488 3394 2545 per
3445 2473 3550 2529 hoc

1953 2563 2263 2620 discretioni
2293 2563 2574 2636 utriusque
2602 2575 2808 2620 natura:
2845 2567 3213 2636 pracjudicium
3238 2567 3434 2634 intulit,
3458 2569 3550 2638 qui

1953 2655 2234 2712 confessus
2258 2658 2503 2728 estquod
2532 2668 2786 2712 manente
2810 2659 2862 2712 in
2886 2675 2983 2714 sua
3037 2658 3371 2729 perfectione
3397 2671 3548 2715 natu-

1952 2747 2138 2801 raliter
2158 2753 2388 2817 utraque
2415 2748 2738 2816 substantia,
2769 2749 2886 2804 sine
2927 2749 3008 2803 sui
3040 2749 3350 2819 pnujudicio
3378 2759 3431 2805 ct
3461 2753 3552 2806 hu-

1953 2838 2198 2893 manitati
2229 2837 2408 2893 divina
2431 2841 2850 2906 communicent,
2891 2848 2947 2894 et
2997 2841 3262 2895 divinitati
3318 2843 3549 2897 humana

1952 2928 2282 2997 partieipent
2313 2946 2324 2982 ;
2353 2945 2460 2984 non
2497 2931 2728 2985 alterum
2759 2930 2946 2984 dicens
2976 2928 3163 2997 Deum,
3201 2931 3428 2987 alterum
3455 2935 3552 2990 ho-

1909 3086 1917 3094 _
1952 3021 2189 3090 minem;
2221 3023 2314 3104 sed
2344 3025 2592 3079 eumdem
2623 3025 2794 3096 ipsum
2828 3026 3018 3096 Deum,
3069 3043 3230 3097 quem
3273 3039 3329 3082 et
3376 3029 3552 3083 homi-

241 3210 333 3281 jus
357 3208 741 3278 sapientissimi
767 3207 863 3260 viri
887 3205 1146 3260 doctrina:
1176 3216 1506 3273 repugnans,
1556 3209 1650 3254 aut
1679 3201 1846 3256 Deum
1879 3235 1923 3297 Ο

244 3313 413 3372 negat
437 3301 718 3370 infantem,
749 3309 842 3355 aut
872 3314 998 3354 vere
1022 3306 1076 3354 ει
1099 3297 1315 3368 praprie
1363 3295 1527 3350 lilium
1577 3311 1699 3352 esse
1751 3295 1850 3352 ho-

243 3397 410 3451 minis
436 3405 594 3463 negat
622 3394 902 3449 infantem.
927 3391 1062 3458 Quia
1092 3404 1221 3459 ergo
1246 3388 1376 3444 illud
1402 3389 1594 3459 pietas,
1627 3389 1732 3444 hoc
1751 3404 1851 3443 au-

245 3497 358 3546 tem
385 3489 697 3543 humanitas
741 3500 936 3555 negare
966 3500 1072 3540 non
1104 3485 1336 3554 patitur,
1363 3499 1491 3538 vere
1537 3491 1592 3538 et
1634 3483 1852 3553 proprie

244 3595 370 3636 esse
398 3579 568 3633 lilium
591 3577 825 3633 hominis
854 3577 1024 3631 Deum
1073 3576 1192 3630 sine
1241 3575 1578 3629 dubitatione
1627 3574 1852 3629 creden-

244 3674 375 3729 dum
405 3681 509 3727 est.
538 3671 650 3726 Iloc
676 3681 855 3726 autem
879 3672 1196 3732 constituto,
1228 3683 1336 3723 non
1365 3678 1447 3723 est
1477 3667 1694 3720 dubium
1722 3667 1850 3737 quin

246 3768 412 3823 etiam
447 3765 534 3820 illa
566 3765 726 3834 Virgo
752 3764 986 3820 vicissim
1029 3777 1160 3818 vere
1199 3771 1256 3816 et
1303 3760 1520 3832 proprie
1565 3769 1739 3814 mater
1761 3758 1854 3814 Dei

247 3875 368 3915 esse
399 3859 634 3914 dicatur.
657 3857 790 3912 Item
813 3873 935 3912 cum
965 3857 1183 3928 quidam
1234 3855 1494 3926 Leporius
1523 3855 1801 3926 presbyter
1825 3853 1852 3893 ι’

249 3950 392 4022 apud
422 3948 628 4004 Gallias
648 3951 692 4013 ’,
721 3947 1049 4019 depravatus
1073 3964 1102 4002 a
1133 3962 1260 4002 vera
1301 3956 1356 4002 et
1414 3947 1635 4016 antiqua
1660 3947 1851 4002 Eccle-

249 4043 339 4095 sia:
373 4039 500 4103 fide,
525 4040 714 4095 eadem
741 4039 942 4095 docere
963 4047 1316 4110 pnesumeret
1343 4054 1464 4110 qum
1513 4048 1700 4110 postea
1751 4038 1855 4094 Ne-

251 4136 455 4190 storius
475 4133 678 4197 docuit,
712 4142 894 4202 atque,
925 4133 1049 4188 inde
1090 4149 1189 4202 pro
1219 4133 1311 4187 tali
1363 4147 1551 4188 errore
1578 4133 1852 4203 depulsus,

250 4225 302 4278 in
327 4224 510 4279 Africa
538 4224 816 4280 docendus
843 4225 1072 4290 veniret,
1107 4224 1216 4280 illic
1244 4225 1558 4288 instructus,
1592 4233 1650 4278 ut
1695 4223 1856 4280 docet

247 4319 547 4389 Apostolus
573 4316 719 4388 (Gal.
751 4335 822 4384 vt,
876 4319 955 4389 I),
1004 4319 1056 4373 in
1113 4318 1305 4388 spiritu
1352 4319 1778 4374 mansuetudinis
1823 4335 1853 4373 a

247 4410 585 4479 spiritalibus
612 4408 860 4465 Patribus
891 4410 1110 4465 Aurelio
1137 4408 1566 4479 Carthaginiensi
1608 4417 1665 4464 et
1718 4424 1854 4480 pra:-

248 4501 396 4556 dicto
429 4501 754 4570 Augustino,
779 4509 942 4570 atque
987 4501 1106 4556 aliis
1136 4500 1400 4555 Africanis
1423 4500 1709 4569 episcopis,
1735 4516 1854 4570 pra-

252 4593 529 4646 vissimam
556 4592 848 4646 novitatem
875 4591 957 4646 sui
983 4591 1251 4661 dogmatis
1296 4589 1580 4646 abdicavit.
1630 4589 1856 4660 Scripsit

249 4694 434 4778 ante)"
467 4684 704 4738 libellum
728 4685 1112 4740 satisfactionis
1155 4685 1298 4740 idem
1357 4685 1617 4756 Leporius
1648 4685 1710 4739 ad
1741 4684 1860 4740 Gal-

251 4773 675 4845 Ios'Cpiscopos,
726 4789 887 4844 quem
943 4777 1230 4830 memorati
1282 4777 1616 4832 venerabiles
1664 4774 1856 4832 Patres

252 4864 506 4920 Aurelius
533 4875 694 4936 atque
717 4867 1046 4934 Augustinus
1068 4876 1122 4922 et
1149 4869 1329 4922 ceteri
1359 4869 1436 4924 sic
1467 4871 1853 4940 probaverunt,

249 4966 314 5009 ut
339 4959 409 5010 ad
432 4957 730 5012 faciendam
760 4958 1000 5013 veritatis
1044 4957 1223 5024 fidem,
1259 4961 1422 5013 etiam
1478 4977 1604 5016 suas
1644 4962 1693 5016 ei
1741 4963 1855 5016 sub—

247 5049 583 5118 scriptiones
611 5048 927 5117 adjicercnt.
960 5049 1018 5103 In
1049 5064 1156 5118 quo
1188 5050 1370 5104 libello
1403 5060 1525 5122 post
1581 5052 1807 5106 multum
1835 5053 1856 5084 ³

245 5139 334 5194 sic
361 5138 498 5195 dicit
550 5157 564 5193 :
616 5158 634 5191 ι
669 5138 916 5195 Nascitur
938 5154 1067 5210 ergo
1088 5141 1308 5212 proprie
1339 5141 1404 5197 de
1429 5142 1634 5214 Spiritu
1662 5152 1856 5200 sancto

330 5371 354 5436 ξ
386 5361 552 5436 Forte
579 5361 678 5436 Qui
707 5381 848 5436 ergo.

329 5432 354 5471 δ
385 5435 600 5508 I_.eporii
633 5432 876 5508 libellum
929 5434 1330 5508 satisfactionis,
1363 5436 1517 5505 cujus
1543 5446 1751 5508 partem
1781 5454 1848 5494 ex

235 5504 520 5560 Cassiano
543 5506 783 5562 dedimus
811 5517 957 5561 tumo
990 5505 1393 5562 [Conciliorum
1431 5504 1650 5578 Callia),
1710 5510 1851 5566 inte-

333 5715 354 5748 ί
383 5711 523 5768 Cod.
557 5711 779 5778 Vcron.,
811 5711 933 5776 Qui.

332 5787 354 5817 ’
375 5785 526 5838 Idem
548 5783 691 5847 cod.,
726 5783 974 5839 Gallium.

333 5854 526 5912 'Idem
547 5855 691 5917 cod.,
723 5855 905 5909 multa.

1893 4629 1939 4690 D

1953 3126 2100 3177 nem,
2130 3120 2185 3168 et
2206 3103 2438 3169 vicissim
2471 3115 2764 3182 hominem,
2798 3133 2961 3188 quem
2994 3119 3160 3173 Deum
3185 3118 3364 3174 Jesum
3394 3120 3549 3175 Chri-

1952 3208 2093 3256 stum
2139 3201 2238 3259 Dei
2289 3203 2482 3259 Filium
2536 3210 2833 3278 nuncupari
2877 3217 2932 3264 et
2959 3224 3088 3265 vere
3109 3225 3228 3266 esse
3276 3213 3554 3268 confessus

1953 3301 2056 3349 est.
2089 3294 2146 3349 Si
2169 3303 2350 3351 autem
2378 3297 2520 3354 Deus
2549 3315 2678 3355 vere
2707 3309 2789 3356 est
2813 3303 3000 3373 homo,
3042 3320 3145 3361 nec
3180 3305 3398 3362 aliunde
3427 3323 3554 3363 vero

1951 3384 2117 3440 homo
2145 3387 2246 3442 nisi
2278 3390 2549 3444 nascendo
2571 3391 2639 3445 de
2663 3390 2900 3461 Virgine,
2925 3410 3020 3448 cur
3045 3411 3151 3449 non
3174 3395 3382 3450 dicatur
3413 3396 3554 3452 Deus

1955 3491 2081 3532 vere
2110 3487 2267 3533 natus
2295 3495 2360 3534 ex
2393 3481 2634 3549 virgine?
2663 3481 2730 3536 Et
2757 3485 2801 3537 si
2831 3483 2974 3538 Deus
3023 3486 3240 3555 proprie
3276 3486 3450 3540 factus
3471 3497 3554 3542 est

1953 3568 2140 3637 homo,
2161 3586 2261 3626 nec
2283 3573 2496 3628 aliunde
2523 3576 2738 3644 proprie
2752 3577 2922 3632 factus
2965 3587 3049 3632 est
3078 3579 3260 3644 homo,
3311 3580 3410 3634 nisi
3467 3599 3555 3636 ua-

1954 3661 2152 3714 scendo
2181 3661 2248 3716 de
2277 3662 2516 3731 Virgine,
2535 3679 2632 3718 cur
2660 3682 2766 3720 non
2794 3667 3005 3722 dicatur
3032 3669 3192 3724 etiam
3220 3673 3437 3742 proprie
3459 3690 3556 3728 na-

1956 3759 2043 3805 tus
2072 3766 2138 3806 ex
2161 3751 2418 3821 Virgine?
2448 3752 2750 3810 Absurdum
2776 3758 2934 3813 nimis
2957 3767 3038 3815 est
3070 3768 3126 3814 ut
3156 3761 3315 3829 Deus,
3341 3765 3430 3832 qui
3455 3781 3555 3820 na--

1956 3840 2158 3897 scendo
2179 3843 2247 3897 de
2278 3845 2483 3912 virgine
2508 3860 2633 3901 vere
2661 3855 2715 3901 et
2750 3849 2970 3918 proprie
3015 3850 3184 3906 factus
3230 3863 3314 3907 est
3367 3855 3554 3923 homo,

1957 3948 2065 3988 non
2098 3949 2225 3989 vere
2241 3944 2310 4007 ⁸ει
2337 3937 2556 4007 pr0prie
2607 3937 2677 3993 de
2727 3939 2815 3993 illa
2871 3949 3029 3998 natus
3057 3958 3178 3997 esse
3205 3943 3419 4000 dicatur
3450 3964 3462 4000 :
3499 3956 3557 4002 ut

1959 4041 2085 4081 vera
2117 4028 2188 4082 sit
2217 4003 2303 4084 r’es
2330 4045 2488 4099 quam
2513 4029 2689 4085 effecit
2718 4031 2804 4085 illa
2833 4034 3110 4099 nativitas,
3133 4044 3188 4089 et
3217 4037 3330 4106 ipsa
3353 4037 3558 4107 reiejus

1957 4119 2202 4174 effectrix
2233 4136 2340 4175 non
2371 4121 2441 4175 sit
2467 4137 2595 4176 vera
2627 4123 2898 4178 nativitas.
2936 4124 3128 4180 Vermn
3161 4143 3263 4182 nec
3294 4129 3420 4183 illud
3451 4129 3558 4184 mi-

1960 4226 2062 4265 nus
2091 4211 2381 4266 absurdum
2407 4221 2508 4278 est,
2534 4223 2593 4268 ut
2617 4215 2706 4284 qui
2738 4231 2844 4270 non
2875 4215 3165 4272 olfeuditur
3186 4222 3446 4290 propheta
3476 4223 3560 4276 di-

1959 4311 2116 4357 cente
2150 4320 2163 4356 :
2195 4301 2372 4356 Mater
2397 4303 2526 4358 Sion
2559 4306 2703 4373 dicit,
2761 4308 2935 4375 homo,
2967 4319 3018 4361 et
3062 4309 3214 4364 homo
3265 4314 3433 4381 [actus
3483 4321 3560 4365 est

1958 4397 2013 4451 in
2036 4413 2120 4464 ea,
2145 4397 2562 4468 etipseftmdarit
2589 4415 2705 4452 eam
2729 4400 3026 4456 Altissimus
3045 4401 3215 4471 (Par/1.
3235 4418 3451 4469 Lxxxw,
3476 4402 3556 4474 5),
3595 4443 3601 4448 -

1961 4497 2016 4544 et
2045 4496 2326 4544 mansuete
2342 4498 2396 4544 et
2421 4488 2648 4544 fideliter
2669 4491 2888 4561 accipit,
2919 4492 3063 4561 quod
3098 4492 3211 4562 ipse
3235 4493 3560 4561 Altissimus,

1966 4583 2058 4652 qui
2085 4583 2214 4638 Sion
2239 4582 2501 4648 fundavit,
2530 4583 2692 4638 homo
2717 4583 2889 4640 factus
2917 4595 2997 4639 est
3031 4585 3081 4638 in
3121 4600 3216 4652 ea;
3248 4595 3303 4639 et
3331 4587 3420 4655 qui
3452 4603 3561 4642 non

1897 4676 1934 4742 ξ’
1963 4676 2253 4732 offenditur
2275 4676 2604 4745 evangelista
2627 4677 2838 4731 dicente
2883 4695 2896 4730 :
2932 4676 3156 4732 Verbum
3203 4695 3326 4733 caro
3367 4682 3561 4750 factum

1961 4769 2240 4840 est(.loan.
2273 4785 2312 4836 t,
2342 4768 2432 4840 M)
2488 4787 2500 4822 :
2560 4770 2604 4824 si
2655 4768 2843 4824 audiat
2880 4786 2941 4824 ca
2989 4785 3109 4840 qua:
3164 4781 3289 4826 sunt
3329 4773 3564 4829 hominis

1961 4864 2237 4918 Altissimo
2273 4864 2436 4918 tribui
2467 4863 2559 4934 qui
2589 4862 2764 4919 factus
2788 4873 2870 4919 est
2899 4866 3081 4931 homo,
3109 4875 3164 4920 ct
3201 4881 3263 4921 ea
3293 4883 3412 4938 qute
3439 4876 3564 4926 sunt

1959 4955 2139 5010 carnis
2164 4954 2348 5009 Verbo
2382 4955 2539 5009 tribui
2563 4954 2707 5025 quod
2738 4952 2936 5009 factum
2965 4965 3047 5009 est
3068 4972 3218 5024 caro,
3249 4957 3565 5014 scandalum

1962 5052 2216 5121 patiatur,
2259 5059 2518 5118 tanquam
2549 5063 2656 5103 non
2689 5048 2885 5103 horum
2914 5065 3130 5104 causam
3159 5059 3284 5104 ante
3315 5050 3564 5107 credide-

1960 5144 2049 5207 rit,
2074 5142 2288 5214 quando
2320 5142 2650 5198 Altissimum
2675 5139 2878 5196 factum
2916 5142 3190 5198 hominem
3220 5151 3277 5196 et
3329 5142 3566 5199 Verbum

1955 5382 2108 5437 grum
2140 5378 2328 5438 postea
2365 5371 2506 5425 nacti
2526 5385 2712 5425 sumus
2740 5385 2863 5428 cum
2891 5369 3094 5424 Aurelii
3124 5369 3402 5436 Augustini
3431 5368 3565 5422 alio-

1957 5456 2186 5511 rumque
2212 5441 2692 5510 subscriptionibus
2721 5456 2964 5511 quarum,
3006 5441 3095 5496 hic
3137 5439 3359 5493 mentio.
3411 5438 3565 5494 Iiunc

1958 5510 2112 5581 ergo
2145 5513 2344 5582 publici
2389 5512 2524 5580 juris
2573 5510 2891 5583 propediem
2943 5510 3180 5566 futurum
3225 5521 3530 5579 speramus.

2029 5720 2053 5752 ⁸
2080 5719 2225 5792 Idem
2256 5721 2406 5788 cod.,
2436 5738 2636 5792 semper
2659 5722 2877 5792 virgine.

2033 5792 2054 5822 '
2084 5791 2232 5849 Idem
2261 5792 2410 5857 cod.,
2447 5791 2732 5862 cumgente.
