3974 6330
412 391 514 448 547

413 597 606 651 simum
628 597 899 651 hominem
935 593 1155 659 factum,
1184 606 1346 660 quam
1371 588 1607 644 tribuere
1632 601 1751 656 quae
1766 585 2011 640 suntho-

415 686 574 740 minis
596 685 907 751 Altissitno;
939 693 996 740 et
1019 684 1138 752 plus
1167 691 1248 737 est
1274 681 1476 745 dicere,
1508 677 1744 732 Verbum
1777 690 1903 730 caro
1935 673 2014 729 l'a-

414 785 558 830 ctum
590 785 692 841 est,
719 791 882 845 quam
907 774 1144 829 tribuere
1165 788 1282 842 qua:
1310 771 1489 826 carnis
1517 776 1644 823 sunt.
1671 767 1783 822 Deo
1811 765 2009 822 Verbo.

415 865 546 919 Cum
580 866 758 934 itaque
787 864 1021 934 Spiritus
1063 864 1182 931 Dei,
1211 863 1278 916 ad
1325 856 1808 917 commendandam
1861 856 2016 912 nobis

416 956 468 1009 in
498 957 602 1012 hoc
632 956 890 1026 mysterio
921 954 1304 1008 adunationem
1327 951 1892 1017 divinathumanaeque
1921 960 2018 1000 na-

416 1056 568 1113 turus,
594 1048 698 1102 hoe
724 1048 868 1117 quod
909 1056 992 1102 est
1048 1045 1278 1115 amplius
1327 1044 1508 1099 dicere
1550 1043 1934 1111 congruentius
1962 1046 2019 1094 et

417 1139 601 1193 utilius
625 1138 906 1207 judicavit,
931 1138 1057 1207 quia
1087 1136 1394 1191 Altissimus
1421 1135 1585 1189 homo
1607 1131 1779 1187 factus
1807 1139 1907 1196 est,
1941 1138 2017 1199 et,

418 1226 652 1282 Verbum
683 1243 808 1282 caro
837 1228 1037 1282 l'actutn
1061 1235 1144 1281 est
1169 1244 1183 1278 :
1215 1240 1312 1280 cur
1335 1224 1618 1292 quisquam
1681 1228 1887 1277 metuat
1917 1221 2018 1275 hac

418 1320 744 1374 auctoritate
761 1317 1036 1385 fundatus,
1069 1317 1186 1370 sine
1212 1314 1520 1384 przejudicio
1555 1311 1831 1380 utriusque
1857 1318 2018 1364 natu-

419 1427 521 1474 ιω,
557 1426 617 1464 et
650 1424 768 1478 qua:
797 1416 919 1462 sunt
942 1407 1292 1462 humanitatis
1313 1404 1607 1468 Altissimo,
1641 1411 1696 1458 et
1740 1417 1858 1471 quae
1896 1408 2022 1456 sunt

419 1504 597 1557 carnis
631 1503 804 1556 Verbo
834 1503 1088 1565 tribuere,
1124 1508 1346 1569 propter
1389 1503 1784 1553 sacramentum
1821 1509 1885 1549 ac
1906 1493 2020 1548 dis-

420 1598 790 1668 pensationem
825 1594 1208 1650 incarnationis
1231 1594 1374 1647 sum?
1400 1591 1474 1646 De
1489 1607 1596 1661 quo
1616 1590 1726 1644 Deo
1751 1587 1927 1643 Verbo
1944 1588 2024 1643 lo-

423 1704 598 1757 quens
627 1689 767 1742 idem
797 1685 1036 1741 Joannes
1074 1686 1128 1739 in
1160 1683 1397 1754 Epistula
1428 1699 1544 1745 sua,
1578 1682 1627 1736 ei
1679 1695 1798 1750 qua:
1845 1677 2023 1734 carnis

418 1790 542 1836 sunt
563 1780 822 1849 deputare
847 1780 859 1809 ¹
888 1794 997 1832 non
1025 1777 1253 1839 dubitat,
1279 1783 1337 1828 ut
1363 1781 1489 1844 pote
1517 1787 1675 1840 quem
1709 1785 1872 1825 carne
1892 1770 1912 1800 ³
1942 1768 2022 1822 fa-

420 1881 566 1926 ctum
597 1872 650 1926 in
677 1887 776 1926 suo
807 1869 1100 1937 Evangelia
1131 1865 1456 1938 praedicavit.
1486 1863 1620 1916 Nam
1647 1862 1787 1916 sicut
1815 1860 1886 1914 ibi
1907 1873 2022 1913 ser-

419 1980 633 2020 monem
664 1965 786 2018 inde
829 1978 1053 2017 exorsus
1079 1969 1160 2014 est
1201 1960 1382 2014 dicens
1440 1973 1452 2009 :
1503 1955 1569 2009 In
1615 1953 1869 2026 principio
1907 1959 2022 2006 erat

436 2056 677 2124 Verbum,
700 2067 747 2109 et
787 2054 1008 2108 Verbum
1038 2060 1150 2106 erat
1195 2050 1333 2121 apud
1380 2048 1566 2110 Deum,
1622 2055 1671 2099 ct
1728 2044 1864 2098 Deus
1911 2052 2024 2097 erat

431 2152 649 2206 Verbum
674 2151 853 2223 (Joan.
874 2166 909 2214 ι,
937 2150 1012 2216 1).
1040 2146 1105 2199 Et
1129 2144 1295 2199 infra:
1323 2141 1542 2197 Verbum
1570 2157 1692 2194 caro
1715 2141 2019 2208 factumest,

421 2255 470 2298 et
492 2244 744 2296 habitavit
775 2243 827 2294 in
859 2241 1041 2293 nobis:
1067 2238 1138 2290 ita
1161 2244 1216 2290 et
1247 2235 1297 2288 in
1322 2233 1563 2303 Epistula
1593 2246 1687 2284 sua
1720 2229 1842 2283 inde
1869 2229 2021 2282 simi—

423 2333 546 2388 liter
567 2333 730 2401 erepit
764 2349 775 2381 :
801 2329 950 2394 Quod
979 2325 1174 2382 eratab
1203 2327 1373 2391 initio,
1393 2325 1530 2392 quod
1551 2323 1858 2384 audivimus,
1886 2319 2023 2392 quod

423 2425 638 2479 vidimus
668 2424 828 2479 oculis
861 2421 1072 2484 nostris,
1105 2418 1240 2489 quod
1268 2417 1606 2486 inspeximus,
1637 2422 1684 2468 et
1715 2430 1898 2468 manus
1929 2428 2024 2466 no-

421 2528 544 2571 stra:
571 2521 1012 2569 contrectaverunt
1037 2511 1100 2564 de
1156 2509 1322 2564 Verbo
1374 2508 1508 2572 vitw,
1533 2517 1582 2559 et
1609 2508 1708 2560 vita
1737 2503 1912 2576 palam
1941 2507 2023 2574 fa-

422 2616 506 2662 cta
535 2615 629 2669 est,
661 2615 711 2658 et
740 2605 955 2659 vidimus
984 2613 1034 2655 et
1079 2609 1349 2666 testamur,
1375 2607 1422 2650 et
1454 2598 1751 2650 nuntiumus
1782 2595 1921 2650 vobis
1949 2596 2018 2649 vi-

424 2707 530 2752 tam
559 2704 824 2757 wteruam,
857 2709 972 2762 qua:
1007 2700 1120 2746 erat
1144 2689 1282 2760 apud
1306 2688 1538 2752 Patrem,
1582 2696 1632 2740 et
1659 2685 1834 2756 palam
1884 2687 2026 2755 tacta

422 2799 502 2843 est
524 2786 670 2842 nobis
703 2784 756 2858 (Ι
807 2783 1051 2852 Joan.t).
1114 2779 1456 2834 Annuntians
1510 2779 1692 2847 itaque
1737 2775 1894 2830 nobis
1955 2775 2025 2832 de

424 2879 604 2934 Verbo
628 2878 767 2944 vitaz,
795 2875 940 2946 quod
968 2880 1087 2928 erat
1109 2872 1176 2925 ab
1207 2871 1381 2934 initio,
1416 2884 1517 2924 nec
1545 2869 1600 2922 in
1627 2868 1712 2922 his
1758 2884 1878 2939 qua:
1906 2883 2022 2924 me-

424 2969 752 3025 moravimus
778 2980 1041 3038 suscepta:
1069 2969 1136 3023 ab
1165 2984 1231 3023 eo
1251 2967 1430 3022 carnis
1450 2981 1646 3020 nomen
1672 2965 2020 3032 interserens,

423 3059 492 3113 de
521 3060 636 3128 ipso
665 3059 842 3113 Verbo
863 3059 1010 3124 dicit,
1048 3058 1192 3128 quod
1222 3057 1394 3113 oculis
1422 3057 1532 3112 suis
1559 3057 1707 3112 illum
1771 3055 2027 3126 inspexe—

424 3151 512 3213 rit,
543 3159 597 3204 et
625 3150 869 3204 manibus
897 3151 1334 3215 contrectaverit,
1368 3165 1475 3203 non
1497 3148 1747 3202 dubitans
1767 3163 1886 3217 quae
1899 3155 2025 3203 sunt

1528 384 1660 440 ΡΑ.ίί
1671 383 1826 440 UNDI
1868 379 2080 438 EPlSC.
2124 380 2629 439 llERMIANl-iNSIS

415 519 629 561 carnem
647 505 876 561 credidit
899 505 1117 559 factum.
1145 500 1271 555 Plus
1301 506 1381 556 est
1428 507 1608 552 autem
1638 496 1822 552 dicere
1844 495 2010 551 Altis-
2041 502 2090 558 Α

3612 381 3715 437 M8

2742 492 2971 551 CAPUT
3014 495 3071 550 V.

2119 611 2269 678 Quod
2295 609 2488 664 Christi
2536 607 2658 662 duce
2699 608 2797 662 sint
2844 609 3065 670 naturai.
3110 624 3210 661 non
3262 623 3365 661 una
3414 610 3718 678 composita.

2187 692 2368 737 contra
2421 681 2776 749 Eutychianas
2821 691 2873 734 et
2922 679 3426 748 Sentieutycliianos.
3471 680 3546 732 De
3573 679 3723 733 Julno

2189 769 2348 821 papa,
2400 761 2447 806 et
2499 748 2561 804 de
2606 748 2807 821 Cyrillo
2851 751 3228 818 Alexandrino,
3266 766 3488 822 quorum
3527 753 3721 821 scripta

2189 825 2440 894 objiciunt
2480 822 2785 876 adversarii.
3463 835 3487 852 κ

2189 952 2315 1008 Haec
2335 951 2594 1008 adversus
2622 950 3068 1009 Nestorianorum
3098 953 3375 1023 perﬁdiam
3390 954 3590 1010 dixisse
3610 952 3726 1010 sut-

2120 1043 2282 1109 ftciat,
2306 1059 2427 1114 qua:
2449 1059 2578 1111 nos,
2605 1045 2746 1099 sicut
2767 1045 3019 1110 arbitror,
3047 1060 3076 1099 a
3115 1045 3397 1100 calumniis
3419 1045 3718 1118 Eutychia-

2119 1152 2315 1192 norum
2339 1135 2471 1192 satis
2493 1151 2762 1207 superque
2783 1136 3107 1202 defendunt;
3151 1137 3243 1205 qui
3287 1153 3409 1192 cum
3465 1137 3724 1192 refellun-

2120 1238 2210 1282 tur
2237 1242 2270 1280 a
2299 1226 2583 1282 catholicis
2608 1265 2624 1292 ,
2676 1227 3119 1282 Nestorianorum
3146 1229 3226 1282 eis
3247 1228 3450 1283 crimen
3473 1227 3723 1296 alligant.

2120 1315 2189 1370 Et
2218 1315 2342 1372 ideo
2362 1317 2473 1386 jam
2502 1316 2630 1372 illud
2655 1317 2870 1372 tertium
2901 1317 3170 1386 praedictis
3219 1315 3565 1389 Eutychianis
3591 1333 3726 1373 eon-

2121 1408 2345 1462 trarium
2365 1414 2568 1462 rectum
2590 1423 2710 1462 esse
2732 1416 3112 1473 monstremus,
3135 1407 3283 1478 quod
3306 1408 3588 1464 Dominum
3623 1425 3726 1463 non

2121 1507 2292 1554 strum
2317 1498 2793 1554 Jesumeristum
2823 1500 3144 1555 conﬁtemur
3172 1501 3224 1554 in
3255 1500 3462 1555 duabus
3491 1503 3726 1573 naturis,

2123 1591 2176 1646 id
2204 1599 2285 1645 est
2312 1592 2364 1646 in
2389 1591 2670 1646 divinitate
2717 1601 2880 1662 atque
2910 1592 2962 1646 in
3016 1592 3352 1646 humanitate
3400 1591 3723 1661 perfectum.

2125 1682 2244 1749 Quo
2268 1682 2711 1738 Nestorianorum
2739 1697 2956 1751 quoque
3001 1683 3302 1738 calumnias
3343 1691 3651 1739 evertemus
3679 1686 3724 1751 ⁸,

2123 1776 2215 1844 qui
2245 1790 2344 1832 nos
2373 1783 2562 1844 putant
2588 1775 2654 1829 ad
2676 1776 3047 1830 confusionem
3074 1776 3300 1830 duarum
3327 1775 3526 1830 Christi
3559 1788 3726 1832 natu-

2053 1882 2099 1940 Β
2125 1883 2306 1922 rarum
2329 1867 2510 1922 dicere
2534 1867 2680 1938 quod
2732 1884 2867 1923 unus
2894 1884 2961 1922 ex
2993 1868 3254 1923 Trinitate
3275 1869 3344 1923 sit
3368 1869 3622 1924 Dominus
3641 1869 3727 1925 Je-

2125 1974 2218 2014 sus
2241 1957 2505 2023 Christus,
2535 1967 2591 2012 et
2617 1973 2743 2015 vere
2781 1967 2837 2012 et
2890 1960 3108 2028 proprie
3153 1969 3326 2014 mater
3381 1961 3471 2015 Dei
3528 1958 3723 2016 Maria.

2125 2047 2401 2104 Christum
2430 2049 2592 2118 igitur
2618 2049 2809 2104 Filium
2843 2050 2958 2114 Dei,
3011 2050 3463 2117 quemadmodum
3518 2053 3725 2108 dictum

2123 2153 2227 2207 est,
2262 2145 2314 2198 in
2336 2144 2542 2198 duabus
2564 2143 2920 2213 praedicamus
2947 2157 3068 2200 esse
3097 2144 3322 2198 naturis.
3353 2144 3460 2200 Nec
3498 2147 3602 2200 dici
3627 2163 3726 2216 pa-

2126 2238 2291 2292 timur
2320 2253 2480 2292 unam
2511 2237 2626 2305 ejus
2656 2252 2724 2290 ex
2747 2236 3027 2290 divinitate
3055 2244 3108 2290 et
3138 2237 3469 2292 humanitate
3499 2255 3727 2310 compo-

2125 2330 2281 2385 sitam
2304 2345 2425 2385 esse
2450 2338 2721 2393 naturam,
2753 2345 2822 2384 ne
2852 2327 3019 2397 Patri,
3048 2329 3200 2399 cujus
3247 2333 3473 2402 simplex
3529 2344 3725 2388 natura

2125 2431 2228 2489 est,
2257 2422 2729 2478 consubstantialis
2747 2437 2852 2476 non
2880 2422 2980 2487 sit;
3006 2430 3063 2475 et
3089 2423 3228 2476 sicut
3248 2423 3468 2478 alterius
3495 2435 3578 2479 est
3601 2442 3728 2496 per-

2125 2530 2290 2580 sona},
2321 2528 2482 2584 quam
2513 2511 2700 2576 Pater,
2735 2513 2806 2566 ita
2831 2514 2994 2567 etiam
3025 2514 3267 2576 alterius,
3292 2516 3342 2569 id
3374 2516 3724 2585 estdiversm,

2125 2607 2336 2662 dicatur
2365 2621 2484 2661 esse
2513 2613 2736 2660 naturae.
2769 2604 2967 2660 Verum
3019 2621 3193 2674 neque
3237 2606 3391 2660 nobis
3443 2607 3544 2662 erit
3589 2625 3726 2663 con-

2125 2699 2513 2763 substantialis,
2544 2699 2644 2754 nisi
2671 2698 2792 2767 ejus
2833 2699 2952 2753 dum
3000 2707 3204 2753 natura:
3227 2700 3332 2753 sint
3367 2719 3378 2752 :
3414 2709 3470 2755 ut
3513 2702 3727 2758 scilicet

2127 2794 2296 2848 altera
2325 2793 2395 2848 sit
2423 2792 2475 2846 in
2507 2807 2612 2861 qua
2634 2792 3106 2848 consubstantialis
3135 2801 3219 2847 est
3239 2791 3404 2856 Patri,
3437 2794 3605 2849 altera
3630 2811 3729 2851 ve-

2127 2900 2188 2940 ro
2219 2885 2270 2939 in
2293 2899 2398 2954 qua
2424 2883 2896 2938 consubstantialis
2922 2893 3002 2938 est
3051 2884 3225 2938 nobis.
3259 2883 3324 2937 At
3352 2884 3473 2939 huic
3498 2885 3728 2941 eviden-

2126 2977 2347 3033 tissima:
2367 2977 2565 3030 rationi
2595 2977 2752 3030 bruta
2777 2975 3230 3046 Eutychianorum
3254 2977 3529 3030 contentio
3553 2978 3728 3032 refra-

2125 3078 2302 3138 gatur,
2334 3066 2607 3123 afﬁrmans
2635 3066 2728 3121 Dei
2779 3066 2935 3121 Verbi
2967 3069 3227 3121 unitatem
3265 3067 3728 3122 incommutabili—

2125 3172 2210 3217 ter
2230 3161 2525 3231 simplicem
2581 3175 2702 3214 cum
2760 3168 3007 3228 suscepta
3066 3159 3401 3213 humanitate
3445 3161 3496 3213 in
3558 3177 3728 3215 unam

424 3243 599 3297 Ci‘mls
624 3243 904 3296 ίιιυπηίιιο
935 3241 1114 3297 Verbo
1144 3243 1396 3296 ll'ibuel‘e-
1426 3240 1563 3307 Quid
1590 3255 1720 3308 ergo
1742 3241 2014 3296 N51011:“
2049 3258 2093 3319 C
2125 3252 2378 3321 componi
2403 3251 2642 3321 potuisse
2669 3260 2934 3303 naturam.
2982 3250 3218 3315 Quorum
3264 3248 3734 3320 Eutychianorunt

424 3334 498 3398 ni,
530 3332 682 3402 quasi
713 3332 984 3387 cautiores
1009 3341 1063 3387 et
1083 3333 1451 3402 diligentiores
1483 3333 1599 3402 ipso
1642 3330 1853 3386 Joanne
1881 3348 2017 3402 apo-

423 3425 582 3488 stolo,
608 3426 718 3480 imo
747 3425 863 3495 ipso
887 3426 996 3480 Deo
1026 3425 1224 3490 Verbo,
1255 3426 1346 3495 qui
1392 3426 1470 3480 sic
1509 3426 1576 3480 de
1614 3441 1673 3480 se
1727 3425 1780 3478 in
1810 3423 2020 3481 Joanne

423 3517 742 3585 loquebatur
786 3517 1056 3587 apostolo,
1081 3517 1347 3584 refugiunt
1373 3531 1493 3586 qua:
1516 3523 1638 3570 sunt
1671 3515 2019 3570 humanitatis

424 3608 534 3664 Deo
558 3611 814 3672 tribuere,
843 3619 897 3665 et
925 3611 1138 3665 beatam
1168 3609 1388 3664 Mariam
1419 3609 1601 3664 dicere
1638 3623 1768 3663 vere
1794 3613 1850 3663 et
1894 3623 2022 3678 pro-

423 3702 537 3772 prie
565 3712 790 3756 matrem
812 3700 943 3769 Dci;
975 3718 1136 3770 quam
1165 3717 1272 3756 non
1313 3700 1582 3769 refugiunt
1605 3700 1785 3756 dicere
1812 3714 1940 3756 vere
1965 3709 2021 3756 et

423 3795 640 3865 proprie
667 3795 898 3849 hominis
929 3803 1178 3860 matrem,
1206 3795 1306 3849 nisi
1334 3793 1458 3864 quia
1489 3809 1598 3847 non
1623 3792 1871 3847 eumdem
1899 3807 2021 3847 cre-

421 3889 611 3943 dentes
640 3903 758 3944 esse
781 3887 968 3952 Deum,
1001 3902 1160 3956 quem
1185 3888 1479 3950 hominem,
1512 3886 1650 3940 duos
1673 3884 1830 3939 nobis
1859 3883 2017 3948 ﬁlios,

423 3979 549 4034 licet
578 3996 683 4033 non
711 3979 904 4044 verbis,
950 3981 1107 4032 rebus
1165 3986 1344 4031 tamen
1401 3976 1422 4006 ³
1484 3977 1670 4030 volunt
1725 3974 2019 4029 inducere?

422 4070 531 4124 Nos
561 4081 739 4124 autem
795 4071 1027 4124 scientes
1079 4070 1394 4139 Apostolum
1453 4067 1652 4121 dixisse
1687 4065 1734 4119 :‘
1760 4065 2019 4135 Optabam

423 4162 560 4214 enim
586 4177 677 4232 ego
707 4162 816 4227 ipse
837 4161 1114 4212 anathema
1163 4175 1274 4212 esse
1303 4176 1335 4212 a
1389 4157 1595 4212 Christo
1635 4175 1728 4226 pro
1770 4159 2018 4230 fratribus

425 4252 572 4316 meis,
602 4252 686 4318 qui
712 4258 830 4302 sunt
861 4251 1066 4319 cognati
1098 4250 1194 4301 moi
1214 4250 1494 4302 secundant
1525 4265 1754 4310 carnem,
1787 4249 1871 4320 qui
1899 4259 2019 4304 sunt

424 4339 702 4403 Israelitw,
733 4356 943 4406 quorum
959 4339 1167 4408 adoptio
1189 4349 1264 4391 est
1292 4339 1538 4407 ﬁliorum,
1569 4349 1619 4390 et
1644 4340 1830 4409 gloria,
1881 4349 1929 4393 et
1953 4351 2021 4393 te-

424 4440 699 4496 stamenta,
724 4439 770 4484 et
795 4430 1073 4501 legislatio,
1096 4438 1142 4482 et
1174 4432 1362 4494 altum,
1393 4438 1441 4482 et
1471 4432 1725 4500 promissa
1758 4445 1776 4484 :
1802 4447 2019 4499 quorum

423 4532 618 4594 patres,
649 4532 698 4576 et
723 4539 787 4576 ea:
821 4521 1003 4594 quibus
1059 4520 1292 4574 Christus
1331 4519 1609 4573 secundum
1655 4535 1886 4584 carnem,
1931 4522 2020 4590 qui

2123 3344 2240 3398 dum
2255 3353 2377 3397 sunt
2405 3351 2584 3412 partes
2615 3360 2626 3394 :
2659 3357 2784 3404 una,
2816 3357 2934 3412 qua:
2965 3357 3061 3411 per
3086 3350 3258 3396 totum
3280 3343 3526 3411 sequitur
3557 3343 3729 3416 Euty-

2122 3436 2238 3490 chis
2259 3434 2514 3504 principis
2543 3434 2625 3488 sui
2657 3434 2982 3488 sententiam
3007 3451 3022 3499 ;
3046 3433 3148 3487 alia
3178 3449 3328 3499 vero,
3354 3449 3471 3503 qum
3498 3436 3552 3488 in
3604 3437 3730 3504 qui-

2121 3523 2344 3578 busdam
2369 3523 2435 3576 ab
2457 3537 2524 3577 co
2553 3522 2896 3588 dissentiens,
2928 3537 3026 3592 per
3054 3523 3363 3592 superbiam
3406 3533 3591 3578 tamen
3643 3526 3730 3579 dc-

2121 3615 2369 3682 diguatur
2398 3614 2462 3668 ad
2486 3613 2778 3670 Ecclesiam
2803 3614 3111 3684 paenitendo
3144 3615 3338 3668 reverti
3363 3655 3378 3680 ,
3414 3624 3470 3668 ut
3496 3616 3567 3670 de
3591 3617 3731 3686 ipsis

2121 3705 2324 3761 dictum
2352 3705 2597 3760 videatur
2652 3707 2703 3759 in
2727 3706 2945 3776 psalmis
2978 3723 2992 3758 :
3025 3703 3241 3760 Discissi
3271 3714 3410 3769 sunt,
3442 3723 3536 3759 nec
3579 3722 3731 3761 com-

2119 3798 2294 3867 puncti
2321 3805 2442 3852 sunt
2473 3796 2643 3869 (Psal.
2674 3812 2856 3863 δίκην,
2889 3796 3000 3865 16).
3030 3797 3164 3851 Nam
3195 3799 3319 3865 quia
3371 3801 3730 3854 contentiosa

2121 3888 2362 3942 vanitate
2387 3875 2845 3957 prmsumpserunt
2872 3888 3029 3954 longe
3055 3886 3288 3953 diversa,
3322 3885 3374 3940 id
3427 3896 3513 3941 est
3566 3903 3732 3943 crea-

2123 3979 2310 4032 triccm
2341 3986 2588 4031 naturam
2641 3985 2984 4046 creatamque
3009 3975 3356 4040 confundere,
3390 3977 3570 4032 traditi
3619 3978 3731 4047 [ig-

2122 4069 2317 4124 mentis
2345 4057 2717 4123 et'erroribus
2765 4067 2946 4123 cordis
2970 4067 3070 4132 sui,
3127 4068 3371 4137 quamvis
3417 4082 3484 4122 ex
3525 4070 3732 4124 eodem

2121 4174 2346 4215 cmuoso
2395 4158 2543 4214 fonte
2591 4165 2891 4223 manantes,
2943 4157 3088 4226 juste
3151 4158 3453 4227 meritoque
3510 4159 3736 4214 discissi

2120 4259 2266 4308 sunt.
2299 4251 2405 4306 Sed
2433 4251 2506 4306 illi
2529 4251 2618 4320 qui
2641 4251 2785 4315 licet,
2808 4258 2867 4304 ut
2895 4250 3146 4318 diximus,
3182 4250 3497 4305 recedentes
3525 4251 3580 4305 in
3611 4253 3737 4321 quis

2120 4343 2346 4398 busdam
2394 4343 2462 4396 ab
2494 4343 2660 4411 ipsius
2708 4340 2966 4412 Eutychis
3021 4341 3255 4396 auctoris
3303 4349 3357 4395 et
3403 4344 3600 4412 capitis
3645 4344 3739 4402 sui

2121 4435 2406 4499 sententia,
2438 4434 2590 4502 sequi
2616 4442 2794 4487 tamen
2844 4432 3206 4503 dedignantur
3232 4431 3489 4488 Ecclesia:
3541 4435 3741 4489 catho~

2123 4527 2237 4581 ιίαιξ
2265 4526 2586 4589 doctrinam,
2610 4525 2762 4593 cujus
2793 4531 2959 4592 caput
3001 4533 3085 4580 est
3134 4522 3378 4578 Christus
3431 4524 3484 4577 in
3513 4523 3743 4581 duabus

423 4624 499 4672 est
521 4634 672 4683 super
696 4616 871 4671 omnia
903 4613 1039 4667 Deus
1069 4612 1361 4666 benedictus
1412 4614 1464 4665 in
1517 4612 1708 4666 stt-cata
1737 4610 1910 4678 (Rom.
1941 4628 2015 4674 Ix,
2056 4642 2098 4698 ο
2126 4619 2350 4682 naturis,
2383 4616 2436 4670 id
2467 4616 2624 4670 estin
2655 4616 2936 4670 divinitate
2982 4623 3144 4686 atque
3196 4615 3553 4678 humanitate,
3612 4633 3745 4686 per.

427 4711 516 4779 5);
566 4726 672 4764 non
737 4709 964 4763 alterum
1011 4707 1281 4764 Christum
1339 4716 1612 4776 putamus,
1687 4714 1744 4759 et
1795 4705 2022 4759 alterunt

427 4818 594 4870 super
613 4801 789 4855 omnia
815 4803 1008 4865 Deum;
1054 4801 1148 4854 sed
1175 4799 1424 4852 eumdem
1481 4797 1751 4850 Christum
1806 4797 2028 4851 creden-

429 4907 510 4952 tes
540 4911 699 4966 super
719 4897 897 4951 omnia
940 4897 1125 4959 Deum,
1156 4893 1272 4964 cjus
1301 4901 1529 4947 matrem
1557 4892 1768 4946 beatam
1800 4890 2021 4945 Mariam

428 4987 700 5056 Virginem
729 5000 855 5039 vere
876 4987 1159 5054 etproprie
1186 4985 1410 5038 dicimus
1435 4991 1663 5036 matrem
1689 4982 1807 5036 Dei.

499 5152 522 5180 α
560 5143 657 5197 Alii
685 5144 815 5197 alias
845 5144 999 5208 hujus
1029 5142 1260 5196 nominis
1276 5157 1464 5196 causas
1487 5139 1726 5206 tradunt,
1761 5146 1817 5192 ut
1840 5137 2009 5193 Leon-

2126 4709 2318 4771 fcctus,
2351 4717 2601 4777 tanquam
2649 4709 2767 4762 sine
2813 4708 2990 4777 capite
3046 4718 3408 4776 remanentcs,
3460 4709 3746 4778 Aecphali

2127 4809 2386 4856 vocantur
2407 4809 2432 4838 ι
2454 4815 2484 4854 a
2519 4799 2743 4868 Grmcis,
2772 4815 2909 4869 quos
2935 4799 3320 4868 signiﬁcantius
3349 4815 3449 4854 nos
3475 4785 3757 4856 Semicu-

2126 4891 2408 4962 tycbianos
2442 4905 2726 4960 possumus
2781 4888 3074 4960 appellare.
3119 4887 3183 4942 lli
3240 4903 3370 4956 ergo
3421 4891 3750 4944 scissor-uin

2127 4979 2582 5053 Eutychianorum
2609 4981 2936 5037 schismatici
2955 4980 3138 5035 dicunt
3157 4981 3433 5049 quoniam,
3460 4983 3507 5036 si
3530 4991 3594 5038 et
3628 4997 3748 5040 una

2113 5142 2430 5210 coryplueos
2465 5141 2745 5217 alludens,
2789 5141 3119 5217 δεκανέρατᾳν
3151 5142 3483 5217 amris-3pm,
3532 5140 3751 5200 decem

2112 5226 2374 5265 cornuum
2403 5214 2738 5267 orchestram
2790 5212 3139 5281 nuncupavit.
3177 5212 3594 5278 ’Ἁποϐἀλλει-ςα,
3665 5218 3753 5269 in-

2115 5282 2313 5358 quit,_1‘z
2335 5282 2455 5355 ἁγία
2489 5287 2747 5346 smine-ix,
2781 5289 2862 5338 καὶ
2890 5285 3148 5352 Εὐτυχέει,
3181 5285 3264 5335 καὶ
3308 5282 3619 5358 Διόσςχορον,
3654 5293 3752 5342 καὶ

2115 5353 2396 5413 Θεοδόσιον,
2428 5359 2510 5408 καὶ
2542 5359 2744 5429 Πέτρον,
2774 5358 2855 5409 καὶ
2881 5355 3136 5429 Τιμόβεον,
3162 5356 3285 5429 ,καὶ
3313 5353 3611 5429 ἰουλιαξὸη
3659 5363 3755 5412 καὶ

2119 5427 2346 5502 Γαὴνὸν,
2371 5427 2458 5477 καί
2487 5423 2880 5502 Βαρσὰγούφιον,
2909 5427 2988 5479 καὶ
3007 5423 3262 5488 Ἰάκωϐον,
3280 5427 3364 5476 καὶ
3387 5427 3474 5477 τὸν
3495 5423 3756 5502 ἔξαρχον

2119 5503 2209 5570 τῆς
2231 5494 2780 5570 δεκακεράτοὺλταύτηᾷ
2833 5497 3159 5570 ὀρχήστρας,
3203 5495 3438 5570 Σεϐῆρον,
3468 5501 3558 5550 καὶ
3602 5494 3758 5559 ’τῖὐς

2117 5565 2324 5626 λοιποὺς
2349 5565 2724 5642 Δαῖῖρεσ-ιάρχοις
2779 5565 3072 5639 redemisti:
3103 5570 3249 5638 φύσιν
3304 5565 3621 5641 digamma};
3702 5573 3762 5625 ἐν

2121 5648 2322 5710 Χριπτῴ
2344 5636 2590 5711 δογ’ματὶξ
2609 5636 2772 5700 ,νά-ας.

433 5215 538 5270 tius
563 5213 638 5269 De
668 5216 829 5270 sectis
855 5231 974 5282 cap.
1009 5213 1061 5277 5,
1096 5212 1211 5267 Ado
1243 5212 1557 5282 Viennensis
1597 5210 1656 5282 in
1713 5210 2007 5274 Chronico,

429 5285 762 5354 Nicephorus
793 5287 882 5338 lib.
910 5279 1054 5346 svnt,
1084 5299 1201 5352 cap.
1228 5280 1316 5348 45,
1362 5291 1416 5337 et
1445 5282 1551 5335 alii;
1585 5279 1850 5354 Caeterum
1879 5296 2010 5354 con-

425 5365 534 5410 stat
557 5349 858 5425 Acephalos
906 5349 1516 5422 tandequuzecuuque
1557 5351 1627 5405 sit
1668 5352 1841 5425 origo,
1891 5349 2014 5425 uni.

427 5443 582 5482 verse
608 5421 908 5497 appellatos
937 5421 1342 5494 monophy’sitas
1371 5437 1579 5497 omnes,
1612 5422 1702 5490 qui
1721 5421 1946 5497 “urticam
1962 5421 2016 5473 in

425 5489 920 5553 Christo'natnram
946 5489 1270 5558 statuebant,
1300 5502 1355 5546 et
1393 5489 1656 5563 synodum
1703 5489 2016 5563 Chalcedo-

427 5584 645 5639 nensem
676 5567 1075 5639 Oppuguabant,
1103 5567 1226 5619 licet
1255 5566 1397 5639 inter
1422 5559 1480 5616 se
1518 5561 1615 5639 alii
1667 5561 1785 5639 aliis
1813 5559 2017 5639 erroriv

430 5636 525 5692 bus
548 5631 934 5709 diserta-parcnt.
969 5638 1114 5691 Scite
1151 5645 1331 5689 autem
1372 5632 1685 5709 Anastasius
1726 5631 2016 5709 Antioche-

431 5721 551 5774 nus,
579 5716 695 5784 Περὶ
721 5701 809 5771 ’ἰῆς
834 5715 1056 5785 Χριστοῦ
1081 5710 1381 5777 οἰκονομίας,
1433 5703 1503 5757 ad
1555 5704 1742 5756 decem
1801 5701 2014 5755 illorum

2191 5838 2211 5869 ³
2241 5837 2382 5892 Idem
2404 5837 2548 5903 cod.,
2575 5838 2722 5891 rebus
2749 5845 2919 5891 tamen
2942 5837 3088 5908 ipsis.

503 5840 519 5871 ί
549 5841 679 5897 Cod.
707 5844 934 5911 Veron.,
956 5862 1018 5898 en
1039 5860 1152 5915 qua:
1169 5844 1340 5898 carnis
1369 5851 1506 5912 sunt,
1533 5840 1576 5895 ei
1599 5839 1864 5911 deputare.
2191 5839 2211 5869 ³
2241 5839 2382 5892 Idem
2404 5839 2548 5903 cod.,
2575 5839 2717 5891 rebus

503 5913 520 5941 ²
549 5910 692 5965 Idem
723 5916 866 5965 cod..
908 5931 1132 5965 carnem.
2197 5911 2217 5942 ⁵
2245 5909 2410 5965 Heln.
2444 5911 2587 5965 cod.,
2621 5911 2717 5964 et'it

2305 5925 2410 5968 ein.
2444 5923 2587 5975 cou.,
2621 5923 2906 5990 evitemus;

501 5913 520 5941 ²
549 5910 692 5966 Idem
723 5916 866 5977 cod.,
908 5910 1132 5970 carnem.
