3974 6330
194 322 298 378 iii-9

1120 322 1256 379 PRO
1295 317 1712 378 DEFENSIONE
1752 317 1969 374 TRIURI
2008 316 2326 376 CAPITUL.
2363 317 2488 374 LIB.
2549 319 2590 373 I.

3388 312 3492 370 550

195 436 514 510 praedicetur
543 436 660 492 Filii
695 437 787 493 Dei
821 445 1032 501 natura,
1066 445 1242 506 potest
1263 435 1435 505 accipi
1464 435 1655 490 eadem
1685 448 1790 488 una
1822 437 1868 495 Α
1899 435 1981 489 nis
2003 436 2302 503 passiones.
2338 453 2356 486 ε
2385 433 2548 501 Quasi
2573 431 2713 488 Deus
2737 431 2976 504 loquitur
2996 445 3116 504 qua:
3139 439 3269 486 sunt
3292 432 3494 497 divina,

198 537 387 584 natura
415 529 712 583 secundum
744 527 950 599 aliquid
975 537 1180 583 naturae
1208 527 1383 584 Patris
1408 542 1528 582 esse
1565 523 1801 581 consub-

195 620 479 686 stantialis,
515 629 570 675 et
597 621 728 676 item
761 620 1057 677 secundum
1089 619 1289 690 aliquid
1320 629 1519 674 nostra:
1546 635 1559 671 :
1590 618 1694 672 hoc
1718 625 1802 672 est

195 719 377 768 autem
409 713 609 779 dicere,
642 728 743 768 nec
769 711 942 768 Patris
962 728 1080 767 eam
1139 720 1346 766 natura:
1367 709 1798 765 consubstantia-

197 802 300 857 lem
330 818 470 868 esse,
495 819 594 858 nec
627 811 848 858 nostrae.
877 803 1121 871 Namque
1177 817 1299 856 cum
1349 799 1551 868 aliquid
1601 798 1802 853 habere

197 892 520 948 dieiturlucc
533 909 638 947 una
654 892 770 946 Filii
788 892 879 947 Dei
894 901 1082 947 natura
1107 895 1250 960 quod
1274 890 1450 944 Patris
1473 897 1661 943 natura
1692 903 1801 942 non

198 983 418 1050 habeat,
451 993 505 1038 ct
533 1000 718 1039 rursus
757 983 959 1052 aliquid
1013 982 1156 1050 quod
1206 990 1392 1035 nostra
1437 995 1542 1033 non
1584 979 1799 1044 habeat,

200 1091 307 1130 non
337 1076 484 1130 aliud
507 1085 590 1132 est
615 1091 778 1144 quam
803 1091 924 1130 eam
947 1090 1150 1145 negare
1181 1072 1700 1128 consubstantialem
1749 1079 1804 1124 et

199 1176 408 1222 natura:
434 1167 578 1222 Patri
608 1176 662 1222 et
693 1175 907 1223 nostrae.
936 1165 1007 1222 Ut
1034 1166 1176 1220 enim
1235 1163 1349 1219 nos'
1369 1172 1519 1219 recte
1559 1162 1805 1218 dicamus

198 1255 394 1312 Filium
422 1269 478 1314 et
507 1258 652 1314 Patri
683 1273 802 1313 esse
829 1257 1346 1314 consubstantialem
1376 1263 1430 1310 et
1479 1255 1656 1314 nobis,
1687 1269 1809 1322 pro-

202 1361 392 1422 pterea
419 1353 604 1420 utique
632 1351 759 1421 quia
782 1351 910 1406 licet
934 1365 1096 1404 unam
1146 1349 1388 1403 dicamus
1418 1361 1537 1400 esse
1570 1346 1586 1376 ί
1636 1359 1809 1414 perso-

202 1457 348 1507 nam,
372 1457 478 1495 non
511 1449 688 1496 tamen
714 1439 1009 1494 difﬁtemur
1034 1438 1180 1508 quod
1219 1438 1272 1492 in
1322 1437 1554 1508 quadam
1598 1443 1809 1488 natura-

202 1550 323 1588 rum
351 1533 612 1587 dualitate
640 1534 918 1596 subsistat,
945 1540 1006 1586 ut
1031 1531 1330 1586 secundum
1384 1534 1545 1584 unam
1576 1527 1809 1583 consub-

201 1627 476 1680 stantialis
507 1624 651 1680 Patri
678 1625 908 1693 dicatur,
941 1633 998 1680 et
1045 1623 1341 1679 secundum
1373 1622 1599 1677 alteram
1631 1620 1805 1674 nobis.

210 1717 382 1773 Unam
414 1735 568 1783 vero,
592 1733 752 1787 quam
777 1718 877 1788 ipsi
898 1717 1082 1772 dicunt
1131 1716 1328 1771 Christi
1373 1730 1494 1769 esse
1536 1720 1807 1776 naturam,

203 1816 412 1875 negant
439 1810 741 1873 omnino,in
765 1809 1025 1862 dualitatc
1055 1808 1232 1878 aliqua
1256 1807 1552 1870 contineri;
1604 1820 1672 1859 ne
1723 1819 1809 1857 re-
1842 1819 1886 1877 Β
1913 1813 2142 1870 Nestor-ii
2169 1811 2362 1884 (Ερίεε,
2387 1810 2409 1862 1
2441 1811 2508 1863 ad
2536 1809 2862 1877 Cledonium)

204 1901 393 1968 quisiti
420 1900 572 1969 cujus
598 1902 677 1954 rei
707 1902 779 1955 sit
811 1901 900 1955 illa
949 1900 1199 1962 dualitas,
1256 1900 1381 1968 quia
1432 1915 1539 1953 non
1585 1902 1813 1967 possunt

203 1993 319 2062 jam
342 1992 522 2048 dicere
548 2001 884 2055 naturarum,
918 2007 1272 2062 personarum
1324 1991 1504 2046 dicere
1533 1996 1815 2058 cogantur,

205 2083 356 2154 quod
385 2083 664 2138 nobiscum
695 2092 882 2138 contra
913 2083 1224 2138 Nestorium
1281 2091 1496 2150 negant.
1553 2079 1622 2134 Et
1666 2079 1813 2149 quia,

205 2191 335 2230 cum
379 2183 583 2229 natura:
622 2185 814 2229 natura
840 2172 1138 2236 confertur,
1172 2189 1281 2228 non
1312 2181 1494 2244 potest
1517 2174 1538 2204 ‘
1589 2170 1662 2226 ibi
1690 2186 1817 2238 pro—

207 2267 448 2321 nuntiari
473 2268 1029 2331 consubstantialitas,
1063 2266 1165 2321 nisi
1198 2275 1308 2322 tota
1332 2266 1715 2334 totichuetur,
1760 2275 1819 2320 ut

208 2355 544 2411 definitionis
573 2357 717 2411 nulla
764 2357 1048 2412 diversitas
1105 2355 1434 2420 intercedat,
1484 2369 1593 2408 non
1637 2364 1816 2408 autem

209 2458 394 2520 potest
417 2464 518 2502 una
541 2463 659 2503 esse
688 2447 932 2503 deﬁnitio
956 2457 1163 2502 natura:
1209 2462 1278 2502 ex
1300 2446 1582 2500 divinitate
1631 2454 1687 2502 et
1730 2447 1820 2502 bu-

210 2543 478 2594 manitate
503 2540 840 2610 compositae,
868 2541 911 2596 si
941 2540 1008 2594 de
1032 2539 1169 2594 Filio
1194 2539 1274 2594 sic
1298 2539 1576 2604 credatur,
1606 2547 1663 2594 et
1690 2541 1820 2594 sim-

209 2631 371 2702 plicis
417 2640 620 2685 natura:
676 2630 850 2687 Patris
899 2647 1020 2702 qua:
1084 2640 1291 2686 tantum
1345 2630 1525 2685 divina
1577 2640 1677 2696 est,
1728 2639 1820 2685 aut

211 2731 412 2776 nostrm
435 2738 552 2793 qua:
582 2732 788 2777 tantum
812 2724 1046 2778 humana
1077 2733 1192 2789 est,
1243 2739 1352 2779 non
1399 2738 1530 2793 ergo
1578 2724 1683 2793 erit
1735 2723 1823 2778 Fi-

211 2813 318 2868 lius
347 2823 402 2868 et
434 2791 578 2868 Patri
615 2816 1093 2870 consubstantialis
1121 2823 1175 2870 et
1204 2816 1382 2870 nobis.
1410 2816 1430 2846 ³
1449 2791 1565 2869 [εξιεί
1594 2791 1660 2869 de
1691 2814 1825 2870 Filio

211 2906 294 2960 sic
317 2906 589 2970 credatur,
618 2905 753 2959 duas
779 2904 1026 2960 conﬁteri
1055 2905 1256 2960 debent
1285 2907 1444 2958 unius
1477 2904 1594 2959 Filii
1619 2903 1713 2958 Dei
1738 2919 1826 2957 na-

212 3006 388 3062 tiu-as,
413 2997 556 3065 quod
601 2997 902 3052 innumeris
957 2996 1282 3052 testimoniis
1335 2997 1679 3065 antiquorum
1730 2993 1826 3050 Pa-

213 3099 360 3144 trum
395 3091 448 3144 in
474 3090 788 3146 defensione
813 3091 834 3122 ⁸
865 3105 1073 3159 magnae
1119 3090 1313 3162 synodi
1343 3090 1820 3157 Chalcedonensis,

1900 529 2025 599 quia
2044 528 2274 584 Verbum
2297 538 2408 595 est;
2437 527 2590 598 quasi
2611 526 2776 582 homo
2797 527 2927 581 dicit
2947 541 3067 597 quae
3089 535 3213 580 Slllll
3237 527 3497 593 humana,

1901 621 2026 690 quia
2063 621 2117 675 in
2165 635 2282 675 mea
2314 621 2615 676 substantia
2663 619 3002 688 loquebatur,
3046 625 3152 674 etc.
3209 638 3227 671 ι
3263 619 3500 673 Audiunt

1903 713 2017 767 lucc
2062 711 2328 768 Ambrosii
2379 713 2543 766 verba
2593 711 2817 765 recitata
2868 711 2920 764 in
2973 709 3242 780 Ephesina
3287 709 3500 780 synodo

1905 805 2142 875 (Actione
2169 803 2222 875 I)
2261 822 2274 857 ε
2308 809 2644 874 cognoscunt
2685 818 2753 856 cx
2796 801 2879 854 his
2920 800 3339 855 condemnatum
3382 815 3500 854 esse

1903 897 2234 962 Nestorium,
2286 896 2478 964 quibus
2505 893 2702 948 dicitur
2729 910 2742 946 :
2773 893 3062 947 Servcmus
3099 890 3498 946 distinctionem

1903 989 2200 1045 divinitatis
2229 995 2284 1042 et
2312 986 2508 1049 carnis,
2563 993 2618 1040 et
2661 984 2804 1054 quod
2846 984 2974 1038 licet
3015 1000 3172 1047 unus,
3222 991 3400 1036 tamen
3448 983 3500 1035 ἰει

1905 1088 2137 1149 utroque
2161 1080 2396 1148 loquitur
2420 1077 2512 1133 Dei
2538 1075 2722 1141 Filius,
2755 1077 2857 1131 hoc
2880 1085 2963 1131 est
2987 1077 3037 1130 in
3063 1085 3289 1144 utraque
3312 1085 3501 1131 natura

1907 1172 2202 1227 divinitatis
2233 1182 2287 1226 et
2312 1172 2490 1227 carnis
2539 1189 2551 1224 :
2596 1171 2740 1225 unde
2778 1180 2994 1225 secutus
3023 1168 3250 1237 adjccit,
3298 1169 3420 1239 quia
3452 1169 3503 1224 in

1907 1267 2097 1323 eodem
2130 1275 2355 1335 utraque
2383 1276 2574 1318 natura
2605 1271 2708 1319 cst.
2743 1263 2808 1317 Et
2831 1280 2937 1317 non
2962 1264 3289 1316 erubc~cunt
3313 1269 3503 1330 aperte

1907 1357 2124 1412 mentiri
2179 1356 2320 1426 quod
2373 1355 2610 1423 ejusdem
2667 1353 2856 1424 synodi
2913 1361 3111 1406 statuta
3168 1351 3497 1411 custodiant,

1907 1457 2169 1518 negantes
2191 1447 2460 1504 Christum
2486 1447 2536 1499 in
2568 1446 2774 1500 duabus
2804 1460 2922 1499 esse
2952 1443 3173 1509 naturis,
3210 1452 3262 1497 et
3291 1441 3500 1497 conﬁn-

1911 1549 2099 1610 gcntes
2134 1539 2277 1610 quod
2321 1555 2428 1593 una
2454 1538 2632 1608 potius
2661 1546 2852 1590 natura
2886 1537 3023 1590 facta
3055 1535 3125 1590 sit
3164 1550 3232 1588 ex
3273 1533 3496 1588 duabus.

1911 1633 2111 1689 Verum
2140 1632 2422 1686 advertant
2451 1629 2578 1699 quid
2607 1629 2770 1683 etiam
2803 1644 2868 1682 ex
2909 1627 3064 1682 dictis
3091 1625 3236 1680 beati
3264 1623 3504 1692 Gregmii

1913 1723 2234 1779 Nazianzeni
2264 1720 2532 1792 prolatum
2564 1720 2634 1773 ibi
2686 1719 2844 1773 fuerit
2890 1725 3076 1772 contra
3120 1717 3286 1786 ipsius
3315 1713 3506 1782 dogma

2893 1825 2905 1860 :
2940 1826 2957 1858 ‹
2986 1807 3040 1860 Si
3072 1807 3192 1876 quis
3219 1805 3362 1859 intro
3384 1805 3508 1858 lucit

1916 1909 2054 1963 duos
2083 1907 2240 1972 ﬁlios,
2271 1920 2436 1958 unum
2460 1902 2673 1971 quidem
2701 1917 2766 1956 ex
2797 1901 2910 1955 Deo
2939 1899 3118 1966 Patre,
3151 1899 3378 1952 altorum
3410 1913 3506 1949 au-

1919 2013 2023 2052 tem
2055 2013 2120 2051 ex
2150 2004 2342 2060 matre,
2394 2003 2450 2049 et
2481 2009 2587 2048 non
2617 2008 2782 2046 unum
2811 2001 2866 2046 et
2904 1991 3188 2058 eumdem,
3221 1989 3509 2058 adoptione

1915 2085 2250 2140 fraudabitur
2266 2099 2384 2154 qum
2413 2077 2677 2154 promissa
2705 2090 2789 2136 est
2816 2089 2965 2136 recte
2993 2080 3356 2135 credentibus.
3401 2077 3477 2131 Na
3498 2108 3511 2120 -

1920 2186 2050 2229 tura:
2079 2175 2281 2229 etenim
2311 2174 2448 2239 dum,
2493 2173 2632 2228 Deus
2661 2181 2716 2226 et
2746 2173 2928 2235 homo,
2974 2169 3426 2240 quemadmodum
3457 2178 3510 2224 ct

1919 2268 2096 2321 anima
2141 2274 2195 2321 et
2225 2281 2442 2336 corpus,
2495 2281 2603 2319 non
2634 2273 2814 2320 autem
2847 2264 2937 2317 lilii
2969 2262 3076 2318 duo
3110 2281 3124 2330 ;
3155 2280 3328 2334 neque
3368 2265 3512 2319 enim

1921 2357 2008 2412 hic
2025 2356 2130 2410 duo
2152 2355 2417 2420 homines,
2446 2354 2572 2410 licet
2591 2355 2667 2411 sic
2687 2353 2884 2409 Paulus
2908 2352 2994 2426 (II
3017 2353 3135 2408 Cor.
3163 2370 3234 2419 IV,
3251 2353 3337 2425 16)
3369 2354 3514 2424 quod

1922 2446 2144 2502 interius
2173 2453 2255 2501 est
2283 2446 2518 2501 hominis
2546 2454 2602 2500 et
2630 2447 2652 2478 ⁷
2681 2447 2920 2500 exterius
2952 2445 3319 2516 appellaverit.
3366 2445 3430 2499 Et
3458 2453 3515 2500 ut

1921 2539 2158 2594 breviter
2193 2538 2425 2604 dicatur,
2470 2537 2615 2592 aliud
2661 2537 2879 2606 quidem
2925 2545 2981 2592 et
3017 2537 3162 2592 aliud
3212 2552 3279 2592 ex
3322 2537 3517 2607 quibus

1921 2631 2160 2686 salvator
2194 2637 2308 2696 est;
2339 2637 2395 2684 et
2422 2629 2550 2684 licet
2581 2644 2686 2684 non
2719 2628 2773 2683 id
2811 2630 2881 2685 sit
2909 2629 3177 2684 invisibile
3205 2629 3348 2698 quod
3389 2630 3517 2685 visi-

1923 2721 2050 2790 bile,
2112 2729 2168 2776 et
2211 2729 2456 2791 tempore
2505 2735 2696 2776 carens
2743 2721 2886 2790 quod
2932 2722 3033 2776 sub
3083 2730 3354 2791 tempore;
3412 2738 3518 2779 non

1927 2823 2107 2870 tamen
2156 2813 2292 2868 alius
2340 2822 2397 2868 et
2446 2814 2628 2868 alius:
2661 2814 2820 2868 absit.
2875 2813 3048 2870 Ambo
3098 2816 3295 2870 etenim
3355 2833 3520 2871 unum

1927 2915 2438 2978 temperamentum,
2467 2906 2578 2961 Deo
2599 2907 2816 2976 quidem
2847 2908 3148 2972 incarnato,
3183 2910 3401 2966 homine
3423 2926 3523 2965 au-

1926 3007 2036 3053 tem
2067 2997 2339 3063 deiﬁcato,
2385 2997 2471 3054 vel
2499 2998 2773 3067 quomodo
2802 3000 2923 3068 quis
2955 3002 3233 3055 nominare
3263 3003 3520 3070 potuerit.

1929 3089 2059 3144 Dico
2087 3096 2269 3143 autem
2298 3088 2440 3142 aliud
2468 3097 2523 3143 et
2552 3088 2715 3143 aliud.
2770 3089 2942 3144 Aliter
2970 3101 3152 3145 autem
3180 3093 3233 3146 in
3266 3092 3524 3148 Trinitate

215 3192 270 3235 et
291 3181 639 3236 convictione
667 3183 687 3214 ³
717 3181 1065 3254 Eutychiana:
1111 3181 1396 3248 vecordia),
1427 3197 1546 3236 cum
1579 3182 1824 3252 plurimis
1855 3197 1898 3257 (ς
1928 3192 2030 3237 est.
2058 3180 2136 3236 lbi
2165 3181 2363 3237 etenim
2394 3180 2531 3235 alius
2558 3189 2612 3235 et
2651 3181 2788 3236 alius
2816 3191 2900 3237 est
2932 3191 2990 3236 ut
3020 3199 3127 3237 non
3154 3185 3525 3240 subsistentias

216 3281 334 3327 tum
368 3274 538 3328 etiam
570 3291 664 3329 vos
697 3275 986 3345 probastis.
1028 3274 1108 3328 Ex
1157 3274 1354 3343 quibus
1409 3283 1466 3329 ct
1507 3289 1606 3328 nos
1653 3273 1827 3328 adhuc

217 3367 400 3435 aliqua
433 3366 776 3434 proferimus,
839 3367 940 3420 etsi
970 3381 1077 3419 non
1120 3365 1285 3420 multa
1313 3379 1558 3430 numero,
1592 3365 1830 3435 pondere

218 3465 402 3514 tamen
429 3459 612 3526 gravia
640 3467 695 3514 ut
728 3467 854 3529 pote
881 3475 1001 3530 qua:
1029 3459 1219 3531 synodi
1267 3457 1548 3528 Ephesinm
1599 3459 1705 3516 sint
1733 3475 1829 3514 au-

221 3552 479 3606 ctoritate
505 3549 736 3606 ﬁrmata.
770 3551 846 3606 Ibi
878 3552 1021 3606 enim
1051 3551 1262 3622 prolata
1314 3560 1443 3606 sunt
1491 3559 1678 3606 contra
1720 3551 1828 3607 Ne-

222 3643 476 3706 storium,
507 3650 566 3696 et
587 3657 652 3696 ex
682 3641 768 3697 bis
797 3642 868 3697 ibi
891 3644 1171 3698 convictus
1199 3650 1363 3712 atque
1391 3643 1678 3699 damnatus
1723 3651 1826 3698 est.

222 3733 356 3801 Quia
385 3734 548 3802 igitur
568 3743 795 3804 utraque
827 3749 952 3804 pars
976 3732 1429 3806 Eutychianorum
1456 3735 1621 3804 ipsius
1640 3736 1829 3806 synodi

217 3825 604 3878 auctoritatem
635 3825 786 3895 sequi
815 3840 876 3880 se
901 3824 1050 3888 dicit,
1082 3824 1330 3880 sufﬁcere
1362 3825 1713 3880 confutationi
1737 3842 1833 3882 eo-

221 3932 342 3969 rum
372 3916 651 3980 existimo,
676 3917 720 3970 si
750 3916 871 3971 aliis
892 3916 1104 3972 omissis
1127 3917 1231 3971 hoc
1250 3916 1424 3970 solum
1446 3916 1668 3982 clareal,
1690 3916 1835 3986 quod

221 4009 341 4077 ipsa
372 4023 593 4077 quoque
658 4008 790 4063 duas
839 4008 1133 4063 ﬁrmaverit
1175 4007 1375 4062 Christi
1425 4023 1546 4063 esse
1596 4018 1834 4072 naturas,

224 4119 349 4154 cum
379 4100 604 4170 protulit
628 4101 884 4156 adversus
922 4101 1225 4157 Nestorium
1281 4115 1348 4155 ex
1411 4100 1649 4157 secundo
1703 4099 1840 4153 libro

226 4192 374 4244 beati
405 4191 677 4244 Ambrosii
707 4191 774 4245 ad
800 4191 1115 4246 Gratianum
1147 4191 1526 4261 imperatorem
1576 4189 1729 4262 (Cap.
1761 4189 1838 4259 4),

226 4281 412 4336 dicens
448 4279 469 4309 ⁵
501 4297 514 4333 :
556 4298 573 4331 ι
609 4280 816 4336 Sileant
843 4281 1004 4350 igitur
1035 4283 1220 4336 inanes
1244 4282 1311 4336 de
1335 4283 1674 4337 sermonibus
1699 4297 1844 4351 quae-

229 4364 464 4426 stiones:
487 4371 612 4440 quia
643 4386 866 4440 regnum
894 4373 1010 4436 Dei,
1037 4373 1176 4426 sicut
1205 4373 1464 4443 scriptum
1493 4381 1594 4440 est,
1653 4389 1759 4427 non
1790 4373 1843 4428 in

232 4465 588 4532 persuasione
608 4465 761 4519 verbi
790 4473 892 4531 est,
915 4465 1007 4519 sed
1042 4465 1095 4518 in
1125 4465 1435 4520 ostensione
1459 4465 1692 4520 virtutis.
1719 4464 1846 4519 Ser-

234 4570 422 4609 vemus
450 4555 854 4610 distinctionem
885 4555 1182 4609 divinitatis
1231 4563 1287 4609 et
1321 4553 1500 4608 carnis

236 4656 468 4716 utraque
489 4648 726 4716 loquitur
751 4647 1044 4713 DeiFilius,
1061 4648 1187 4716 quia
1206 4646 1258 4700 in
1283 4646 1478 4702 eodem
1505 4656 1729 4715 utraque
1746 4663 1842 4701 na-

238 4746 353 4791 tura
380 4735 573 4792 est.Et
594 4740 638 4792 si
666 4739 803 4792 idem
831 4739 1092 4807 loquitur,
1126 4753 1232 4793 non
1263 4753 1372 4792 uno
1401 4753 1616 4806 semper
1664 4737 1840 4806 loqui-

240 4839 323 4885 tur
334 4830 523 4886 modo.
550 4851 567 4883 ι
591 4831 811 4886 Intende
827 4832 880 4886 in
899 4847 966 4886 eo
989 4846 1131 4886 nunc
1144 4831 1370 4900 gloriam
1387 4831 1502 4896 Dei,
1526 4847 1667 4886 nunc
1678 4830 1846 4884 homi-

311 5033 336 5058 ο
380 5018 679 5090 Epistulam
702 5016 770 5090 ad
793 4991 1124 5090 Dionysium,
1153 5031 1314 5090 quam
1336 5015 1668 5090 .Iulio_papa2_
1680 5014 1848 5069 ascri-

239 5084 442 5145 bcbant
481 5089 759 5158 Acephali,
791 5084 1145 5143 Julii'revcra
1172 5084 1341 5142 fuisse
1373 5085 1600 5158 credidit
1630 5084 1850 5158 Genna-

239 5161 360 5213 dius
389 5163 442 5214 in
474 5155 839 5228 Scriptoribus
867 5159 1246 5213 ecclesiasticis
1285 5173 1408 5226 cap.
1437 5155 1490 5228 2,
1517 5156 1849 5228 subdititiam

243 5230 541 5284 Facundos
570 5224 876 5298 suspicatur
907 5230 1008 5282 hoc
1039 5228 1177 5298 loco,
1210 5236 1265 5282 et
1294 5224 1435 5296 apud
1466 5225 1716 5298 Phptium
1748 5224 1853 5298 Eu-

241 5300 419 5368 logius
443 5296 835 5354 Alexandrinus
851 5309 990 5353 orat.
1019 5299 1082 5357 ’ὅς
1110 5297 1361 5352 Leontius
1381 5313 1512 5351 vero
1537 5296 1851 5367 Byzantius,

239 5367 339 5440 qui
383 5380 438 5425 et
488 5373 730 5439 Cpistulze
783 5371 943 5424 verba
992 5370 1187 5424 recitat
1237 5369 1432 5438 quibus
1489 5367 1856 5420 abutebantur

320 5529 339 5562 ¹
373 5527 493 5581 Cod
527 5527 747 5587 Veron.,
778 5527 890 5596 ejus
919 5543 1060 5588 esse,

321 5603 343 5634 ’
372 5599 518 5653 Idem
539 5600 685 5664 cod.,
701 5599 794 5652 toti
807 5599 978 5667 utique
991 5606 1102 5667 tota,
1118 5597 1400 5665 confertur.
1417 5612 1519 5648 non
1536 5603 1722 5665 potest,
1739 5603 1846 5667 etc.

324 5674 345 5704 ⁸
367 5670 516 5724 Idem
539 5670 660 5722 cod.
680 5711 694 5733 ,
725 5677 774 5722 et
805 5666 969 5721 nobis.
999 5666 1104 5720 Sed
1121 5667 1240 5734 quia
1263 5675 1310 5719 et
1341 5683 1515 5718 ven...
1549 5675 1604 5718 ut
1651 5676 1700 5720 et
1746 5666 1850 5732 ipsi

245 5759 453 5840 Τίοφιε
478 5757 579 5791 non
605 5741 878 5809 denegavit,
909 5738 1043 5802 quod
1069 5747 1118 5789 et
1153 5738 1297 5790 l’utri
1324 5737 1391 5790 si!
1423 5735 1846 5790 consubstantia-

275 5821 313 5840 ι-
358 5824 400 5840 ,ο
423 5812 571 5840 ...Λιιέο
621 5810 747 5840 Jun.
780 5809 1010 5840 ρηηΙῖιιο-οέ
1053 5806 1232 5840 Αινιιιιηο
1280 5810 1428 5840 νηὶ-η
1472 5807 1592 5840 ΠΗἶὶ
1631 5807 1721 5840 1).ιὲ
1749 5822 1846 5840 nn-

245 5806 314 5870 {is
347 5806 590 5870 etnobis,
620 5806 750 5861 duas
779 5809 1010 5876 conﬁteri
1052 5806 1232 5862 debent
1279 5810 1428 5863 unius
1466 5807 1592 5861 Filii
1629 5807 1721 5862 Dei
1749 5822 1848 5859 na-

241 5898 434 5944 turus;
461 5880 601 5950 quod
623 5881 934 5952 innumeris,
956 5887 1060 5933 etc.

1932 3274 2352 3340 confundamus;
2386 3289 2494 3328 non
2520 3273 2662 3329 aliud
2692 3282 2743 3329 et
2777 3275 2947 3345 aliud,
3004 3293 3168 3331 unum
3197 3279 3394 3332 etenim
3427 3282 3526 3334 tria

1931 3373 1988 3421 et
2041 3365 2182 3420 idem
2227 3365 2526 3420 divinitate.
2567 3384 2585 3416 ι
2645 3364 2778 3419 Cum
2836 3367 2997 3435 igitur
3051 3377 3105 3423 et
3158 3369 3245 3423 hic
3274 3370 3525 3437 audiant,

1930 3461 2057 3530 quia
2086 3467 2292 3516 natura:
2317 3459 2438 3514 dua:
2467 3467 2592 3513 sunt
2621 3458 2762 3512 Deus
2792 3467 2848 3512 et
2874 3459 3059 3523 homo,
3105 3475 3206 3515 nec
3230 3468 3290 3514 ut
3315 3461 3402 3515 isti
3435 3478 3530 3513 v0-

1931 3551 2050 3605 lunt
2096 3565 2204 3605 una
2249 3550 2465 3604 dicatur
2509 3565 2574 3603 ex
2632 3558 2861 3618 utraque
2908 3551 3240 3620 composita;
3299 3567 3530 3622 cumque

1935 3643 2094 3699 simul
2138 3643 2459 3707 advertant,
2508 3641 2636 3711 quia
2685 3641 2824 3696 sicut
2863 3642 2914 3696 in
2965 3642 3229 3699 Trinitate
3266 3644 3404 3701 alius
3451 3654 3534 3702 est

1936 3734 2116 3800 Pater,
2167 3742 2223 3789 et
2251 3733 2388 3787 alius
2417 3739 2502 3787 cst
2530 3731 2726 3797 Filius,
2782 3741 2837 3786 et
2866 3733 3003 3788 alius
3035 3733 3265 3804 Spiritus
3294 3743 3535 3802 sanctus,

1938 3835 1994 3882 et
2035 3827 2149 3881 baac
2189 3826 2291 3880 tria
2340 3824 2562 3879 nomina
2609 3839 2717 3878 non
2764 3825 2922 3880 unius
2966 3841 3242 3896 personzc,
3289 3830 3536 3895 quamvis

1939 3918 2097 3974 unius
2142 3927 2346 3972 natura:
2385 3917 2510 3981 sint,
2546 3915 2617 3970 ita
2663 3915 2824 3970 etiam
2852 3921 2903 3970 in
2933 3916 3150 3972 Christo
3196 3934 3303 3972 non
3336 3933 3437 3971 una
3468 3919 3536 3974 sit

1935 4018 2149 4076 natura,
2175 4009 2419 4078 quamvis
2439 4021 2545 4061 una
2566 4021 2800 4077 persona
2825 4009 2894 4063 sit
2918 4026 2930 4061 :
2956 4008 3228 4078 quomodo
3251 4007 3538 4080 Eutychia-

1940 4102 2017 4165 ni,
2066 4101 2110 4156 si
2133 4100 2397 4169 Gregorio
2419 4099 2647 4154 credunt
2682 4100 2765 4155 vel
2793 4103 2972 4171 potius
2993 4099 3280 4171 Ephesium
3307 4104 3539 4173 synodo,

1943 4208 2050 4247 non
2077 4193 2265 4248 vident
2305 4193 2449 4262 quod
2493 4194 2733 4264 ejusdem
2765 4191 3157 4263 profanationis
3201 4193 3293 4261 sit,
3347 4193 3392 4247 si
3434 4209 3542 4248 una

1942 4282 2150 4338 dicatur
2176 4283 2375 4338 Christi
2403 4299 2524 4340 esse
2553 4292 2768 4349 natura,
2819 4283 2972 4352 cujus
3012 4284 3403 4353 profanationis
3461 4293 3542 4340 est

1946 4374 1991 4428 si
2024 4389 2128 4428 una
2159 4373 2368 4428 dicatur
2416 4373 2592 4429 Patris
2621 4382 2678 4430 et
2716 4373 2836 4428 Filii
2865 4382 2920 4429 et
2947 4373 3178 4443 Spiritus
3208 4373 3378 4427 sancti
3424 4386 3543 4427 esse

1947 4463 2227 4533 persona?
2278 4461 2579 4534 Utrumque
2607 4464 2782 4519 simile
2828 4477 2949 4518 esse
2978 4461 3234 4531 prmdicta
3282 4461 3539 4533 synodus,

1543 4571 1555 4607 :
1608 4569 1747 4609 unus
1791 4555 1844 4608 in
1879 4586 1924 4644 Β
1951 4560 2092 4608 teste
2112 4550 2397 4621 Gregorio,
2426 4551 2837 4607 demonstravit.
2871 4550 3008 4617 Quid
3051 4560 3230 4604 autem
3261 4550 3381 4606 illos
3409 4568 3541 4606 con-

1951 4658 2032 4705 tra
2064 4649 2179 4704 hare
2208 4648 2606 4703 evidentissima
2638 4645 2857 4700 Patrum
2888 4644 3193 4700 testimonia
3221 4645 3411 4712 juvare
3441 4659 3543 4716 po-

1951 4741 2110 4805 terit,
2157 4739 2302 4810 quod
2333 4740 2386 4794 in
2417 4740 2767 4794 assertionem
2818 4737 3092 4792 vanissimi
3121 4736 3203 4790 sui
3233 4739 3434 4793 erroris
3462 4739 3544 4792 di-

1951 4840 2113 4896 cunt,
2171 4830 2369 4886 Iulium
2426 4830 2731 4885 Romanum
2779 4829 3093 4900 episcopum
3145 4839 3167 4864 ιι
3215 4827 3400 4884 nescio
3453 4830 3546 4884 ubi

1956 5012 2295 5086 Eutychiani,
2329 5028 2432 5069 non
2473 5011 2618 5086 Julii.
2664 5009 2757 5086 sed
2800 5009 3124 5086 Apollinaris
3150 5010 3405 5086 heretici
3431 5025 3549 5064 eam

1958 5081 2122 5139 fuisse
2150 5085 2311 5140 docet
2335 5099 2454 5152 cap.
2509 5082 2542 5136 8
2570 5083 2636 5137 de
2673 5081 2871 5138 Sci-tis.
2925 5081 3080 5148 Quod
3113 5083 3283 5151 ipsum
3320 5081 3553 5152 afﬁrmat

1959 5155 2276 5229 Anastasius
2305 5154 2356 5208 in
2385 5148 2591 5229 Ιίειο-ᾳθΔ
2609 5176 2650 5224 χ
2655 5159 2871 5229 ρῄσεωγ,
2903 5161 2957 5207 et
2986 5165 3110 5229 ante
3133 5148 3554 5229 utrumque‘Hy-

1961 5226 2138 5296 patius
2182 5227 2468 5296 episcopus
2497 5220 2798 5294 Eph'esinus
2828 5224 2879 5296 in
2921 5220 3371 5296 collationehcum
3413 5220 3552 5275 Ace-

1961 5292 2142 5367 phalis
2187 5292 2381 5351 habita
2401 5292 2868 5365 Constantinopoli
2904 5310 2916 5346 :
2954 5293 3098 5347 Beati
3139 5292 3268 5347 Julii
3298 5293 3552 5413 (“molium

3404 5378 3420 5413 ι
3468 5375 3552 5412 am

3404 5375 3552 5414 utam

2037 5522 2054 5553 ⁸
2080 5519 2224 5576 Idem
2247 5521 2394 5588 cod.,
2425 5522 2796 5592 defensionem.

2035 5594 2055 5624 '
2100 5593 2244 5646 Idem
2268 5593 2416 5658 cod.,
2441 5595 2830 5646 convictionem.

2037 5667 2055 5695 ‘
2081 5664 2225 5718 Idem
2257 5662 2404 5724 cod.,
2437 5663 2678 5716 dicentis.

2032 5735 2053 5766 ⁷
2092 5732 2237 5786 Idem
2269 5732 2416 5798 cod.,
2447 5733 2546 5799 lilii
2588 5741 2758 5786 autem
2804 5746 2905 5783 non
2954 5733 3076 5796 duo,
3127 5743 3288 5800 neque
3331 5726 3428 5800 (lii,
3461 5739 3555 5800 ne:

1959 5821 2056 5874 que
2103 5802 2261 5874 enim,
2298 5796 2409 5865 hic,
2448 5796 2554 5856 etc.
2607 5809 2870 5858 consonat
2897 5811 3075 5857 textus
3100 5796 3301 5874 glaucus
3335 5815 3348 5850 :
3379 5799 3480 5850 υἱοί
3507 5796 3562 5852 δι

2038 5873 2151 5934 δύο,
2179 5871 2297 5928 οὐδὲ
2324 5873 2445 5927 (sei.
