3974 6330
421 365 516 420 551

1530 354 1823 412 ΡᾹΕΕΝΜ
1864 352 2071 410 ΕΙἾΞΟ.
2107 352 2616 410 ΠΕΒΜΙΛΝΕΝΞΙΞ
3623 355 3728 412 5713

3700 394 3730 412 Α

418 475 757 550 rescripsisse
785 474 802 507 ¹
831 473 972 545 quod
1007 486 1107 527 una
1137 470 1211 525 sit
1256 468 1452 525 Christi
1501 467 1737 522 natura?
1786 480 1909 519 cum
1961 464 2013 518 in
2043 467 2089 526 Α
2119 463 2244 534 quia
2273 463 2439 533 ipsius
2470 462 2753 532 Ephesium
2781 464 2970 535 synodi
3002 462 3204 532 primus
3233 462 3330 518 fuit
3363 464 3504 520 idem
3534 466 3729 523 beatus

420 570 610 625 eadem
649 573 835 623 sancta
881 561 1092 635 synodo
1139 560 1438 632 Ephesiua,
1486 559 1591 614 hoc
1637 557 1813 614 solum
1854 555 2020 625 ipsius

420 662 562 717 beati
592 659 716 714 Julii
746 664 935 714 contra
958 655 1265 710 Nestorium
1295 653 1580 709 recitatum
1612 649 1776 706 fuerit
1806 664 1874 705 ex
1900 647 2020 720 epi-

421 750 559 804 stola
585 747 648 801 ad
671 744 1020 800 Prosdocium
1039 744 1079 809 ‘,
1116 744 1168 797 in
1198 757 1303 812 qua
1325 742 1401 796 ait
1431 741 1667 812 (Actione
1692 739 1746 808 1)
1775 757 1788 792 :
1825 757 1844 790 ι
1874 736 2023 793 Prat-

423 841 631 894 dieatur
658 853 790 893 vero
819 837 885 891 ad
912 835 1350 906 supplementum
1381 833 1506 889 ﬁdei
1538 841 1593 888 et
1621 832 1933 888 incarnatus
1957 845 2026 884 ex

427 929 591 983 Maria
615 928 834 996 Virgine
871 926 1038 982 Filius
1060 928 1100 991 ’,
1130 933 1186 980 et
1208 925 1459 980 habitans
1476 923 1529 978 in
1554 921 1885 985 hominibus,
1918 935 2027 973 non

429 1025 479 1077 in
509 1023 727 1077 homine
755 1027 1010 1090 operatus
1040 1060 1054 1086 ,
1086 1017 1192 1072 hoc
1221 1016 1364 1072 enim
1395 1016 1446 1069 in
1471 1013 1748 1086 prophetis
1777 1010 2031 1066 fueratet

427 1113 685 1184 apostolis
722 1130 733 1164 :
765 1109 1036 1181 perfectus
1064 1109 1206 1164 Deus
1234 1108 1288 1162 in
1317 1121 1501 1172 carne,
1547 1112 1604 1160 et
1631 1105 1796 1158 homo
1824 1099 2032 1174 perfec-

427 1216 514 1260 tus
545 1206 597 1259 iu
625 1205 847 1274 spiritu;
896 1218 1004 1257 non
1033 1202 1140 1256 duo
1173 1201 1264 1255 lilii
1289 1241 1304 1265 ,
1354 1214 1494 1254 unus
1533 1197 1751 1268 quidem
1782 1194 2033 1266 proprius

428 1296 595 1350 Filius
618 1309 901 1348 assumens
921 1292 1216 1356 hominem,
1240 1291 1377 1344 alter
1396 1305 1526 1344 vero
1551 1287 1798 1343 mortalis
1821 1299 2037 1356 suscep-

429 1396 516 1439 tus
545 1402 574 1438 a
604 1384 745 1447 Deo;
777 1382 874 1439 sed
906 1398 1042 1438 unus
1071 1381 1379 1450 unigenitus
1407 1381 1458 1434 in
1500 1380 1661 1442 casio,
1716 1377 2030 1447 unigenitus

431 1478 571 1532 Dens
603 1478 655 1530 in
687 1484 849 1531 terra.
889 1495 907 1527 ›
943 1473 1060 1529 Νοιι
1091 1475 1254 1539 aliu.l,
1299 1481 1496 1544 prmter
1522 1472 1665 1526 hanc
1695 1469 1760 1524 ad
1793 1468 2032 1525 Prosdo-

432 1570 572 1625 cium
600 1569 910 1640 epistolam,
959 1583 1026 1623 ex
1055 1567 1212 1622 dictis
1254 1567 1399 1622 beati
1443 1565 1568 1620 Julii
1601 1565 1654 1618 in
1701 1564 1791 1618 illa
1830 1561 2038 1635 synodo

435 1664 705 1733 prolatum
737 1669 839 1729 est,
871 1661 917 1717 si
947 1677 1051 1730 qua
1085 1661 1306 1716 forsitan
1352 1660 1456 1714 alia
1497 1658 1729 1729 scripsit,
1765 1672 1938 1727 neque
1966 1671 2037 1711 ex

434 1756 538 1809 hac
569 1753 795 1825 epistola
847 1753 1050 1822 aliquid
1098 1752 1347 1822 amplius.
1398 1750 1510 1805 Cur
1558 1751 1720 1818 igitur
1763 1765 1871 1804 non
1910 1745 2040 1802 illud

2122 553 2378 627 Cyrillus,
2407 555 2498 624 qui
2528 569 2636 610 non
2666 562 2868 609 temere
2883 553 3187 610 credendus
3215 562 3296 609 est
3324 555 3427 610 sibi
3455 559 3732 614 exstitisse

2123 646 2448 702 contrarius.
2479 644 2637 712 Quod
2667 646 2713 700 si
2743 646 2904 700 etiam
2934 645 3144 713 fuisset,
3176 663 3284 702 non
3317 648 3368 702 in
3401 664 3469 704 eo
3499 664 3736 720 sequen-

2125 736 2227 792 dus
2253 744 2392 802 erat,
2445 737 2590 807 quod
2630 737 2880 807 privatim
2923 738 3167 808 singulis,
3219 747 3278 794 ut
3315 740 3364 795 ei
3405 743 3578 796 visum
3625 753 3731 813 est,

2127 829 2348 895 dixisse,
2374 829 2468 884 sed
2493 829 2672 899 potius
2685 829 2829 901 quod
2851 845 2975 886 cum
2999 837 3233 885 tractatu
3250 845 3314 887 ac
3335 832 3730 888 deliberatione

2129 919 2321 992 synodi
2370 920 2621 978 docuisse
2648 920 3061 978 ‘commuuiter
3108 923 3446 992 probaretur.
3504 923 3634 977 Nam
3678 934 3738 980 et

2131 1025 2252 1066 cum
2275 1018 2495 1067 sanctus
2513 1010 2748 1068 Joannes
2768 1012 3138 1069 Antiochenus
3160 1021 3216 1069 et
3237 1016 3418 1070 caeteri
3438 1016 3736 1072 orientales

2133 1109 2298 1172 atque
2318 1103 2545 1158 aliarum
2564 1103 2964 1173 provinciarum
2985 1105 3245 1175 episcopi,
3269 1107 3580 1176 przcdictum
3607 1109 3732 1163 bea-

2135 1203 2248 1249 tum
2268 1194 2526 1267 Cyrillum
2553 1205 2826 1267 putarent,
2851 1199 2991 1253 sicut
3015 1215 3161 1255 nunc
3181 1198 3498 1271 Eutychiani
3521 1211 3734 1270 putant,

2135 1287 2295 1342 unius
2330 1287 2604 1346 Christum
2641 1289 2938 1359 praedicare
2986 1297 3213 1354 naturaz,
3261 1300 3317 1346 et
3346 1291 3417 1347 ob
3460 1292 3567 1346 hoc
3610 1309 3738 1347 eum

2136 1379 2265 1435 licet
2289 1381 2554 1451 probabili
2583 1383 2702 1437 zelo
2734 1382 2889 1450 fidei,
2935 1392 3116 1439 tamen
3147 1384 3392 1456 improbe
3427 1385 3740 1456 iudicarent

2138 1471 2452 1528 hmretieum
2478 1490 2490 1525 :
2517 1475 2863 1543 omnipotens
2885 1475 3045 1541 Deus,
3080 1476 3234 1545 cujus
3255 1476 3470 1547 sapiens
3490 1485 3544 1532 et
3567 1478 3742 1532 mira-

2138 1565 2262 1622 bilis
2311 1564 2530 1622 bonitas
2572 1569 2822 1624 humana:
2852 1569 3171 1640 ignorantia:
3213 1571 3413 1626 malum
3461 1579 3642 1642 potest
3686 1571 3742 1629 in

2141 1673 2297 1713 usum
2320 1658 2580 1714 doctrina:
2596 1669 2936 1731 convertere,
2964 1662 3127 1718 talem
3145 1663 3293 1719 dedit
3310 1664 3514 1718 exitum
3535 1679 3741 1733 causze,

2143 1755 2202 1802 ut
2232 1748 2321 1803 illa
2373 1750 2718 1805 orientalium
2767 1752 3105 1823 aliarumque
3151 1755 3550 1824 provinciarum
3602 1756 3743 1810 anti-

438 1847 638 1918 potius,
687 1844 831 1915 quod
861 1845 930 1899 de
960 1858 1064 1898 una
1090 1843 1292 1899 Christi
1321 1851 1510 1897 natura
1542 1841 1628 1895 isti
1652 1837 2039 1894 circumferunt
2073 1855 2117 1914 Β
2143 1842 2330 1898 stitum
2377 1842 2510 1897 falsa
2559 1843 2628 1899 de
2671 1845 2831 1899 beato
2869 1845 3072 1918 Cyrillo
3120 1847 3357 1918 suspicio
3407 1847 3540 1902 nihil
3589 1848 3746 1904 nobis

438 1949 696 2006 tanquam
737 1935 804 1990 ab
835 1935 953 2006 ipso
991 1935 1152 1990 beato
1181 1933 1325 1989 Julio
1353 1934 1645 2002 scriptum,
1695 1929 1780 1984 vel
1808 1943 2039 2000 quaeque

437 2029 654 2097 similia,
702 2043 822 2098 qua:
863 2027 1144 2098 scripsisse
1189 2032 1474 2080 autumant
1521 2023 1656 2078 alios
1697 2019 2040 2077 venerabiles

440 2119 654 2183 Patres,
705 2120 759 2174 in
805 2117 1012 2188 synodo
1053 2117 1282 2172 recitata
1311 2124 1438 2172 sunt
1475 2123 1665 2171 contra
1693 2111 2042 2168 Nestorium?

444 2213 575 2265 Nam
619 2212 733 2281 ipsa
765 2211 934 2278 magis
977 2208 1093 2278 ejus
1121 2207 1360 2277 dogmati
1391 2205 1665 2262 contraria
1704 2203 2037 2258 viderentur.

441 2305 578 2372 Quid
608 2305 748 2360 enim
773 2305 886 2372 jam
927 2301 1312 2356 controversia:
1340 2299 1712 2362 remansisset,
1756 2293 1902 2365 quod
1936 2309 2041 2350 una

443 2407 589 2453 esset
619 2398 758 2452 illius
785 2396 880 2452 Dei
909 2395 1144 2450 hominis
1168 2393 1544 2460 subsistentia,
1575 2393 1691 2447 sive
1714 2405 1968 2462 persona,
1997 2389 2044 2444 si

443 2487 804 2556 probarentur
833 2484 1022 2540 Patres
1053 2484 1200 2554 quod
1229 2485 1393 2539 etiam
1437 2500 1598 2538 unam
1629 2481 2046 2553 prmdicaverint

443 2579 560 2648 ejus
581 2593 701 2633 esse
722 2577 1006 2631 naturam?
1032 2576 1198 2644 lgitur
1219 2583 1276 2630 nt
1297 2575 1475 2630 omnis
1495 2574 1773 2629 auferatur
1793 2571 2043 2642 quaestio,

444 2671 489 2725 si
519 2687 626 2724 non
658 2677 843 2740 postea
867 2669 1095 2738 epistola
1121 2668 1212 2720 illa
1235 2667 1483 2723 confecta
1507 2675 1609 2729 est,
1641 2674 1735 2720 aut
1755 2665 1897 2720 beati
1917 2662 2047 2719 Julii

444 2778 565 2817 eam
594 2777 700 2815 non
731 2775 872 2825 esse,
921 2761 1058 2814 sicut
1088 2759 1257 2827 magis
1287 2759 1611 2814 credendum
1636 2765 1721 2813 est
1741 2799 1758 2824 ,
1805 2756 2046 2829 synodus

448 2852 738 2914 indicavit;
788 2859 881 2904 aut
923 2850 1088 2904 etiam
1120 2857 1176 2903 et
1200 2849 1246 2902 si
1278 2848 1393 2918 ejus
1439 2863 1564 2904 esse
1607 2847 1855 2914 credidit,
1903 2847 2048 2916 quod

446 2957 548 3011 ego
595 2955 702 2995 non
733 2939 875 3005 dico,
927 2946 986 2992 ut
1015 2938 1174 2991 aliam
1205 2938 1375 3006 magis
1417 2953 1580 3007 quam
1609 2937 1776 3008 ipsam
1805 2937 2048 3006 ejusdem

447 3036 619 3090 sancti
664 3032 790 3088 Julii
827 3042 1019 3088 contra
1051 3033 1357 3088 Nestorium
1401 3031 1689 3103 proferret,
1742 3047 1854 3086 non
1883 3046 1950 3085 ex
1981 3045 2048 3087 eo

450 3127 594 3198 quod
623 3127 834 3181 incaute
862 3126 1067 3180 dictum
1125 3135 1210 3180 est
1247 3125 1574 3180 contrarium
1621 3138 1864 3179 errorem
1905 3121 2049 3192 judi-

2142 1931 2474 2002 relinqueret
2502 1935 2907 2004 suspicandum.
2955 1937 3090 1992 Cum
3115 1942 3258 1993 enim
3288 1947 3477 2009 postea
3503 1940 3748 1995 redinte-

2143 2023 2360 2091 grandze
2389 2024 2539 2092 pacis
2568 2023 2936 2081 Ecclesiarum
2965 2043 3093 2082 cura
3123 2029 3455 2095 succederet,
3488 2030 3749 2099 quoniam

2144 2116 2212 2170 de
2255 2116 2358 2171 hac
2395 2117 2705 2186 suspicione
2731 2133 2840 2172 non
2886 2118 3005 2173 leve
3031 2119 3203 2174 fuerat
3232 2121 3470 2175 schisma
3499 2136 3748 2176 commo-

2145 2214 2258 2261 tum
2277 2249 2293 2275 ,
2345 2210 2634 2264 memorati
2670 2209 2972 2267 Orientales
3001 2227 3099 2282 per
3126 2213 3490 2268 venerabilem
3518 2211 3750 2268 Paulum

2145 2301 2474 2358 Emeseuum
2503 2304 2821 2374 episcopum
2851 2305 2920 2360 ab
2947 2306 3138 2362 eodem
3164 2307 3324 2362 beato
3353 2306 3553 2379 Cyrillo
3583 2323 3754 2377 expe«

2146 2397 2401 2461 tiveruut,
2454 2405 2514 2450 ut
2555 2397 2600 2452 si
2647 2398 2811 2452 vellet
2861 2413 3022 2454 omne
3062 2399 3371 2455 scandalum
3420 2415 3756 2471 omnemque

2148 2484 2502 2542 offensionem
2532 2487 2599 2542 de
2622 2489 2800 2545 medio
2827 2490 3135 2546 submoveri
3155 2533 3170 2558 ,
3195 2507 3357 2545 unum
3388 2491 3558 2546 Deum
3589 2499 3756 2561 atque

2149 2577 2423 2633 hominem
2464 2578 2738 2634 Christum
2777 2581 2828 2636 in
2861 2581 3066 2637 duabus
3107 2584 3312 2640 naturis
3351 2583 3760 2639 evidentissima

2148 2666 2430 2724 fateretur.
2485 2669 2640 2737 Quod
2681 2679 2737 2726 et
2789 2673 2878 2728 ille
2929 2681 3208 2743 gratanter
3262 2675 3543 2746 amplexus
3592 2685 3761 2747 atque

2149 2760 2432 2850 confessus
2472 2770 2584 2828 est,
2632 2764 2833 2833 quippe
2880 2764 2970 2832 qui
3003 2764 3103 2820 sibi
3133 2767 3382 2820 conscius
3409 2773 3526 2820 erat
3559 2782 3670 2820 non
3703 2781 3761 2821 se

2152 2851 2310 2907 aliter
2330 2860 2386 2906 et
2408 2860 2567 2906 antea
2589 2853 2900 2908 credidisse.
2935 2854 3108 2925 Atque
3133 2857 3202 2910 ita
3225 2856 3366 2910 Deus
3383 2857 3762 2926 omnipotens,

2153 2959 2262 2998 nou
2309 2943 2483 2999 solum
2529 2942 2882 3000 Orientalium
2930 2955 2987 3001 et
3025 2947 3254 3002 aliorum
3297 2949 3541 3016 Patrum,
3593 2957 3764 3019 atque

2155 3038 2321 3108 ipsius
2342 3039 2485 3094 beati
2509 3039 2693 3112 Cyrilli
2714 3049 2916 3096 rectam
2944 3039 3100 3095 fidem
3136 3043 3472 3097 manifestam
3504 3044 3764 3098 omnibus

2156 3127 2303 3194 fecit,
2345 3130 2470 3200 quia
2501 3145 2602 3186 nec
2632 3131 2708 3185 illi
2735 3132 3024 3203 quidquam
3055 3134 3433 3203 expetiverunt
3459 3135 3766 3205 indignum,

456 3217 601 3270 cavit
626 3231 745 3271 esse
768 3215 1108 3270 vincendum.
1138 3215 1252 3270 Hoc
1274 3224 1454 3270 autem
1479 3222 1534 3270 et
1553 3215 1813 3269 adversus
1833 3222 2049 3280 caetera,
2082 3242 2126 3304 ρ
2159 3235 2259 3274 nec
2288 3220 2376 3275 ille
2407 3221 2552 3291 quod
2582 3224 2878 3292 expetitum
2907 3233 2989 3279 est
3017 3221 3304 3294 denegavit
3323 3268 3338 3294 ,
3370 3241 3563 3282 verum
3596 3227 3765 3282 etiam

363 3315 372 3325 ‘
452 3323 573 3378 qua:
599 3324 665 3363 ex
695 3309 915 3362 nomine
937 3309 1165 3363 aliorum
1191 3308 1533 3377 antiquorum
1556 3306 1838 3377 Ephesium
1859 3306 2053 3379 synodi

455 3400 699 3467 Patrum,
747 3401 831 3456 vel
862 3399 1016 3469 falsa,
1045 3401 1132 3456 vel
1163 3401 1304 3456 male
1335 3400 1609 3456 intellecta
1635 3401 1922 3466 ventilant,
1957 3414 2056 3454 nos

452 3493 782 3562 respondere
822 3500 1199 3561 cognoscant:
1244 3493 1504 3561 quoniam
1549 3492 1596 3547 si
1643 3507 1772 3546 vera
1821 3493 2052 3556 fuerant,

455 3592 550 3638 aut
579 3584 718 3638 sicut
749 3583 850 3654 ipsi
881 3583 1070 3639 volunt
1098 3584 1466 3652 intelligenda,
1499 3583 1579 3638 eis
1608 3585 1857 3652 protinus
1884 3583 2058 3653 Ephe-

453 3677 571 3732 siua
601 3676 840 3750 synodus
863 3677 1170 3754 Nestorium
1194 3678 1475 3734 refutaret.
1509 3678 1651 3732 Nihil
1675 3679 1836 3747 igitur
1856 3679 2056 3734 habent

454 3767 602 3837 quod
655 3769 722 3824 de
753 3784 944 3838 magno
974 3769 1404 3826 Chalcedonensi
1451 3771 1686 3826 concilio
1733 3769 2055 3841 Eutychiaui

454 3858 540 3912 vel
569 3857 1033 3931 Szmieutychiani
1062 3870 1379 3931 querantur,
1412 3862 1669 3931 quoniam
1699 3860 1972 3916 Christum
2000 3861 2058 3917 in

455 3949 661 4004 duabus
690 3965 812 4006 esse
843 3952 1067 4018 naturis,
1099 3952 1396 4007 secundum
1420 3954 1616 4022 prioris
1648 3951 1934 4022 Ephesium
1963 3969 2055 4024 sy-

457 4039 606 4105 nodi,
649 4056 810 4110 quam
863 4041 1142 4096 nobiscum
1182 4042 1499 4110 suscipiunt,
1549 4051 1758 4098 statuta
1800 4042 2053 4097 firmavit.

456 4132 565 4186 Sed
596 4147 696 4186 nec
726 4148 794 4186 ex
823 4133 982 4188 dictis
1007 4134 1151 4188 beati
1180 4133 1388 4205 Cyrilli,
1441 4149 1563 4204 qua:
1591 4136 1719 4203 alia,
1754 4136 1908 4191 sicut
1937 4151 2057 4192 cre-

457 4225 690 4279 dendum
723 4233 822 4291 est,
868 4227 1169 4284 intentione
1199 4229 1408 4298 prolata
1441 4228 1599 4283 simul
1631 4230 1650 4260 ³
1683 4229 1822 4283 male
1851 4228 2054 4284 intelli-

457 4323 609 4384 gunt,
642 4324 829 4370 contra
861 4317 1054 4372 horum
1079 4319 1404 4373 evidentiam
1435 4320 1627 4374 merito
1657 4329 1885 4390 possunt
1913 4320 2054 4390 obji-

458 4420 582 4460 ccre
613 4424 627 4460 :
659 4408 914 4477 quoniam
948 4409 1033 4464 vel
1060 4410 1103 4464 si
1134 4411 1202 4465 ab
1225 4411 1309 4466 his
1341 4412 1662 4467 testimoniis
1695 4413 1911 4465 Patrum
1935 4427 2056 4481 qum

459 4497 512 4551 in
535 4496 798 4569 Ephesina
814 4502 1022 4573 synodo
1047 4502 1252 4558 firmata
1275 4512 1400 4559 sunt
1421 4505 1700 4560 dissonare
1743 4504 2054 4572 creduntur,

461 4603 568 4643 non
602 4601 824 4658 possunt
847 4592 1086 4662 prmferri
1113 4593 1229 4648 sive
1255 4593 1488 4649 conferri
1518 4594 1752 4650 decretis
1776 4595 2055 4666 synodali-

462 4676 584 4745 bus,
615 4695 734 4750 qua:
760 4681 998 4752 suscepit
1022 4681 1338 4739 universalis
1363 4682 1622 4740 Ecclesia.
1674 4684 1790 4740 lluc
1827 4685 2058 4754 accedit,

462 4833 609 4910 illum
629 4834 900 4910 epistoiqm
923 4837 1194 4910 manifeste
1207 4839 1242 4889 Α
1249 4838 1522 4910 ροΙΙὶιιίινὶε
1538 4838 1856 4893 ostendimus
1873 4839 2052 4910 fuisse,

460 4905 656 4974 scripta
686 4905 754 4957 ad
783 4905 1108 4976 Dionysium.
1140 4905 1278 4974 Qum
1306 4917 1362 4962 et
1393 4909 1617 4962 alteram
1641 4911 1767 4963 item
1799 4905 2056 4966 adhes;

463 4975 763 5039 decimum,
813 4992 908 5030 seu
942 4977 1160 5048 Decium
1192 4979 1511 5048 epistolam,
1548 4979 1700 5044 cujus
1744 4981 2054 5036 testimonio

463 5060 560 5118 usa
591 5053 676 5118 est
698 5047 1242 5118 synodnsﬁEphesina,
1275 5065 1375 5104 nec
1403 5050 1570 5118 ipsam
1600 5049 1723 5104 Julii
1755 5048 1920 5106 fuisse
1939 5053 2056 5107 vult

467 5114 742 5190 Leontius,
789 5117 882 5171 sed
930 5114 1495 5190 'l‘iinothei_discipuli
1550 5120 1890 5190 Apollinaris.
1945 5122 2054 5178 Sed

465 5187 603 5241 haue
643 5187 760 5260 sine
809 5190 1176 5260 controversia
1198 5187 1339 5244 Julio
1381 5187 1470 5244 alii
1501 5187 1718 5260 quoque
1746 5201 1999 5248 asserunt
2035 5211 2049 5246 :

465 5267 624 5330 atque
652 5257 789 5330 inter
818 5269 1041 5330 czetez-os
1065 5259 1399 5329 Ephraemius
1429 5257 1732 5330 patriarcha
1763 5263 2056 5319 Antioche-

467 5344 565 5401 nus
607 5329 702 5401 lib.
754 5345 810 5384 ιιι
853 5329 920 5401 de
965 5329 1143 5384 Sacris
1184 5329 1592 5400 Legibus’apud
1637 5332 1911 5401 Photium,
1966 5334 2056 5388 ubi

463 5399 685 5455 alterius
713 5415 780 5455 ex
806 5400 994 5456 eadem
1025 5402 1250 5471 epistola
1267 5399 1565 5457 sententia:
1596 5412 1805 5473 partem
1834 5399 2053 5463 delibat.

540 5540 556 5616 ἒ
599 5542 733 5616 Cod.
765 5541 990 5616 Veron.,
1019 5546 1308 5616 scripsisse.

539 5615 558 5686 ξ
599 5613 743 5686 idem
773 5615 920 5679 cod.,
947 5616 1040 5670 Ι)ρὶ
1060 5613 1223 5686 ﬁlius.

541 5683 562 5712 ³
598 5683 744 5740 Idem
774 5687 922 5753 cod.,
947 5683 1208 5742 similiter.

2163 3325 2351 3365 contra
2382 3310 2590 3366 futuros
2614 3312 2978 3385 Eutychianos
3009 3316 3180 3372 multo
3209 3318 3607 3388 promptiorem
3632 3319 3768 3373 mul-

2158 3409 2322 3468 teque
2346 3400 2733 3458 evidentiorem
2758 3404 2993 3460 reddidit
3019 3405 3282 3462 doctrinm
3307 3409 3594 3464 catholica:
3625 3411 3769 3466 veri-

2161 3499 2348 3546 tatem.
2365 3491 2596 3548 Tantum
2613 3510 2740 3551 vero
2755 3506 2942 3552 contra
2957 3499 3096 3553 hunc
3109 3515 3348 3554 errorem
3377 3516 3485 3570 quo
3516 3501 3770 3559 Christus

2157 3581 2354 3637 dicitur
2379 3583 2536 3638 unius
2551 3599 2670 3640 esse
2698 3590 3249 3653 naturze,eorumdem
3279 3589 3493 3645 Patrum
3526 3594 3770 3647 orienta-

2159 3673 2289 3728 lium
2320 3676 2627 3733 sollicitudo
2657 3695 2720 3734 ac
2750 3675 3022 3749 dﬂigcntia
3054 3683 3323 3751 vigilavit,
3356 3694 3414 3738 ut
3442 3685 3497 3739 in
3534 3687 3768 3757 epistola

2157 3781 2318 3835 quam
2351 3769 2401 3822 ei
2431 3771 2712 3836 miserunt,
2747 3772 2912 3843 ipsius
2934 3782 3095 3829 recta:
3118 3775 3476 3834 confessionis
3502 3797 3672 3848 quam
3702 3782 3771 3835 ab

2158 3858 2250 3914 illo
2279 3862 2668 3930 exspectabant
2697 3864 2718 3894 ⁵
2764 3864 2928 3919 verba
2986 3868 3422 3934 conscriberent,
3457 3879 3514 3924 et
3547 3872 3773 3942 pnrfalo

2161 3950 2330 4008 Paulo
2351 3955 2801 4012 commendarent
2827 3958 3101 4030 episcopo,
3136 3970 3280 4015 utea
3311 3962 3503 4017 beatus
3533 3965 3772 4036 Cyrillus

2161 4045 2213 4099 in
2237 4061 2390 4101 suam
2414 4049 2742 4105 transferens
2765 4052 3049 4122 epistolam
3074 4053 3152 4108 eis
3174 4055 3522 4117 rescriberet,
3551 4074 3619 4111 ne
3643 4059 3775 4127 quid

2161 4145 2472 4192 remaneret
2498 4139 2830 4208 ambiguum,
2881 4142 3020 4196 unde
3051 4143 3374 4212 quandoque
3404 4161 3596 4200 rursus
3626 4164 3777 4216 quae-

2161 4227 2267 4282 stio
2297 4238 2634 4284 nasceretur.
2685 4229 2838 4296 Quod
2866 4232 3028 4286 etiam
3061 4233 3167 4300 ille,
3202 4234 3342 4288 sicut
3367 4235 3479 4303 jam
3511 4237 3774 4299 diximus,

2161 4330 2350 4392 optato
2375 4323 2690 4393 suscipiens,
2717 4340 2884 4395 seque
2904 4342 3008 4380 non
3033 4327 3190 4381 aliter
3211 4334 3265 4382 et
3286 4338 3442 4382 antea
3469 4331 3778 4386 credidisse

2162 4420 2412 4477 testatus,
2439 4416 2519 4470 sic
2541 4416 2713 4471 eidem
2738 4425 2925 4475 saneto
2941 4416 3138 4473 Joauni
3163 4418 3507 4473 Autiocheno
3535 4425 3780 4493 rescrip-

2161 4505 2232 4558 sit
2264 4523 2277 4559 :
2315 4526 2334 4558 ι
2379 4507 2646 4573 Quoniam
2677 4523 2807 4562 vero
2851 4509 3122 4578 superﬂua
3155 4518 3210 4564 ct
3238 4510 3553 4580 importuna
3585 4512 3783 4567 Eccle-

2089 4629 2137 4687 ο
2163 4597 2364 4652 siarum
2389 4599 2581 4654 divisio
2607 4598 2742 4654 facta
2767 4607 2870 4669 est,
2902 4615 3043 4654 nunc
3065 4600 3299 4656 maxime
3324 4601 3673 4656 satisfactum
3700 4614 3786 4657 est

2168 4690 2344 4753 nobis,
2376 4689 2598 4746 domino
2645 4705 2767 4746 meo
2807 4691 3244 4748 reverentissimo
3275 4691 3296 4723 ⁶
3326 4691 3498 4748 Paulo
3529 4695 3783 4750 chartam

2163 4859 2324 4924 quam
2356 4846 2618 4917 integram
2648 4847 2854 4918 profert
2879 4849 3195 4906 Anastasius
3223 4850 3364 4904 idem
3393 4853 3693 4924 presbyter
3724 4855 3778 4917 in

2163 4915 2362 4995 Euloge
2392 4915 2491 4974 nini
2525 4915 2772 4995 Legio—satu
2793 4926 2911 4994 περὶ
2933 4931 3032 4995 ’τῆς
3063 4926 3198 4995 θεζας
3229 4915 3494 4995 Θεολοογῖας
3524 4915 3611 4978 atii
3644 4915 3782 4981 eitu-

2160 4983 2361 5065 ῃξμίοῖς2
2395 4983 2640 5065 cap.'_38,
2676 4983 2950 5065 nisiiquod
2980 4993 3234 5047 Acacium
3266 4983 3426 5049 vocat
3449 4983 3552 5065 pro
3582 4995 3779 5050 Decio.

2160 5055 2418 5140 Sic'ellim
2459 5055 2635 5140 habet
2657 5066 2688 5113 :'
2705 5055 2897 5140 Ιουλῖρυ
2922 5065 3421 5140 ἐῖτισςκόπουγῬὼμᾲης
3448 5055 3501 5120 ἐκ
3528 5075 3624 5140 ¹ζῆς
3649 5072 3780 5140 πρὸς

2137 5128 2370 5222 ’Λκςὶκξογ
2393 5135 2678 5220 ἐπιῖτολῆς⁶
2708 5139 2809 5222 πξς
2834 5131 2886 5194 ὃς
2908 5136 2992 5189 τὸν
3016 5137 3068 5189 ἐκ
3090 5139 3286 5210 Μαρίας
3308 5128 3424 5191 uitia
3443 5143 3519 5208 μὴ
3541 5128 3780 5222 ὁμαιμίιεὶ

2159 5203 2280 5282 ges»
2303 5203 2448 5282 λόγω-ί
2477 5204 2720 5276 ἴνσαρκον
2755 5206 3016 5279 epioni-ator
3043 5214 3114 5276 τῷ
3144 5203 3302 5279 ιίατρὶ
3325 5209 3377 5271 ἐξ
3405 5203 3586 5282 ἀρχῆξ
3630 5203 3779 5279 ἔταξα,

2160 5269 2382 5350 ᾅτρξποῦ
2420 5274 2476 5350 δὲ
2519 5279 2567 5329 ἐν
2594 5269 2658 5350 ἑῇ
2697 5269 2975 5350 σαρκὼσει·
3010 5283 3090 5332 καὶ
3116 5269 3286 5336 ἀποιθῆ
3315 5281 3367 5332 ἐν
3396 5269 3779 5340 τὸῑξπάθεσεν·

2165 5345 2383 5414 ἀνάθεμα
2409 5345 2572 5400 ἔστω.

2243 5547 2265 5579 ⁵
2305 5549 2446 5604 Idem
2489 5552 2633 5616 cod.,
2667 5556 2927 5610 statu'ssc‘.

2243 5621 2264 5651 ⁵
2303 5620 2446 5675 Idem
2475 5623 2622 5688 cod.,
2655 5625 2980 5690 expetebant.

2242 5692 2261 5720 ⁸
2300 5690 2441 5747 Idem
2469 5693 2613 5754 cod.,
2649 5697 2945 5753 reverenda.

542 5817 564 5838 '
600 5815 1067 5898 ln_hun_c_lncum_
1089 5821 1658 5898 videsis_hlaz_o_cliiuiii
1699 5822 1882 5898 Spicil.
1935 5823 2070 5882 Bibl.
2115 5832 2244 5881 tom.
2282 5827 2318 5889 Ι,
2371 5841 2490 5898 pag.
2543 5825 2632 5895 '54,
2665 5835 2780 5885 not.
2834 5828 2919 5894 lO,
2977 5841 3030 5886 et
3074 5826 3262 5886 confer
3302 5826 3658 5886 Coutantium
3697 5831 3759 5886 in

470 5886 713 5958 Append.
746 5892 810 5945 ad
831 5890 997 5961 Epist.
1034 5893 1263 5951 Roman.
1297 5892 1534 5964 l’ontilf.,
1564 5909 1686 5965 pag.
1719 5886 1806 5953 75.
1832 5903 1948 5951 not.
