3974 6330
201 353 324 408 επ-

1087 353 1223 409 PRO
1262 353 1677 410 DEFEVSIONE
1718 352 1930 408 TRIUM
1969 352 2283 409 CAPITUL.
2328 352 2450 408 LIB.
2496 354 2532 407 Ι.

3382 356 3492 412 555

203 469 507 539 proferente
539 467 826 522 habentem
862 467 1389 538 irreprehensibilem
1423 468 1548 524 lidei
1576 467 1790 522 eonfes-
1820 473 1867 530 Α
1896 467 2026 520 falsa
2045 467 2128 522 vel
2147 470 2284 521 male
2308 470 2680 536 interpretata,
2710 477 2894 521 contra
2911 467 3277 523 delinitionem
3297 471 3486 541 synodi

202 563 431 624 sionem,
471 568 526 615 et
556 559 698 614 hanc
720 557 1026 614 afﬁrmante
1054 575 1085 613 a
1118 571 1292 624 vestra
1321 561 1788 614 sanctitatc‘com—

203 654 451 724 positam,
482 660 538 706 et
566 652 634 706 ab
664 650 748 705 his
789 649 880 719 qui
921 651 1030 705 illic
1058 659 1184 705 sunt
1210 651 1629 720 religiosissimis
1673 651 1792 718 epi-

201 745 398 814 scopis.
454 743 630 799 liabet
655 750 840 798 autem
888 742 960 796 ita
990 742 1340 812 conscriptio,
1383 757 1504 810 quae
1531 750 1587 796 et
1627 741 1682 795 in
1712 741 1795 796 his

204 836 381 892 verbis
422 835 622 888 inserta
652 841 735 889 est
763 833 890 889 huic
933 831 1196 901 epistolae.
1254 852 1273 883 ι
1320 831 1389 885 Et
1418 840 1541 902 post
1569 832 1745 900 aliqua
1779 848 1792 884 :

205 947 222 975 ς
247 925 582 979 Conlitemur
595 923 755 991 igitur
768 922 1054 976 Dominum
1071 931 1312 976 nostrum
1330 921 1511 977 Jesum
1522 921 1795 978 Christum

202 1014 394 1068 Filium
423 1014 516 1068 Dei
541 1013 896 1081 unigenitum,
927 1013 1093 1066 Deum
1123 1011 1422 1081 perfeCtum
1445 1022 1501 1068 et
1522 1012 1794 1067 hominem

202 1104 505 1174 perfectum
537 1119 603 1156 ex
633 1103 810 1156 anima
836 1101 1084 1157 rationali
1105 1109 1159 1156 et
1180 1116 1428 1171 corpore,
1453 1110 1580 1156 ante
1602 1101 1795 1156 smeula

200 1195 417 1263 quidem
448 1195 515 1249 de
544 1193 704 1247 Patre
725 1201 912 1246 natum
952 1190 1247 1246 secundum
1274 1191 1563 1256 deitatem;
1593 1193 1645 1246 in
1672 1191 1799 1244 ulti.-

200 1289 303 1341 .nis
313 1303 446 1346 vero
457 1287 642 1341 diebus
654 1284 900 1339 eumdem
913 1292 1136 1354 propter
1149 1298 1246 1338 nos
1261 1290 1318 1338 et
1329 1291 1548 1352 propter
1560 1290 1797 1338 nostram

201 1380 462 1443 salutem,
490 1377 562 1432 de
599 1377 765 1430 Maria
806 1377 1015 1445 virgine
1054 1375 1348 1430 secundum
1375 1375 1797 1438 humanitatem;

202 1467 716 1525 consubstantialem
741 1464 889 1518 Patri
920 1463 1168 1517 eumdem
1195 1463 1492 1518 secundum
1519 1462 1797 1526 deitatem,

202 1569 256 1614 et
301 1555 819 1613 consubstantialem
850 1553 1008 1608 nobis
1045 1553 1338 1608 secundum
1387 1552 1798 1606 humanitatem.

204 1651 443 1704 Duarqu
474 1647 615 1702 enim
641 1655 954 1700 naturarum
983 1643 1240 1699 adunatio
1271 1647 1287 1675 ί
1321 1643 1462 1698 facta
1491 1651 1574 1698 est
1602 1662 1614 1696 :
1639 1659 1802 1712 prop-

203 1749 290 1797 ter
316 1739 461 1810 quod
487 1753 648 1792 unum
673 1736 969 1802 Christum,
1005 1751 1168 1791 unum
1195 1735 1405 1802 Filium,
1440 1751 1606 1790 unum
1633 1735 1802 1790 Deum

1897 557 2370 620 Chalcedonensis,
2415 561 2576 613 etiam
2607 576 2670 614 ex
2704 560 2847 614 beati
2875 558 3060 630 Cyrilli
3105 562 3328 617 nomine
3358 579 3486 632 prec

1897 649 2157 715 ferantur,
2206 651 2288 704 his
2329 653 2522 720 quibus
2563 661 2644 706 est
2685 653 2737 705 in
2783 652 3050 721 Ephesina
3095 654 3326 724 synodo,
3371 655 3490 724 ipso

1897 739 2126 808 primum
2157 741 2504 809 decernente,
2535 741 2812 796 Nestorius
2839 743 3189 812 improbatus,
3217 753 3273 798 et
3296 745 3491 815 quibus

1897 839 2086 898 postea
2115 831 2255 899 apud
2299 834 2717 888 consacerdotes
2758 849 2886 888 suos
2927 835 3041 903 ipse
3086 847 3341 903 purgatus
3385 850 3487 898 est,
3571 903 3577 910 .

1899 922 2138 989 praeferri
2162 922 2243 976 vel
2275 922 2508 976 conferri
2532 940 2639 977 non
2671 933 2942 992 poterunt.
2977 924 3090 978 Hoc
3116 941 3330 994 quoque
3354 943 3489 982 con-

1899 1012 2211 1068 siderationi
2240 1013 2456 1070 lectoris
2477 1013 2720 1078 accedat,
2747 1015 2891 1082 quod
2908 1015 3019 1083 jam
3044 1000 3358 1070 Nestoriana
3383 1018 3487 1070 ha:-

1900 1118 2019 1157 rese
2035 1105 2332 1159 universam
2346 1103 2639 1160 Ecclesiam
2654 1105 3070 1170 scandalizante,
3089 1115 3144 1160 ct
3158 1105 3489 1177 Eutycliiana

1903 1195 2128 1249 necdum
2159 1207 2370 1258 exorta,
2418 1194 2649 1266 Cyrillus
2680 1197 2780 1250 ista
2810 1197 3125 1266 protulerit;
3169 1207 3226 1251 et
3255 1213 3362 1251 non
3392 1199 3492 1251 mi-

1902 1287 2108 1339 rabitur
2135 1286 2178 1340 si
2203 1287 2378 1342 minus
2407 1295 2595 1342 contra
2626 1287 3084 1359 Eutychianorum
3112 1305 3273 1360 quam
3305 1301 3492 1346 contra

1902 1375 2342 1430 Nestorianorum
2385 1378 2620 1446 vigilavit
2662 1393 2924 1433 errorem.
2977 1379 3174 1434 Verum
3223 1397 3322 1435 nec
3364 1380 3492 1434 illud

1905 1465 2135 1520 arbitror
2163 1467 2537 1531 omittendum,
2572 1469 2623 1522 in
2650 1484 2756 1538 quo
2786 1477 2840 1523 et
2860 1469 3089 1538 amplius
3117 1470 3493 1539 prmdiJormn

1904 1559 2246 1613 orientalium
2281 1559 2498 1614 Patrum
2528 1577 2627 1630 pro
2655 1562 2934 1616 catholicte
2967 1562 3087 1616 tidei
3127 1563 3492 1617 conservanda

1906 1648 2211 1716 integritate
2260 1650 2496 1715 libertas,
2547 1660 2602 1705 et
2649 1651 2814 1720 ipsius
2866 1653 3006 1706 beati
3056 1652 3236 1723 Cyrilli
3283 1653 3338 1707 iu
3391 1652 3493 1705 hoc

1909 1739 2080 1810 ipsum
2120 1740 2459 1796 manifestata
2505 1742 2772 1797 confessio
2819 1753 2920 1799 est.
2973 1744 3102 1798 Nam
3146 1761 3266 1798 cum
3320 1745 3492 1798 minus

201 1831 547 1888 confitemur.
588 1827 895 1884 Secundum
925 1827 1067 1881 hanc
1111 1826 1402 1880 inconfusre
1432 1825 1654 1881 unitatis
1682 1842 1804 1880 sen-
1838 1835 1882 1893 Β
1911 1831 2124 1884 utilitati
2150 1830 2405 1886 Ecclesia:
2439 1831 2688 1887 suliicere
2711 1833 3003 1899 videretur,
3033 1832 3237 1887 utsolis
3258 1833 3494 1902 epistolis

203 1924 452 1987 tentiam,
476 1919 800 1977 confitemur
813 1925 1057 1974 sanctam
1073 1915 1347 1986 Virginem
1364 1917 1462 1971 Dei
1482 1917 1799 1986 genitricem

199 2016 456 2083 Mariam,
500 2025 722 2086 propter
765 2013 912 2083 quod
963 2013 1103 2069 Deus
1132 2012 1366 2067 Verbum
1408 2012 1718 2067 incarnatus
1745 2021 1802 2067 et

199 2111 372 2166 homo
425 2110 598 2164 factus
628 2149 643 2173 ,
694 2121 758 2162 ex
824 2107 940 2177 ipsa
986 2106 1345 2175 conceptione
1388 2106 1649 2159 adunavit
1699 2105 1800 2160 sibi

198 2202 352 2274 quod
381 2217 450 2258 ex
476 2217 540 2256 ea
569 2210 842 2270 sumptum
871 2208 956 2254 est
980 2200 1260 2269 templum.
1294 2197 1647 2266 Evangelicas
1669 2213 1799 2253 vero

197 2303 256 2349 et
281 2291 612 2362 apostolicas
639 2290 705 2344 de
734 2290 965 2344 Domino
995 2305 1158 2368 voces
1196 2290 1398 2344 scimus
1449 2290 1592 2345 viros
1635 2291 1798 2344 divini

197 2383 358 2441 verbi
409 2384 792 2454 pnedicatores
816 2381 952 2436 alias
992 2380 1211 2450 quidem
1241 2381 1629 2451 conjungentes
1677 2392 1798 2438 tan-

196 2491 368 2546 quam
391 2474 462 2529 de
481 2489 587 2529 una
613 2488 865 2544 persona,
897 2471 1030 2526 alias
1050 2486 1181 2526 vero
1208 2470 1513 2526 dividentes
1545 2481 1796 2543 tanquam

196 2569 269 2625 de
290 2567 506 2623 duabus
530 2566 761 2632 naturis;
793 2572 847 2620 et
873 2564 1007 2618 alias
1028 2563 1246 2634 quidem
1277 2565 1666 2620 convenientes
1688 2565 1799 2620 Deo

193 2658 503 2726 secundum
526 2657 782 2712 deitatem
807 2655 1028 2721 Christi,
1060 2654 1191 2710 alias
1213 2670 1342 2710 vero
1365 2655 1594 2712 humiles
1607 2671 1800 2711 secun-

193 2752 329 2810 dum
359 2751 748 2806 humanitatem
777 2749 894 2818 ejus
923 2747 1218 2803 tradentes.
1270 2746 1365 2802 His
1394 2749 1590 2803 vestris
1633 2749 1800 2804 sacris

195 2845 432 2902 vocibus
472 2843 829 2908 intendentes,
859 2850 914 2897 et
937 2842 1014 2896 sic
1035 2841 1198 2897 etiam
1221 2843 1587 2913 nosmetipsos
1609 2857 1800 2912 sapere

193 2938 547 3009 reperientes
576 2938 737 3007 (unus
763 2935 908 2990 enim
954 2933 1236 2998 Dominus,
1293 2950 1400 3010 una
1433 2933 1583 3001 lides,
1634 2950 1798 2989 unum

193 3029 516 3102 baptisma),
548 3027 964 3098 gloriticavimus
985 3027 1231 3080 omnium
1253 3025 1592 3080 Salvatorem
1624 3023 1801 3078 Domi-

192 3111 355 3190 num,
387 3121 614 3177 invicem
639 3120 794 3175 nobis
815 3134 880 3174 ac
899 3117 1052 3175 vobis
1074 3117 1476 3187 congaudentes
1503 3134 1516 3170 :
1542 3116 1796 3185 quoniam

191 3215 500 3287 Scripturis
528 3214 778 3270 divinitus
821 3212 1117 3283 inspiratis,
1167 3220 1223 3266 et
1259 3211 1534 3266 traditioni
1579 3219 1797 3267 sancto-

192 3324 322 3364 rum
353 3305 577 3361 Patrum
606 3315 914 3361 nostrorum
964 3304 1376 3360 convenientem
1407 3304 1606 3359 habent
1635 3302 1795 3360 tidem

190 3414 318 3468 qua:
366 3398 510 3468 apud
551 3412 649 3452 nos
698 3406 753 3451 et
799 3411 918 3464 quas
965 3395 1106 3465 apud
1150 3411 1246 3450 vos
1291 3405 1416 3450 sunt
1461 3395 1733 3452 Ecclesia).
1772 3417 1790 3449 ι

191 3488 436 3545 Proinde
459 3506 578 3543 cum
601 3489 833 3560 Cyrillus
853 3489 906 3543 in
935 3489 1036 3543 hac
1059 3486 1422 3556 confessione,
1451 3505 1547 3558 per
1575 3505 1736 3559 quam
1765 3507 1794 3544 a

191 3599 258 3636 se
311 3583 549 3636 removit
593 3581 821 3650 indigna:
865 3581 1187 3651 suspicionis
1234 3581 1524 3644 invidiam,
1573 3591 1629 3635 et
1673 3597 1794 3636 cum

193 3673 561 3727 orientalibus
590 3674 921 3743 aliarumque
950 3673 1350 3742 provinciarum
1376 3671 1628 3728 Eeclesiis
1656 3675 1793 3728 adu-

191 3774 355 3832 natus
383 3771 485 3824 est,
518 3763 595 3817 sic
620 3762 843 3816 duarum
876 3771 1188 3816 naturarum
1222 3763 1519 3816 unitionem
1544 3767 1563 3794 ’
1598 3761 1792 3818 factam

187 3855 342 3908 dicat
375 3854 428 3906 in
459 3853 693 3916 Christo,
723 3852 846 3921 quia
878 3853 1062 3921 utique
1091 3853 1248 3906 unius
1293 3868 1540 3922 personre
1569 3863 1624 3908 et
1667 3855 1794 3908 sub-

188 3948 414 4002 stantia:
445 3956 567 3999 sunt
595 3945 795 3999 aedem
841 3945 960 4000 dua:
1004 3951 1231 4011 naturae,
1283 3953 1339 3998 ut
1369 3946 1710 4014 evangelicas
1740 3957 1796 4000 et

189 4037 529 4108 apostolicas
559 4035 624 4090 de
654 4035 883 4090 Domino
931 4050 1094 4091 voces
1135 4035 1272 4088 alias
1317 4034 1529 4104 quidem
1563 4035 1783 4102 conjun-

189 4130 402 4198 gendas
434 4128 664 4180 fateatur
693 4135 947 4195 tanquam
977 4125 1044 4179 de
1076 4140 1178 4178 una
1213 4140 1460 4193 persona,
1504 4125 1635 4179 alias
1665 4142 1794 4180 vero

187 4219 518 4277 dividendas
561 4229 815 4286 tanquam
863 4218 931 4272 de
971 4218 1200 4272 duabus
1234 4217 1441 4271 naturis
1475 4235 1486 4268 :
1519 4219 1794 4286 quomodo

187 4311 523 4384 Eutychiani
551 4310 636 4364 vel
665 4308 922 4378 Acephali
963 4323 1028 4362 ex
1057 4307 1297 4377 ejusdem
1338 4308 1482 4362 beati
1509 4307 1693 4378 Cyrilli
1716 4309 1798 4363 di-

183 4406 318 4468 ctis,
354 4419 464 4458 non
493 4401 630 4456 duas
657 4400 855 4456 Christi
885 4408 1127 4465 naturas,
1177 4399 1272 4453 sed
1304 4414 1464 4452 unam
1495 4414 1564 4453 ex
1590 4399 1795 4453 duabus

187 4493 560 4564 compositam
593 4492 836 4546 nituntur
855 4491 1136 4546 astruere?
1166 4489 1298 4543 Nam
1325 4489 1368 4543 si
1398 4488 1719 4555 evangelica:
1740 4498 1792 4543 et

183 4581 515 4654 apostolica:
535 4580 601 4635 de
629 4579 858 4636 Domino
885 4594 1078 4642 voces;
1098 4595 1203 4634 non
1233 4577 1299 4632 de
1330 4594 1435 4632 una
1467 4579 1785 4648 composita,

180 4676 289 4731 sed
315 4684 573 4742 tanquam
600 4673 666 4728 de
689 4671 894 4726 duabus
915 4673 1122 4725 naturis
1145 4673 1455 4740 loquuntur,
1487 4671 1603 4726 sine
1622 4671 1785 4725 dubio

178 4766 471 4821 Christum
503 4765 558 4818 in
597 4763 804 4817 duabus
834 4764 1036 4818 naturis
1062 4778 1180 4819 esse
1214 4772 1498 4818 testantur.
1553 4760 1785 4817 Proinde

176 4871 446 4926 quamam
472 4854 614 4909 dicta
653 4856 793 4909 beati
823 4854 1008 4924 Cyrilli
1038 4856 1156 4909 sine
1192 4853 1297 4907 ulla
1342 4853 1682 4922 expositione
1722 4868 1786 4906 ac

173 4948 582 5018 dijudicatiune
604 4947 876 5018 sequenda
900 4955 1044 5011 sunt,
1093 4947 1176 5001 vel
1207 4947 1251 5002 si
1280 4947 1414 5014 ejus,
1448 4955 1509 5000 ut
1533 4946 1783 5008 diximus,

171 5041 292 5095 alia
341 5039 507 5094 veluti
557 5038 625 5092 ab
669 5038 754 5092 his
786 5038 1119 5094 dissonantia
1160 5035 1477 5090 videantur?
1524 5050 1658 5089 eane
1688 5051 1786 5105 pro

169 5131 388 5202 quibus
425 5129 510 5184 vel
537 5145 635 5198 pro
661 5143 890 5197 quorum
938 5128 1200 5182 similibus
1228 5127 1498 5181 sinistram
1523 5128 1786 5196 suspicio-

172 5237 315 5275 nem
344 5220 601 5282 incurrit;
635 5219 822 5273 anilla
870 5235 936 5273 ex
980 5219 1176 5287 quibus
1219 5218 1287 5271 ab
1329 5217 1442 5285 ipsa
1485 5217 1787 5287 suspicione

167 5322 453 5382 purgatus
483 5314 601 5367 est?
630 5312 723 5367 llia
749 5313 998 5382 profecto
1019 5313 1138 5368 sine
1167 5311 1621 5382 interpretatione
1648 5328 1783 5381 qua-

165 5407 342 5466 tibet,
375 5404 518 5457 sicut
547 5403 830 5474 perspicue
854 5403 1044 5468 claret,
1080 5403 1444 5457 indubitanter
1473 5403 1782 5473 accipienda

159 5505 333 5558 sunt,
366 5510 489 5564 quae
516 5510 732 5550 omnem
763 5495 1125 5564 suspicionem
1153 5493 1521 5549 dubitantibus
1549 5493 1785 5548 abstule-

157 5595 336 5641 runt.
388 5584 458 5638 Et
501 5585 622 5640 ideo
667 5599 1000 5654 quascunque
1045 5593 1100 5638 et
1142 5590 1557 5654 quantacunque
1601 5582 1668 5637 ab
1705 5582 1784 5636 eis

251 5722 272 5753 ⁸
317 5718 457 5774 Cod.
493 5719 717 5784 Veron.,
747 5723 1002 5774 adumtio.

253 5794 277 5823 ³
323 5790 472 5844 idem
505 5793 652 5855 cod.,
684 5792 1066 5846 adunatioucm.

244 5862 272 5896 ³
316 5860 471 5916 idem
497 5860 648 5924 cod.,
679 5861 1044 5932 conﬁtemtum.

494 5956 768 6015 Pnnot.
817 5953 1060 6015 LXVII.

1906 1936 2026 1990 qua:
2049 1923 2113 1975 ad
2139 1937 2430 1991 paucorum
2458 1933 2681 1992 possent
2704 1925 2986 1993 pervenire
3015 1924 3283 1987 notitiam,
3316 1924 3367 1976 in
3397 1923 3493 1977 hac

1905 2012 2007 2067 fide
2019 2014 2415 2070 confessionem
2432 2023 2617 2070 mutuo
2635 2017 2734 2071 sibi
2747 2016 3211 2072 communicarent
3227 2018 3383 2072 iidem
3403 2015 3491 2068 Do-

1903 2105 2033 2158 mini
2057 2105 2393 2172 sacerdotes;
2427 2116 2756 2162 memoratus
2779 2109 3100 2162 venerabilis
3123 2108 3318 2162 Paulus
3339 2107 3491 2160 Eine-

1901 2211 2064 2252 senus
2095 2198 2381 2268 episcopus
2423 2199 2532 2254 illic
2580 2201 2634 2253 in
2683 2199 3043 2254 Alexandrina
3081 2200 3328 2265 ecclesia,
3379 2199 3491 2267 ipso

1904 2295 2171 2355 prtesente
2202 2288 2364 2343 beato
2391 2288 2613 2358 Cyrillo,
2646 2289 2714 2343 de
2743 2289 3117 2344 incarnatione
3146 2289 3352 2342 Domini
3381 2288 3490 2340 dis-

1903 2380 2113 2447 putavit
2143 2397 2154 2430 :
2191 2380 2243 2433 in
2274 2396 2382 2450 quo
2411 2395 2663 2450 sermone
2694 2379 2914 2452 (Coucit.
2951 2379 3145 2451 Ep/ies.
3178 2399 3229 2450 p.
3284 2396 3360 2444 ιιι,
3395 2386 3490 2433 I10-

1901 2471 2010 2522 mil.
2060 2470 2128 2539 2)
2162 2472 2304 2526 inter
2331 2471 2434 2526 alia
2471 2471 2644 2528 dicit:
2693 2491 2728 2523 ι.
2765 2471 2902 2538 Quid
2946 2481 3055 2537 cst,
3121 2470 3339 2524 Verbum
3370 2488 3491 2524 raro

1901 2563 2096 2630 factum
2120 2574 2216 2626 est,
2243 2571 2292 2616 et
2317 2562 2561 2617 habitavit
2587 2565 2639 2617 in
2670 2564 2816 2617 nobis
2847 2562 3027 2633 (Joan.
3061 2579 3096 2628 I,
3124 2560 3233 2630 id),
3266 2562 3368 2615 hoc.
3391 2572 3491 2623 est,

1901 2653 1954 2707 in
1985 2662 2166 2707 nostra
2198 2655 2423 2708 natura?
2453 2653 2586 2708 Vide
2614 2653 2878 2708 Joannem
2902 2654 3036 2708 duas
3062 2661 3279 2706 naturas
3306 2652 3491 2721 praedi-

1900 2754 2112 2802 cantem
2133 2754 2189 2801 et
2216 2763 2378 2801 unum
2403 2745 2624 2808 Filium;
2657 2745 2800 2799 aliud
2826 2745 3252 2806 tabernaculum,
3277 2753 3332 2798 et
3353 2743 3456 2796 aliu
3481 2745 3492 2793 l

1901 2838 2044 2908 quod
2075 2840 2129 2892 in
2163 2838 2543 2905 tabernaculo;
2593 2838 2735 2893 aliud
2764 2837 3043 2906 templum,
3093 2844 3149 2894 et
3176 2834 3319 2890 aliud
3348 2835 3491 2905 quod

1900 2929 2164 2983 inhabitat
2195 2929 2356 2982 Deus.
2374 2929 2605 2983 Attende
2631 2929 2776 2996 quod
2795 2927 3020 2983 'dicitur.
3051 2927 3166 2981 Non
3198 2926 3334 2980 dixit
3361 2925 3492 2978 alios

1901 3028 1955 3072 et
1996 3019 2152 3082 alius,
2203 3028 2454 3088 tanquam
2505 3018 2575 3074 de
2619 3019 2825 3076 duabus
2867 3019 3114 3089 personis
3155 3027 3248 3072 aut
3286 3017 3493 3071 duobus

1901 3107 2144 3182 Christis,
2176 3117 2270 3163 aut
2315 3108 2382 3162 de
2426 3108 2634 3164 duobus
2663 3109 2813 3174 liliis;
2872 3108 2964 3164 sed
3017 3106 3160 3162 aliud
3217 3114 3274 3161 et
3326 3106 3492 3170 aliud,

1910 3207 2160 3266 tanquam
2209 3199 2275 3253 de
2319 3198 2527 3254 duabus
2583 3200 2806 3253 naturis.
2861 3198 3084 3265 Quando
3151 3212 3281 3268 ergo
3327 3197 3461 3252 dixit

1826 3278 1870 3340 C
1901 3289 2148 3344 habitavit
2173 3290 2225 3343 in
2254 3288 2422 3353 nobis,
2453 3298 2506 3345 et
2537 3290 2843 3360 prtedicavit
2881 3290 3014 3344 duas
3062 3298 3312 3354 naturas;
3372 3299 3493 3342 tunc

1901 3379 2097 3444 intulit,
2152 3390 2201 3433 et
2238 3381 2456 3433 vidimus
2492 3380 2712 3450 gloriam
2740 3381 2868 3452 ejus,
2911 3376 3134 3450 gloriam
3184 3381 3332 3447 quasi
3367 3377 3494 3433 Uni-

1899 3473 2075 3541 geuiti.
2110 3470 2224 3525 “Non
2255 3471 2388 3526 dixit
2416 3472 2640 3526 duorum
2679 3472 2908 3526 liliornm
2931 3512 2944 3535 ,
2979 3472 3069 3524 sed
3117 3472 3269 3540 quasi
3301 3469 3492 3537 Unige-

1900 3562 2014 3615 niti.
2055 3581 2072 3612 ›
2109 3560 2238 3616 Post
2266 3563 2409 3615 hunc
2438 3578 2564 3616 vero
2593 3563 2877 3615 memorati
2911 3562 3230 3616 venerabilis
3257 3562 3491 3630 episcoiii

1899 3652 2048 3707 Pauli
2067 3668 2396 3717 sermonem,
2418 3662 2632 3708 sanctus
2653 3652 2882 3724 Cyrillus
2903 3653 3192 3723 alloquitur
3215 3654 3491 3723 populum,

1897 3743 2118 3798 dicens:
2160 3763 2177 3794 ι
2212 3743 2405 3797 Beatus
2443 3743 2700 3812 pro;~heta
2737 3743 2896 3799 Isaias
2927 3746 3220 3814 pnedicans
3260 3745 3492 3799 sua\ilo«

1895 3833 2018 3901 quia
2072 3833 2372 3888 futurorum
2429 3834 2480 3887 in
2535 3833 2754 3888 Christo
2809 3837 3229 3903 magistrorum,
3298 3837 3424 3891 dicit
3477 3856 3488 3888 :

1897 3927 1945 3980 Η
1955 3930 2120 3982 aurita
2144 3945 2305 4000 aquas
2326 3945 2441 3982 cum
2478 3928 2658 3982 lwtitia
2687 3930 2750 3982 de
2774 3929 3000 4000 fontibus
3031 3929 3323 3984 Saluatoris
3353 3929 3489 3999 (lsu.

1896 4037 1988 4085 χιι,
2021 4021 2098 4090 5),
2132 4020 2272 4078 Ecce
2303 4021 2463 4089 igitur
2486 4021 2757 4076 hausimus
2781 4037 2974 4090 aquam
3004 4022 3070 4076 de
3097 4032 3285 4078 sancto
3315 4023 3490 4086 fonte;

1895 4112 2018 4166 dico
2047 4121 2226 4166 autem
2257 4112 2324 4167 de
2355 4113 2608 4180 magistro
2635 4113 2978 4182 praedicante,
3010 4115 3100 4183 qui
3129 4114 3302 4168 sancti
3332 4114 3492 4184 Spiri-

1897 4213 1980 4258 tus
2007 4204 2180 4272 epulis
2207 4204 2518 4268 illustratus,
2565 4203 2815 4258 disseruit
2843 4205 2998 4259 nobis
3028 4219 3276 4273 magnum
3316 4216 3371 4260 et
3407 4222 3492 4261 sa-

1895 4308 2046 4347 crum
2074 4293 2367 4347 Salvatoris
2407 4295 2737 4363 mysterium,
2772 4311 2864 4362 per
2891 4293 3037 4364 quod
3076 4296 3264 4349 salvati
3311 4313 3492 4350 Silanus

1895 4383 2180 4440 credentes
2218 4385 2270 4437 in
2306 4399 2448 4449 eum,
2479 4393 2584 4438 etc.
2625 4405 2641 4436 ι
2673 4385 2806 4439 Cum
2839 4386 3000 4453 igitur
3022 4385 3074 4438 in
3104 4385 3306 4440 duabus
3339 4399 3488 4440 natu-

1895 4476 1970 4529 ris
1993 4473 2264 4530 Christum
2313 4489 2420 4528 non
2465 4475 2580 4532 sola
2611 4474 2846 4544 synodus
2888 4471 3152 4544 Ephesina
3201 4476 3494 4544 praedicam

1895 4566 2020 4620 dum
2049 4567 2069 4596 ³
2100 4582 2218 4623 esse
2249 4567 2775 4636 perhibeat,_verum
2815 4568 2976 4621 etiam
3029 4567 3216 4621 beatus
3263 4568 3493 4638 Cyrillus

1819 4655 1868 4713 D
1894 4659 1946 4712 in
1977 4674 2070 4712 sua
2102 4675 2197 4728 per
2225 4674 2384 4727 quam
2425 4658 2782 4712 Orientalibus
2811 4659 3228 4711 communicavit
3263 4662 3493 4728 epistola

1895 4764 2083 4804 omnes
2113 4749 2396 4820 JEgyptios
2421 4749 2730 4803 sacerdotes
2757 4750 2999 4802 eannlcm
3033 4748 3261 4804 fateatur
3291 4751 3496 4806 habere

1889 4840 2210 4902 doctrinam,
2236 4844 2439 4907 dicens,
2487 4842 2774 4910 Scripturis
2818 4841 3070 4896 divinitus
3114 4843 3386 4912 inspiratis
3441 4857 3496 4899 et

1893 4935 2162 5001 traditioni
2197 4945 2505 4991 sanctorum
2552 4944 2880 4999 nostrorum,
2933 4940 3342 4992 convenientem
3390 4940 3489 4994 ha-

1891 5027 2021 5081 bent
2050 5027 2208 5082 lidem
2238 5043 2356 5096 qua:
2384 5027 2522 5096 apud
2555 5043 2652 5081 nos
2682 5037 2807 5081 sunt
2835 5037 2890 5082 et
2925 5043 3042 5097 qua:
3073 5030 3212 5098 apud
3242 5047 3341 5085 vos
3368 5042 3494 5086 sunt

1891 5117 2184 5174 Ecclesia}:
2219 5119 2436 5188 insuper
2471 5121 2633 5174 etiam
2666 5117 2886 5173 Paulum
2917 5119 3239 5176 Einesenum
3275 5124 3491 5192 episeo-

1892 5228 2018 5280 pum
2047 5227 2230 5267 coram
2261 5227 2319 5267 se
2341 5221 2395 5267 et
2417 5213 2467 5267 in
2497 5229 2594 5267 sua
2621 5212 2850 5268 ecclesia
2878 5213 3238 5282 disiiutantem
3267 5215 3332 5267 de
3361 5215 3492 5267 dua-

1893 5306 1992 5362 bus
2019 5304 2218 5362 Christi
2272 5308 2494 5372 naturis,
2537 5315 2696 5375 atque
2727 5307 2775 5360 id
2807 5307 2978 5376 ipsum
3022 5306 3342 5374 repetitione
3373 5322 3490 5358 cre-

1892 5397 2125 5452 berrima
2152 5397 2494 5451 commendet
2523 5399 2542 5428 δ
2573 5410 2628 5451 et
2675 5397 2878 5464 magnis
2909 5396 3130 5449 extollat
3185 5396 3486 5463 pimcoiiiis,

1888 5490 2089 5559 populo
2127 5488 2287 5542 etiam
2332 5488 2422 5556 qui
2469 5488 2850 5542 sermocinanti
2899 5488 3084 5540 aderat
3131 5483 3485 5549 acclamante,

1888 5582 2025 5636 sicut
2049 5580 2260 5648 legitur,
2287 5589 2447 5649 atque
2471 5578 2703 5642 dicente,
2743 5599 2761 5628 ι
2790 5577 2934 5631 Bene
2961 5575 3140 5630 dixisti
3163 5576 3202 5637 ³,
3235 5571 3480 5642 episcepe

1975 5719 1998 5752 ⁸
2027 5718 2167 5772 Idem
2197 5719 2348 5778 cod.,
2380 5719 2831 5772 commendantem.

1976 5791 1996 5821 ⁵
2029 5788 2172 5842 Idem
2200 5788 2344 5853 cod.,
2375 5789 2574 5841 venisti.

2954 5935 3026 5993 18
