3974 6330
532 355 640 415 555

1597 343 1893 404 FACUNDI
1929 344 2141 402 EPISC.
2186 338 2693 401 IIERMIANENSIS

3719 351 3821 409 εδδ

525 474 851 540 orthodoxe,
880 469 1024 527 orbis
1044 468 1320 525 eruditur:
1351 467 1442 537 qui
1464 465 1546 522 sic
1576 467 1765 535 credit,
1795 464 2059 534 diligitur;
2100 482 2117 514 ι
2155 466 2199 522 Α
2230 462 2315 517 vel
2344 462 2666 517 testimoniis
2692 459 2909 515 Patrum
2933 462 3245 532 probarent,
3272 464 3358 520 vel
3386 480 3483 521 sua
3513 465 3824 525 deﬁnitione

527 580 628 622 nec
646 565 700 619 in
730 563 815 618 bis
833 561 1080 616 omnibus
1095 559 1295 627 aliquid
1320 558 1598 613 audiamus
1618 558 1684 612 de
1705 572 1809 611 una
1838 570 1956 627 qua:
1974 568 2122 610 com-

526 655 700 725 posita
729 651 947 719 dicitur,
976 647 1177 705 Christi
1204 657 1437 703 natura:
1475 648 1748 717 quomodo
1778 661 1923 701 nunc
1950 644 2121 715 Euty-

522 743 720 807 chiani,
748 755 976 812 quorum
1006 755 1132 809 pars
1159 753 1351 809 magna
1380 747 1465 795 est
1504 737 1856 802 Alexandriae,
1891 753 2002 793 non
2037 751 2123 792 se-

521 836 756 891 cundum
784 833 924 888 hanc
949 831 1309 888 orthodoxam
1339 840 1394 886 et
1440 832 1714 899 antiquam
1752 829 1897 887 orbis
1937 828 2120 884 erudi-

523 928 727 981 tionem
755 924 1002 993 credunt,
1032 922 1364 980 Nestoriante
1390 938 1511 979 eam
1546 923 1739 979 haeresi
1780 918 2119 993 deputantes,

522 1034 683 1088 quam
728 1018 812 1074 sui
852 1016 1092 1072 dilexere
1123 1016 1390 1085 majores?
1418 1016 1675 1071 Desinant
1718 1016 1878 1084 igitur
1916 1016 1982 1069 ab
2022 1015 2122 1069 hac

523 1108 795 1165 horrenda
825 1106 1071 1173 stultitia,
1098 1120 1204 1175 qua
1230 1105 1471 1161 dicentes
1497 1104 1766 1160 Christum
1798 1105 1954 1159 unius
1969 1118 2119 1158 com-

514 1198 713 1267 posita:
739 1212 860 1252 esse
888 1204 1113 1264 natum,
1145 1196 1311 1251 Deum
1334 1210 1393 1250 se
1421 1194 1789 1265 blasphemare
1816 1210 1923 1250 non
1966 1193 2123 1249 intel-

525 1289 712 1357 ligunt,
735 1287 885 1357 cujus
908 1298 1159 1341 naturam
1186 1286 1412 1342 credunt
1448 1300 1608 1355 posse
1642 1287 1655 1316 ¹
1700 1285 1967 1355 componi.
2012 1284 2122 1338 Nec

523 1380 737 1435 beatum
766 1378 1022 1448 Cyrillum
1050 1377 1230 1432 dicant
1268 1376 1368 1430 sibi
1390 1376 1661 1430 COntraria
1688 1374 1956 1441 docuisse,
1986 1389 2121 1443 quo-

523 1470 665 1523 niam
704 1484 803 1539 per
839 1469 943 1523 hoc
990 1468 1161 1523 errori
1209 1465 1429 1536 quidem
1476 1481 1576 1521 suo
1629 1466 1759 1519 nihil
1799 1465 2121 1520 defensionis

522 1560 770 1626 aderunt,
816 1561 890 1615 ﬂii
934 1570 1111 1615 tamen
1163 1560 1455 1613 maximum
1514 1560 1972 1629 prtcvaricationis
2016 1560 2123 1613 cri-

522 1668 643 1706 men
670 1651 990 1721 impingunt.

1138 1781 1367 1838 CAPUT
1408 1783 1495 1837 VI.

526 1875 680 1941 Quod
722 1874 1038 1946 Eutychiani
1086 1891 1240 1928 unum
1292 1873 1485 1929 Christi
1513 1875 1848 1942 compositam
1878 1885 2115 1927 naturam

584 1945 877 1999 astruentes
917 1945 1262 1999 Nestorianos
1304 1946 1583 2016 adjuvant;
1612 1956 1657 1998 et
1681 1946 1817 2012 quod
1848 1960 2116 2013 perperam

586 2025 807 2070 utantur
833 2016 1067 2097 exemplo
1102 2019 1344 2069 humana!
1372 2024 1572 2071 natura:
1600 2031 1663 2069 ea:
1690 2016 1865 2068 anima
1912 2025 1957 2069 et
1996 2032 2117 2069 cor-

596 2103 721 2155 pore
741 2097 1057 2155 compostus.

590 2199 698 2256 Sed
722 2208 778 2255 et
800 2199 912 2269 jam
942 2200 1175 2269 probare
1193 2200 1451 2255 debemus
1475 2197 1748 2269 quomodo
1771 2199 1929 2253 iidem
1956 2198 2118 2270 Euty-

520 2290 694 2347 ebiani
714 2289 800 2344 vel
825 2287 1299 2360 Semieutychiani,
1328 2289 1421 2358 qui
1448 2297 1637 2344 contra
1658 2287 2114 2354 Chalcedonense,

519 2384 627 2437 imo
664 2396 795 2437 vero
838 2381 1003 2436 etiam
1040 2388 1230 2435 contra
1271 2379 1599 2451 Ephesinum
1632 2380 1943 2445 concilium,
1986 2381 2117 2435 duas

520 2475 634 2530 Filii
658 2474 752 2529 Dei
782 2466 977 2543 neg'ant
998 2488 1118 2529 esse
1144 2482 1382 2539 naturas,
1424 2476 1731 2530 econtrario
1774 2474 2119 2530 Nestorianos

518 2580 617 2635 per
643 2565 748 2618 hoc
774 2564 1049 2633 adjuvent,
1080 2578 1311 2633 quorum
1354 2562 1573 2619 falsitati
1600 2577 1658 2617 se
1693 2572 1883 2633 putant
1921 2566 2117 2617 verita-

518 2658 587 2711 tis
632 2654 915 2724 negatione
959 2654 1231 2710 resistere.
1266 2653 1587 2709 Asserentes
1632 2655 1776 2708 enim
1825 2655 1967 2723 quod
2011 2670 2113 2709 una

516 2748 584 2803 sit
611 2745 729 2801 Filii
767 2746 862 2801 Dei
902 2753 1113 2813 natura,
1158 2745 1259 2816 ipsi
1307 2746 1488 2816 potius
1536 2746 1760 2801 alterius
1804 2747 2129 2801 substantiae

518 2837 789 2894 hominem
827 2837 1097 2893 Christum
1138 2835 1321 2891 Jesum
1368 2844 1520 2891 extra
1558 2835 1651 2889 Dei
1700 2835 1887 2888 Filium
1934 2836 2115 2891 dicere

517 2931 941 2987 convincuntur:
973 2930 1117 3000 quod
1161 2928 1315 2985 nobis
1355 2927 1491 2983 falso
1543 2928 1823 2996 imputant,
1853 2928 1942 2996 qui
1980 2927 2113 2982 duas

515 3021 673 3076 unius
696 3020 922 3074 dicimus
949 3019 1042 3073 lilii
1064 3033 1184 3073 esse
1224 3026 1464 3072 naturas.
1495 3016 1628 3070 Nam
1675 3018 1718 3070 si
1748 3026 2017 3085 quaeratur
2044 3018 2112 3071 ab

516 3114 592 3169 eis
621 3121 800 3167 utrum
827 3111 1020 3166 Filium
1050 3111 1173 3177 Dei,
1209 3124 1370 3181 quem
1412 3109 1568 3163 unius
1595 3108 1781 3164 dicunt
1805 3123 1923 3164 esse
1952 3118 2110 3163 natu-

2226 562 2597 617 deeernereut.
2631 560 2700 614 At
2741 575 2862 615 cum
2908 560 3210 617 Nestorium
3240 577 3347 616 non
3370 563 3545 616 solum
3588 564 3723 619 duas
3771 568 3824 620 in

2225 652 2317 707 illo
2345 651 2602 722 mysterio
2632 658 2873 719 naturas,
2894 666 3082 705 verum
3110 653 3271 707 etiam
3298 653 3823 725 duassubsistentias

2225 743 2623 813 prtedieanmm,
2655 756 2765 797 non
2789 750 3011 813 propter
3035 752 3340 813 utrumque,
3365 745 3460 799 sed
3483 754 3702 815 propter
3722 749 3825 805 hoc

2224 833 2399 887 solum
2427 832 2669 904 synodus
2716 834 2987 905 Ephesius
3018 834 3320 904 redarguit,
3348 838 3491 906 quod
3531 855 3692 893 unum
3739 840 3824 894 Fi-

2228 923 2359 976 lium
2380 924 2433 977 in
2455 924 2588 979 duas
2615 924 2987 979 subsistentias
3016 925 3299 989 divideret,
3322 928 3406 981 vel
3439 929 3483 981 si
3516 928 3602 982 illa
3630 942 3823 984 contra

2223 1026 2347 1067 eum
2368 1012 2585 1067 Patrum
2604 1012 2907 1068 testimonia
2930 1028 3035 1068 non
3059 1015 3343 1084 proferret,
3365 1018 3557 1084 quibus
3578 1018 3825 1073 Christus

2224 1106 2277 1158 in
2303 1105 2510 1159 duabus
2539 1120 2658 1160 esse
2688 1106 2892 1159 naturis
2921 1108 3249 1170 ostenditur,
3290 1108 3587 1164 afﬁrmasse
3629 1114 3824 1165 merito

2218 1195 2553 1264 jutlicaretur
2581 1196 2712 1251 duas
2736 1197 2889 1250 unius
2912 1196 3029 1251 Filii
3054 1198 3144 1251 Dci
3167 1213 3286 1252 esse
3313 1208 3549 1261 naturas,
3582 1202 3726 1269 quod
3770 1203 3824 1255 in

2224 1286 2496 1351 Nestorio,
2547 1296 2769 1358 propter
2796 1288 2937 1341 aliud
2969 1289 3289 1358 improbam,
3325 1305 3430 1343 non
3471 1293 3673 1360 pariter
3720 1294 3821 1346 im-

2221 1377 2493 1446 probavit.
2523 1376 2675 1432 Unde
2703 1378 2788 1432 vel
2830 1379 2929 1432 hac
2970 1380 3293 1433 auctoritate
3334 1389 3550 1435 ostensa
3598 1385 3819 1450 coerciti

2224 1468 2567 1540 Eutychiani,
2591 1468 2704 1537 jam
2752 1471 2999 1524 desinant
3026 1481 3212 1525 contra
3243 1487 3427 1526 sanam
3471 1482 3529 1527 et
3567 1490 3818 1529 necessa-

2222 1564 2357 1615 riam
2403 1562 2798 1618 confessionem
2847 1563 3102 1630 Ecclesite
3153 1566 3427 1636 disputare
3467 1586 3480 1621 :
3540 1584 3657 1637 qurc
3708 1586 3816 1627 non

2225 1660 2435 1707 tantum
2463 1654 2759 1708 secundum
2786 1652 3257 1717 Chalcedonensis.
3301 1657 3395 1713 sed
3424 1660 3584 1713 etiam
3622 1676 3815 1714 secun-

2225 1743 2353 1797 dum
2385 1743 2667 1814 Ephesium
2694 1744 2885 1815 synodi
2936 1744 3199 1813 instituta,
3233 1744 3507 1803 Christum
3534 1751 3583 1803 in
3613 1752 3814 1807 duabus

2149 1849 2198 1909 Β
2225 1834 2480 1904 prtedicat
2503 1849 2623 1890 esse
2649 1837 2877 1893 naturis.
2925 1837 3042 1894 Non
3070 1840 3233 1905 enim,
3277 1840 3362 1895 vel
3391 1840 3436 1896 si
3464 1841 3542 1895 eis
3573 1852 3817 1896 constaue

2222 1924 2433 1994 possit,
2490 1926 2846 1982 humanorum
2908 1941 3347 1997 argumentorum
3420 1930 3817 1984 ratiocinationi

2218 2016 2439 2072 credere
2467 2032 2527 2073 se
2568 2017 2892 2082 debuerunt,
2922 2028 2981 2072 ut
3013 2033 3173 2072 unam
3200 2018 3398 2074 Christi
3427 2021 3818 2075 contenderent

2217 2125 2339 2164 esse
2367 2117 2618 2164 naturam
2642 2126 2656 2174 ;
2687 2108 2782 2163 sed
2812 2108 3029 2162 Patrum
3060 2109 3238 2178 potius
3266 2109 3576 2163 auctoritati
3606 2124 3665 2163 se
3691 2112 3819 2163 suh~

2214 2201 2401 2268 jicere,
2434 2202 2487 2255 in
2512 2200 2709 2271 quibus
2749 2201 2969 2269 spiritus
2999 2200 3092 2254 Dei
3118 2200 3327 2255 locutus
3352 2210 3455 2255 est.
3484 2201 3685 2267 Verum
3713 2202 3817 2255 hoc

2224 2294 2509 2363 prudentia
2541 2309 2729 2349 eorum
2771 2308 2881 2349 non
2912 2295 3162 2364 patietur,
3194 2293 3263 2347 de
3297 2308 3399 2362 qua
3423 2293 3555 2347 dicit
3585 2295 3819 2362 Aposto-

2217 2388 2297 2442 lus
2323 2406 2334 2440 :
2368 2387 2626 2451 Quoniam
2654 2389 2929 2460 prudentia
2950 2392 3123 2443 carnis
3140 2406 3278 2443 mors
3299 2400 3397 2457 est,
3424 2372 3700 2459 prudentia
3731 2409 3818 2443 au-

2219 2491 2316 2533 tem
2346 2482 2579 2549 spiritus,
2609 2482 2714 2535 vita
2758 2488 2808 2534 et
2853 2499 2991 2551 pax;
3035 2484 3281 2552 quoniam
3320 2483 3591 2551 prudena'a
3641 2484 3820 2534 carnis

2215 2566 2429 2623 inimica
2449 2580 2526 2624 est
2550 2572 2605 2624 in
2628 2569 2794 2624 Deum
2819 2588 2837 2625 :
2860 2571 2959 2642 legi
2987 2572 3123 2624 enim
3151 2571 3249 2625 Dei
3271 2587 3372 2624 non
3401 2571 3695 2641 subjicitur,
3722 2588 3817 2624 nec

2215 2662 2351 2714 enim
2380 2671 2551 2731 potest
2582 2661 2758 2731 (Rom.
2792 2679 2903 2727 vm,
2934 2662 3010 2731 6),
3043 2672 3100 2716 ut
3129 2664 3179 2716 in
3208 2678 3449 2732 personae
3477 2663 3696 2731 quidem
3741 2680 3809 2716 ve

2215 2752 2579 2807 subsistentia:
2622 2754 2849 2813 unitate,
2912 2753 3288 2807 auctoritatem
3345 2751 3625 2806 nobiscum
3679 2752 3823 2805 divi-

2218 2857 2338 2895 nam
2395 2852 2712 2913 sequantur,
2763 2844 3019 2914 quoniam
3076 2845 3209 2898 tanti
3259 2843 3499 2898 miraculi
3543 2854 3819 2898 secretum

2219 2933 2449 2987 humana
2494 2934 2635 2988 ratio
2666 2933 2916 3002 indagare
2965 2949 3070 2987 non
3126 2934 3291 2987 valet.
3349 2931 3403 2986 In
3450 2934 3555 2989 hoc
3612 2944 3825 2997 autem,

2213 3024 2356 3093 quod
2388 3033 2641 3095 putantes
2669 3040 2830 3078 unam
2862 3040 2928 3078 ex
2952 3025 3160 3079 duabus
3180 3024 3372 3079 factam
3395 3039 3515 3080 esse
3542 3034 3822 3090 naturam,

2213 3133 2242 3170 a
2271 3116 2637 3173 fundatissima
2664 3115 2883 3170 Patrum
2923 3118 3243 3172 auctoritate
3278 3117 3581 3184 discedunt,
3628 3119 3822 3172 videa-

512 3219 608 3267 ne,
637 3203 1149 3259 consubstantialem
1171 3201 1317 3257 Patri
1340 3200 1628 3266 fateantur,
1662 3214 1856 3268 negare
1885 3217 1989 3254 non
2018 3217 2114 3270 po-
2140 3209 2184 3269 C
2218 3226 2337 3265 mus
2363 3210 2429 3277 εἰ,
2460 3202 2910 3279 quemadmodum
2942 3207 3137 3273 ﬁdunt,
3160 3208 3243 3263 vel
3270 3207 3563 3263 secundum
3589 3211 3816 3278 sapien-

516 3305 717 3350 terunt.
750 3295 952 3350 Deinde
974 3296 1019 3349 si
1050 3296 1152 3350 hoc
1179 3295 1247 3349 ab
1276 3295 1353 3349 eis
1383 3302 1670 3363 quaeratur,
1702 3302 1879 3346 utrutn
1910 3293 2113 3363 simpli-

517 3390 592 3444 cis
614 3394 820 3441 naturtc
848 3387 919 3441 sit
946 3384 1135 3449 Pater,
1170 3387 1273 3441 hoc
1308 3399 1527 3455 quoque
1569 3384 1818 3439 similiter
1870 3385 2113 3438 fatebun-

516 3489 619 3535 tur.
651 3479 817 3549 lgitur
844 3478 1037 3533 Filium
1058 3478 1174 3545 Dei,
1206 3492 1366 3548 quem
1396 3478 1555 3532 unius
1586 3477 1769 3531 dicunt
1801 3491 1919 3531 esse
1958 3487 2113 3529 natu-

514 3585 587 3624 rae
617 3569 868 3638 Patrique
887 3569 1425 3632 consubstantialem,
1456 3568 1617 3621 etiam
1639 3567 1913 3636 simplicis,
1947 3567 1997 3620 id
2030 3574 2115 3620 est

514 3660 706 3715 divina:
736 3667 940 3714 tantum
970 3659 1151 3715 dicere
1179 3658 1601 3728 eompellentur;
1636 3673 1700 3710 ac
1728 3670 1826 3726 per
1848 3658 1949 3710 hoc
1978 3656 2112 3711 alte-

514 3753 630 3809 rius
644 3752 748 3808 erit
766 3753 1079 3808 substantia:
1100 3754 1120 3783 ³
1144 3752 1307 3806 homo
1328 3750 1574 3805 Christus
1589 3750 1762 3813 Jesus,
1790 3750 1875 3804 cui
1894 3764 2110 3818 separa-

516 3845 611 3899 tim
638 3843 929 3914 deputetur
961 3842 1197 3897 bumana
1237 3849 1446 3895 natura.
1492 3840 1668 3907 Atque
1707 3840 1779 3893 ita
1827 3854 1948 3892 cum
1977 3838 2110 3891 duas

514 3939 668 3993 unius
688 3936 809 3992 Filii
834 3944 1031 4006 negant
1056 3948 1176 3989 esse
1197 3940 1434 3996 naturas,
1459 3931 1681 3986 alteram
1712 3930 2110 3983 snbsistentiam

514 4025 628 4081 Filii
653 4026 767 4090 Dei,
790 4033 845 4080 et
865 4028 1090 4078 alteram
1114 4021 1372 4088 assumpti
1394 4020 1625 4073 hominis
1645 4027 1936 4085 arguentur
1959 4019 2111 4072 indu-

514 4133 657 4173 cere.
687 4115 852 4185 Cujus
874 4115 1167 4186 probabilis
1191 4112 1415 4167 rationis
1442 4120 1628 4165 sancta
1652 4110 1918 4181 Ephesina
1949 4124 2109 4181 syno-

514 4208 616 4264 dus
642 4222 750 4262 non
781 4209 964 4277 ignara
1000 4221 1123 4261 cum
1160 4204 1465 4260 Nestorium
1516 4203 1920 4267 condemnaret,
1966 4202 2112 4271 quod

515 4297 608 4353 Dei
636 4296 828 4351 Filium
871 4313 977 4352 non
1006 4296 1183 4351 solum
1225 4296 1277 4348 in
1305 4294 1513 4348 duabus
1548 4292 1772 4360 naturis,
1805 4292 1949 4361 quod
1986 4308 2111 4347 san-

514 4401 659 4447 ctum
688 4399 801 4453 est,
833 4389 927 4446 sed
974 4389 1137 4443 etiam
1184 4389 1237 4442 in
1284 4386 1490 4441 duabus
1535 4385 1913 4449 subsistentiis,
1967 4384 2111 4453 quod

513 4486 796 4555 profanum
827 4492 930 4551 est,
962 4481 1290 4553 praedicabat
1321 4498 1333 4533 :
1369 4495 1475 4534 non
1502 4478 1647 4548 quod
1691 4477 1824 4532 duas
1854 4476 2112 4531 fateretur

516 4577 634 4631 Filii
665 4576 760 4631 Dei
790 4583 1030 4642 naturas,
1079 4573 1175 4629 sed
1205 4572 1348 4641 quod
1376 4571 1510 4626 duas
1545 4569 1919 4626 subsistentias
1956 4584 2107 4624 men-
2138 4591 2188 4651 ι)

513 4668 722 4730 tiretur,
757 4681 882 4721 eum
910 4664 1222 4733 redarguit:
1256 4678 1358 4717 nec
1398 4661 1719 4717 testimoniis
1759 4661 2103 4730 antiquorum

512 4756 726 4810 Patrum
751 4756 947 4824 quibus
965 4770 1086 4810 eum
1115 4754 1183 4808 de
1210 4754 1363 4823 pravi
1398 4753 1665 4821 dogmatis
1700 4751 1939 4806 novitate
1975 4767 2104 4807 eon-

512 4846 695 4909 vincit,
728 4860 888 4899 unam
914 4844 1035 4899 Filii
1064 4844 1158 4899 Dei
1188 4852 1435 4899 naturam
1480 4857 1599 4898 esse
1627 4843 1965 4907 monstravit,
2009 4842 2103 4897 sed

512 4952 675 4992 unam
705 4938 884 5007 potius
911 4951 1031 4993 esse
1076 4952 1383 5008 personam.
1414 4934 1483 4989 Et
1522 4937 1705 5004 utique
1752 4935 1818 4989 ad
1866 4937 2103 5005 compri-

513 5026 766 5099 mendum
793 5035 857 5083 et
875 5028 1089 5096 penitus
1108 5024 1554 5096 exstinguendum
1580 5032 1820 5079 errorem
1850 5022 2101 5089 Nestorii,

511 5119 603 5189 qui
633 5117 770 5174 duos
796 5119 954 5175 nobis
982 5119 1121 5175 tilios
1161 5118 1412 5174 inducere
1457 5118 1773 5181 conabatur,
1822 5116 1951 5170 nihil
2000 5116 2106 5171 uti-

512 5210 637 5277 lius,
686 5210 825 5265 sicut
857 5208 1262 5278 jam-diximus,
1312 5208 1553 5277 nihilque
1591 5208 1817 5261 validius
1849 5215 2013 5272 esset,
2064 5208 2108 5262 si

516 5302 717 5357 veritas
737 5300 958 5369 sineret,
990 5314 1151 5370 quam
1174 5308 1232 5354 ut
1252 5314 1411 5355 unam
1433 5314 1554 5355 esse
1576 5298 1695 5353 Filii
1720 5298 1813 5353 Dei
1842 5309 2108 5365 naturam,

587 5466 615 5496 ι
651 5454 830 5526 Nugas
854 5455 1014 5510 etiam
1035 5462 1091 5511 et
1118 5453 1471 5526 deliramenta
1492 5453 1669 5526 verbis
1705 5452 1986 5526 Epiphanii
2007 5471 2108 5526 _vo-

515 5535 603 5583 cat
626 5522 982 5597 Hieronymus
1020 5525 1178 5597 epist.
1219 5522 1313 5597 (it),
1339 5530 1395 5577 et
1437 5523 1635 5597 passim
1662 5522 1954 5597 explodnnt
2006 5524 2106 5577 Pa-

517 5604 629 5652 tres
657 5605 770 5652 tum
791 5592 961 5652 Grtnci
992 5592 1105 5650 tum
1137 5593 1314 5649 Latini
1349 5610 1361 5645 :
1396 5592 1455 5647 ut
1489 5592 1770 5663 Antipater
1795 5592 2109 5649 Bostrorum

601 5769 618 5792 ι
654 5756 788 5823 Cod.
817 5757 1045 5823 Verum,
1075 5756 1322 5823 potuisse.

591 5826 612 5855 ¹
651 5822 799 5877 idem
827 5827 971 5893 cod.,
1004 5822 1355 5880 subsistentia.

2219 3304 2349 3353 tiam
2399 3299 2583 3353 mundi
2630 3306 2881 3352 constare
2923 3298 3027 3351 illis
3056 3312 3151 3352 sua
3194 3299 3332 3352 ratio
3382 3306 3579 3367 potest.
3625 3298 3821 3354 Dicunt

2218 3387 2395 3457 igitur,
2422 3390 2561 3443 sicut
2607 3404 2674 3443 ex
2719 3389 2923 3443 duabus
2953 3388 3180 3455 naturis,
3224 3388 3279 3441 id
3308 3397 3391 3442 est
3426 3403 3493 3441 ex
3523 3389 3706 3441 anima
3764 3397 3819 3440 et

2216 3495 2529 3543 carne,,una
2550 3478 2845 3547 composita
2873 3487 2958 3533 est
2985 3479 3216 3532 humana
3245 3487 3458 3543 natura,
3490 3478 3571 3530 Sit‘.
3600 3494 3667 3533 ex
3699 3476 3813 3528 dej-

2218 3578 2328 3623 tate
2349 3578 2402 3622 et
2432 3569 2761 3623 humanitate
2789 3583 2890 3623 una
2920 3569 3217 3636 composita
3240 3576 3325 3623 est
3348 3567 3547 3621 Christi
3576 3576 3770 3620 natura
3804 3584 3815 3616 :

2215 3666 2269 3712 et
2298 3658 2419 3712 ideo
2440 3672 2508 3712 ex
2536 3658 2743 3711 duabus
2772 3657 3013 3726 quidem,
3037 3658 3131 3710 sed
3160 3672 3265 3710 non
3298 3657 3350 3710 in
3378 3656 3587 3712 duabus
3608 3659 3820 3711 naturis

2214 3748 2483 3803 Christum
2513 3748 2858 3808 c.,.,titcntur.
2902 3747 3161 3815 Equidem
3214 3746 3361 3801 nulla
3404 3762 3571 3800 causa
3602 3756 3689 3800 est
3728 3762 3820 3800 cur

2218 3839 2380 3892 etiam
2413 3838 2775 3907 unusquisque
2800 3838 2961 3892 homo
2990 3839 3041 3891 in
3072 3838 3278 3893 duabus
3308 3846 3535 3907 negetur
3561 3854 3685 3893 esse
3726 3856 3818 3891 na-

2214 3932 2368 3993 turis,
2425 3930 2475 3982 in
2524 3944 2690 3983 carne
2733 3930 2941 3984 scilicet
2994 3938 3155 3998 atque
3196 3931 3391 3984 anima.
3450 3929 3585 3996 Qua:
3633 3942 3815 3985 tamen

2211 4021 2335 4088 quia
2367 4030 2421 4075 et
2446 4036 2548 4074 una
2577 4036 2646 4074 ex
2674 4019 2881 4074 duabus
2908 4019 3227 4089 composita.
3261 4030 3408 4076 recte
3454 4022 3693 4076 hominis
3725 4038 3817 4076 na-

2215 4117 2386 4161 turam
2436 4109 2549 4177 dici
2588 4108 2946 4163 certissimum
2986 4118 3111 4163 est:
3160 4110 3337 4179 potuit
3382 4111 3529 4164 enim
3586 4112 3819 4166 hominis

2204 4199 2388 4275 anima
2420 4200 2471 4253 in
2503 4213 2662 4253 unam
2694 4208 2941 4253 naturam
2964 4213 3087 4253 eum
3114 4214 3209 4253 sua
3238 4214 3405 4254 carne
3428 4202 3711 4269 componi.
3745 4202 3818 4254 lie

2212 4286 2411 4341 Christi
2443 4304 2571 4342 vero
2598 4288 2878 4343 divinitate
2904 4288 3384 4344 inconvertibiliter
3408 4289 3646 4359 simplici
3664 4332 3682 4355 ,
3711 4307 3818 4345 non

2212 4381 2329 4436 sine
2359 4381 2561 4450 ingenti
2590 4380 2927 4450 blasphemia
2954 4379 3171 4446 dicitur,
3193 4380 3338 4449 quod
3372 4380 3428 4434 in
3455 4396 3617 4434 unam
3663 4390 3818 4434 natu-

2213 4488 2326 4526 ram
2381 4488 2503 4528 cum
2554 4481 2803 4543 suscepta
2857 4466 3189 4527 humanitate
3243 4472 3497 4541 componi
3555 4474 3815 4542 potuerit.

2213 4564 2413 4621 Deinde
2460 4564 2830 4633 considerent,
2880 4563 3027 4633 quod
3081 4564 3194 4619 sive
3241 4564 3440 4627 anima,
3497 4563 3615 4619 sive
3664 4580 3814 4627 caro.

2212 4656 2553 4711 adunationis
2575 4671 2687 4710 sua:
2714 4670 2875 4711 causa
2904 4654 3255 4717 exstiterunt,
3284 4664 3341 4708 et
3383 4670 3494 4709 non
3524 4655 3676 4711 hunc
3724 4658 3816 4710 ha-

2211 4745 2341 4799 bent
2368 4754 2573 4800 naturze
2603 4745 2785 4813 tinem,
2832 4745 3174 4813 singulariter
3220 4759 3285 4798 ac
3324 4746 3632 4813 separatim
3686 4764 3815 4803 con-

2211 4838 2433 4903 sistere;
2465 4837 2559 4893 sed
2607 4838 2673 4891 ad
2702 4838 2783 4895 sui
2814 4836 3248 4905 conjunctionem
3275 4836 3537 4903 tendunt,
3572 4846 3635 4892 et
3687 4840 3814 4893 invi—

2212 4945 2327 4985 cem
2358 4930 2458 4985 sibi
2481 4930 2679 4984 debent
2706 4928 3104 4998 quodammodo
3133 4936 3191 4982 ut
3218 4928 3475 4983 existant.
3507 4928 3677 4997 Nam,
3718 4933 3813 4986 sic-

2209 5031 2267 5077 ut
2306 5038 2435 5078 caro
2486 5022 2678 5077 animae
2716 5021 2857 5075 facta
2907 5030 3007 5085 est,
3059 5021 3130 5076 ita
3178 5029 3234 5075 et
3283 5020 3465 5074 anima
3493 5023 3729 5089 carni’;
3769 5033 3812 5076 ct

2210 5117 2323 5185 ipse
2353 5115 2612 5170 naturalis
2632 5129 2815 5169 carum
2845 5112 3127 5167 intentioni
3156 5121 3239 5166 est
3269 5112 3413 5167 linis.
3436 5115 3647 5182 pariter
3676 5131 3813 5170 esse.

2211 5209 2326 5263 Non
2352 5211 2492 5263 enim
2514 5206 2839 5263 credendum
2868 5216 2953 5261 est
2967 5205 3215 5274 Origenis
3240 5203 3622 5261 deliramentis
3654 5218 3704 5273 ⁸,
3732 5210 3813 5275 qui

2213 5302 2513 5370 suspicatur
2558 5301 2912 5353 humanarum
2941 5299 3237 5351 animarum
3280 5297 3619 5355 substantias
3665 5303 3818 5369 iOnge

2217 5457 2506 5527 episcopus
2532 5456 2931 5527 Dissertationis
2957 5457 3008 5511 in
3032 5456 3317 5525 Origenem
3347 5472 3471 5527 cap.
3507 5459 3563 5513 7.

2283 5540 2337 5581 Ὀ
2368 5526 2581 5587 nutriant;
2618 5532 2701 5583 τὸν
2750 5526 3007 5602 ἄνθρωπον
3038 5529 3129 5582 ἀπ’
3154 5531 3327 5600 ἀρχῆς
3370 5526 3532 5596 ἄρσεν
3571 5532 3667 5585 καὶ
3704 5530 3817 5585 653-;

3582 5606 3813 5655 ἐποέυσίν

2290 5760 2307 5791 ’⁸
2344 5760 2487 5816 Idem
2516 5761 2660 5826 eod.,
2695 5772 2743 5816 et
2766 5762 2940 5815 anima
2970 5758 3109 5824 facta
3130 5769 3206 5815 est
3227 5763 3401 5817 carni.
