3974 6330
225 382 327 440 557

1156 389 1748 448 PRODEFENSIONE
1789 387 2004 447 TRIUM
2038 384 2352 447 CAPITUL.
2397 391 2520 448 LIB.
2566 393 2625 447 ll.

3421 397 3526 452 5:38

220 515 348 559 ante
403 519 564 568 quam
607 504 658 558 in
690 504 1006 574 corporith
1034 517 1234 569 essent,
1286 523 1391 561 non
1431 507 1603 560 solum
1643 508 1823 570 fuisse,
1860 516 1903 568 Α
1936 511 2211 578 prudentia
2249 509 2573 578 diffamatus,
2614 512 2664 565 in
2715 511 2851 566 libro
2899 514 2965 568 de
3023 513 3146 583 fide,
3195 523 3248 570 et
3293 531 3409 586 spe,
3471 529 3527 571 ct

222 609 408 650 verum
461 596 625 650 etiam
675 611 963 665 peccasse,
1017 606 1073 652 et
1126 599 1276 667 prius
1323 597 1540 667 quidem
1590 608 1818 660 mentes,

223 694 411 755 postea
440 700 570 740 vero
599 686 808 741 animas
829 686 1013 751 factas,
1038 702 1161 743 cum
1188 703 1287 758 pro
1317 697 1660 757 peccatorum
1692 705 1822 743 suo-

220 791 339 829 rum
369 775 576 830 meritis
603 773 659 831 in
679 792 910 848 corpora
940 777 1282 833 truderentur
1307 797 1320 830 :
1343 793 1466 834 cum
1499 779 1643 834 dicat
1680 779 1826 848 Apo-

220 867 392 922 stolus
418 883 434 921 :
468 864 703 922 Rebecca
716 884 782 924 ea:
811 885 914 923 uno
939 869 1209 922 concubitu
1234 869 1426 922 habens
1455 868 1610 923 Isaac
1627 879 1824 940 patrem

220 968 455 1010 nostrum
489 955 668 1028 (Rom.
702 974 778 1019 ιι,
826 957 938 1030 10),
969 967 1075 1014 etc.
1105 959 1231 1013 Cum
1264 961 1403 1012 enim
1436 961 1668 1012 nondum
1712 961 1825 1013 nati

220 1049 459 1118 fuissent,
492 1059 582 1102 aut
605 1049 801 1122 aliquid
827 1051 1051 1121 egissent
1092 1049 1281 1104 bonum
1324 1067 1387 1102 ac
1430 1052 1621 1104 uratum
1651 1067 1826 1104 secun-

221 1140 342 1194 dum
366 1140 700 1204 electionem,
748 1149 804 1193 ut
840 1140 1162 1210 propositum
1195 1139 1289 1197 Dei
1319 1126 1566 1200 maneret,
1609 1157 1713 1194 non
1759 1156 1825 1194 ea:

223 1228 482 1299 Operibus,
531 1230 622 1284 sed
671 1245 737 1284 ea:
775 1239 991 1285 vocante
1019 1231 1213 1284 dictant
1265 1239 1338 1284 est
1381 1231 1451 1296 ei,
1497 1231 1618 1302 quin
1658 1230 1828 1299 major

223 1327 405 1379 serviet
432 1326 644 1379 minori.
681 1323 845 1379 Paulo
875 1325 1058 1393 itaque
1098 1325 1288 1378 melius
1315 1335 1370 1378 et
1417 1323 1623 1376 fidelius
1649 1323 1826 1377 credi-

224 1431 344 1470 mus
368 1415 605 1478 docenti,
653 1416 777 1486 quia
808 1431 928 1470 eum
976 1413 1143 1470 Jacoh
1172 1423 1224 1468 et
1268 1413 1411 1468 Esau
1443 1415 1665 1469 necdum
1717 1413 1830 1470 nati

224 1507 472 1574 fuissent,
497 1509 626 1562 nihil
652 1517 877 1576 egerunt
901 1509 1098 1562 bonum
1122 1516 1216 1562 aut
1238 1507 1457 1568 malum,
1484 1521 1582 1560 nec
1610 1521 1676 1559 ex
1699 1521 1830 1574 0pc-

225 1598 409 1664 ribus,
439 1596 537 1650 sc'd
585 1612 651 1651 ex
699 1596 945 1652 vocantis
990 1598 1160 1665 gratia
1213 1604 1338 1652 sunt
1381 1596 1614 1658 discreti,
1665 1611 1826 1664 quam

223 1687 443 1759 Origeni
468 1691 755 1745 somnianti
804 1688 969 1760 quod,
1005 1698 1062 1743 ut
1101 1697 1472 1754 nascerentur,
1497 1687 1820 1757 supplicium

224 1780 402 1836 fuerat
431 1782 612 1836 nescio
659 1782 811 1848 cujus
851 1780 1000 1834 mali.
1033 1779 1167 1834 Nam
1207 1788 1409 1835 etcum
1440 1787 1614 1832 morte
1659 1793 1689 1831 a
1719 1778 1830 1833 suis

1927 602 2212 670 charitate,
2240 602 2329 669 qui
2375 616 2515 669 pene
2561 602 2628 655 ab
2679 602 2928 657 erunibus
2974 605 3168 673 quibus
3218 614 3375 661 notus
3423 617 3526 672 est,

1932 686 2272 748 lCnchiridion
2320 692 2649 760 appellatur,
2699 692 2773 747 ita
2831 693 2897 748 de
2923 693 3139 750 Christo
3187 695 3399 752 locutus
3443 706 3528 750 est

1929 780 2082 851 (Cap.
2113 781 2204 850 56)
2235 799 2246 832 :
2287 800 2307 830 ‹
2343 780 2546 854 Nempe
2576 797 2644 836 ex
2695 797 2802 851 quo
2835 798 2953 838 esse
2997 785 3159 839 homo
3185 787 3369 855 etrapit,
3417 802 3525 842 non

1928 875 2072 928 aliud
2102 873 2267 943 cmpit
2295 889 2416 928 esse
2444 874 2608 928 homo
2636 891 2797 944 quam
2830 875 2921 931 Dci
2953 876 3137 942 Filius,
3157 887 3228 932 .et
3269 879 3372 932 hoc
3403 880 3522 932 nni-

1927 981 2043 1027 cus,
2079 975 2300 1034 propter
2333 965 2498 1019 Deum
2521 965 2776 1030 Verbum,
2805 966 2948 1035 quod
2981 967 3069 1020 illo
3100 978 3352 1036 suscepto
3397 983 3526 1022 caro

1929 1055 2126 1108 factum
2157 1062 2260 1117 est,
2290 1055 2472 1124 utique
2503 1054 2642 1110 Deus
2673 1072 2687 1106 :
2734 1065 2792 1108 ut
2837 1056 3286 1124 quemadmodum
3315 1067 3397 1111 est
3423 1074 3528 1111 una

1931 1159 2160 1213 persona
2190 1144 2416 1214 quilibet
2444 1145 2629 1209 homo,
2655 1145 2852 1202 ,anima
2900 1145 3103 1202 scilicet
3149 1147 3430 1203 rationalis
3475 1155 3527 1199 e9

1930 1249 2080 1299 caro,
2106 1237 2178 1288 ita
2201 1235 2272 1289 sit
2295 1250 2397 1288 una
2421 1219 2936 1302 persona-Christus,
2962 1235 3194 1291 Verbum
3215 1237 3478 1292 et.-homo.
3505 1255 3520 1289 I

1930 1325 2040 1380 Nec
2069 1325 2164 1391 ait,
2197 1326 2269 1379 ita
2297 1327 2367 1380 sit
2395 1326 2591 1386 Christi
2625 1342 2729 1381 una
2759 1337 2946 1386 natura
2981 1327 3214 1382 Verbum
3244 1335 3299 1383 et
3345 1328 3527 1382 homo.

1930 1414 2036 1468 Sed
2061 1414 2170 1483 jam
2200 1415 2437 1470 breviter
2464 1432 2582 1484 qum
2610 1427 2727 1471 acta
2756 1425 2882 1471 sunt
2909 1417 3242 1486 colligamus.
3269 1418 3531 1487 Apparuit

1932 1505 2210 1574 imprimis,
2241 1507 2386 1574 quod
2431 1508 2723 1562 secundum
2753 1521 2959 1576 magnae
2998 1507 3187 1578 synodi
3215 1508 3530 1564 :Chalcedo-

1930 1597 2111 1650 nensis
2139 1596 2463 1650 sententiam
2493 1595 2773 1653 confessus
2799 1612 2877 1663 es,
2909 1597 3222 1667 imperator,
3254 1605 3311 1652 et
3364 1611 3533 1652 unnu:

1930 1702 2049 1742 esse
2091 1686 2158 1742 de
2209 1687 2473 1742 Trinitate
2527 1689 2842 1746 crucifixum
2893 1705 2992 1760 pro
3041 1690 3196 1744 nobis
3243 1689 3530 1743 Dominum

1931 1777 2224 1844 Christum,
2257 1788 2313 1834 et
2339 1795 2464 1835 vere
2500 1787 2556 1834 et
2577 1780 2795 1849 proprie
2824 1788 3050 1836 matrem
3079 1778 3174 1834 Dei
3197 1778 3449 1846 Mariam,
3476 1790 3535 1834 et

224 1869 542 1943 corporibus
569 1871 760 1924 anima:
789 1878 1134 1943 separantur,
1165 1867 1234 1922 ad
1271 1867 1351 1922 sui
1393 1875 1572 1922 tamen
1601 1865 1830 1936 conjuu-
1861 1897 1910 1954 Β
1933 1869 2183 1926 eumdem
2210 1869 2495 1937 Dominum
2529 1879 2769 1926 nostrum
2798 1868 2982 1926 Jesum
3012 1868 3284 1924 Christum
3318 1869 3368 1924 in
3399 1869 3520 1924 dua-

224 1963 464 2017 ctionem
495 1961 742 2017 similiter
781 1961 1033 2023 tendunt,
1067 1969 1124 2015 et
1156 1967 1442 2029 propterea
1473 1973 1634 2013 unam
1669 1965 1827 2011 natu-

225 2070 341 2108 ram
389 2054 680 2108 humanam
711 2049 968 2107 efﬁciant.
1003 2050 1158 2118 Quod
1187 2050 1255 2105 de
1295 2049 1454 2104 Verbi
1502 2049 1595 2104 Dei
1637 2057 1827 2104 natura

225 2143 380 2199 nefas
401 2153 484 2199 est
510 2143 751 2205 credere,
793 2143 1049 2212 quoniam
1083 2140 1374 2211 aliquando
1403 2155 1508 2195 non
1540 2139 1653 2194 sola
1698 2139 1829 2195 sub-

226 2236 445 2298 stiterit,
476 2235 569 2290 sed
597 2236 842 2292 humanm
870 2242 1076 2288 naturae
1099 2233 1355 2287 adunatio
1401 2246 1563 2288 causa
1593 2231 1642 2285 ci
1669 2233 1685 2262 ί
1713 2230 1830 2285 fue-

227 2327 298 2379 rit
327 2312 700 2390 existendi,’ut
723 2325 837 2394 ipsa
866 2324 967 2379 sibi
995 2323 1224 2377 adunata
1249 2321 1552 2391 quiesceret
1573 2319 1832 2374 naturalis

229 2417 345 2485 ejus
387 2415 632 2470 intentio.
669 2415 865 2470 Verum
911 2429 1085 2483 neque
1112 2413 1181 2468 de
1223 2413 1455 2467 humana
1487 2417 1677 2465 natura
1726 2410 1831 2465 dici

231 2514 434 2577 potest,
463 2506 606 2577 quod
635 2522 740 2560 non
773 2507 943 2576 possit
972 2505 1089 2560 sine
1117 2503 1212 2559 Dei
1233 2502 1397 2558 Verbi
1419 2502 1469 2556 in
1495 2516 1654 2555 unam
1679 2509 1835 2554 natu-

231 2613 348 2652 ram
378 2597 776 2667 compositione
806 2597 1099 2652 subsistere
1131 2613 1144 2650 :
1177 2609 1338 2666 quam
1368 2590 1610 2648 videmus
1653 2592 1835 2662 specie

232 2705 328 2744 sua
353 2697 691 2752 contentam,
723 2704 830 2744 non
868 2689 922 2742 in
951 2687 1152 2757 aliquid
1183 2683 1420 2750 tendere,
1455 2685 1540 2740 cui
1571 2684 1648 2738 sic
1677 2693 1802 2736 natu
1822 2716 1835 2725 -

234 2779 422 2834 raliter
438 2779 788 2842 adhzerescat,
821 2787 879 2832 ut
907 2794 1070 2834 unam
1126 2793 1249 2833 cum
1300 2776 1394 2832 illo
1439 2784 1684 2830 naturam
1721 2773 1836 2828 effi-

235 2871 357 2926 ciat.
391 2869 535 2924 Nihil
570 2871 731 2940 igitur
768 2869 1086 2942 Eutychiani
1138 2869 1386 2924 humana!
1428 2876 1635 2922 natura:
1681 2867 1836 2935 adju-

237 2970 432 3015 vantur
457 2959 726 3029 exemplo,
756 2969 814 3014 ut
843 2975 1004 3015 unam
1035 2968 1277 3015 asserant
1302 2957 1499 3015 Christi
1529 2973 1650 3014 esse
1680 2969 1833 3012 natu-

237 3063 371 3114 ram,
399 3049 488 3103 vel
516 3049 581 3113 si,
616 3058 822 3104 remota
854 3049 1076 3105 Patrum
1114 3049 1456 3115 auctoritate,
1483 3034 1840 3104 concedatur

238 3137 316 3192 eis
343 3137 642 3193 secundum
673 3140 1169 3208 argumentationes
1196 3141 1454 3194 humanas
1484 3138 1550 3193 de
1590 3138 1837 3192 incarna-

1931 1960 2033 2016 bus
2061 1962 2425 2017 esscnaturis.
2458 1960 2719 2031 Apparuit
2754 1962 2936 2026 etiam,
2979 1961 3034 2016 in
3066 1961 3430 2017 declarations
3469 1977 3532 2016 ac

1933 2049 2246 2106 defensione
2275 2052 2440 2122 ipsius
2465 2051 2586 2107 ﬁdei
2634 2061 2854 2116 nostrae,
2885 2059 3237 2108 memoratam
3267 2051 3531 2122 synodum

1935 2141 2050 2195 haec
2079 2142 2212 2211 ipsa,
2240 2157 2338 2212 pro
2359 2141 2661 2196 divinarum
2690 2139 3086 2211 Scripturarum
3117 2141 3437 2195 auctoritate
3478 2152 3536 2196 et

1936 2231 2152 2288 Patrum
2175 2234 2530 2296 testimoniis,
2576 2229 2828 2288 deﬁnisse
2873 2231 3277 2288 sivetirmasse.
3309 2229 3412 2286 Ubi
3457 2233 3532 2287 si-

1935 2324 2046 2378 mul
2078 2332 2136 2378 et
2163 2323 2239 2378 illi
2275 2324 2406 2380 licet
2445 2325 2536 2394 qui
2566 2323 3026 2380 communicantes
3055 2321 3326 2386 Ecclesiae,
3355 2329 3410 2378 et
3435 2337 3532 2374 au-

1934 2416 2241 2470 ctoritatem
2272 2423 2593 2470 venerantes
2617 2413 2781 2484 ipsius
2809 2421 3010 2469 sancta:
3033 2411 3248 2482 synodi,
3277 2419 3530 2479 tanquam

1935 2505 2172 2574 dogmati
2202 2503 2536 2575 Eutychiauo
2565 2501 2841 2568 contrarii,
2875 2509 3052 2558 tamen
3083 2514 3178 2569 per
3223 2497 3531 2555 contentio-

1937 2613 2059 2653 nem
2089 2597 2238 2652 verbi
2277 2577 2623 2666 superﬂuam,
2657 2601 2858 2662 negant
2882 2592 3081 2646 debere
3107 2589 3211 2644 dici
3260 2605 3424 2644 unum
3463 2604 3526 2643 ex

1937 2689 2200 2743 Trinitate
2243 2684 2582 2747 crucifixum,
2621 2693 2678 2740 et
2716 2697 2848 2738 vere
2893 2682 3110 2752 proprie
3159 2688 3384 2734 matrem
3438 2677 3531 2734 Det

1935 2781 2184 2849 Mariam,
2233 2779 2434 2834 inventi
2487 2785 2614 2833 sunt
2669 2776 2924 2832 adversus
2978 2773 3223 2830 eamdem
3270 2771 3533 2843 synodum

1937 2869 2135 2934 facere,
2166 2878 2222 2925 et
2246 2867 2612 2941 Eutychiauos
2637 2866 2941 2923 econtrario
2965 2864 3076 2920 suis
3103 2861 3534 2919 contentionibus

1939 2962 2212 3030 adjuvare.
2273 2961 2536 3032 Apparuit
2601 2959 2784 3020 etiam,
2829 2957 2973 3027 ipsos
3011 2953 3396 3025 Eutychianos,
3444 2953 3534 3020 qui

1939 3061 2192 3122 tanquam
2222 3059 2408 3106 contra
2440 3049 2634 3117 dogma
2662 3045 2912 3110 Nestorii,
2940 3045 3074 3100 duas
3105 3044 3262 3099 unius
3286 3043 3404 3096 Filii
3445 3041 3531 3096 Dei

1941 3153 2139 3212 negant
2167 3157 2288 3217 esse
2316 3150 2550 3204 naturas,
2577 3137 2908 3193 Nestorianis
2928 3151 3024 3207 per
3051 3133 3535 3190 boc‘indubitatam

240 3229 403 3284 tionis
448 3229 642 3284 divinae
691 3232 945 3302 mysterio
997 3232 1290 3301 disputare,
1339 3230 1482 3302 quod
1529 3245 1837 3285 mensuram
1868 3262 1912 3323 ε
1939 3236 2071 3290 dare
2094 3235 2393 3296 victoriam,
2418 3243 2472 3288 et
2495 3230 2757 3303 synodum
2775 3229 3098 3300 Ephesinam
3120 3227 3534 3298 reprehendere,

241 3319 490 3374 humana:
514 3320 739 3376 rationis
764 3322 993 3376 excedit.
1023 3321 1102 3375 Ad
1132 3337 1377 3391 personae
1404 3336 1534 3376 vero
1552 3321 1852 3384 unitatem,"

241 3411 579 3483 praecedente
607 3414 927 3469 auctoritate
955 3413 1152 3480 divina,
1185 3411 1590 3470 convcnientius
1619 3413 1722 3467 hoc
1749 3429 1835 3466 rc-

241 3499 412 3557 fertur
434 3504 759 3573 exemplum,
785 3505 852 3558 ad
874 3520 1033 3575 quam
1055 3513 1110 3560 et
1137 3521 1168 3558 a
1197 3505 1397 3560 sanctis
1425 3504 1670 3558 Patribus
1698 3504 1837 3558 rela-

245 3604 355 3649 tum
404 3610 527 3650 esse
553 3599 945 3665 cognoscimus.
1005 3595 1232 3667 PrOpter
1273 3595 1608 3665 quodetiam
1650 3596 1840 3649 beatus

246 3689 328 3744 vir
364 3690 709 3757 Augustinus,
757 3691 809 3744 in
847 3690 1120 3746 catholicae
1147 3689 1404 3745 doctrinze
1428 3687 1736 3742 sinceritate
1775 3702 1838 3741 ac

243 3845 478 3915 ἐποίησεν
503 3845 688 3903 αὐτους
718 3861 731 3874 ⁸
779 3846 841 3898 οὐ
878 3851 1088 3915 πρῶτον
1137 3842 1254 3915 root;
1275 3840 1613 3915 λγᾳτξαύτόγ,
1664 3841 1746 3915 acti
1795 3839 1844 3901 ἐξ

245 3913 514 3988 ἁμαρτιῶν
535 3916 844 3988 ἆνθρῴπους.
878 3907 945 3966 Εἰ
973 3919 1094 3982 post
1118 3912 1252 3965 alias
1275 3909 1368 3964 Dei
1416 3907 1845 3988 benedictionem

246 3979 511 4048 tractans,
543 3979 647 4052 qua
674 3984 948 4038 hominum
971 3979 1140 4050 genus
1167 3987 1521 4050 prapagatum
1549 3986 1660 4040 est,
1688 3979 1772 4030 οὐκ
1798 3979 1847 4039 ἐξ

199 4067 202 4070 .
244 4053 512 4130 Eupater
558 4058 641 4108 καὶ
689 4057 1040 4130 sinon-rcitato»;
1094 4053 1382 4109 πληθυνοέν.
1439 4053 1522 4130 ,ᾡς
1577 4053 1607 4106 ἡ
1660 4053 1850 4130 «ro-£16,?

246 4118 483 4180 διδάσκει
521 4130 712 4201 σιραφή’
745 4125 851 4179 ἀλλ’
886 4127 941 4179 ἐκ
988 4131 1079 4183 τῆς
1127 4129 1216 4177 τοῦ
1244 4127 1371 4176 Θεοῦ
1405 4121 1658 4191 εὐλογίας,
1708 4123 1774 4175 ὡς
1825 4118 1850 4168 ὁ

319 4285 332 4312 ¹
375 4279 517 4336 Cod.
551 4279 774 4345 Verou.,
803 4278 919 4334 sibi.

1340 4546 1692 4630 LIBER
1767 4535 2429 4625 SECUNDUS.

764 4768 992 4827 CAPUT
1033 4765 1320 4822 PRIMUM.

254 4897 405 4966 Quod
433 4889 816 4947 damnationem
848 4886 999 4937 trium
1030 4880 1391 4961 Capitulorum
1414 4876 1694 4956 udrcrmrt'i
1724 4890 1844 4955 con-

322 4967 436 5020 cilii
485 4960 918 5014 ChaiceJonensis
963 4956 1382 5020 conscripserint,
1433 4957 1482 4999 et
1523 4956 1849 4998 maceratum

324 5037 480 5090 titulo
508 5029 866 5102 prwnotarint.

321 5145 590 5215 Quoniam
638 5138 999 5207 integritatem
1055 5131 1196 5196 ﬁdei,
1243 5143 1363 5198 qua:
1401 5127 1551 5192 mihi,
1605 5125 1857 5194 religiose

253 5243 530 5312 princeps,
557 5246 678 5288 cum
701 5238 793 5283 tua
837 5227 1040 5296 pietate
1063 5221 1363 5278 communis
1403 5227 1506 5283 est,
1538 5226 1592 5272 et
1622 5217 1861 5271 declara-

257 5307 367 5386 tam
397 5324 731 5384 sufficienter
758 5319 994 5373 arbitror
1022 5324 1078 5370 et
1125 5312 1437 5378 defensam;
1469 5311 1707 5378 nihilque
1741 5307 1860 5362 reli-

255 5433 402 5477 ctum
433 5425 518 5471 est
538 5410 819 5468 calumniis
846 5395 1242 5467 hzereticorum,
1273 5403 1324 5456 in
1350 5416 1458 5470 quo
1485 5401 1567 5454 vel
1600 5413 1696 5453 nos
1720 5397 1860 5450 male

255 5512 462 5565 sentite
487 5506 555 5560 de
604 5499 861 5573 mysterio
905 5497 1099 5552 divinae
1150 5491 1533 5549 incarnationis
1581 5490 1858 5552 infament,

258 5601 346 5654 vel
375 5609 629 5664 inagnam
655 5590 920 5664 synodum
949 5585 1465 5647 Cbalcedonensem,
1490 5581 1642 5650 cujus
1667 5581 1858 5635 decre—

260 5697 330 5745 tis
359 5689 606 5744 eamdem
635 5694 871 5741 nostram
903 5681 1060 5737 fidem
1087 5690 1387 5734 consonare
1416 5673 1858 5728 monstravimus:

259 5781 445 5836 set-uri
472 5779 583 5846 jam
615 5777 884 5846 pergimus
905 5771 1144 5828 occultas
1175 5783 1362 5823 eorum
1396 5764 1607 5819 fraudes
1637 5772 1688 5815 et
1717 5778 1869 5816 exsc-

262 5874 471 5928 cranda
500 5870 780 5925 mendacia
803 5866 1080 5930 ventilare,
1104 5862 1298 5932 quibus
1328 5876 1424 5934 per
1452 5873 1578 5912 suos
1608 5854 1867 5909 satellites

1943 3341 2105 3394 quam
2148 3333 2433 3394 acceptare
2463 3340 2522 3378 se
2553 3323 2778 3392 lingunt.
2819 3321 2910 3377 Sic
2945 3328 3185 3376 meretur
3225 3319 3450 3384 (secari,
3484 3328 3537 3375 ut

1943 3416 2042 3481 sibi
2103 3416 2328 3483 primum
2377 3413 2726 3485 contradicat,
2776 3412 2933 3468 obvia
2979 3410 3192 3465 veritati
3239 3411 3538 3473 contentio,

1943 3519 2062 3573 qua:
2087 3520 2187 3558 nec
2216 3505 2437 3559 rationis
2457 3513 2750 3572 cstcapax,
2780 3516 2878 3556 nec
2893 3508 3144 3556 contenta
3173 3513 3292 3552 ese
3323 3500 3536 3551 l‘atrum

1945 3596 2263 3657 auctoritate
2277 3596 2542 3664 dignatur.

1951 3840 2211 3910 προφήῖης
2235 3832 2501 3910 ἐδήλῳςτξν.
2531 3835 2608 3910 Εἰ.
2628 3834 2728 3906 γὰρ
2769 3834 2843 3910 in.
2861 3833 3231 3910 πᾳραϐἁᾳεῳς,
3262 3836 3347 3888 καὶ
3377 3833 3426 3888 ἐκ
3451 3844 3536 3896 τῆς

1951 3904 2040 3959 ’τόῦ
2063 3904 2218 3960 καλοῦ
2239 3905 2540 3979 ἀπᾳψλύξιως
2559 3907 2618 3979 τὸ
2637 3904 2736 3958 eam
2759 3904 3032 3979 ᾁγθρώέτωγ
3061 3905 3363 3962 πληθύνεται
3378 3910 3539 3978 γένος,

1950 3981 2033 4030 οὐκ
2057 3979 2285 4048 εὐλογία,
2313 3969 2660 4048 ὰ).λά-κατάρα
2685 3969 2869 4048 μᾶλλρῦ
2911 3969 2975 4048 ἃς(
2999 3973 3201 4033 δικαίως
3239 3979 3287 4028 λε
3297 3969 3460 4047 χθείη,
3483 3987 3541 4031 et

1951 4043 2311 4113 caetera,'qu:e
2339 4044 2558 4113 c0piose
2581 4043 2698 4100 toto
2724 4043 2902 4113 capite
2926 4043 3283 4100 disseruntur.

1875 4767 1926 4828 ι)
1951 4771 2110 4828 atque
2135 4758 2369 4811 fautores
2399 4753 2700 4824 prmdictam
2730 4764 3012 4821 synooum,
3057 4764 3159 4804 sub
3195 4752 3420 4804 obtentu
3446 4753 3540 4805 dc-

1948 4849 2226 4913 fensiouis,
2256 4861 2562 4916 expugnare
2587 4843 2755 4897 moliti
2786 4850 2929 4896 sunt.
2955 4838 3182 4896 Confido
3221 4841 3364 4896 enim
3396 4846 3539 4912 quod

1952 4957 2059 4995 non
2073 4939 2246 4994 solum
2268 4946 2369 4989 tua:
2379 4933 2675 4997 serenitati,
2699 4932 2790 4987 sed
2805 4931 2951 4986 omni
2965 4933 3079 4986 lucc
3094 4931 3288 5000 legenti
3305 4947 3394 5000 qui
3419 4934 3540 4986 talis

1954 5048 2061 5087 non
2073 5039 2156 5087 est
2173 5029 2385 5101 qualem
2401 5035 2738 5080 notatsermo
2752 5025 3096 5094 propheticus
3115 5025 3329 5084 dicens:
3355 5023 3540 5079 Noluit

1955 5125 2304 5194 intelligereut
2319 5121 2446 5174 bene
2455 5127 2630 5188 ageret
2642 5115 2816 5186 (Psat.
2832 5133 2992 5181 xxxv,
3009 5115 3087 5188 ι),
3103 5116 3222 5172 luce
3244 5117 3439 5173 clarius
3458 5134 3541 5187 ap.

1960 5213 2171 5285 parebit
2195 5209 2340 5280 quod
2376 5209 2428 5263 in
2453 5208 2860 5263 evacuationem
2885 5207 3151 5276 prtedictte
3179 5207 3371 5278 synodi
3401 5206 3539 5259 facta

1961 5314 2085 5360 sunt
2107 5319 2226 5374 quae
2250 5303 2300 5356 in
2329 5302 2443 5372 ejus
2468 5301 2844 5371 purgationem
2873 5299 3071 5368 scripta
3102 5313 3223 5354 esse
3249 5296 3543 5366 jactantnr.

1966 5394 2138 5448 Unum
2167 5392 2340 5448 solum
2371 5391 2602 5460 petimus
2628 5389 2697 5446 de
2721 5398 2811 5445 tua
2839 5387 3148 5454 clementia,
3172 5384 3323 5454 cujus
3345 5397 3549 5448 cogito-

1966 5485 2110 5538 tuiue
2123 5481 2417 5546 decoraris,
2437 5489 2494 5533 ut
2513 5480 2638 5550 quia
2657 5480 2714 5534 in
2729 5476 2981 5534 Ecclesiae
2997 5473 3358 5544 prtejudicium
3382 5467 3549 5522 multa

1966 5591 2062 5645 per
2082 5572 2485 5642 subreptionem
2515 5571 2885 5624 hazreticorum
2907 5577 2962 5620 et
2983 5573 3100 5618 acta
3123 5571 3176 5614 et
3199 5560 3398 5627 scripta
3425 5568 3550 5611 sunt

1966 5680 2085 5733 quzt‘
2115 5663 2260 5716 zelus
2286 5660 2376 5714 hei
2401 5675 2498 5712 nos
2528 5657 2751 5726 impellit
2773 5667 3016 5722 arguere,
3043 5656 3223 5704 nostra
3249 5657 3304 5700 te
3326 5660 3550 5714 respon-

1967 5759 2048 5807 sio
2072 5753 2200 5805 nihil
2223 5748 2476 5805 offendat.
2501 5746 2732 5814 Egerunt
2751 5743 2893 5796 enim
2915 5739 3105 5794 callide
3125 5751 3224 5806 per
3243 5750 3369 5790 suos
3391 5749 3544 5788 com-

1971 5851 2168 5917 plices,
2208 5824 2348 5897 sicut
2376 5840 2552 5893 solent
2571 5874 2585 5900 ,
2616 5831 2904 5890 adversarii
2938 5829 3175 5887 veritatis
3197 5868 3212 5894 ,
3253 5835 3312 5881 ut
3339 5839 3405 5879 ea
3437 5824 3552 5894 ipss
