3954 6352
421 368 526 426 559

1483 359 1792 420 FACUSDI’
1815 364 2026 439 El’lSC.
2077 356 2595 417 llERMlANENSlS‘

3604 357 3740 413 560

336 485 345 500 '
414 500 537 556 qua:
565 484 724 540 scribi
752 483 1023 549 fecerunt,
1061 482 1222 537 etiam
1264 481 1422 536 titulo
1455 480 1688 534 nominis
1713 480 1788 533 tui
1818 489 1843 516 ει
1874 494 2010 548 ρι’ω-
2041 486 2086 544 Α
2116 480 2276 534 etiam
2303 478 2428 532 dum
2458 480 2662 531 viveret
2686 517 2700 542 ,
2734 491 2762 531 a
2794 451 2994 531 sanctis
3039 474 3286 530 Patribus
3331 473 3422 544 qui
3475 490 3603 529 cum
3653 490 3746 530 eo

420 586 734 634 notarentur
760 593 772 628 :
799 575 1173 630 existimantes
1202 571 1347 641 quod
1379 571 1658 642 proposito
1683 580 1888 624 terrore
1911 579 2013 623 tua:

386 681 694 734 personae,
740 664 1252 720 condemnationem
1295 663 1381 717 vel
1413 661 1582 716 etiam
1623 661 2012 716 convictionem

377 775 528 823 .surc
563 756 885 813 temeritatis
923 763 979 810 et
1021 753 1272 810 falsitatis
1310 751 1626 822 effugerent.
1675 751 1875 806 Verum
1916 765 2016 804 nos

423 854 509 908 illa
550 852 752 922 scripta
793 850 1046 906 nolumus
1090 858 1182 905 tua
1215 850 1352 915 dici,
1392 863 1509 918 quin
1557 849 1756 904 scimus
1786 847 2016 914 cognita:

417 945 576 1001 nobis
604 942 857 998 tuatlidei
877 943 1170 998 contraria.
1202 941 1339 996 Nam
1366 941 1411 996 si
1438 941 1644 1010 legibus
1665 939 1859 994 vestris
1881 940 2018 993 bene

425 1043 582 1103 atque
612 1034 814 1089 utiliter
838 1034 1140 1100 censuistis,
1172 1041 1234 1088 ut
1260 1048 1592 1104 quaecunque
1617 1038 1798 1086 vestra
1825 1031 2020 1086 rescri-

426 1132 547 1193 pta,
578 1131 768 1179 contra
797 1123 942 1192 ipsas
969 1136 1104 1191 quas
1130 1122 1510 1193 promulgastis
1537 1121 1713 1190 leges,
1746 1121 1799 1176 in
1827 1121 2021 1192 quibus

422 1216 580 1271 vobis
615 1205 934 1276 deservitur,
967 1221 1022 1268 et
1049 1229 1185 1282 quas
1219 1213 1375 1268 vobis
1419 1211 1708 1280 infringere
1747 1213 1896 1278 licet,
1925 1227 2022 1281 per

426 1305 830 1376 subreptionem
857 1303 1062 1358 fuerint
1090 1303 1288 1364 elicita.
1314 1311 1628 1368 vacuentur,
1655 1318 1754 1356 nec
1773 1301 2023 1356 dicantur

424 1413 453 1450 a
478 1396 633 1452 vobis
652 1394 802 1462 data,
830 1407 949 1462 qua:
973 1392 1313 1462 generalibus
1332 1392 1804 1448 constitutionibus
1828 1391 2023 1446 vestris

428 1487 774 1542 inveniuntur
801 1483 1025 1538 adversa
1058 1501 1071 1536 :
1104 1477 1377 1552 quomodo
1407 1483 1496 1536 illa
1527 1497 1646 1552 quze
1671 1480 2024 1536 adversantur

427 1575 908 1632 constitutionibus
933 1582 1150 1644 patrum
1188 1582 1430 1638 tuorum,
1462 1573 1657 1642 quibus
1682 1581 1737 1627 te
1765 1573 1906 1628 sicut
1933 1587 2022 1627 re-

429 1667 680 1736 ligiosum
709 1680 933 1722 necesse
963 1675 1047 1720 est
1082 1665 1358 1720 deservire
1378 1704 1393 1731 ,
1433 1673 1488 1720 et
1513 1681 1647 1735 quas
1671 1681 1772 1720 nec
1803 1665 1896 1719 tibi
1925 1679 2025 1719 nec

406 1760 682 1815 .omnibus
712 1767 889 1813 tecum
927 1758 980 1812 in
1011 1772 1298 1812 commune
1331 1757 1642 1812 hominibus
1672 1756 1801 1811 licet
1836 1756 2025 1810 infrin-

2120 570 2267 624 vcrbi
2299 567 2680 638 praedicatione
2709 566 3013 622 convcrsati
3043 573 3185 631 sunt,
3215 572 3271 618 et
3299 563 3639 634 approbatus
3671 572 3746 618 et

2119 675 2311 729 magna
2359 659 2515 712 laude
2553 657 2873 728 praedicatus
2912 656 3232 720 ostenditur,
3281 655 3421 724 sicut
3446 670 3477 708 a
3506 653 3748 710 Joanne

2118 751 2722 821 Constantinopolitano
2749 758 2805 804 ct
2829 749 3089 818 Gregorio
3117 748 3478 812 Nazianzeno,
3510 754 3567 800 et
3597 755 3748 816 post

2122 852 2349 898 mortem
2377 859 2407 897 a
2434 842 2643 897 Joanne
2672 851 2726 897 et
2748 841 2957 896 Domno
2988 839 3357 901 Antiochensi,
3392 853 3456 892 ac
3483 844 3602 890 tota
3633 853 3746 906 sy-

2122 933 2265 987 nodo
2304 931 2535 988 Orientis
2573 931 2713 1002 apud
2761 930 3101 984 Antiochiam
3155 927 3528 996 congregata?
3571 925 3750 979 Nun-

2123 1024 2251 1094 quid
2271 1039 2400 1094 ergo
2425 1033 2480 1078 et
2507 1023 2639 1079 istos
2669 1039 2856 1078 omnes
2879 1021 3214 1077 venerabiles
3242 1020 3498 1074 Ecclesia:
3519 1017 3749 1072 Christi

2123 1115 2374 1172 doctores
2398 1154 2413 1180 ,
2447 1115 2530 1170 vel
2572 1116 2714 1170 dicta
2754 1129 2940 1169 eorum
2984 1113 3431 1168 anathematizari
3477 1111 3694 1165 facient
3719 1112 3749 1164 ?

2125 1205 2293 1260 Aliter
2314 1205 2455 1260 enim
2476 1205 2646 1259 videri
2671 1220 2776 1259 non
2801 1211 2980 1274 potest
3001 1207 3020 1235 ³
3044 1203 3271 1272 epistola
3299 1202 3406 1256 'lbae
3433 1217 3531 1270 pro
3561 1200 3751 1254 laude

2126 1295 2395 1351 Theodori
2431 1296 2575 1366 juste
2609 1296 2710 1351 sub
2750 1296 3096 1349 anathemate
3123 1293 3503 1358 condemnata,
3536 1291 3648 1347 nisi
3683 1300 3748 1344 et

2126 1389 2214 1444 isti
2238 1403 2424 1443 omnes
2449 1389 2743 1444 beatissimi
2772 1388 2956 1443 Patres
2977 1431 2993 1456 ,
3024 1396 3119 1442 aut
3147 1403 3334 1442 eorum
3365 1388 3554 1441 saltem
3590 1388 3748 1441 scri-

2127 1489 2217 1554 pta
2240 1525 2255 1550 ,
2299 1483 2547 1538 similiter
2573 1482 2912 1548 abdicentur,
2959 1481 3012 1534 in
3043 1481 3236 1550 quibus
3265 1481 3512 1534 eumdem
3539 1479 3748 1532 Theo-

2126 1577 2317 1632 dorum
2348 1577 2517 1630 multo
2545 1575 2775 1644 amplius
2818 1588 2980 1642 quam
3027 1573 3080 1626 in
3131 1587 3194 1626 ea
3240 1571 3555 1626 docebimus
3603 1585 3747 1625 esse

2129 1670 2422 1734 laudatum.
2467 1668 2573 1723 Sed
2613 1683 2713 1724 nec
2755 1668 2842 1722 illa
2871 1681 2990 1737 quae
3032 1666 3284 1721 dicuntur
3319 1681 3350 1719 a
3381 1665 3746 1721 Theodoreto

2110 1761 2281 1832 Cyrri
2303 1761 2555 1831 episcopo
2575 1770 2762 1814 contra
2783 1759 2998 1813 beatum
3020 1756 3275 1827 Cyrillum
3304 1758 3481 1810 nescio
3505 1755 3747 1824 quando

434 1864 595 1919 gere,
639 1865 747 1905 non
785 1849 908 1918 jure
957 1849 1259 1919 meritoque
1305 1856 1395 1902 tua
1441 1863 1551 1903 non
1592 1862 1709 1903 esse
1753 1846 2024 1902 dicimus?
2055 1873 2103 1931 Β
2128 1853 2346 1923 scripta,
2370 1853 2440 1906 ob
2468 1851 2611 1906 aliud
2639 1850 2800 1904 modo
2827 1851 3080 1904 damnata
3108 1856 3254 1910 sunt,
3278 1848 3376 1901 nisi
3407 1858 3462 1901 ut
3485 1865 3578 1916 per
3606 1848 3728 1900 hoc

435 1942 758 1998 Obedientes
797 1941 981 2011 itaque
1009 1941 1170 1996 Petro
1208 1940 1457 2009 apostolo
1491 1939 1689 1994 dicenti
1721 1957 1734 1992 :
1767 1938 1936 1994 Deum
1963 1939 2028 1992 ti-

435 2044 586 2098 mete,
612 2049 785 2104 regem
807 2043 978 2086 autem
999 2032 1340 2102 honori/irate
1367 2028 1422 2097 (Ι
1444 2029 1590 2085 Petr.
1616 2046 1673 2099 ll,
1699 2030 1819 2100 l7);
1850 2039 1906 2086 et
1932 2045 2030 2101 pro

436 2123 529 2178 Dei
560 2123 782 2192 timore,
813 2137 932 2192 qua:
962 2121 1235 2177 contraria
1263 2130 1387 2176 sunt
1420 2120 1675 2176 Ecclesiae
1714 2119 1913 2176 Christi
1942 2135 2031 2175 re-

439 2214 700 2278 fellimus;
741 2221 796 2268 et
823 2228 923 2282 pro
951 2213 1092 2280 regis
1121 2211 1556 2274 honoriﬁcentia,
1590 2226 1709 2281 quae
1737 2207 2031 2266 refellenda

428 2312 583 2372 sunt,
611 2312 703 2358 tua
731 2319 837 2358 non
865 2303 1113 2357 dicimus.
1141 2303 1260 2358 Sint
1285 2303 1448 2372 igitur
1469 2303 1687 2357 illorum
1717 2302 1809 2372 qui
1838 2302 2034 2356 frustra

439 2402 762 2466 putaverunt
789 2394 932 2464 quod
962 2393 1100 2450 falso
1125 2395 1202 2450 tui
1243 2395 1475 2450 nominis
1512 2395 1667 2450 titulo
1699 2394 2036 2449 munirentur

424 2503 562 2558 equa:
589 2487 802 2542 ratione
830 2493 978 2541 stare
1006 2502 1112 2540 non
1140 2495 1398 2556 possunt;
1427 2497 1493 2549 ,et
1519 2487 1620 2541 illis
1649 2487 1830 2555 potius
1860 2486 2035 2555 impu-

429 2587 623 2633 rtentur
647 2593 873 2648 quorum
901 2583 959 2632 et
988 2576 1343 2631 fraudulentis
1372 2576 1858 2646 excogitationibus
1877 2575 2034 2630 adiu-

431 2675 626 2734 ‘venta,
657 2676 714 2721 et
740 2665 1006 2720 diuturnis
1044 2663 1536 2719 elucubrationibus
1573 2673 1763 2719 contra
1790 2672 2036 2718 sanctam

435 2756 940 2813 Chalcedonensem
979 2754 1245 2827 synodum
1277 2755 1524 2809 novimus
1565 2769 1685 2810 esse
1713 2754 2032 2824 composita.

445 2849 575 2904 Nam
622 2847 750 2918 quid
796 2862 935 2918 opus
981 2854 1136 2913 erat,
1188 2845 1454 2911 obsecro,
1505 2845 1743 2915 quietem
1786 2843 2038 2899 Eeclesiat

440 2955 894 3013 supervacuarum
916 2937 1296 3010 quaestionum,
1323 2945 1510 2993 utnon
1533 2937 1707 2993 dicam
1732 2936 2034 3000 noxiarum,

440 3033 886 3090 concursionibus
913 3032 1163 3103 agitare?
1200 3031 1337 3097 Quid
1366 3045 1502 3101 opus
1532 3037 1651 3086 erat
1681 3029 1922 3099 ejusdem
1951 3044 2039 3100 sy-

447 3126 573 3182 nodi
601 3134 898 3182 retractare
927 3127 1168 3192 decreta,
1203 3141 1311 3181 non
1347 3125 1521 3180 solum
1552 3131 1735 3180 contra
1766 3121 2040 3191 reiigionis

442 3220 803 3275 reverentiam
829 3259 843 3284 ,
891 3219 988 3274 sed
1032 3218 1194 3272 etiam
1239 3226 1429 3272 contra
1478 3217 1644 3286 ipsius
1691 3214 2060 3270 humanitatis-

445 3310 731 3380 pudorem,
763 3323 883 3379 quae
921 3323 1187 3364 consensu
1222 3308 1388 3362 totius
1418 3306 1671 3362 Ecclesiae
1699 3321 1798 3376 per
1824 3313 2039 3360 centum

439 3399 616 3458 {erme
644 3416 844 3466 annos,
877 3409 928 3455 te
956 3399 1180 3455 custode
1210 3400 1227 3432 ⁸
1247 3440 1263 3466 ,
1311 3400 1573 3454 hactenus
1605 3398 1859 3452 inviolata
1891 3412 2042 3451 man-

447 3493 672 3550 serunt?
720 3492 818 3547 νει
862 3490 991 3560 quid
1029 3504 1167 3561 opus
1198 3497 1325 3545 erat
1368 3487 1638 3544 Theodori
1678 3486 2041 3558 Mopsuesteni

451 3585 710 3657 episcopi,
746 3585 874 3640 olim
905 3585 958 3639 in
987 3583 1241 3639 Ecclesia:
1273 3598 1406 3654 pace
1427 3577 1682 3644 defuncti,
1715 3580 2044 3634 calumniose

451 3677 595 3732 dicta
627 3674 930 3740 discutere,
973 3681 1029 3728 et
1054 3673 1132 3726 sic
1163 3673 1251 3727 ubi
1283 3672 1461 3742 lapsus
1487 3679 1726 3740 putatur,
1755 3668 1842 3723 vel
1881 3668 2043 3722 etiam

450 3767 616 3822 verbo
664 3765 1014 3820 humanitatis
1045 3765 1224 3834 lapsus
1257 3771 1378 3828 est,
1425 3770 1572 3817 tanta
1619 3762 1882 3817 adversus
1921 3775 2043 3814 eum

451 3859 627 3914 furere
649 3857 1000 3923 contumelia,
1027 3864 1248 3924 quanta,
1276 3854 1323 3910 si
1352 3853 1527 3908 adhuc
1549 3854 1602 3907 in
1628 3867 1859 3922 corpore
1880 3851 2043 3918 dege-

450 3957 552 4014 ret,
583 3963 707 4003 eum
751 3945 891 4001 allici
917 3962 1028 4000 non
1066 3945 1319 4010 deceret,
1353 3943 1453 3996 nisi
1494 3943 1857 4012 reprehensus
1900 3942 2047 4011 prius

450 4050 616 4109 atque
643 4039 958 4098 convictus,
991 4042 1115 4104 post
1140 4049 1303 4088 unam
1333 4042 1388 4087 et
1424 4032 1712 4086 secundam
1749 4032 2047 4101 correptio-

451 4145 574 4186 nem
598 4127 954 4198 pertinaciter
980 4124 1194 4180 veritati
1217 4124 1532 4180 resisteret?
1568 4123 1674 4177 Sed
1703 4123 1830 4192 quia
1862 4124 2047 4177 lauda—

453 4228 541 4273 tur
561 4217 704 4272 idem
725 4215 1044 4270 Theodorus
1067 4214 1120 4268 in
1142 4213 1372 4284 epistola
1394 4212 1716 4268 venerabilis
1737 4213 1861 4280 lbaz,
1887 4229 2045 4284 quam

455 4315 752 4363 nemorata
800 4304 1038 4376 synodus
1083 4303 1454 4374 pronuntiavit
1503 4304 1901 4371 orthodoxam,
1951 4321 2048 4374 per

452 4401 556 4456 hoc
585 4385 966 4456 auctoritatem
1004 4396 1171 4466 ipsius
1207 4395 1398 4467 synodi
1442 4394 1754 4450 solvendam
1806 4393 2046 4450 haeretici

451 4490 818 4556 crediderunt,
850 4488 896 4544 si
935 4502 1077 4545 nunc
1121 4502 1266 4556 eum,
1297 4495 1422 4558 post
1464 4495 1682 4541 centum
1721 4492 1778 4540 et
1818 4486 2048 4555 amplius

452 4580 812 4638 defunctionis
837 4578 954 4649 ejus
982 4593 1153 4634 annos
1171 4619 1185 4643 ,
1228 4577 1377 4632 vellit
1401 4586 1681 4632 auctorem
1707 4577 2048 4647 magistrum-

456 4688 560 4744 que
601 4673 832 4730 Nestorii
876 4671 1239 4726 condemnare
1277 4670 1538 4733 facerent,
1569 4677 1624 4723 et
1652 4680 2047 4738 consequenter

456 4764 618 4818 etiam
645 4765 817 4835 ipsam
847 4761 1129 4832 epistolam
1157 4803 1171 4828 ,
1212 4761 1368 4832 quasi
1405 4759 1643 4814 haeretici
1673 4759 2039 4815 laudatricem.

457 4853 594 4920 Quid
623 4863 801 4908 autem
844 4859 1025 4920 agent,
1051 4851 1196 4922 quod
1230 4867 1340 4906 non
1370 4850 1546 4906 solum
1577 4850 1629 4902 in
1657 4849 1773 4918 ipsa
1799 4849 2045 4905 laudatur

458 4942 687 5013 epistola
716 4939 1030 5010 Theodorus
1059 4940 1468 5012 Mopsuestenus
1507 4940 1812 5010 episcopus,
1855 4955 2043 4995 verum

534 5174 561 5201 ι
598 5164 675 5220 De
703 5165 807 5220 hoc
827 5180 991 5235 opere
1014 5165 1300 5222 Iustiniani
1328 5168 1632 5234 Liberatus,
1656 5180 1782 5233 cap.
1815 5162 2044 5235 ultimo:

461 5235 688 5308 Callida,
717 5233 917 5308 inquit,
943 5237 1129 5308 fraude
1157 5247 1465 5308 rogauerunt
1494 5233 1760 5308 deep/tali,
1792 5243 1848 5286 ut
1877 5233 2047 5284 dicta-

460 5316 538 5363 ret
565 5305 751 5377 librum
789 5305 843 5377 in
883 5305 1270 5377 damnationem
1315 5309 1467 5361 trium
1511 5305 1866 5377 Capitulorum
1897 5318 1913 5354 :
1945 5318 2044 5372 quo

461 5379 592 5448 libro
619 5375 733 5448 ejus
771 5375 928 5440 edito,
955 5385 1004 5429 et
1035 5376 1126 5448 loti
1163 5377 1355 5448 mundo
1385 5375 1682 5448 manifesto,
1716 5375 1836 5448 du_m
1863 5387 2040 5448 emeti-

461 5447 589 5502 dare
615 5440 848 5517 princeps
873 5447 1152 5517 erubescit,
1180 5440 1542 5502 irrevocabilis"
1567 5454 1726 5517 causa
1765 5443 1928 5517 fieret.
1973 5440 2045 5493 Et

460 5511 695 5572 condidit
733 5511 922 5586 librum
947 5533 1040 5586 pro
1069 5515 1270 5586 delictis
1299 5519 1491 5571 nostris
1520 5514 1668 5586 nobis
1697 5511 1926 5586 omnibus
1951 5527 2046 5564 no-

465 5589 737 5640 tissimum.
767 5581 1008 5641 Meminit
1029 5586 1192 5641 etiam
1219 5585 1442 5655 Vigilius
1469 5589 1521 5642 in
1568 5584 1794 5655 epistola
1823 5581 2043 5655 danma-

465 5656 624 5710 tionis
645 5655 916 5711 Theodori
938 5649 1312 5711 Caesariensis:
1325 5655 1443 5711 Non
1481 5649 1760 5713 dubitabat
1782 5665 1908 5718 ergo
1940 5649 2040 5702 Fa-

541 5877 562 5911 ⁸
588 5873 725 5934 Cod.
752 5877 973 5945 Veron.,
1006 5888 1163 5935 etiam
1194 5887 1239 5934 te
1264 5878 1487 5936 custode.

2133 1958 2349 2013 quoque
2379 1941 2615 2013 synodus
2642 1939 3269 2008 Chalcedonensisquasi
3299 1940 3548 1993 notabilis
3575 1938 3748 1991 vitle-

2132 2043 2301 2100 retur,
2333 2033 2478 2105 quod
2509 2033 2650 2088 idem
2681 2032 3053 2087 Theodorctus
3091 2031 3462 2086 deliberationi
3494 2047 3557 2084 ac
3585 2030 3745 2083 def?-

2113 2125 2325 2180 nitioni
2354 2123 2471 2194 ejus
2499 2122 2762 2190 interfuit,
2792 2131 2953 2191 atque
2983 2122 3265 2192 epistolam
3311 2137 3463 2190 papa:
3508 2121 3747 2186 Leonis,

2133 2218 2390 2291 Eutychis
2430 2217 2754 2274 dementiam
2803 2216 3169 2271 eonfutantem
3196 2257 3209 2281 ,
3259 2215 3329 2269 ibi
3354 2200 3592 2269 defendit
3622 2255 3642 2279 ,
3686 2227 3749 2268 et

2132 2315 2453 2387 quihusdam
2494 2315 2673 2368 minus
2713 2312 3132 2382 intelligentibus
3178 2320 3382 2366 rectam
3412 2325 3532 2364 esse
3568 2325 3750 2363 mon-

2135 2408 2342 2463 stravit.
2397 2405 2530 2460 Nam
2575 2413 2637 2459 ut
2665 2391 3254 2469 inferius-ostendetur,
3295 2411 3350 2456 et
3378 2402 3466 2455 alii
3493 2417 3740 2470 quorum

2135 2497 2413 2554 memoria:
2440 2496 2924 2559 communicamus,
2955 2493 3288 2562 scripserunt
3316 2489 3569 2545 adversus
3599 2490 3738 2544 bea-

2138 2595 2255 2641 tum
2284 2584 2544 2657 Cyrillum
2573 2584 2858 2649 eumdem;
2893 2591 3259 2638 verumtamen
3287 2581 3338 2634 in
3371 2580 3473 2635 hoc
3501 2581 3735 2633 anathe-

2137 2685 2282 2732 mate
2303 2675 2636 2732 denominati
2659 2691 2764 2729 non
2787 2681 2930 2738 sunt,
2951 2673 3202 2743 quoniam
3231 2672 3280 2726 in
3303 2670 3737 2724 Chalcedoncnsi

2138 2766 2370 2823 concilio
2411 2782 2518 2821 non
2559 2766 2792 2820 fuerunt.
2839 2765 2914 2819 De
2956 2765 3148 2833 quibus
3188 2763 3434 2818 omnibus
3463 2762 3736 2828 dicturus,

2139 2859 2242 2914 hoc
2281 2858 2472 2913 ordine
2516 2866 2681 2913 lotam
2727 2871 2944 2911 causam
2987 2863 3221 2910 tractare
3265 2854 3521 2922 disposui.
3573 2851 3738 2908 Prius

2139 2951 2467 3008 evidentium
2511 2951 2956 3006 documentorum
2997 2948 3300 3018 prolatione
3337 2947 3732 3010 demonstrare,

2138 3042 2283 3112 quod
2322 3041 2378 3096 in
2416 3040 2825 3097 evacuationem
2867 3038 3153 3094 memorati
3192 3037 3370 3106 magni
3410 3035 3645 3100 concilii,
3677 3047 3737 3091 et

2140 3134 2481 3190 decretorum
2510 3149 2663 3204 papa:
2692 3132 2906 3196 Leonis,
2938 3132 3312 3186 haereticorum
3349 3129 3585 3187 fautores
3613 3127 3735 3182 haec

2143 3226 2371 3295 egerint.
2403 3223 2607 3278 Deinde
2647 3223 2906 3292 quoniam
2947 3221 3142 3275 frustra
3175 3219 3514 3286 contingitur,
3542 3232 3738 3287 supra-

2143 3313 2341 3369 dictam
2385 3313 2669 3383 epistolam
2696 3312 3017 3367 venerabilis
3046 3311 3148 3366 lbae
3178 3310 3244 3364 ab
3273 3307 3466 3364 eodem
3507 3307 3738 3362 Chalce-

2143 3407 2371 3463 donensi
2418 3402 2650 3462 concilio
2696 3422 2805 3461 non
2853 3405 3017 3460 fuisse
3063 3412 3411 3473 susceptam;
3465 3401 3558 3455 sed
3605 3416 3732 3454 cum

2143 3498 2353 3553 ostendi
2385 3514 2489 3553 non
2522 3499 2726 3568 possit,
2761 3496 2853 3551 tali
2894 3496 3175 3551 mendacio
3223 3511 3321 3549 nos
3367 3495 3419 3548 in
3450 3494 3564 3561 ejus
3595 3508 3732 3547 con-

2144 3589 2539 3644 damnationem
2572 3588 2838 3643 adducere
2885 3588 3189 3642 voluerunt.
3243 3585 3523 3639 Postremo
3553 3590 3733 3637 autem

2147 3683 2388 3752 probabo
2418 3698 2524 3736 non
2566 3697 2725 3751 posse
2763 3680 2904 3749 juste
2934 3680 3142 3749 culpari
3187 3687 3424 3736 sanctam
3465 3675 3732 3748 synodum

2144 3774 2291 3843 quod
2321 3791 2439 3830 eam
2470 3775 2836 3844 pronuntiavit
2865 3774 3243 3828 orthodoxam.
3292 3771 3393 3826 Ubi
3429 3771 3586 3826 simul
3615 3770 3734 3824 ino-

2147 3864 2330 3932 pinum
2362 3862 2655 3931 quoddam,
2690 3870 2745 3916 et
2790 3865 2933 3930 quod
2979 3861 3195 3916 diflicile
3234 3859 3441 3924 credes,
3473 3859 3732 3928 Auguste,

2146 3951 2552 4005 monstrabitur.
2596 3948 2727 4004 Nam
2760 3964 2881 4004 cum
2912 3945 3234 4019 Eutychiaui
3264 3954 3615 4001 memoratam
3645 3961 3743 4016 sy-.

2149 4040 2346 4095 nodum
2401 4040 2792 4105 criminentur,
2841 4039 2984 4107 quod
3053 4037 3199 4093 velut
3246 4035 3302 4090 in
3348 4035 3735 4105 approbatione

2149 4132 2318 4202 ipsius
2351 4133 2608 4201 epistolae
2655 4132 2871 4185 beatum
2909 4129 3167 4202 Cyrillum
3212 4128 3522 4182 hmreticum
3571 4127 3735 4184 fuisse

2149 4223 2441 4278 lirmaverit
2459 4261 2474 4286 ,
2507 4233 2561 4278 et
2588 4221 2820 4278 Nestorii
2849 4221 3250 4277 excusationem
3276 4262 3292 4286 ,
3321 4217 3572 4290 Ephesini
3600 4235 3730 4274 vero

2148 4315 2362 4369 concilii
2407 4314 2887 4383 reprehensionem
2934 4313 3202 4382 receperit
3233 4331 3244 4363 :
3279 4325 3380 4380 ego
3424 4318 3608 4366 contra
3637 4310 3733 4364 do-

2149 4419 2325 4467 ceam,
2358 4403 2483 4472 quia
2515 4404 2559 4458 si
2586 4403 2893 4473 prtedictam
2924 4403 3207 4473 epistolam
3248 4401 3406 4470 quasi
3433 4401 3732 4455 haireticam

2149 4495 2503 4564 improbaret,
2531 4494 2664 4549 hinc
2691 4494 2870 4563 potius
2907 4492 3122 4547 beatum
3155 4489 3413 4563 Cyrillum
3443 4488 3733 4545 credidisse

2150 4587 2483 4651 hmreticum,
2509 4594 2565 4641 et
2591 4585 2898 4641 Nestorium
2922 4599 3209 4641 excusasse
3229 4592 3390 4654 atque
3411 4581 3732 4659 Ephesinum

2154 4673 2567 4748 reprehendisse
2596 4675 2882 4732 concilium
2915 4675 3200 4730 videretur.

2781 4829 3007 4886 CAPUT
3045 4829 3107 4884 ﬂ.

2153 4945 2303 5012 Quod
2349 4945 2564 5016 epistola
2621 4944 2744 5008 Mne,
2793 4946 3020 5014 quamvis
3073 4959 3187 4997 eam
3234 4943 3508 4996 concilium
3560 4943 3733 4997 ortho-

2158 5160 2366 5217 cundus
2384 5162 2511 5230 quin
2537 5161 2692 5229 hujus
2717 5160 2834 5214 libri
2864 5169 3056 5215 auctor
3080 5168 3227 5215 esset
3249 5159 3613 5230 Iustinianus;
3640 5159 3732 5213 sed

2155 5227 2443 5286 artificiose
2472 5227 2789 5295 dissimulat,
2830 5239 2889 5284 ut
2919 5229 3140 5284 liberius
3166 5231 3460 5299 impugnet.
3495 5227 3622 5299 Nam
3651 5237 3734 5282 to-

2150 5310 2236 5356 tus
2257 5301 2511 5370 deinceps
2537 5301 2588 5354 in
2618 5300 2734 5370 ejus
2758 5300 3183 5370 reprehensione
3204 5297 3527 5355 versabitur.
3553 5297 3733 5370 itaque

2149 5371 2404 5425 falluntur
2441 5369 2590 5439 quia
2620 5369 2873 5424 Facundo
2921 5371 3222 5439 impugnari
3267 5375 3459 5438 putant
3505 5369 3732 5422 edictum

2147 5453 2241 5496 seu
2263 5438 2544 5510 epistolam
2562 5438 2848 5494 Iustiniani
2867 5439 2934 5494 de
2954 5438 3060 5508 qna
3080 5440 3358 5510 superiore
3381 5439 3518 5492 libro
3537 5439 3733 5510 dictum

2147 5521 2246 5565 est.
2295 5508 2365 5566 Ut
2392 5511 2535 5564 enim
2572 5511 2814 5565 omittam
2851 5508 3160 5579 epistolam‘
3185 5511 3355 5579 multo
3384 5516 3516 5579 post
3537 5508 3732 5561 editam

2148 5580 2310 5634 fuisse
2334 5623 2349 5647 ,
2396 5581 2450 5634 in
2481 5596 2546 5634 ea
2573 5589 2720 5636 certe
2749 5581 2837 5633 illa
2865 5576 2974 5634 non
3002 5588 3129 5635 sunt
3154 5595 3273 5650 qua:
3302 5576 3588 5634 Facundus
3614 5591 3729 5646 pas-

2146 5652 2245 5704 sim
2275 5651 2430 5704 all'ert
2458 5665 2524 5703 ex
2552 5651 2687 5704 libro
2717 5664 2875 5717 quem
2908 5651 3117 5710 refellit.
3181 5669 3187 5672 ·

2231 5877 2249 5904 ²
2276 5874 2418 5928 Idem
2448 5873 2596 5942 cod.,
2632 5877 2828 5946 poterit
