3974 6330
209 277 313 334 SOI

1114 279 1247 333 PIlO
1287 273 1706 332 DEFENSIONE
1745 272 1957 328 TRIUM
1998 273 2314 332 CAPITUL.
2360 275 2484 330 LfB.
2515 274 2576 334 II.

3397 269 3503 326 50's

282 399 474 451 (laxam
532 413 633 448 non
680 404 1081 465 pronuntmsset,
1116 397 1572 465 damnariabsque
1599 394 1807 448 concilii
1832 397 1884 458 Α
1910 393 2251 448 decretorum
2298 390 2460 446 simul
2489 393 2509 422 ’
2540 389 2806 444 rationem
2854 403 3016 457 quam
3067 387 3309 458 epistola:
3353 383 3499 441 beati

280 468 677 536 reprelmtsione
697 483 796 520 non
830 467 1013 535 possit.

279 581 388 638 Sed
415 570 525 651 jam
553 579 783 650 primam
815 575 1092 635 divisionis
1138 577 1297 648 hujus
1333 584 1549 647 partem
1574 584 1806 631 tractare

205 676 490 752 debemus.
517 674 750 728 Dicimus
772 673 952 742 igitur,
976 673 1102 742 quia
1129 671 1214 728 vel
1236 671 1304 740 si,
1326 679 1388 727 ut
1412 669 1636 740 quidam
1652 684 1805 723 men-

207 771 294 824 titi
325 777 448 824 sunt
473 807 490 834 ,
534 766 822 836 epistolam
852 764 1175 820 venerabilis
1203 763 1309 819 Iba:
1336 763 1558 819 nlinime
1585 759 1808 815 Chalce-

208 859 470 914 donensis
509 856 749 928 synodus
789 855 1154 924 approbaret,
1203 868 1305 908 nec
1341 851 1562 907 omnino
1593 849 1660 905 ad
1690 848 1806 919 ejus

208 952 518 1007 deferretur
547 963 774 1003 examen
804 989 820 1014 ,
869 947 948 1000 sic
976 959 1191 1015 quoque
1222 944 1276 998 in
1305 942 1475 1014 ipsius
1503 941 1808 996 evacuatio-

206 1057 338 1094 nem
370 1054 470 1109 pro
501 1035 770 1092 Theodori
812 1033 970 1089 laude.
1009 1034 1377 1089 damnaretur.
1409 1029 1564 1097 Quod
1594 1045 1664 1085 ex
1690 1029 1806 1099 ejus

205 1129 542 1185 allocutione
567 1127 588 1193 ,‘
628 1141 790 1195 quam
815 1169 830 1192 ,
863 1125 1001 1179 sicut
1028 1123 1209 1194 priore
1238 1121 1377 1177 libro
1405 1112 1705 1184 docuimus,
1737 1120 1806 1174 ad

205 1220 536 1275 .‘lI‘artianum
587 1217 803 1288 scripsit
842 1216 1141 1287 Augustum
1168 1257 1182 1282 ,
1228 1215 1385 1283 cujus
1428 1214 1806 1269 auctoritatem

205 1321 390 1367 vestra
434 1325 652 1381 quoque
699 1309 872 1378 pietas
918 1323 1014 1362 sua
1069 1307 1188 1376 lege
1237 1304 1488 1370 ﬁrmavit,
1529 1303 1808 1358 evidenter

205 1403 537 1459 ostenditur.
589 1400 695 1455 Sed
724 1399 1033 1470 priusquam
1065 1397 1406 1452 allocutionis
1453 1396 1616 1465 ipsius
1643 1409 1808 1464 super

207 1496 316 1549 hac
343 1508 559 1563 quoque
589 1506 749 1547 causa
802 1489 1168 1546 testimonium
1213 1488 1551 1557 proferamus
1579 1487 1692 1540 sive
1720 1501 1808 1540 ex-

207 1586 528 1656 pendamus,
559 1581 872 1653 praedictam
897 1581 1069 1650 legem
1097 1589 1332 1634 vestram
1354 1593 1474 1647 qua:
1499 1576 1806 1632 auctoritati

206 1678 349 1746 ejus,
383 1686 442 1731 ut
468 1676 720 1740 diximus,
753 1681 1063 1739 attestatur,
1095 1685 1523 1726 commemorare
1564 1683 1808 1724 necessa-

206 1771 347 1821 rium
378 1767 560 1823 credo.
613 1765 830 1820 Titulus
856 1773 1036 1818 autem
1078 1762 1178 1818 sub
1206 1776 1315 1831 quo
1345 1762 1670 1826 continetur,
1705 1759 1806 1814 iste

205 1869 290 1913 est
342 1857 495 1929 (Cod.
525 1858 587 1909 de
619 1855 835 1910 Summa
869 1853 1056 1907 Trinil.
1084 1893 1098 1918 ,
1145 1850 1236 1906 lib.
1269 1848 1361 1919 vn)
1407 1868 1420 1902 :
1475 1848 1554 1902 De
1606 1865 1808 1902 summa

207 1953 474 2007 Trinitate
501 1961 548 2004 σε
580 1951 682 2019 [ide
710 1948 963 2002 catholica
988 1987 1002 2006 ,
1047 1955 1094 2000 et
1135 1955 1188 1998 ut
1239 1960 1386 1997 nemo
1413 1943 1477 1996 de
1519 1958 1582 1996 ca
1611 1941 1810 2012 publice

206 2044 522 2098 contendere
574 2043 782 2095 audeat.
852 2039 1180 2108 Principium
1252 2052 1424 2091 vero:
1464 2035 1810 2104 «Imperator

207 2135 552 2190 lustinianns
582 2134 853 2201 Augustus
884 2130 1182 2199 Epiphanio
1212 2125 1557 2182 sanctissimo
1595 2140 1657 2180 ac
1683 2125 1809 2179 bea-

207 2227 424 2280 tissimo
453 2224 860 2292 archiepiscopo
892 2222 1050 2290 regiae
1077 2219 1222 2274 urbis
1253 2217 1413 2286 hujus
1439 2225 1494 2271 ct
1519 2215 1806 2270 universali

208 2317 560 2388 patriarchae.
603 2317 754 2372 Scire
785 2317 1030 2371 volentes
1068 2324 1214 2368 tuam
1258 2312 1599 2369 sanctitatem
1628 2311 1806 2365 ciuilia

210 2430 333 2484 ιιιιτε
349 2413 416 2468 ad
434 2412 852 2469 ecclesiasticum
867 2421 1066 2466 statum
1084 2409 1396 2480 respiciunt.
1421 2427 1439 2460 ι
1464 2405 1525 2460 Et
1538 2405 1772 2477 postalia
1794 2422 1808 2458 :

213 2527 235 2559 ι
258 2507 464 2562 Eadem
480 2513 607 2562 vero
622 2514 806 2562 sancta
820 2503 1274 2561 Chalcedonensis
1293 2501 1551 2573 synodus,
1566 2509 1619 2555 et
1634 2499 1808 2568 magni

211 2601 395 2657 I’recli
425 2601 492 2655 ad
522 2600 806 2655 Armenios
835 2599 1091 2668 scriptam
1122 2595 1426 2668 epistolam,
1462 2594 1529 2649 de
1570 2609 1636 2648 eo
1667 2593 1811 2662 quod

209 2703 434 2766 oportet
451 2694 632 2750 dicere
658 2692 943 2748 Dominum
966 2691 1148 2746 Jesum
1171 2689 1444 2745 Christum
1475 2687 1665 2740 I-‘ilium
1695 2685 1810 2748 Dei,

210 2795 263 2842 et
297 2787 469 2840 Deum
499 2791 759 2848 nostrum,
793 2798 957 2838 unmn
983 2791 1182 2837 sancta.-
1210 2779 1642 2849 Tri'nitatis,.pcr
1659 2791 1812 2833 suam

212 2877 544 2932 relationem
569 2875 804 2945 suscepit
828 2884 881 2929 et
902 2871 1255 2929 conﬁrmavit.
1283 2869 1342 2925 Si
1363 2869 1504 2925 enim
1527 2868 1816 2940 prmdictas

211 2978 440 3023 sanctas
487 2975 722 3036 quatuor
766 2965 1003 3036 synodos
1048 2961 1426 3032 egrediamnr,
1482 2968 1585 3033 aut
1620 2959 1688 3014 ab
1729 2957 1815 3014 his

210 3061 502 3130 disposita,
530 3059 720 3114 damus
747 3056 1055 3111 facultatem
1083 3052 1350 3108 luereticis
1375 3050 1466 3120 qui
1488 3049 1718 3119 depositi
1745 3049 1814 3102 ab

211 3153 293 3207 eis
337 3160 488 3216 sunt,
521 3159 578 3204 et
617 3162 807 3204 eorum
861 3146 1223 3216 dogmatibus,
1253 3159 1405 3200 suam
1453 3140 1812 3213 pestilentiam

211 3244 412 3298 iterlun
446 3242 498 3295 in
529 3250 742 3296 sanctas
775 3239 868 3294 Dei
898 3238 1168 3294 Ecclesias
1212 3245 1506 3293 ostentare.
1539 3253 1558 3287 ι
1610 3232 1735 3289 Ilaec
1764 3233 1816 3288 in

213 3332 690 3390 conﬁrmationem
719 3333 984 3404 pracdictie
1011 3331 1352 3387 allocutionis
1376 3333 1389 3362 '
1416 3346 1479 3386 ex
1503 3331 1620 3399 lege
1644 3339 1819 3383 vestra

212 3425 516 3495 protulisse
544 3424 794 3479 snﬂictat.
845 3423 1010 3491 Cujus
1062 3422 1247 3477 titulus
1273 3463 1288 3488 ,
1337 3437 1445 3491 quo
1474 3419 1818 3475 interdictum

211 3525 301 3570 est
339 3525 403 3571 ut
453 3516 524 3571 de
567 3515 671 3569 ﬁde
712 3514 978 3569 catholica
1029 3528 1187 3567 nemo
1223 3512 1442 3582 publice
1488 3510 1820 3567 contendere

212 3607 440 3671 audeat,
472 3615 649 3661 utrum
680 3607 1018 3668 observetur,
1050 3621 1169 3660 enm
1199 3604 1266 3659 de
1291 3602 1480 3674 synodi
1505 3601 1819 3657 universalis

213 3698 500 3752 sententia
527 3706 654 3766 post
680 3710 896 3752 centum
946 3695 1057 3750 fere
1104 3711 1277 3751 annos
1308 3695 1360 3748 in
1389 3693 1626 3749 Ecclesia
1655 3692 1820 3747 modo

211 3789 596 3856 contemlitnr,
620 3797 744 3861 tuze
782 3788 997 3859 pietatis
1028 3796 1110 3842 est
1135 3786 1415 3856 judicare;
1459 3796 1552 3840 aut
1588 3784 1632 3839 si
1673 3783 1817 3838 nulla

213 3882 649 3956 transgressione
667 3891 901 3952 quatuor
920 3889 1119 3938 sanctae
1147 3880 1336 3952 synodi
1367 3878 1506 3934 etab
1532 3879 1614 3934 his
1639 3878 1820 3948 dispo-

210 3980 317 4034 sita
348 3977 751 4039 convelluntur,
774 3990 896 4030 cum
926 3972 1153 4044 epistola
1181 3971 1504 4028 venerabilis
1529 3969 1632 4025 Iba:
1653 3967 1822 4024 Edes-

210 4069 332 4124 scni
365 4067 646 4137 episcopi,
678 4081 839 4136 quam
868 4079 1060 4134 magna
1107 4062 1342 4134 synodus
1368 4060 1820 4118 Chalcedonensis

217 4160 591 4216 orthodoxam
621 4156 1020 4228 pronuntiavit,
1056 4150 1204 4210 velut
1231 4153 1394 4223 impia
1419 4160 1475 4207 et
1503 4151 1818 4206 Nestoriana

209 4253 528 4308 damnatur.
552 4250 688 4316 Quid
709 4263 838 4317 ergo
861 4247 1080 4318 prodest
1103 4245 1406 4316 prmvidisse
1426 4243 1570 4313 quod
1593 4257 1690 4313 per
1709 4242 1822 4296 haec

210 4342 452 4396 facultas
479 4340 699 4394 daretur
727 4337 996 4392 hwreticis
1020 4336 1110 4406 qui
1140 4335 1366 4405 depositi
1397 4334 1466 4388 ab
1489 4333 1568 4387 eis
1595 4339 1738 4396 sunt,
1764 4338 1821 4385 et

210 4449 408 4488 eorum
436 4432 797 4502 dogmatibus,
822 4446 976 4486 suam
1002 4429 1361 4500 pestilentiam
1390 4428 1583 4482 iterum
1615 4425 1668 4479 in
1697 4440 1820 4480 san-

210 4533 335 4578 ctas
364 4522 462 4578 Dei
493 4522 762 4578 Ecclesias
791 4530 1086 4587 ostentare,
1111 4529 1166 4574 et
1187 4519 1406 4573 minime
1433 4515 1730 4587 providisse
1752 4530 1819 4570 ne

209 4617 414 4671 ﬁeret?
462 4615 569 4671 Sed
599 4631 666 4670 ex
697 4613 788 4668 illa
809 4613 919 4683 jam
952 4612 1279 4667 allocutione
1314 4610 1457 4680 quod
1491 4607 1816 4663 intendimus

209 4708 454 4776 probare
481 4708 760 4761 debemus.
807 4703 1102 4774 Alloquens
1131 4703 1314 4771 itaque
1355 4699 1674 4754 altartianum
1702 4699 1814 4751 Au-

205 4809 434 4869 gustum
464 4799 716 4870 praedicta
746 4799 985 4870 synodus
1014 4795 1170 4866 (Post
1195 4802 1314 4848 acta
1339 4792 1588 4862 concilii),
1621 4799 1677 4846 et
1705 4800 1812 4845 tam

284 4987 316 5016 ⁸
347 4980 632 5036 Liberatus
659 4979 819 5042 idem,
853 4994 974 5046 cap.
1005 4975 1091 5038 IO,
1124 4975 1192 5028 de
1241 4973 1509 5046 Armeniae
1533 4971 1813 5046 monachis

205 5068 400 5123 agens,
426 5052 518 5119 qui
537 5040 883 5123 Theodorum
904 5040 1340 5123 .llIopsuestenIlm
1359 5040 1811 5123 criminabantur:

206 5113 369 5189 fam,
391 5113 594 5189 inquit,
621 5121 850 5175 Joannes
882 5113 1244 5189 ΑηιῐοειιεηιηξΔ
1270 5113 1467 5189 synodo
1497 5119 1814 5189 congregata

202 5209 319 5249 tres
347 5181 443 5248 ora
473 5181 742 5245 Theodoro
787 5189 1151 5256 Mapsuesteno
1193 5181 1403 5256 dictavit
1435 5181 1683 5256 epistolas
1717 5190 1814 5256 {et

201 5281 373 5316 unum
400 5261 604 5332 quidem
634 5261 821 5313 direxit
865 5251 1162 5332 Theodosio.
1196 5255 1402 5332 inlperq
1429 5251 1587 5332 aliam
1617 5251 1813 5332 Cgrillo

203 5323 616 5394 Alexandrino,
664 5340 712 5383 et
758 5331 961 5382 tertium
1009 5327 1195 5380 Proclo
1234 5323 1812 5392 Constantinopolitano

199 5408 487 5472 episcopo,
517 5401 740 5472 laudans
769 5401 822 5454 in
854 5401 936 5452 eis
955 5396 1298 5472 Theodorum,
1335 5405 1384 5447 et
1409 5394 1521 5463 ejus
1551 5407 1809 5472 exponens

203 5462 550 5542 sapientiam.
585 5469 862 5542 Primmac
890 5467 1249 5542 terti:e_verha
1275 5473 1398 5519 sunt
1419 5462 1671 5542 qum‘hoe
1691 5462 1810 5542 loco

202 5531 552 5605 recitantur;
600 5540 847 5594 secundae
884 5553 1004 5606 qua:
1033 5537 1123 5590 lib.
1153 5551 1244 5597 vn,
1267 5551 1396 5606 cap.
1431 5533 1483 5586 4.
1533 5533 1602 5606 At
1644 5531 1810 5606 Justi-

203 5617 411 5668 nianus
437 5613 492 5664 in
521 5601 698 5666 edicto
728 5610 824 5662 has
853 5601 1125 5662 Theodori
1156 5601 1359 5659 Iaudes
1382 5619 1490 5659 non
1522 5603 1691 5673 pluris
1722 5601 1802 5655 fa-

277 5797 292 5826 ⁸
331 5788 478 5847 Cod.
506 5787 738 5850 "Veron"
767 5784 1093 5840 allocutionis
1119 5784 1220 5839 sive
1252 5782 1538 5839 relationis.

1849 4564 1896 4624 D

1909 484 2126 549 Leonis,
2151 482 2370 538 Patrum
2396 482 2720 538 auctoritate
2748 479 3090 546 conﬁrmans,
3122 479 3195 532 ita
3225 475 3501 546 respondit

1908 575 2166 632 adversus
2190 573 2552 645 Eutychianos
2579 573 2671 641 qui
2713 587 2833 628 eam
2877 570 3170 640 culpabant
3196 567 3341 638 quod
3369 567 3506 620 duas

1907 667 2184 722 difﬁnierit
2227 665 2427 720 Christi
2463 679 2584 721 esse
2613 672 2831 718 naturas
2863 681 2877 716 :
2914 682 2932 714 ι
2965 661 3328 730 Ambiguitate
3356 673 3503 728 quae-

1907 759 2099 815 stionis
2135 765 2325 814 exorta
2349 755 2626 822 ,.Patrum
2675 751 3213 822 interpretationibus
3257 758 3506 805 nostram

1909 853 2304 910 confessionem
2334 858 2618 920 eoaptasse
2657 846 3033 915 cognoscimur
3063 863 3076 898 :
3109 841 3502 900 satisfacientes

1908 947 2052 1016 quod
2081 947 2133 1001 in
2164 945 2314 1000 nullo
2343 941 2644 1000 discordem
2674 939 3037 1007 intelligentia:
3073 953 3260 993 eorum
3289 935 3503 991 detule-

1909 1041 2078 1095 rimus
2100 1038 2358 1101 animnm,
2383 1033 2477 1090 sed
2498 1034 2581 1088 his
2603 1033 2802 1088 utimur
2822 1031 3048 1086 testibus
3069 1029 3136 1084 ad
3160 1039 3354 1085 nostrae
3374 1025 3502 1080 ﬁdei

1911 1130 2240 1184 ﬁrmitatem.
2281 1147 2300 1179 ι
2355 1125 2421 1179 Et
2448 1113 2512 1180 ut.
2537 1123 2852 1179 ostenderet
2879 1121 3024 1192 quod
3055 1138 3160 1176 non
3193 1129 3303 1173 tam
3333 1119 3501 1188 ipsam

1911 1236 2072 1292 quam
2103 1221 2356 1275 doctores
2383 1217 2636 1285 antiques
2657 1214 2909 1270 Ecclesiae
2929 1227 3158 1282 quorum
3179 1207 3501 1265 sententiam

1912 1291 1964 1366 in
1995 1313 2099 1367 hoc
2126 1319 2309 1366 secuta
2338 1318 2440 1372 est,
2473 1307 2715 1377 praedicti
2747 1291 3316 1376 culparent'liairetici,
3347 1316 3498 1356 com-

1911 1403 2226 1458 memoratis
2246 1402 2298 1455 in
2330 1401 2517 1456 eadem
2547 1399 2872 1459 allocutione
2899 1394 3256 1465 quorumdam
3283 1391 3500 1444 Patrum

1912 1494 2175 1565 epistolis,
2206 1494 2367 1546 etiam
2399 1491 2578 1560 magni
2621 1487 2799 1543 Procli
2829 1487 3076 1542 volumen
3108 1484 3175 1538 ad
3219 1480 3502 1536 Armenios

1913 1586 2063 1654 cujus
2082 1587 2143 1640 in
2171 1591 2350 1640 vestra
2381 1583 2499 1650 lege
2523 1580 2866 1646 meministis,
2894 1585 2951 1633 et
2977 1575 3259 1647 epistolam
3287 1571 3501 1640 sapien-

1914 1677 2108 1734 tissimi
2153 1673 2374 1730 Joannis
2428 1671 2748 1728 Antiocbeni
2809 1670 2886 1725 sic
2940 1673 3208 1723 memorat
3255 1662 3439 1717 dicens
3486 1677 3499 1712 :

1925 1789 1942 1822 ‹
1978 1769 2198 1824 Necnon
2247 1775 2302 1821 et
2349 1779 2602 1834 magnum
2651 1763 2899 1818 Proclum
2949 1761 3073 1816 huic
3120 1754 3525 1828 vituperationi.

1913 1859 2180 1928 subjicict,
2203 1857 2295 1927 qui
2316 1856 2519 1911 eisdem
2545 1855 2908 1910 Orientalibus
2936 1852 3185 1908 volumen
3216 1847 3283 1903 ad
3311 1847 3502 1903 Arme-

1911 1954 2030 2008 nios
2056 1967 2155 2022 pro
2185 1949 2309 2004 ﬁdei
2337 1948 2687 2016 congruentia
2717 1944 3025 2000 destinavit.
3050 1941 3144 1997 Ilis
3160 1949 3340 1996 autem
3370 1952 3502 1992 con-

1909 2043 2204 2100 sociabitnr
2230 2041 2297 2095 ad
2322 2041 2536 2110 culpam
2565 2047 2623 2093 et
2647 2036 3017 2092 sanctissimus
3045 2034 3281 2089 Joannes
3303 2027 3500 2090 Antio-

1909 2136 2114 2191 chenus
2143 2133 2464 2202 episcopus,
2495 2131 2588 2199 qui
2631 2128 3004 2184 luereticorum
3044 2122 3330 2178 maledicta
3365 2119 3497 2188 reji-

1909 2224 2075 2288 ciens,
2101 2229 2158 2275 et
2177 2219 2486 2290 apostolica
2511 2217 2771 2274 doctrinm
2793 2215 2988 2283 dogma
3010 2212 3308 2274 declarans,
3333 2207 3499 2262 totius

1909 2315 2142 2370 Orientis
2169 2312 2564 2367 confessionem
2595 2310 2743 2366 velut
2768 2324 2834 2363 ex
2872 2322 2980 2362 uno
3008 2321 3125 2368 ore,
3154 2299 3519 2358 sanctissimo.

1911 2401 2104 2459 Proclo
2133 2409 2188 2458 et
2216 2401 2266 2457 ei
2291 2401 2383 2470 qui
2411 2416 2509 2471 per
2536 2399 2678 2454 idem
2705 2407 2918 2467 tempus
2945 2394 3126 2450 mundi
3157 2392 3376 2461 regebat
3405 2403 3501 2457 gu-

1911 2494 2203 2552 bernacula
2229 2492 2539 2548 destinavit.
2576 2490 2693 2544 Non
2730 2489 2890 2557 igitur
2917 2483 3212 2540 admirandi
3243 2482 3499 2535 Romana:

1913 2587 2058 2643 urbis
2081 2584 2323 2654 priesulis
2350 2581 2666 2653 epistolam,
2699 2579 2844 2633 velut
2886 2572 3245 2632 innovationis
3273 2569 3500 2632 oll'endi-

1913 2679 2112 2744 culum,
2141 2675 2514 2738 criminentur,
2541 2681 2648 2728 etc.
2685 2690 2704 2723 ι
2737 2671 2794 2726 In
2825 2670 2927 2724 hac
2959 2682 3091 2722 \ero
3117 2659 3501 2734 sapientissimi

1912 2769 2134 2825 Joannis
2179 2765 2500 2822 Antiocheni
2549 2772 2604 2818 et
2651 2763 2814 2818 totius
2853 2759 3089 2820 Orientis
3137 2755 3501 2818 confessione,

1915 2858 2254 2917 sanctissimo
2296 2854 2489 2912 Proclo
2527 2861 2583 2909 et
2621 2852 2934 2923 imperatori
2984 2846 3289 2904 Theodosio
3335 2843 3499 2902 desti-

1918 2962 2062 3018 nata,
2093 2951 2246 3020 cujus
2283 2947 2533 3019 exemplo
2563 2944 2796 3017 synodus
2834 2938 3290 2998 Chalcedonensis
3330 2935 3500 2991 admi-

1918 3043 2074 3099 randi
2114 3042 2373 3105 Itomana:
2410 3037 2557 3093 urbis
2596 3035 2839 3107 praesulis
2861 3073 2879 3102 ,
2918 3031 2971 3086 id
3009 3039 3092 3086 est
3128 3028 3273 3085 beati
3311 3024 3508 3081 Leonis

1921 3132 2163 3190 defendit
2197 3129 2513 3200 epistolam,
2564 3135 2622 3182 ut
2664 3133 2792 3196 pote
2821 3138 2919 3194 per
2945 3136 3108 3190 quam
3151 3124 3510 3174 memoratum

1920 3224 2184 3281 Joannem
2231 3220 2632 3276 Antiochenam
2679 3225 2734 3273 et
2792 3214 3169 3270 haereticorum
3225 3207 3526 3264 maledicta-

1921 3317 2195 3388 rcjecisse,
2223 3323 2281 3370 et
2304 3313 2604 3370 doctrinam
2633 3308 2986 3380 apostolicam
3013 3305 3317 3362 declarasse
3344 3307 3508 3356 testa-

1923 3415 2028 3474 tur,
2058 3423 2157 3478 per
2184 3420 2344 3475 quam
2373 3413 2432 3459 et
2459 3401 2590 3458 illud
2617 3400 2995 3456 conﬁrmatum
3038 3411 3157 3451 esse
3179 3395 3353 3464 primo
3373 3391 3536 3446 libro-

1920 3499 2221 3560 docuimus,
2248 3493 2393 3566 quod
2419 3509 2558 3548 unus
2584 3507 2656 3548 ex
2682 3488 2944 3544 Trinitate
2971 3487 3044 3541 sit
3069 3483 3330 3540 Dominus
3354 3478 3510 3536 Jesus

1920 3592 2187 3657 Christus,
2218 3589 2388 3643 multo
2415 3585 2608 3655 majori
2635 3582 2794 3638 laude
2817 3594 2979 3651 quam
3010 3579 3064 3633 in
3089 3575 3317 3648 epistola
3347 3587 3511 3629 vene—

1922 3682 2104 3738 rabilis
2127 3681 2253 3745 Ihm,
2285 3677 2604 3734 Theodorus
2633 3673 2976 3746 pmdicatur.
3007 3670 3145 3726 Nam
3173 3667 3368 3724 Proclo
3392 3665 3510 3736 qui-

1921 3775 2047 3831 dem
2093 3770 2396 3827 rescribens
2434 3782 2598 3837 super
2642 3763 3052 3822 conﬁrmatione
3101 3759 3232 3815 tomi
3277 3757 3395 3827 ejus
3442 3755 3510 3810 ad

1921 3865 2208 3922 Armenios
2236 3862 2404 3928 missi,
2436 3860 2578 3916 idem
2604 3857 2840 3915 Joannes
2876 3870 3000 3911 cum
3040 3851 3246 3926 synodo
3275 3847 3510 3905 Orientis

1923 3967 1949 3997 α
1971 3958 2104 4013 dicit
2124 3957 2240 4012 haec
2263 3973 2277 4010 :
2307 3973 2326 4006 ‹
2344 3952 2462 4009 Non
2483 3951 2657 4009 solum
2681 3965 2781 4005 nos
2799 3948 3043 4003 viventes
3064 3945 3199 4000 tales
3217 3941 3510 3998 calumnias

1922 4052 1991 4106 ab
2012 4051 2095 4106 his
2116 4049 2210 4120 qui
2231 4047 2559 4104 conturbare
2576 4043 2765 4100 volunt
2784 4041 3050 4098 Eeelesias
3074 4037 3330 4095 continue
3350 4035 3509 4091 susti-

1922 4159 2116 4200 nemus
2147 4160 2160 4196 :
2189 4141 2285 4197 sed
2313 4149 2370 4196 et
2395 4138 2488 4209 qui
2511 4137 2654 4193 bene
2681 4136 2749 4191 de
2775 4135 2885 4190 vita
2909 4133 3188 4205 profectus
3214 4139 3298 4186 est
3324 4129 3511 4186 beatus

1923 4232 2263 4295 Theodorus,
2290 4237 2346 4285 et
2371 4228 2612 4297 quinque
2637 4233 2694 4280 et
2720 4223 3072 4294 quadraginta
3099 4220 3256 4276 annis
3283 4219 3431 4274 clare
3460 4217 3512 4272 in

1922 4325 2171 4382 doctrina
2199 4320 2481 4393 praefulsit,
2513 4327 2570 4374 et
2615 4330 2833 4373 omnem
2881 4312 3128 4369 haeresim
3167 4307 3510 4378 expugnavit,

1922 4419 2124 4474 nullam
2173 4413 2372 4470 alicubi
2410 4410 2801 4466 detractionem
2851 4407 2918 4461 ab
2961 4401 3281 4460 orthodoxis
3319 4402 3372 4455 in
3404 4400 3510 4453 vita

1922 4507 2249 4578 suscipiens;
2289 4509 2422 4574 post
2461 4500 2614 4568 longi
2648 4496 2910 4567 temporis
2941 4495 3068 4549 hinc
3095 4493 3389 4548 discessum
3411 4499 3511 4556 ,.-et

1922 4588 2046 4670 post
2083 4595 2250 4651 multa
2294 4591 2624 4654 certamina‘,
2665 4596 2721 4644 et
2752 4595 2878 4657 post
2912 4585 3099 4640 decem
3137 4581 3300 4636 millia
3347 4580 3512 4634 libros

1921 4691 2178 4746 adversus
2218 4685 2452 4740 htereses
2479 4680 2838 4750 conscriptos,
2856 4685 2913 4732 et
2933 4684 3281 4747 posteaquam
3303 4675 3356 4728 in
3378 4688 3512 4728 con-

1920 4791 2108 4856 spectu
2134 4777 2501 4845 sacerdotum,
2547 4783 2605 4830 et
2648 4773 3147 4842 imperatorum,.et
3190 4765 3533 4837 populorum.

1921 4966 2140 5023 eiendas
2180 4964 2530 5030 docet‘quam
2567 4974 2632 5030 ea
2656 4972 2788 5030 qum
2808 4953 3210 5030 Joannesidem
3239 4961 3296 5009 et
3321 4950 3513 5030 Oriens

1921 5037 2058 5092 tales
2080 5042 2270 5091 contra
2300 5025 2557 5097 Cyrillum
2602 5025 2869 5097 [Idemque
2898 5025 3257 5083 orthodoxam
3280 5025 3512 5094 scripse-

1923 5115 2064 5176 rant,
2098 5113 2153 5159 et
2202 5119 2301 5176 pro
2337 5099 2608 5155 Nestorio.
2658 5104 2709 5154 Εἰ
2744 5099 2811 5176 Ῠδέ
2853 5102 3167 5176 προφέρογσςι
3197 5099 3510 5176 ’μαρτιέρίαξ

1922 5175 2150 5232 Ἰωάννου
2172 5182 2264 5230 τοῦ
2287 5173 2600 5241 ’Λντιοχείας
2621 5211 2635 5235 ,
2673 5175 2756 5225 καὶ
2789 5165 3000 5230 τῆς’ὑτὶ·’
3017 5165 3180 5241 ἀὐτὸν
3197 5165 3509 5241 ’Λνὰτοὶζικῆς

1924 5245 2140 5320 συνόδου
2164 5235 2610 5320 ύπδρλθιοδῦρου,
2638 5245 2724 5320 noti
2743 5251 2834 5320 :13;
2856 5243 3020 5320 ρώτοῇ
3043 5239 3279 5320 ἁσεςείας·
3299 5235 3509 5318 γενορεόῖ

1923 5341 2031 5382 νας,
2057 5319 2243 5387 ἀνάγκη
2261 5299 2443 5388 iunco:
2469 5299 2673 5388 κ’ᾁκεὶνα
2698 5311 2956 5388 δξξασθαι,
2981 5310 3112 5388 ἆτςςρ
3138 5306 3258 5361 ὅσον
3289 5299 3508 5388 cols-if

1923 5392 2094 5448 αὐτοῖς
2126 5373 2197 5448 εἷς
2219 5373 2522 5459 κατάγρισιν’
2536 5390 2628 5439 τοῦ
2652 5385 2700 5459 iv
2722 5373 2885 5459 ἆάίοες
2911 5373 3188 5459 ιςτυρὶλῖουλ
3215 5377 3299 5427 καὶ
3327 5373 3508 5451 ἀθετητ

1924 5482 2006 5532 quo
2027 5467 2119 5532 τῆς
2142 5460 2292 5532 ὀρθῆς
2329 5445 2578 5532 πίστεῳς.
2621 5455 2666 5508 οἱ
2705 5445 2822 5527 κε’ρί
2845 5445 3063 5532 Ἰωόξνὶιην
3091 5445 3390 5532 ἐτὸλζηεξεν.
3420 5445 3504 5522 fa?

1922 5530 2055 5603 ἅπερ
2079 5507 2311 5602 (Wa—ulmo
2348 5527 2614 5603 Νεσεόριον
2651 5526 2732 5577 καὶ
2768 5507 2858 5579 Ῐτήν
2903 5521 3056 5574 αὑτοῦ
3095 5510 3385 5576 κακοδοξίαν
3417 5507 3514 5558 ἒτὶ.

1921 5595 2158 5654 altiores
2187 5595 2374 5675 χρόνον
2404 5595 2732 5653 ἔκδιὶεοῦντες.

1952 5824 1968 5836 ,
1986 5773 2002 5801 ²
2030 5771 2182 5829 Idem
2208 5772 2350 5837 cod.,
2376 5786 2600 5825 suorum.
