3974 6330
167 335 275 391 565

1061 346 1196 402 ΡΒΟ
1234 344 1654 401 DEFENSIONE
1694 345 1907 399 TRIUM
1951 345 2265 401 CAI‘ITUL.
2303 345 2428 401 LIB.
2465 348 2523 402 II.

3351 346 3456 402 566

161 458 235 507 vit
261 469 409 522 quod
439 455 840 509 sanctissimus‘
868 456 1101 512 Joannes
1123 458 1510 524 Antiocbeuus,
1543 457 1756 510 hmreti-
1786 461 1832 515 A
1864 455 1983 509 fidei
2014 472 2119 509 non
2150 455 2322 510 solum
2352 474 2492 513 nunc
2523 461 2761 515 viventes
2789 463 3115 530 insequitur,
3145 469 3236 521 sed
3268 480 3323 524 et
3355 473 3447 528 Ιιυε

159 560 349 599 eorum
393 544 675 600 maledicta
726 547 1000 616 rejiciens,
1047 557 1103 602 et
1148 548 1457 618 apostolicae
1500 547 1759 601 doctrina:

159 638 358 707 dogma
389 637 690 702 declarans,
719 641 883 695 totius
911 638 1143 697 Orientis
1163 640 1578 705 confessionem,
1611 641 1760 695 velut

158 745 227 781 ex
253 745 360 783 uno
391 743 506 794 ore,
548 727 889 787 sanctissimo
931 731 1121 787 Proclo
1163 740 1218 786 et
1256 733 1304 787 ei
1335 731 1427 803 qui
1473 747 1571 804 per
1613 732 1758 789 idem

158 827 379 887 tempus
422 820 606 876 mundi
653 821 876 892 regebat
916 823 1276 892 gubernacula
1318 819 1610 879 destinavit
1645 843 1657 878 :
1701 835 1761 880 ut

156 911 302 964 sicut
349 912 579 980 negatur
603 913 793 968 eadem
839 915 1078 985 synodus
1107 915 1393 984 epistolam
1437 917 1760 972 venerabilis

157 1000 262 1054 tbre
294 1002 652 1058 orthodoxam
677 1006 1074 1074 pronuntiasse,
1103 1006 1174 1060 ita
1197 1007 1359 1061 etiam
1389 1015 1614 1075 negetur
1641 1023 1758 1061 me-

156 1100 402 1146 moratas
430 1093 811 1163 sapientissimi
832 1093 1054 1150 Joannis
1073 1103 1129 1149 et
1156 1096 1323 1150 totius
1345 1097 1558 1151 concilii
1581 1097 1760 1151 orien-
1809 1116 1814 1124 -

157 1181 285 1237 talis
331 1184 612 1253 epistolas,
649 1185 705 1240 in
741 1186 938 1254 quibus
986 1185 1396 1257 Mopsuestenus
1442 1187 1758 1244 Theodorus

151 1273 332 1328 multo
376 1275 608 1344 amplius
637 1277 884 1331 laudatus
937 1286 1037 1344 est,
1081 1278 1429 1347 approbasse,
1479 1290 1534 1334 et
1573 1296 1758 1336 earum

156 1368 389 1423 fortnam
415 1370 468 1424 in
491 1386 586 1424 sua
616 1369 950 1433 definitione,
979 1370 1430 1440 quemadmodum
1458 1371 1755 1438 docuimus,

153 1459 474 1516 attendisse.
506 1459 754 1528 Nunquid
777 1460 938 1516 etiam
967 1461 1045 1516 sic
1066 1476 1173 1516 non
1200 1461 1253 1514 in
1284 1461 1757 1532 reprehensionem

156 1551 328 1619 ipsius
355 1550 546 1621 synodi
577 1566 675 1620 pro
702 1565 1025 1621 quacunque
1063 1566 1222 1606 causa
1254 1553 1508 1621 prmdicta
1531 1553 1758 1623 epistola

153 1642 468 1696 videbitur?
494 1641 624 1695 Nam
654 1643 700 1697 si
729 1642 1056 1698 credendum
1086 1643 1255 1698 estad
1283 1644 1456 1698 zelum
1480 1636 1759 1699 cath’olicze

156 1733 284 1787 tidei
315 1733 608 1802 pertinere,
641 1733 786 1803 quod
815 1742 940 1804 post
961 1745 1178 1790 centum
1219 1733 1392 1791 ferme
1427 1750 1598 1792 annos
1641 1745 1759 1790 tan-

1863 550 1950 618 qui
1975 550 2102 602 olim
2141 548 2208 602 ad
2255 548 2421 604 Deam
2462 563 2866 621 przeccsset‘unt.
2901 558 3139 622 Quorum
3189 577 3325 616 unus
3369 576 3448 619 est

1863 641 2052 696 beatus
2082 641 2414 708 Theodorus,
2450 660 2626 713 praeco
2663 646 2905 701 veritatis
2943 657 3016 702 et.
3041 652 3234 707 doctor
3272 653 3443 709 Eccle-

1861 733 1953 786 sim
1983 750 1994 785 :
2026 735 2116 801 qui
2143 750 2246 788 non
2275 736 2448 790 solum
2480 737 2532 790 in
2573 750 2670 790 sua
2696 738 2807 792 vita
2841 739 3199 809 colaphizavit
3233 744 3446 801 haereti-

1861 841 1953 881 cos
1980 841 2076 896 per
2104 828 2384 882 veritatem
2415 845 2524 883 sum
2555 828 2694 895 fidei,
2730 831 2822 885 sed
2853 841 2906 886 et
2938 839 3061 902 post
3087 845 3317 892 mortem
3338 839 3449 908 spi-

1860 919 2035 973 ritalia
2064 935 2211 974 arma
2253 920 2304 974 in
2347 921 2496 976 libris
2527 923 2758 992 propriis
2793 921 3042 980 Ecclesia:
3094 925 3216 982 filiis
3256 928 3452 986 derelio

1859 1011 1997 1079 quit,
2019 1012 2156 1066 sicut
2177 1019 2232 1066 et
2255 1021 2343 1067 tua
2368 1014 2668 1068 reverentia
2694 1015 3152 1073 cidem-collocuta
3173 1023 3447 1090 cognovit,

1860 1107 1914 1152 et
1935 1116 1998 1155 ex
2030 1100 2110 1154 his
2138 1117 2256 1172 qua:
2277 1103 2489 1172 scripsit
2515 1103 2772 1159 instructa
2801 1115 2903 1160 est.
2935 1105 3088 1162 Hunc
3109 1113 3453 1182 prmsumpsit

1859 1192 1950 1260 qui
1973 1196 2150 1246 omnia
2190 1196 2464 1262 praesumit
2505 1197 2556 1249 in
2601 1195 2839 1251 Ecclesia
2872 1198 3048 1266 palam
3095 1201 3451 1257 anathemati-

1859 1301 2011 1349 zare;
2045 1288 2134 1356 qui
2166 1297 2386 1358 propter
2428 1290 2599 1343 zelum
2643 1290 2759 1353 Dei,
2801 1307 2907 1345 non
2953 1293 3128 1346 solum
3174 1295 3447 1363 prepriam

1859 1379 2130 1434 civitatem
2167 1382 2234 1436 ab
2265 1397 2447 1437 errore
2482 1383 2548 1437 ad
2592 1384 2870 1439 veritatem
2916 1387 3204 1451 convertit,
3254 1388 3353 1443 sed
3393 1396 3484 1443 et.

1859 1470 2017 1540 longe
2045 1473 2250 1542 positas
2279 1489 2373 1528 sua
2396 1474 2639 1529 doctrina
2670 1475 2919 1530 instruxit
2944 1476 3227 1533 Ecclesias.
3249 1499 3278 1531 .›
3313 1479 3447 1536 Cum
3465 1501 3482 1508 ·’

1861 1579 1988 1633 ergo
2017 1565 2083 1620 ad
2112 1567 2270 1620 istum
2299 1567 2492 1631 locum,
2520 1568 2657 1622 sicut
2686 1568 3114 1636 dixi,.venirent,
3143 1572 3232 1625 ubi
3261 1587 3450 1640 quem-

1859 1656 1981 1710 dam
2012 1656 2400 1712 denotatide
2433 1659 2752 1713 venerabilis
2771 1658 2889 1712 lbas
2919 1659 2983 1712 ad
3013 1659 3198 1715 Marini
3231 1660 3455 1717 Persam-

1859 1747 2118 1810 scribens,
2149 1748 2292 1816 quod
2322 1747 2664 1803 Theodorum
2696 1751 3156 1807 anatliematizare
3192 1768 3452 1821 pursuin-

152 1840 319 1896 quam
346 1825 666 1880 Nestoriana
708 1826 960 1882 damnata
1006 1835 1090 1882 est
1115 1845 1126 1879 ε
1163 1836 1348 1882 sancta
1389 1828 1479 1882 illa
1524 1829 1759 1898 synodus
1791 1833 1834 1891 Β
1863 1837 2030 1905 pserit
2055 1854 2068 1888 :
2097 1839 2339 1905 quamvis
2367 1839 2534 1908 ipsius
2560 1840 2802 1908 epistolte
2824 1842 2984 1895 verba
3015 1857 3123 1896 non
3155 1844 3227 1896 ita
3258 1842 3310 1895 in
3349 1860 3450 1898 suo

152 1917 349 1971 haeresi
381 1917 712 1972 Nestoriana:
739 1918 1001 1986 cohibuit,
1025 1933 1146 1988 qum
1181 1919 1322 1988 apud
1367 1935 1442 1974 se'
1473 1920 1753 1974 recitatam

150 2007 404 2062 eamdem
432 2009 715 2078 epistolam
745 2024 854 2087 non
883 2008 1194 2064 damnavit:
1227 2010 1270 2066 si
1301 2018 1477 2066 tamen
1521 2010 1636 2065 sola
1667 2011 1755 2064 illa

149 2101 413 2172 synodus,
446 2109 503 2157 et
553 2117 663 2158 non
705 2110 819 2156 tota
863 2100 1063 2157 Christi
1093 2099 1332 2158 Ecclesia
1373 2119 1757 2174 usquequaque

148 2192 368 2256 diffusa,
400 2208 520 2262 quae
545 2193 761 2247 decreta
790 2193 956 2262 ipsius
979 2194 1169 2265 synodi
1211 2195 1263 2249 in
1305 2209 1496 2264 magna
1545 2211 1757 2265 semper

149 2284 483 2343 auctoritate
511 2285 765 2354 suscepit.
797 2284 1160 2340 lndubitatum
1191 2297 1273 2342 est
1293 2287 1470 2355 igitur,
1495 2287 1638 2356 quod
1661 2303 1752 2359 sy-

150 2373 358 2430 nodum
386 2373 882 2445 Cbalcedouensem
907 2391 1015 2430 non
1043 2375 1174 2429 falsa
1212 2376 1448 2444 negatio,
1479 2376 1546 2430 ad
1590 2377 1753 2431 dece-

150 2466 402 2535 ptionem
446 2465 679 2521 facilium
721 2466 789 2520 ab
835 2465 1102 2521 haereticis
1155 2466 1460 2532 adinventa,
1497 2466 1593 2520 sed
1637 2466 1752 2520 sola

149 2555 324 2624 possit
351 2551 643 2608 defendere
670 2553 808 2609 ratio
835 2554 1112 2610 veritatis:
1145 2569 1308 2624 quam
1349 2569 1464 2621 nos,
1501 2550 1760 2608 discussis

149 2644 397 2718 ipsorum
426 2642 803 2697 haereticorum
829 2640 1104 2699 fraudibus
1126 2651 1286 2714 atque
1305 2641 1622 2710 mendaciis,
1649 2643 1756 2701 Deo

149 2733 342 2806 adjuva
351 2741 466 2801 nte,
497 2733 804 2792 reddemus.

789 2868 1018 2925 CAPUT
1057 2871 1141 2928 Ill.

152 2961 308 3027 Quod
364 2962 636 3032 epistolam
693 2962 802 3017 Ibw
842 2963 963 3017 ideo
1011 2965 1330 3033 danmariut,
1356 2966 1478 3031 quia
1518 2966 1646 3020 duas
1695 2967 1750 3020 in

221 3033 432 3088 Christo
485 3045 696 3087 naturas
747 3035 1040 3100 conﬁtetur.
1075 3035 1190 3100 Quo
1236 3036 1450 3090 comitio
1475 3039 1749 3102 episcopo-

219 3120 339 3155 :um
403 3103 806 3169 subscriptiones
856 3105 1092 3170 exigant,
1161 3115 1207 3160 et
1253 3120 1346 3158 cur
1391 3105 1750 3160 danmantium

223 3176 637 3226 communionem
662 3174 759 3242 ipsi
786 3175 1070 3244 refugiant.

224 3280 295 3337 Ut
316 3291 501 3338 autem
527 3283 826 3340 clementiae
853 3292 958 3340 tute
985 3288 1155 3355 magis
1177 3293 1457 3356 appareat,
1481 3285 1621 3356 quod
1643 3301 1750 3341 non

155 3373 381 3428 forsitan
411 3375 589 3430 minus
617 3383 937 3430 occurrente
966 3376 1198 3443 ratione,
1231 3391 1337 3446 qua
1367 3377 1455 3431 illa
1493 3376 1750 3432 defende-

152 3469 306 3517 retur
325 3461 580 3532 epistola,
603 3471 855 3532 negatum
879 3463 948 3518 sit
970 3479 1000 3518 a
1021 3465 1229 3536 synodo
1245 3465 1405 3521 fuisse
1425 3474 1749 3535 susceptam,

153 3552 249 3607 sed
292 3551 478 3624 potius
519 3551 574 3607 in
603 3553 971 3622 prmjudicium
1009 3555 1174 3626 ipsius
1220 3557 1411 3628 synodi
1456 3555 1597 3612 facta
1646 3557 1756 3612 sint

154 3643 339 3696 omnia
369 3657 491 3710 qua:
528 3643 581 3696 in
629 3643 746 3713 ejus
775 3645 1092 3714 purgatione
1139 3646 1413 3701 elaborata
1453 3647 1704 3704 dicuntur
1737 3667 1750 3700 :

154 3731 467 3799 considera,
497 3745 701 3800 quaeso,
725 3741 816 3786 aut
839 3747 932 3788 eos
958 3734 1120 3788 etiam
1150 3736 1241 3802 qui
1269 3735 1393 3788 talia
1421 3736 1757 3805 conscripse-

153 3831 282 3880 runt
308 3822 604 3893 interroga,
637 3838 735 3878 cur
778 3832 930 3878 tanta
975 3824 1029 3880 in
1078 3826 1246 3897 ipsius
1287 3825 1530 3896 epistola!
1570 3843 1755 3898 repre-

153 3913 478 3970 hensionem
521 3915 755 3984 scripta;
790 3931 888 3970 cur
933 3923 1042 3970 tam
1091 3917 1257 3972 multa
1302 3917 1434 3972 vitia
1480 3918 1756 3989 ascripta'

151 4014 302 4069 sunt,
334 4019 437 4060 nec
465 4005 534 4060 ab
572 4006 703 4075 ipsis
749 4005 854 4062 lbae
900 4009 1302 4064 accusatoribus
1329 4009 1628 4080 imputata;
1657 4026 1756 4066 cur

152 4104 438 4169 postremo
464 4095 612 4150 velut
632 4097 793 4167 impia
816 4105 873 4152 et
893 4097 1210 4154 Nestoriana
1232 4099 1610 4156 damnataest.
1637 4101 1754 4156 Non

151 4191 210 4240 et
262 4183 411 4238 istud
463 4183 811 4240 defendendae
856 4187 1047 4258 synodi
1093 4189 1388 4244 necessitas
1441 4188 1714 4260 ﬂagitabat
1737 4232 1754 4259 ,

149 4289 278 4330 cum
304 4273 476 4343 magis
497 4275 740 4330 excusari
762 4275 1026 4343 debuerit,
1049 4285 1110 4331 ut
1132 4279 1294 4333 etiam
1318 4279 1364 4334 si
1384 4281 1756 4336 metuendum‘

149 4366 472 4436 putabatur,
499 4376 728 4437 utroque
751 4365 1078 4423 defensionis
1105 4358 1275 4424 latere
1300 4370 1494 4425 muniri
1520 4371 1756 4442 synodus

151 4459 458 4524 videretur,
483 4473 607 4514 cum
629 4459 871 4515 dicerent
897 4469 951 4516 et
970 4461 1116 4516 illam
1145 4463 1429 4533 epistolam
1453 4479 1561 4518 non
1592 4462 1756 4519 fuisse

1861 1927 1998 1981 libro
2024 1929 2304 1996 posuerint
2348 1929 2486 1984 sicut
2523 1929 2808 1992 habentur,
2861 1931 2954 1984 sed
2999 1946 3117 2000 qum
3162 1931 3472 1987 voluerunt.

1859 2030 1958 2085 pro
1985 2030 2081 2070 sua
2110 2015 2386 2072 voluntate
2419 2017 2821 2088 decerpserint:
2857 2027 3035 2073 tamen
3077 2035 3186 2074 non
3233 2019 3450 2074 dubita-

1857 2112 2052 2159 verunt
2089 2113 2145 2160 et
2185 2106 2290 2161 hoc
2326 2106 2527 2161 addere
2573 2107 2814 2164 dicentes
2854 2125 2866 2161 :
2919 2127 2938 2161 ‹
2983 2107 3211 2180 Oportet
3262 2122 3448 2180 aperte

1859 2197 2125 2268 inspicere
2166 2198 2234 2252 ad
2272 2197 2458 2253 Marim
2497 2199 2801 2269 epistolam,
2844 2202 3024 2255 omnia
3067 2201 3283 2270 quidem
3333 2202 3448 2257 sine

1858 2288 1969 2343 Deo
1996 2296 2052 2342 et
2079 2288 2242 2359 impie
2261 2289 2564 2344 dicentem:
2599 2291 2728 2345 illud
2753 2292 3126 2347 tantummodo
3156 2293 3447 2347 ostenden-

1858 2385 1966 2430 tetn
2010 2377 2169 2444 bene,
2210 2377 2335 2444 quia
2374 2390 2438 2431 ex
2484 2378 2576 2432 illo
2605 2377 2921 2434 Theodorus
2947 2395 3045 2448 per
3071 2378 3345 2435 Orientem
3395 2381 3446 2435 in

1854 2463 2095 2521 Ecclesia
2142 2467 2622 2522 anathematizatus
2650 2477 2750 2522 est.
2789 2485 2811 2520 ι
2845 2467 3050 2523 Vellem
3091 2467 3272 2538 itaque
3315 2470 3444 2523 mihi

1855 2555 2244 2625 responderent
2272 2565 2433 2622 atque
2464 2563 2846 2618 monstrarent,
2877 2571 2984 2610 non
3031 2556 3153 2610 dico
3189 2556 3278 2625 qui
3319 2556 3445 2614 talia

1853 2646 2201 2715 scripserunt,
2233 2644 2336 2713 ipsi
2369 2646 2512 2699 enim
2551 2646 2731 2700 sciunt
2757 2647 2906 2715 quod
2934 2646 3162 2716 egerint,
3212 2647 3306 2701 sed
3356 2647 3445 2705 isti

1852 2735 1944 2804 qui
1971 2735 2167 2790 talibus
2193 2735 2645 2804 subscripserunt,
2671 2736 2943 2805 quomodo
2962 2737 3284 2792 continuent
3301 2737 3445 2807 quod

1857 2827 1943 2883 illa
1976 2827 2204 2896 epistola
2235 2827 2302 2880 ad
2329 2826 2519 2880 Marini
2545 2827 2742 2895 scripta
2771 2828 2954 2882 omnia
2983 2828 3099 2882 sine
3127 2827 3240 2882 Deo
3266 2837 3323 2883 et
3346 2829 3444 2884 im~

1853 2920 1942 2990 pie
1968 2918 2130 2973 dicat.
2162 2917 2299 2974 Num
2324 2917 2488 2972 etiam
2515 2916 2912 2972 confessionem
2948 2917 3176 2978 duarum
3228 2927 3441 2974 natura-

1851 3025 1971 3065 rum
2001 3008 2201 3064 Christi
2229 3007 2601 3064 damnaverit?
2642 3008 2722 3061 An
2754 3024 2862 3062 non
2898 3008 2952 3062 in
2987 3008 3179 3064 eadem
3217 3009 3444 3080 epistola
3473 3055 3475 3057 .

1853 3099 2198 3154 continentur
2245 3098 2361 3153 haec
2395 3099 2560 3153 verba
2595 3115 2608 3150 :
2663 3116 2681 3148 ι
2718 3097 2957 3153 Ecclesia
3003 3099 3147 3154 enim
3190 3100 3270 3154 sic
3319 3100 3475 3161 dicit.

1774 3194 1823 3262 α
1851 3192 1990 3246 sicut
2014 3197 2071 3245 et
2097 3198 2187 3245 tua
2215 3190 2476 3245 sanctitas
2503 3191 2674 3252 novit,
2707 3199 2760 3245 et
2787 3191 2924 3246 sicut
2962 3207 2992 3244 a
3023 3193 3285 3262 principio
3307 3192 3449 3247 didi-.

1855 3282 1950 3344 cit,
1981 3290 2037 3337 et
2055 3280 2373 3337 confirmata
2403 3289 2488 3336 est
2505 3281 2684 3335 divina
2710 3282 2953 3337 doctrina
2983 3297 3050 3337 ex
3080 3283 3230 3337 libris
3258 3283 3445 3338 beato-

1853 3387 1973 3428 run
2001 3371 2248 3439 Patrum,
2275 3371 2396 3425 duae
2423 3379 2658 3435 natura,
2688 3387 2790 3425 una
2820 3372 3009 3436 virtus,
3051 3389 3155 3426 una
3195 3387 3442 3442 persona,

1853 3461 1999 3531 quod
2018 3465 2101 3517 est
2119 3476 2260 3516 unus
2285 3459 2454 3515 Filius
2469 3460 2725 3516 Dominus
2744 3459 2899 3515 Iesus
2914 3462 3176 3518 Christus.
3209 3483 3228 3514 ι
3257 3464 3445 3533 Liquet

1855 3549 2017 3618 igitur
2039 3550 2262 3620 jamque
2280 3549 2322 3615 ⁸,
2353 3560 2612 3620 quantum
2647 3549 2926 3612 existimo,
2952 3552 3114 3605 etiam
3145 3552 3227 3605 his
3253 3554 3446 3620 quibus

1854 3639 1994 3695 forte
2021 3640 2165 3695 aliud
2186 3639 2487 3706 videbatur,
2526 3640 2669 3707 quod
2702 3647 2881 3704 astute
2927 3641 2996 3694 ad
3037 3640 3470 3710 denegationent.

1854 3732 2080 3787 duarum
2098 3731 2298 3787 Christi
2329 3740 2656 3798 naturarum,
2697 3733 2798 3787 sub
2827 3731 3050 3787 obtentu
3085 3733 3264 3788 nescio
3295 3735 3448 3804 cujus

1854 3839 2008 3879 novae
2034 3823 2342 3893 diligentia},
2372 3823 2596 3892 epistola
2626 3823 2715 3878 illa
2743 3822 2994 3878 damnata
3020 3824 3108 3884 sit.
3133 3824 3266 3879 Nam
3279 3841 3446 3894 quare

1855 3913 2098 3969 dicerent
2123 3911 2269 3982 quod
2298 3911 2478 3972 omnia
2507 3912 2625 3967 sine
2653 3911 2766 3967 Deo
2792 3919 2849 3966 et
2875 3911 3040 3982 impie
3067 3913 3232 3980 dicat,
3259 3913 3358 3968 nisi
3389 3923 3446 3968 ut

1857 4003 1987 4059 illud
2039 4017 2258 4074 quoque
2309 4003 2816 4072 complecterentur,
2872 4003 3020 4074 quod
3072 4003 3206 4058 duas
3245 4003 3454 4059 Christi-

1855 4092 2176 4148 contiteatur
2202 4106 2324 4148 esse
2352 4093 2608 4146 naturas?
2648 4091 2726 4146 Ac
2763 4107 2835 4148 ne
2877 4092 3170 4149 secundum
3214 4092 3444 4160 aliquae.

1857 4185 2112 4256 loquendi
2149 4183 2590 4241 consuetudinem
2627 4184 2982 4254 acciperetur,
3009 4184 3154 4254 quod
3198 4184 3452 4265 dixerunt
3473 4209 3480 4222 ~-

1857 4280 2058 4344 omnia,
2106 4296 2214 4335 non
2253 4279 2464 4346 leviter,
2493 4278 2588 4333 sed
2616 4286 2772 4332 caute
2819 4285 2984 4347 atque
3029 4278 3262 4333 sollicite
3297 4292 3361 4332 se
3395 4278 3448 4333 id

1856 4370 2100 4439 posuisse
2117 4369 2439 4437 exceptione
2457 4367 2636 4422 addita
2659 4374 3119 4434 monstraverunt,
3140 4366 3450 4434 adjicientes

1859 4469 2022 4527 atque
2063 4459 2352 4513 dicentes:
2401 4476 2420 4509 ι
2471 4457 2609 4511 Illud
2663 4455 3037 4512 tantummodo
3077 4456 3450 4512 ostendentem

154 4559 484 4621 susceptam,
514 4560 571 4607 et
596 4552 682 4608 vel
719 4553 762 4607 si
809 4562 1060 4622 suscepta
1108 4553 1314 4620 fuisset,
1342 4555 1603 4626 synodum
1645 4571 1753 4611 non
1784 4569 1836 4628 Ι)
1859 4549 2017 4618 bene,
2045 4549 2169 4618 quia
2197 4562 2274 4602 ex
2296 4547 2389 4603 illo
2416 4547 2734 4604 Theodorus
2762 4563 2858 4617 per
2880 4547 3154 4603 Orientem
3186 4546 3240 4599 in
3263 4544 3450 4600 Eccle-

155 4657 279 4696 esse
325 4641 670 4713 culpandam.
712 4642 862 4698 Nunc
907 4653 1086 4699 autem
1135 4653 1435 4714 congerunt
1471 4646 1530 4701 in
1582 4646 1753 4716 ipsam

153 4730 445 4800 epistolam
476 4731 642 4786 multa
679 4733 921 4798 crimina,
945 4732 1207 4803 afﬁngunt
1227 4736 1376 4790 velut
1396 4737 1756 4808 acceptabiles

155 4821 528 4877 damnationis
547 4822 664 4892 ejus
683 4838 897 4891 causas,
916 4825 1061 4893 quod
1090 4825 1158 4880 ab
1181 4825 1446 4882 htereticis
1475 4835 1757 4897 exspecta-

157 4922 269 4968 tum
291 4921 411 4979 est;
434 4921 490 4969 et
504 4913 714 4982 jactant
743 4931 848 4971 non
871 4913 1036 4970 fuisse
1055 4925 1377 4986 susceptam,
1399 4918 1541 4986 quod
1571 4927 1755 4973 osten-

155 5005 292 5060 dere
317 5018 483 5058 nemo
510 5012 712 5073 potest.
751 5004 994 5073 Namque
1023 5020 1145 5059 cum
1180 5006 1425 5059 venirent
1471 5005 1537 5060 ad
1581 5007 1756 5060 locum

159 5095 328 5162 ipsius
352 5093 598 5162 epistola:
625 5093 716 5149 ubi
743 5095 910 5148 refert
943 5094 1082 5159 Ibas,
1113 5102 1169 5148 et
1207 5093 1374 5148 dicit:
1423 5113 1440 5145 ι
1476 5095 1625 5149 Multi
1663 5111 1756 5149 au-

159 5193 289 5247 tem,
321 5191 450 5239 ante
478 5183 668 5240 oculos
707 5199 813 5240 non
859 5183 1119 5238 habentes
1160 5183 1254 5239 Dei
1290 5183 1558 5250 timorem,
1601 5199 1760 5240 occa-

156 5276 313 5330 sione
339 5275 694 5331 ecclesiastici
724 5275 849 5343 zeli,
887 5275 1198 5329 inimicitias
1237 5289 1372 5343 quas
1416 5276 1657 5330 occultas
1702 5277 1755 5330 in

157 5363 419 5419 cordibus
445 5364 557 5420 suis
578 5365 869 5430 habebant,
901 5364 967 5419 ad
998 5363 1247 5419 effectum
1271 5365 1566 5434 perducere
1607 5365 1758 5420 festi-

160 5463 446 5510 naverunt.
510 5453 592 5509 Ex
645 5455 842 5525 quibus
884 5471 1024 5510 unus
1070 5456 1251 5511 existit
1293 5465 1490 5512 nostra:
1534 5458 1762 5516 civitatis

159 5551 444 5617 tyrannus,
481 5561 642 5615 quem
672 5563 770 5603 nec
819 5557 875 5602 tu
919 5549 1032 5618 ipse
1060 5548 1304 5618 ignoras,
1338 5549 1426 5618 qui
1474 5553 1760 5608 occasione

235 5757 251 5787 '
284 5752 424 5806 Cod.
461 5753 680 5816 Vcron.,
711 5755 1138 5822 supientissinms.

230 5828 257 5859 ³
291 5822 443 5878 Idem
474 5823 624 5887 cod.,
648 5826 782 5893 {also
812 5824 1060 5891 ascripta.

1861 4639 1940 4694 sia
1969 4637 2453 4693 anathematizatus
2478 4645 2580 4692 est.
2618 4656 2636 4687 ι
2665 4636 2720 4692 Si
2760 4637 2921 4704 igitur
2948 4635 3041 4690 illo
3088 4634 3470 4690 tantunuuodo.

1863 4737 2111 4799 excepto,
2139 4728 2320 4784 omnia
2345 4727 2461 4782 sine
2488 4727 2603 4782 Deo
2625 4735 2682 4780 et
2702 4726 2868 4794 impie
2899 4724 3046 4788 dicit,
3080 4723 3133 4776 in
3173 4723 3302 4791 ipsis
3336 4717 3453 4775 'om.

1863 4824 2022 4878 nibus
2062 4820 2253 4890 procul
2291 4819 2456 4874 dubio
2495 4819 2658 4874 etiam
2703 4817 2832 4871 illud
2875 4815 3164 4871 voluerunt
3211 4814 3453 4882 intelligi,

1862 4913 2006 4984 quod
2034 4913 2168 4969 duas
2196 4911 2438 4983 professa
2466 4917 2550 4965 est
2577 4907 2776 4965 Christi
2803 4921 2925 4962 esse
2953 4914 3190 4960 naturas.
3215 4904 3332 4960 Non
3361 4921 3454 4960 au-

1863 5014 1995 5070 tem,
2020 5005 2159 5062 sicut
2182 5005 2413 5073 jactant,
2465 5003 2570 5058 hoc
2608 5000 2698 5055 illa
2744 4999 2886 5054 bene
2929 4999 3167 5054 ostendit
3205 4999 3456 5070 epistola,

1863 5098 1990 5167 quia
2020 5111 2087 5152 ex
2116 5096 2208 5151 illo
2225 5092 2542 5150 Theodorus
2571 5107 2669 5162 per
2689 5089 2961 5146 Orientem
2993 5091 3045 5144 in
3071 5089 3305 5147 Ecclesia
3327 5107 3456 5146 aua-

1865 5189 2244 5244 thematizatus
2271 5195 2373 5252 est,
2405 5201 2526 5242 cum
2553 5185 2658 5240 hoc
2676 5185 2744 5240 ab
2766 5201 2872 5240 uno
2893 5181 3091 5238 factum
3116 5181 3343 5249 referat;
3365 5181 3458 5237 sed

1867 5281 1972 5336 hoc
2000 5279 2179 5350 potius
2200 5279 2338 5334 bene
2359 5276 2614 5342 ostendit,
2637 5274 2781 5344 quod
2798 5273 3330 5328 anathematizandus
3349 5288 3455 5326 non

1866 5371 1957 5438 sit,
1986 5384 2147 5438 quem
2177 5383 2316 5423 unus
2336 5364 2710 5422 tantummodo
2730 5363 3184 5419 anathematizare
3203 5374 3455 5432 praesuta.

1869 5462 1992 5534 psit.
2023 5458 2191 5529 Cujus
2217 5457 2690 5529 presumptionem
2736 5454 2782 5508 si
2818 5455 2939 5524 quis
2975 5452 3266 5526 approbat,
3294 5458 3452 5503 aeto-

1863 5570 1954 5610 tos
1983 5551 2216 5608 Orientis
2246 5551 2532 5622 episcopos
2559 5550 2652 5622 qui
2682 5549 2786 5602 hoc
2812 5547 3031 5616 impium
3058 5543 3453 5614 judicaverunt,

1949 5753 1968 5782 ³
1993 5751 2138 5804 Idettt
2169 5749 2314 5811 cod.,
2347 5748 2716 5803 mentiendum.

1951 5822 1970 5851 ⁸
2000 5818 2148 5876 Idem
2177 5818 2328 5884 cod.,
2350 5819 2483 5887 jam.
