3974 6330
432 334 533 388 567

1499 315 1794 375 FACUNDI
1835 316 2042 372 El’lSC.
2089 311 2589 370 .llEliMIANENSlS

3606 309 3716 368 568

429 452 545 505 sine
582 444 916 503 dubitatione
952 443 1292 500 condemnat.
1324 439 1394 496 Ut
1427 448 1609 496 autem
1657 438 1765 493 alio
1798 454 2015 510 quoque
2042 443 2093 500 Α
2119 435 2297 491 chiaui
2321 435 2575 506 quoniam
2604 433 2812 504 privata
2841 430 3204 501 cujuscunque
3225 429 3476 487 voluntas
3499 432 3716 489 univer-

430 540 778 597 ostendamus
803 537 1026 601 indicio,
1054 535 1200 605 quod
1240 535 1307 588 ad
1341 534 1753 603 denegationem
1793 532 2019 587 duarum

429 630 627 684 Christi
655 637 987 692 naturarum,
1017 641 1153 696 quas
1173 626 1226 680 in
1249 634 1546 681 memorata
1564 625 1791 694 epistola
1813 623 2022 679 confes-

428 736 521 774 sus
549 730 632 774 cst
658 719 799 773 idem
824 717 965 787 ibas,
991 718 1307 787 adjecerunt
1333 724 1392 771 ut
1423 716 1665 770 dicerent
1692 731 1809 769 eam
1841 716 2021 770 omnia

428 812 545 866 sine
565 810 677 865 Deo
709 818 765 865 et
792 810 958 880 impie
980 809 1247 864 dicentem
1281 826 1293 860 :
1339 805 1648 872 recordare,
1687 820 1891 874 quaeso,
1920 806 2020 858 im-

427 912 666 976 perator,
698 919 817 974 quae
854 903 1081 958 formula
1110 903 1259 973 prius
1287 901 1414 956 data
1458 900 1623 955 fuerit
1664 900 2025 954 damnationis

428 996 598 1066 ipsius
642 998 906 1068 epistolm,
956 1005 1012 1051 et
1052 1012 1171 1065 qua:
1218 996 1289 1050 sit
1334 993 1496 1049 modo
1524 995 1843 1064 composita.
1889 991 2022 1044 Nam

428 1090 576 1157 prius
603 1088 805 1143 dictum
834 1088 1048 1143 fuerat:
1089 1107 1106 1139 ε
1142 1087 1197 1141 Si
1227 1086 1345 1155 quis
1373 1086 1506 1141 dicit
1546 1094 1749 1141 rectam
1797 1098 1916 1139 esse
1958 1084 2024 1138 ad

432 1180 619 1235 Marini
661 1182 877 1250 impiam
917 1180 1198 1250 epistolam
1244 1194 1365 1249 qua:
1411 1178 1605 1233 dicitur
1652 1178 1719 1233 ab
1764 1176 1854 1231 lba
1902 1190 2024 1232 esse

431 1270 592 1338 facta,
624 1254 716 1326 aut
744 1270 859 1339 ejus
879 1278 1116 1326 assertor
1144 1278 1248 1333 est,
1277 1279 1332 1324 ct
1357 1285 1465 1324 non
1495 1270 1664 1336 magis
1690 1266 2025 1323 anathemati

432 1365 665 1433 subjicit,
704 1374 763 1418 ut
792 1373 917 1434 pote
947 1365 1087 1419 male
1119 1372 1433 1420 tractantem
1469 1369 1712 1416 sanetum
1742 1359 2020 1431 Cyrillum,

430 1457 520 1526 qui
551 1456 679 1512 dicit
706 1457 831 1526 quia
856 1457 995 1512 Deus
1022 1456 1257 1511 Verbum
1281 1455 1450 1510 factus
1474 1462 1556 1509 est
1587 1454 1772 1518 homo,
1801 1460 1856 1507 et
1879 1452 2023 1521 ejus-

431 1545 552 1599 dem
586 1547 755 1600 sancti
789 1545 972 1616 Cyrilli
1012 1545 1295 1600 duodecim
1336 1542 1597 1616 capitulis.
1629 1541 2020 1603 detrahentem,

431 1648 486 1689 et
514 1638 738 1707 primam
769 1614 1091 1707 Ephesinam
1115 1636 1377 1708 synodum
1406 1614 1753 1706 impetentem
1776 1635 1815 1695 ί,
1833 1632 2025 1688 Nesto-

434 1730 571 1783 rium
601 1746 731 1784 vero
758 1728 1170 1795 defendentem,
1204 1729 1509 1784 laudantem
1552 1735 1731 1783 autem
1776 1726 2022 1781 Theodo-

2120 528 2217 584 sali
2259 526 2465 599 synodo
2502 524 2871 595 przejudicium
2912 523 3057 594 quod
3104 538 3318 593 semper
3362 526 3716 594 qumsicrunt,

2121 618 2320 675 inferre
2365 634 2473 673 non
2512 624 2713 688 posset,
2743 615 2798 671 id
2843 622 3069 684 egerunt
3114 631 3213 686 per
3259 632 3388 671 suos
3433 618 3719 688 satellites,

2119 719 2238 766 arte.
2275 725 2382 780 qua
2429 709 2570 764 solet
2617 707 2994 763 lmreticorum
3042 707 3334 761 exercitata
3384 709 3607 773 malitia,
3658 724 3721 766 ut

2121 801 2274 870 quasi
2306 802 2472 856 totius
2498 799 2753 856 Ecclesia:
2776 799 3017 868 judicato
3052 799 3427 854 Nestorianam
3456 817 3576 870 esse
3603 806 3723 874 epi-

2121 891 2314 947 stolam
2341 891 2773 961 comprobarent,
2801 889 2870 944 de
2909 889 3065 958 cujus
3100 890 3412 958 receptione
3442 891 3725 947 universa-

2104 981 2229 1035 .lem
2259 981 2521 1052 synodum
2546 980 2915 1035 criminantur.
2945 978 3079 1034 Nam
3118 980 3222 1033 alia
3252 996 3415 1035 causa
3448 996 3548 1036 nec
3572 984 3724 1037 vide-

2127 1079 2234 1136 tur,
2266 1085 2365 1125 nec
2396 1071 2613 1135 dicitur,
2648 1085 2748 1139 pro
2779 1085 2885 1139 qua
2928 1069 3372 1126 subscribendum
3421 1072 3473 1125 in
3524 1074 3725 1127 multas

2125 1161 2429 1232 provincias
2452 1162 2775 1215 mitteretur.
2801 1160 2954 1227 Quod
2985 1161 3031 1215 si
3061 1170 3116 1215 et
3144 1162 3258 1215 haec
3288 1162 3589 1232 intelligere
3611 1179 3722 1218 non

2126 1268 2432 1321 possemus,
2460 1267 2623 1323 quem
2652 1268 2842 1307 sanum
2867 1252 3085 1307 tandem
3109 1268 3217 1307 non
3241 1253 3576 1321 sollicitaret,
3608 1255 3655 1317 si
3675 1254 3725 1310 ei

2126 1361 2228 1401 nec
2256 1346 2486 1416 petenti,
2516 1360 2618 1400 nec
2646 1345 2844 1414 agenti,
2873 1345 3209 1413 ingereretur
3236 1345 3557 1413 antidotum,
3576 1346 3727 1416 quod

2126 1439 2312 1507 utique
2331 1447 2522 1494 contra
2546 1438 2747 1508 aliquid
2791 1438 2930 1504 dari,
2968 1437 3144 1507 ipsum
3174 1453 3372 1493 nomen
3420 1439 3536 1508 ejus
3585 1439 3728 1493 indi-

2127 1532 2271 1585 cium
2300 1531 2418 1587 est?
2447 1529 2516 1584 Et
2552 1538 2864 1601 propterea,
2910 1529 2956 1583 si
3000 1529 3222 1585 morbus
3266 1545 3375 1584 non
3416 1530 3487 1584 sit
3533 1538 3727 1585 contra

2126 1637 2285 1691 quem
2350 1621 2528 1689 detur,
2575 1636 2685 1675 non
2745 1620 2862 1675 sine
2909 1618 3217 1688 suspicione
3245 1617 3546 1673 auferenda:
3580 1620 3727 1674 salu—

2126 1713 2196 1769 tis
2260 1712 2539 1779 ingeritur.
2615 1709 2771 1777 Quod
2842 1709 2980 1775 tibi,
3051 1709 3305 1778 religiose
3379 1708 3674 1779 imperator
3708 1750 3726 1775 ,

436 1840 552 1877 rum
578 1824 938 1893 Mopsucstim,
969 1826 1254 1878 anathema
1284 1824 1372 1878 sit.
1413 1842 1432 1874 ι
1463 1821 1616 1876 Nunc
1659 1828 1859 1885 autem,
1896 1819 2023 1873 sub-
2054 1806 2101 1865 Β
2130 1820 2236 1860 non
2296 1804 2479 1859 aliena-
2519 1803 2729 1858 ι’θῑίοηθ
2785 1801 3071 1857 suademus
3109 1818 3122 1853 ε
3172 1816 3296 1854 nam
3357 1808 3536 1893 V959“!
3598 1810 3728 1893 sui"

437 1915 595 1969 motis
641 1915 726 1969 his
753 1916 1000 1969 omnibus
1026 1916 1221 1976 causis,
1256 1914 1381 1969 nolo
1427 1914 1606 1968 dicere
1655 1919 1835 1966 utrum
1884 1911 2027 1966 veris

434 2014 525 2057 aut
552 2005 822 2074 qualibus,
853 2021 921 2060 nc
944 2015 1164 2075 propter
1188 2006 1331 2075 ipsas
1366 2011 1573 2057 tantum
1598 2002 1873 2058 videretur
1907 2017 2027 2058 esse

431 2096 708 2162 damnata,
737 2112 799 2151 ac
829 2114 933 2151 non
959 2098 1119 2153 etiam
1152 2113 1250 2167 pro
1297 2093 1634 2151 confessione
1671 2095 1896 2150 duarum
1927 2110 2026 2149 na-

435 2195 674 2241 turarum
705 2187 901 2243 Christi
932 2204 1091 2258 quam
1121 2189 1392 2253 continet,
1422 2196 1613 2256 postea
1646 2186 1766 2242 talis
1787 2187 1910 2241 data
1944 2196 2030 2242 est

434 2277 659 2333 formula
683 2279 1070 2345 subscribendi,
1102 2288 1158 2333 et
1181 2279 1257 2334 sic
1282 2278 1529 2335 absolute
1558 2277 1674 2332 ﬁeri
1701 2287 2027 2347 prteceptum

434 2377 551 2423 est:
592 2388 610 2421 ι
646 2370 702 2424 Si
731 2371 851 2438 quis
880 2370 1010 2425 dicit
1054 2378 1255 2423 rectam
1301 2383 1421 2424 esse
1464 2368 1530 2423 ad
1571 2367 1761 2422 Marim
1810 2369 2028 2438 impiam

435 2461 736 2530 epistolam,
764 2471 857 2516 aut
895 2478 1013 2517 eam
1044 2461 1301 2527 defendit,
1348 2471 1403 2515 et
1449 2476 1558 2516 non
1606 2460 2031 2515 anathematizat

436 2568 574 2618 eam,
606 2554 893 2610 anathema
918 2555 1007 2609 sit.
1039 2575 1056 2607 ι
1083 2554 1218 2609 Cum
1249 2567 1376 2622 ergo
1407 2562 1462 2608 et
1490 2554 1541 2607 in
1565 2553 1731 2622 ipsius
1757 2560 2029 2609 contesta-

437 2644 584 2699 tione
614 2644 734 2699 libri
776 2646 1261 2715 pronuntiaverint,
1292 2644 1434 2713 quod
1464 2644 1644 2699 omnia
1672 2644 1789 2699 sine
1816 2643 1930 2699 Deo
1977 2652 2034 2699 et

438 2735 602 2803 impie
629 2735 792 2803 dicat,
815 2746 871 2791 ct
892 2737 942 2790 in
972 2735 1380 2805 subscriptionis
1402 2734 1630 2790 formula
1653 2750 1813 2803 quam
1844 2744 2029 2804 postea

376 2819 381 2823 ’
437 2835 799 2894 mutaverunt,
831 2828 1149 2882 abstulerint
1188 2826 1321 2881 alias
1362 2826 1763 2897 qualescunque
1809 2825 2034 2880 damna-

437 2914 597 2969 tionis
638 2914 756 2984 ejns
799 2930 1008 2982 causas,
1040 2924 1100 2969 ut
1147 2931 1255 2971 non
1291 2929 1391 2984 pro
1444 2914 1713 2984 aliquibus
1754 2914 2027 2978 damnata,

436 3004 527 3058 sed
556 3021 658 3074 pro
676 3006 923 3061 omnibus
953 3008 1224 3062 videretur
1249 3025 1259 3058 :
1292 3006 1422 3075 quid
1452 3006 1596 3060 aliud
1629 3006 2031 3074 intelligendum

437 3104 537 3157 est.
569 3097 671 3151 nisi
699 3098 821 3166 quia
853 3098 952 3152 sub
980 3106 1240 3167 pl‘IBlCXlll
1263 3096 1409 3151 falste
1431 3096 1720 3164 diligentizc
1737 3094 2031 3151 confessio-

440 3200 562 3240 nem
593 3187 817 3241 duarum
850 3197 1158 3264 naturarum
1178 3188 1376 3243 Christi
1405 3187 1683 3242 destruere
1709 3187 2029 3242 voluerunt?

439 3276 873 3332 Emendavcrunt
902 3289 956 3333 et
978 3279 1102 3343 alia,
1132 3288 1185 3332 et
1213 3280 1389 3333 adhuc
1418 3278 1726 3344 emendant,
1758 3279 1810 3333 in
1838 3279 2029 3335 eodem

439 3370 623 3425 nescio
651 3370 793 3440 quali
830 3387 925 3426 suo
958 3372 1092 3426 libro
1129 3390 1141 3424 :
1190 3372 1234 3425 si
1284 3382 1460 3425 tamen
1500 3370 1811 3426 emendatio
1835 3371 1924 3425 illa
1952 3370 2034 3424 di-

440 3461 608 3515 cenda
638 3471 738 3525 est,
768 3478 864 3530 per
906 3477 1065 3530 quam
1114 3480 1218 3517 non
1262 3462 1502 3517 aufertur
1548 3463 1906 3527 mendacium,
1939 3463 2034 3518 sed

440 3565 685 3623 augetur.
740 3554 887 3609 Unde
931 3557 974 3609 si
1018 3564 1139 3625 post
1181 3556 1318 3611 hanc
1358 3570 1573 3625 quoque
1625 3556 2033 3626 responsionem

442 3655 680 3700 nostram
712 3647 1036 3702 mutaverint
1059 3648 1184 3709 alia,
1210 3648 1365 3702 nobis
1387 3649 1653 3717 imputare
1673 3663 1780 3702 non
1813 3647 2029 3710 debent,

441 3738 593 3806 quasi
633 3736 765 3793 false
795 3738 1299 3807 rcprehcmlcrimus
1327 3754 1447 3808 qum
1478 3740 1547 3795 ab
1592 3741 1670 3795 eis
1698 3740 1854 3794 aliter
1892 3739 2035 3794 dicta

441 3837 585 3881 sunt.
618 3828 672 3883 Si
696 3828 839 3881 enim
868 3828 1155 3897 aliquando
1182 3829 1559 3894 consisterent.
1584 3838 1634 3883 et
1660 3829 1854 3883 mutari
1875 3837 2037 3896 atque

441 3930 654 3972 mutare
684 3918 1016 3985 desinerent,
1049 3933 1287 3985 congrua
1316 3918 1473 3973 dictis
1502 3918 1737 3986 ipsorum
1767 3918 2037 3972 invenire-

442 4018 529 4062 tur
555 4009 718 4064 etiam
744 4018 924 4063 nostra
965 4007 1263 4077 responsio.
1295 4007 1451 4072 Quod
1483 4007 1526 4061 si
1557 4005 1837 4075 quisquam
1883 4006 2039 4061 dolos

444 4114 630 4153 eorum
670 4114 735 4152 ex
780 4100 861 4152 his
908 4113 1026 4166 qua:
1085 4098 1504 4153 memoravimus
1560 4097 1881 4165 investigare
1928 4114 2036 4153 non

443 4189 633 4256 possit,
662 4188 918 4255 quoniam
946 4204 1048 4241 non
1074 4203 1263 4242 omnes
1287 4188 1486 4242 habent
1505 4187 1741 4243 studium
1764 4188 2033 4256 lectionis,

444 4276 530 4330 cui
566 4276 682 4331 sola
709 4277 874 4345 ipsius
918 4277 1038 4332 facti
1090 4279 1451 4335 consideratio
1495 4295 1603 4335 non
1651 4279 1922 4335 sulliceret
1967 4283 2036 4336 ad

444 4369 817 4439 cognoscenda
841 4367 1089 4426 factionis
1121 4372 1381 4428 haereticre
1409 4388 1515 4427 non
1537 4380 1760 4442 experta
1781 4373 2038 4428 consilia?

443 4459 681 4515 Primum
733 4461 876 4530 quod
923 4462 1122 4527 subito,
1179 4474 1233 4518 et
1274 4464 1425 4518 nulla
1470 4463 1662 4518 saltem
1708 4472 2037 4532 provocante

2127 1898 2232 1953 ista
2281 1912 2401 1966 quae
2450 1897 2694 1952 dicimus.
2753 1894 2889 1949 Tum
2942 1894 3086 1948 enim
3136 1907 3260 1948 eum
3306 1907 3407 1962 pro
3460 1889 3729 1947 ﬁrmanda

2128 1990 2215 2044 vel
2270 1988 2501 2058 amplius
2554 1984 2870 2057 publicanda
2936 1982 3387 2040 condemnatione
3448 1980 3727 2036 Theodori

2130 2077 2476 2132 Alexandrini
2501 2076 2528 2113 δ
2559 2075 2895 2143 aliorumque
2945 2072 3221 2137 similium,
3268 2070 3579 2127 beatissimo
3613 2068 3731 2126 Ro-

2131 2184 2293 2224 mano
2333 2168 2587 2237 episcopo
2645 2164 2951 2234 scripsistis,
2980 2163 3085 2218 hoc
3126 2162 3289 2216 etiam
3333 2160 3477 2231 quod
3523 2162 3729 2215 asseri-

2131 2277 2251 2316 mus
2279 2258 2573 2322 addidistis,
2618 2258 2692 2311 ita
2721 2255 2961 2310 dicentes
2992 2271 3004 2307 :
3044 2272 3063 2304 σ
3095 2251 3358 2307 Caeterum
3386 2249 3531 2320 quod
3559 2264 3731 2320 gene-

2088 2400 2091 2401 ν
2132 2352 2246 2407 rale
2291 2349 2466 2404 dicitis
2516 2348 2630 2403 fieri
2672 2346 2870 2402 debere
2916 2342 3239 2407 concilium,
3287 2356 3406 2411 qua:
3443 2340 3601 2409 hujus
3646 2341 3733 2394 rei

2133 2459 2297 2498 causa
2324 2443 2396 2497 sit
2423 2442 2750 2511 ignoramus.
2791 2436 2979 2492 Nullus
3009 2435 3222 2504 ignotus
3256 2433 3522 2503 processit
3548 2432 3735 2487 hatre—

2135 2534 2289 2599 ticus,
2321 2532 2469 2588 nulla
2499 2532 2696 2587 nostris
2719 2537 2803 2583 est
2842 2526 3177 2597 temporibus
3201 2534 3327 2579 nata
3353 2522 3598 2595 perﬁdia,
3624 2537 3735 2578 nec

2134 2624 2335 2693 aliquid
2364 2623 2419 2678 in
2449 2622 2552 2677 ﬁde
2591 2619 2735 2691 quod
2763 2617 3049 2673 retractari
3092 2616 3306 2681 debeat,
3340 2613 3642 2679 invenitur;
3675 2622 3737 2668 et

2135 2716 2389 2772 intulistis
2435 2714 2578 2784 quod
2618 2720 2674 2766 et
2721 2725 2820 2765 nos
2869 2709 2922 2762 in
2965 2709 3069 2763 hac
3113 2722 3272 2761 causa
3316 2704 3589 2759 dicimus:
3621 2701 3739 2769 Qui

2135 2809 2276 2863 enim
2299 2808 2445 2862 sanis
2488 2820 2551 2859 ea
2581 2801 2802 2856 adhibet
2838 2814 2957 2869 qua:
3001 2798 3180 2853 solent
3224 2794 3466 2850 adhiberi
3487 2792 3738 2848 vulneri-

2134 2900 2256 2965 bus,
2288 2913 2395 2952 non
2425 2896 2685 2951 reducere
2714 2892 2881 2961 cupit,
2930 2889 3023 2945 sed
3054 2888 3326 2958 expellere
3352 2886 3666 2941 sanitatem.
3708 2901 3731 2936 ι

2135 2986 2262 3041 llaec
2292 2995 2381 3039 tua
2412 2993 2495 3040 est
2527 2984 2687 3049 ratio,
2733 2980 3077 3036 serenissime
3122 2978 3455 3047 imperator:
3488 2989 3519 3028 a
3550 2989 3659 3043 qua
3686 2974 3739 3029 si

2137 3094 2247 3132 non
2277 3085 2595 3130 avertamus.
2632 3078 2930 3141 aspectum,
2982 3084 3091 3123 non
3121 3065 3268 3121 aliud
3307 3065 3377 3120 de
3409 3078 3576 3120 causa
3602 3077 3742 3134 pra-

2059 3179 2104 3240 α
2134 3171 2273 3226 senti
2299 3182 2584 3240 possumus
2605 3164 2870 3234 judicare,
2900 3160 2999 3214 nisi
3023 3158 3167 3229 quod
3189 3159 3244 3213 in
3272 3154 3741 3212 condemnatione

2134 3266 2296 3334 hujus
2333 3260 2575 3331 epistola:
2615 3259 2851 3311 fautores
2894 3252 3274 3307 lucreticorum
3309 3266 3416 3304 non
3461 3244 3740 3303 reducere

2136 3358 2454 3427 cupierunt,
2508 3350 2603 3407 sed
2642 3347 2915 3417 expellere
2962 3344 3271 3398 sanitatem.
3316 3339 3396 3395 Ob
3444 3339 3554 3395 hoc
3600 3351 3740 3407 ergo

2138 3466 2245 3504 non
2275 3444 2591 3500 abducimur
2620 3440 2753 3493 falso
2784 3435 2938 3490 titulo
2968 3433 3203 3488 nominis
3235 3431 3334 3495 tui,
3367 3437 3425 3486 ut
3455 3443 3580 3498 quae
3607 3427 3741 3482 huic

2137 3554 2269 3595 sane
2308 3535 2506 3591 rationi
2553 3530 2823 3586 contraria
2852 3525 3159 3588 cernimus,
3207 3530 3313 3575 tute
3354 3519 3575 3592 pietatis
3616 3531 3744 3572 esse

2137 3631 2413 3693 dicamus;
2460 3631 2555 3678 aut
2599 3621 2796 3676 talibus
2825 3623 3106 3688 purgatam
3153 3612 3438 3668 credamus
3484 3617 3743 3664 sanctam

2138 3734 2194 3778 et
2239 3716 2597 3775 universalem
2638 3709 2926 3783 synodum,
2975 3704 3130 3776 quasi
3167 3704 3428 3758 hactenus
3475 3699 3742 3769 impura'

2139 3810 2509 3873 remansisset,
2555 3814 2611 3861 et
2638 3800 2908 3859 mendacii
2953 3806 3120 3866 atque
3156 3801 3357 3849 coacta:
3402 3789 3745 3846 defensionis

2140 3904 2403 3972 indigeret
2428 3913 2593 3953 verax
2619 3904 2675 3951 et
2715 3892 2956 3949 omnium
3003 3886 3397 3943 catholicorum
3443 3882 3744 3972 devotione

2142 3971 2404 4052 honorata
2427 4003 2641 4058 semper
2684 3985 2801 4054 ejus
2840 3980 3157 4037 auctoritas.
3189 3974 3433 4041 Quando,
3460 3971 3506 4028 si
3539 3971 3613 4024 ita
3637 3986 3743 4039 pro

2140 4102 2203 4143 ea
2227 4079 2657 4153 respondendum
2681 4071 2949 4128 haereticis
2976 4068 3255 4123 videretur
3278 4066 3318 4129 ’,
3351 4068 3411 4116 ut
3442 4066 3743 4153 negaretur

2141 4178 2285 4252 quod
2314 4152 2602 4247 epistolam
2629 4165 2950 4226 venerabilis
2996 4162 3102 4216 Iba:
3138 4154 3511 4230 pronuntiavit
3549 4152 3747 4252 ortho.

2140 4245 2363 4333 doxam,
2390 4284 2497 4324 non
2525 4267 2736 4321 illorum
2767 4262 2871 4315 hoc
2896 4255 3070 4329 possit
3089 4253 3466 4324 episcoporum
3498 4245 3745 4302 subseri-

2143 4367 2324 4433 ptione
2357 4362 2471 4417 sive
2497 4353 2811 4421 testimonio
2836 4345 3169 4407 conﬁrmari,
3192 4342 3386 4433 quibus
3412 4336 3746 4433 Eutychiani

2142 4430 2187 4514 si
2218 4455 2530 4514 crederent,
2562 4463 2671 4503 non
2701 4460 2761 4513 se
2807 4458 2837 4497 a
2886 4437 3267 4497 communione
3297 4430 3553 4488 Ecclesiae
3581 4443 3746 4500 sepa-

444 4568 603 4607 causa
620 4561 666 4618 η,
695 4562 822 4607 ante
851 4563 1065 4607 centum
1099 4554 1267 4609 ferme
1294 4570 1464 4610 annos
1483 4555 1551 4609 ab
1581 4553 1869 4608 universali
1895 4552 2037 4622 judi-
2067 4546 2114 4603 Ι)
2143 4553 2344 4603 rarent.
2377 4542 2607 4610 Propter
2655 4533 2799 4605 quod
2833 4526 3171 4622 necaliquis
3212 4535 3476 4622 “mill-am“
3499 4532 3747 4622 ιξτορτιιε

444 4653 561 4697 cata
593 4644 823 4699 concilio
853 4645 1161 4698 ventilatur.
1208 4645 1409 4700 Deinde
1453 4645 1596 4714 quod
1634 4644 1760 4698 data
1808 4643 2035 4698 formula

443 4736 811 4789 subseribcndi
853 4751 1012 4803 quam
1056 4752 1163 4791 non
1207 4738 1392 4791 liceret
1436 4736 1718 4801 excedere,
1754 4737 1951 4805 passim
1982 4746 2038 4789 ct

445 4826 751 4892 ubicunque
799 4827 1021 4893 reperti,
1062 4828 1127 4879 ad
1171 4826 1472 4891 augetidnm
1523 4842 1825 4889 numerum,
1858 4825 2036 4879 alieno

444 4916 669 4970 decreto
693 4917 1028 4972 subscribere
1056 4919 1450 4987 compelluntur
1482 4918 1742 4987 episcopi,
1773 4918 1916 4986 quod
1943 4933 2038 4986 per

443 5008 679 5061 diversas
710 5009 1076 5062 circumlatum
1102 5010 1401 5079 provincias
1428 5009 1666 5064 omnium
1697 5008 2034 5063 sacerdotum

445 5098 715 5151 videretur
742 5098 1134 5168 subscriptione
1174 5100 1390 5153 firmari.
1424 5099 1555 5152 Nam
1601 5100 1834 5154 scientes
1874 5098 2036 5168 Euty-

517 5290 540 5316 ιι
571 5276 747 5339 Forte,
779 5278 920 5332 nullo
948 5280 1131 5333 saltem
1151 5284 1476 5345 provocante,
1502 5292 1658 5345 causa
1683 5281 1955 5345 antc.etc.

514 5350 541 5388 ιι
570 5347 837 5412 Monacbi,
867 5349 1079 5416 Opinor,
1114 5344 1254 5400 illius
1292 5361 1322 5400 e
1369 5355 1516 5416 secta
1545 5344 1731 5399 Severi
1780 5344 2026 5416 Theopac

445 5422 650 5482 exhinc,
682 5418 773 5487 qui
821 5412 1008 5471 contra
1046 5416 1411 5487 Themistiumi
1434 5412 2028 5487 Agnoetarurn__princi-

448 5506 566 5555 pom
598 5482 763 5542 libros
791 5488 1004 5557 scripsit
1029 5487 1098 5542 de
1134 5486 1328 5555 quibus
1359 5482 1657 5557 Photiusin
1701 5482 2030 5557 Bibliotheca

446 5552 672 5614 innuero
710 5559 811 5612 ’708
849 5577 862 5613 :
903 5552 1166 5631 Θεοδώροὺ
1204 5559 1498 5626 μονάζοντος
1529 5552 1879 5628 Ἀλεξανδρέως
1910 5554 2033 5607 κατά

522 5735 535 5757 ¹
569 5726 698 5779 Cod.
734 5722 958 5780 Veram,
991 5715 1195 5784 injuriis
1227 5714 1563 5779 ἰηψιξτειιίωηΔ

524 5790 543 5820 ²
567 5794 711 5851 idem
738 5791 888 5857 cod.,
909 5790 1222 5857 impurguta.

2144 4636 2372 4693 testibus
2400 4647 2527 4687 usus
2556 4635 2638 4684 est
2666 4626 2923 4681 adversus
2952 4618 3263 4681 haereticos;
3288 4613 3381 4669 sed
3426 4611 3614 4667 divina
3644 4626 3749 4680 po-

2148 4727 2251 4780 tius
2293 4720 2617 4778 auetoritate
2663 4723 2825 4783 atque
2864 4706 3169 4766 necessaria
3216 4704 3449 4769 ratione,
3496 4708 3554 4756 et
3598 4700 3748 4755 anti-

2143 4834 2371 4893 quorum
2418 4815 2634 4868 Patrum
2674 4804 3018 4866 testimoniis,
3068 4812 3297 4869 quorum
3346 4793 3746 4893 se.noh‘i.senm

2144 4882 2446 4965 doctrinam
2515 4901 2763 4968 accipere
2820 4893 3174 4949 mentiuntur.
3231 4887 3301 4941 At
3348 4885 3497 4940 enim
3541 4882 3749 4936 dicitur

2142 4998 2286 5070 quod
2314 4991 2635 5065 Eutychiani
2680 4986 2918 5057 graviter
2944 4981 3088 5037 beati
3117 4978 3304 5051 Cyrilli
3341 4976 3566 5030 doleant
3598 4974 3747 5070 injn-

2146 5065 2251 5145 rias
2292 5101 2428 5155 quas
2472 5080 2698 5153 epistola
2722 5076 2740 5108 ⁸
2768 5074 3032 5139 continet,
3060 5079 3116 5127 et
3139 5076 3427 5140 propterea
3459 5065 3745 5119 scandali-

2134 5267 2429 5336 Θεμιστίου.
2474 5259 2653 5331 ’Ἄμφω
2701 5257 2755 5311 δὲ
2784 5256 3050 5336 αἱρετεκοί,
3101 5254 3187 5305 καὶ
3224 5257 3330 5332 τῶν,
3366 5249 3751 5336 Osozangrt’o

2137 5314 2333 5407 gigas“
2358 5314 2684 5406 um'sz‘ouor,
2712 5314 2910 5407 Σεϐήίὲῳ
2934 5322 2987 5407 δέ
3010 5321 3493 5407 προσῆνακείμξνςιζ
3526 5314 3747 5407 (ἐβίως)

2133 5382 2683 5460 ﬁbﬁifdd'nétiémué
2716 5414 2728 5448 :
2762 5382 2988 5464 quiade
3010 5382 3302 5464 Theodoro
3335 5382 3500 5464 silent
3530 5384 3652 5449 alii,
3690 5391 3748 5432 et

2133 5456 2416 5531 ju's‘tiniani
2458 5478 2551 5523 aut
2595 5456 2870 5538 pontificis
2901 5460 3125 5516 Romani
3157 5460 3222 5512 dc
3265 5473 3331 5512 eo
3369 5456 3565 5509 litterae
3625 5468 3744 5509 non

2136 5550 2369 5602 CXSlﬂlll.

2214 5696 2231 5726 ³
2264 5693 2409 5746 ldem
2441 5707 2585 5753 coo.,
2611 5688 2889 5745 videbatur.

2212 5764 2230 5795 ‘
2264 5761 2408 5820 idem
2440 5762 2584 5817 cod..
2622 5761 2839 5830 epistola
2872 5757 2984 5811 illa.
