3974 6330
182 262 285 323 εδει

1076 259 1211 318 PRO
1252 260 1669 319 DEFENSIONE
1709 255 1922 312 TRIUM
1954 255 2268 314 CAPITUL.
2303 255 2425 313 LIB.
2471 255 2536 313 ll.

3364 289 3467 344 570

179 388 370 436 tantur
400 378 452 434 in
480 377 709 447 synodo,
742 393 771 432 a
794 393 898 449 qua
923 378 1113 437 dicunt
1133 397 1253 437 esse
1280 391 1607 452 susceptam.
1636 380 1772 447 Quid
1807 381 1847 436 Λ
1878 388 2159 443 venerant,
2193 387 2450 450 tanquam
2478 381 2741 447 viventes,
2765 396 2873 435 non
2901 381 3075 437 solum
3108 398 3213 438 non
3245 386 3470 440 anathe-

178 484 329 539 ergo,
360 470 406 524 si
428 470 807 538 negaverimus
832 486 955 527 esse
970 482 1303 542 susceptam,
1328 474 1551 529 credent
1580 473 1732 527 nobis
1753 475 1777 527 ?

176 571 272 619 aut
302 562 482 629 nobis,
518 560 573 616 id
602 570 685 617 est
709 563 995 620 catholicis
1036 564 1406 632 crediderunt,
1439 573 1495 621 et
1539 582 1645 620 non
1675 566 1776 634 ipsi

177 654 358 725 potius
378 651 631 707 viderunt
659 667 781 709 esse
800 660 1126 724 susceptam,
1158 664 1218 709 ut
1239 655 1367 711 hinc
1392 655 1776 726 expostulent?

176 744 331 814 Quod
360 744 408 801 si
430 745 594 801 etiam
621 745 868 800 dicantur
880 744 1038 800 nobis
1065 744 1362 801 credidisse
1382 747 1507 815 quia
1525 753 1774 815 suscepta

174 849 278 907 est,
310 839 582 909 quomodo
612 838 769 894 nobis
798 838 991 893 iterum
1022 838 1277 904 credent,
1305 838 1349 893 si
1383 839 1624 893 dicamus
1648 837 1774 906 quia

175 941 426 1001 suscepta
456 945 563 985 non
603 930 728 984 est?
773 927 829 983 Si
878 937 1059 983 autem
1099 945 1208 985 non
1238 929 1583 986 crediderunt
1628 928 1779 983 testi-

176 1022 363 1075 monio
391 1028 601 1084 nostro,
631 1018 727 1074 sed
755 1018 857 1088 ipsi
882 1019 1029 1087 quod
1072 1020 1417 1075 manifestum
1447 1027 1530 1074 est
1576 1032 1778 1087 cogno-

175 1119 390 1175 verunt,
422 1110 664 1179 nunquid
694 1110 812 1179 plus
834 1110 1034 1165 nostris
1077 1111 1565 1181 subscriptionibus
1600 1110 1778 1164 credi-

176 1204 282 1257 turi
312 1213 438 1258 suut
458 1218 619 1271 quam
647 1216 759 1256 sua:
784 1202 1019 1257 rationi?
1048 1203 1165 1257 Non
1213 1203 1373 1271 igitur
1401 1202 1779 1257 hmretieorum

175 1296 351 1351 dolosi
381 1294 617 1350 fautores
647 1294 751 1349 hoc
776 1293 991 1347 illorum
1020 1294 1397 1363 episcoporum
1428 1292 1779 1361 subscriptio-

176 1388 337 1442 nibus
380 1386 669 1441 voluerunt
714 1385 966 1450 eflicere,
1016 1393 1075 1439 ut
1122 1385 1575 1440 convincerentur
1615 1383 1780 1455 Euty-

176 1478 354 1534 chiani
383 1477 525 1547 quod
555 1493 661 1532 non
711 1476 872 1531 fuerit
901 1492 930 1530 a
960 1477 1169 1548 synodo
1199 1477 1425 1546 epistola
1459 1476 1779 1531 venerabilis

173 1567 282 1623 Iba;
311 1576 581 1638 suscepta,
610 1566 703 1623 sed
732 1577 790 1620 ut
819 1567 931 1636 ipsa
961 1568 1139 1635 potius
1170 1581 1358 1621 eorum
1385 1567 1669 1635 negatione
1698 1566 1779 1619 vi-

176 1659 402 1714 deretur
437 1674 546 1713 non
589 1658 752 1713 fuisse
797 1657 1161 1728 suscipienda.
1194 1658 1391 1712 Verum
1424 1659 1524 1714 ista
1555 1666 1778 1727 putave-

1878 473 2289 538 matizaverunt,
2323 488 2507 529 verum
2545 474 2706 527 etiam
2741 474 2917 529 adhuc
2964 491 3069 528 non
3116 477 3444 531 anathemati

1875 573 2021 629 zant,
2053 580 2152 619 nec
2180 580 2416 633 unquam
2445 564 2975 620 anathematizahunt
3000 567 3286 635 epistolam
3305 583 3471 623 vene-

1876 655 2061 709 rabilis
2089 654 2210 710 lbzc.
2239 654 2368 721 Qua:
2397 670 2516 710 cum
2560 655 2633 709 ita
2681 655 2806 719 sint,
2849 662 3053 709 certum
3086 666 3171 711 est
3213 658 3355 725 quod
3402 656 3471 712 ad

1876 746 2093 801 eosdem
2135 745 2323 801 Patres
2347 746 2634 801 voluerunt
2680 746 2787 799 hoc
2838 746 3125 800 anathema
3168 748 3471 816 pervenire.

1877 834 2048 889 Porro
2080 842 2136 888 et
2156 834 2258 889 hac
2286 835 2499 888 ratione
2548 835 2818 901 submota,
2861 849 2967 887 non
3012 842 3193 903 potest
3222 847 3465 905 accepta-

1876 926 2057 981 biliter
2101 927 2206 981 dici
2259 928 2404 997 quod
2468 942 2573 981 non
2631 942 2730 991 pro
2774 927 3229 980 condemnatione
3279 927 3473 999 synodi

1877 1020 2338 1076 Chalcedonensis
2361 1019 2429 1073 ita
2462 1018 2766 1074 institutum
2798 1028 2902 1086 est,
2933 1018 3026 1074 sed
3055 1028 3113 1072 ut
3140 1020 3214 1073 illi
3243 1020 3331 1087 qui
3351 1030 3472 1074 sunt

1880 1119 2172 1181 praesentes
2201 1111 2252 1164 in
2303 1126 2532 1179 corpore
2574 1109 2948 1164 tantummodo
2996 1109 3403 1174 damnarentur,
3432 1110 3478 1163 si

1882 1203 2166 1257 anathema
2196 1202 2438 1271 cpistola”:
2470 1203 2573 1257 lbrc
2602 1220 2707 1257 non
2735 1203 3001 1258 dicerent.
3034 1203 3167 1256 Nam
3199 1204 3475 1273 quomodo

1881 1310 1979 1348 nos
2009 1293 2368 1348 condemnare
2400 1309 2702 1363 possumus,
2735 1293 2825 1363 qui
2845 1292 3055 1362 judices
3096 1293 3147 1346 in
3178 1308 3336 1347 causa
3367 1308 3474 1345 non

1881 1386 2109 1451 fuimus,
2142 1384 2245 1439 illis
2274 1383 2524 1439 Patribus
2571 1401 2680 1439 non
2726 1384 3097 1440 condemnatis
3125 1384 3215 1452 qui
3248 1383 3395 1453 prius
3425 1384 3477 1435 in

1881 1494 1981 1533 suo
2001 1478 2206 1546 judicio
2230 1477 2513 1533 recitatam
2546 1477 2788 1532 eamdem
2829 1493 2936 1531 non
2983 1477 3482 1531 condemnavcrunt

1883 1570 2190 1640 epistolam,
2223 1577 2278 1625 et
2299 1584 2530 1639 quorum
2562 1570 2812 1640 exemplo
2853 1584 3042 1625 sumus
3088 1566 3312 1631 inducti,
3345 1574 3404 1620 ut
3430 1565 3479 1621 ei

1885 1677 1983 1717 nos
2012 1676 2227 1731 quoque
2269 1677 2376 1716 non
2431 1660 2736 1716 diceremus
2783 1660 3110 1714 anathema?
3157 1649 3239 1712 Ab
3268 1658 3482 1712 illorum

174 1751 288 1805 rint
316 1747 683 1819 Eutychianos
704 1747 839 1802 falso
868 1756 1053 1803 nostro
1096 1748 1405 1803 testimonio
1450 1746 1775 1815 credituros,
1811 1743 1855 1801 Β
1881 1754 2024 1808 enim
2057 1753 2404 1808 damnatione
2442 1753 2741 1823 procedere
2788 1753 2949 1807 debet
2991 1752 3165 1806 forma
3208 1749 3417 1819 judicii,
3450 1764 3479 1802 a

173 1858 276 1898 cur
310 1842 473 1909 igitur
499 1858 606 1896 non
637 1842 709 1895 ita
738 1841 929 1897 saltem
960 1850 1266 1897 statuerunt
1312 1850 1371 1896 ut
1399 1842 1641 1905 dicerent
1673 1859 1686 1893 :
1718 1840 1777 1894 Si

173 1934 299 2003 quis
322 1933 450 1987 dicit
483 1940 789 2002 susceptam
820 1947 942 1988 esse
967 1946 996 1984 a
1026 1933 1231 2003 synodo
1261 1930 1683 1986 Chalcedonensi
1711 1930 1780 1985 ad

174 2024 373 2077 Marini
419 2022 727 2092 epistolam,
760 2023 1045 2077 anathema
1092 2022 1191 2087 sit;
1231 2022 1326 2076 sed
1377 2021 1546 2091 magis
1589 2022 1777 2076 dicen-

174 2114 310 2168 dum
343 2114 380 2179 ’,
406 2112 462 2166 Si
488 2113 609 2181 quis
636 2112 767 2167 dicit
791 2120 994 2167 rectam
1019 2127 1139 2167 esse
1161 2112 1229 2167 ad
1260 2111 1447 2166 Marim
1470 2112 1774 2183 epistolam,

177 2213 276 2259 aut
327 2205 544 2273 impiam
599 2203 930 2269 defendit',
972 2211 1027 2259 et
1079 2219 1187 2258 non
1243 2203 1780 2258 anathematizaverit

176 2310 326 2361 eam,
355 2296 642 2351 anathema
670 2297 761 2364 sit,
792 2296 895 2352 nisi
922 2303 981 2350 ut
994 2306 1210 2352 sanctos
1239 2297 1332 2366 qui
1354 2311 1474 2351 eam
1514 2297 1567 2351 in
1595 2297 1779 2352 conci-

180 2389 315 2443 lium
341 2390 650 2459 congregati
681 2405 788 2444 non
818 2390 1433 2453 anathematizaverunt,
1468 2390 1577 2443 imo
1604 2397 1661 2444 et
1684 2404 1777 2444 or-

90 2476 135 2531 a
180 2480 477 2534 thodoxam
521 2480 913 2549 judicaverunt,
954 2496 1054 2550 pro
1100 2481 1475 2535 htcreticorum
1504 2480 1780 2535 voluntate

178 2570 542 2625 damnarent?
572 2571 638 2624 Et
664 2570 811 2639 licet,
836 2579 895 2626 ut
922 2587 1020 2626 nos
1037 2571 1102 2625 ad
1130 2571 1639 2627 condemnationem
1661 2570 1780 2639 ejus

176 2662 517 2725 inducerent,
550 2663 822 2717 tinxerunt
851 2662 997 2733 quod
1024 2663 1183 2718 iidem
1219 2662 1407 2718 Patres
1433 2664 1525 2733 qui
1554 2662 1781 2717 Chalce-

177 2753 328 2809 dona
355 2761 725 2808 convenerunt
771 2769 879 2808 non
908 2768 1027 2809 eam
1068 2753 1552 2824 pronuntiaverunt
1588 2752 1779 2807 ortho-

178 2842 405 2907 doxam,
430 2843 499 2898 de
541 2859 649 2913 quo
694 2852 881 2914 postea
928 2844 1288 2913 disquiremus
1319 2861 1332 2895 :
1367 2835 1570 2898 interea
1598 2850 1776 2897 tamen

177 2943 395 2990 certum
425 2942 507 2987 est
534 2934 677 3003 quod
707 2950 829 2989 cum
859 2934 1000 3005 apud
1028 2950 1126 2990 eos
1154 2934 1495 2999 recitaretur,
1519 2949 1626 2989 non
1658 2949 1778 2989 eam

177 3024 628 3080 anathematizari
655 3026 676 3057 ³
704 3025 1077 3081 subdiderunt.
1107 3025 1188 3079 An
1215 3026 1342 3094 quia
1378 3041 1488 3079 non
1523 3025 1778 3094 praeteriti

1885 1860 2114 1914 quorum
2138 1858 2321 1898 errore
2366 1844 2631 1913 processit
2662 1844 2831 1907 forma
2870 1842 3109 1913 peccati;
3143 1849 3198 1895 ct
3224 1840 3483 1910 ampliora

1883 1935 2150 2006 supplicio
2173 1936 2318 2006 digni
2344 1947 2471 1992 sunt
2498 1936 2589 2005 qui
2621 1945 2876 1989 auctores
2911 1950 3071 2004 quam
3103 1934 3195 2003 qui
3224 1948 3483 2001 sequaces

1883 2025 2367 2095 deprehenduntur
2394 2027 2615 2082 erroris.
2639 2024 2773 2080 Cum
2802 2041 2933 2080 vero
2974 2025 3091 2079 hmc
3138 2025 3191 2077 in
3223 2022 3481 2077 condem-

1886 2117 2105 2171 natione
2146 2126 2347 2172 sancta:
2390 2116 2603 2187 synodi,
2654 2130 2754 2186 pro
2800 2114 3179 2169 hmreticorum
3204 2113 3483 2166 voluntate

1884 2207 2193 2262 censuerint
2218 2215 2273 2262 et
2301 2207 2699 2270 constituerint,
2728 2213 2789 2259 ut
2813 2206 2857 2259 si
2880 2204 3001 2274 quis
3028 2219 3136 2257 non
3159 2200 3478 2256 anathema-

1883 2299 2009 2353 tizat
2034 2307 2388 2353 memoratam
2410 2297 2733 2353 venerabilis
2756 2295 2859 2351 lba‘.
2881 2295 3161 2366 epistolam
3190 2292 3478 2348 anathema

1881 2394 1953 2449 sit
1982 2410 1995 2446 :
2029 2392 2341 2457 considera,
2372 2405 2576 2461 quaeso,
2600 2389 2755 2458 cujus
2785 2388 3045 2453 levitatis,
3080 2385 3233 2454 cujus
3279 2385 3472 2439 confu-

1880 2484 2050 2540 sionis
2090 2490 2171 2536 est
2203 2490 2365 2552 atque
2394 2481 2699 2545 dedecoris,
2730 2488 2791 2533 ut
2830 2494 2930 2533 nos
2952 2478 3053 2533 sibi
3082 2475 3487 2533 communicare

1881 2571 2231 2643 compellant,
2258 2578 2639 2640 permanentes
2662 2571 2714 2623 in
2738 2585 2801 2623 ea
2826 2568 3094 2624 sententia
3124 2581 3227 2635 qua
3259 2579 3364 2617 non
3388 2578 3482 2616 so-

1883 2666 1993 2719 lum
2024 2664 2311 2718 anathema
2353 2665 2400 2716 ei
2432 2676 2542 2716 non
2591 2661 2840 2723 dicimus,
2889 2659 2985 2714 sed
3015 2658 3178 2713 etiam
3223 2669 3483 2724 negamus

1880 2772 2000 2813 esse
2027 2756 2335 2811 dicendum.
2380 2753 2479 2809 Ubi
2529 2753 2827 2809 omittimus
2856 2750 3044 2806 dicere
3072 2790 3087 2815 ,
3137 2749 3393 2818 quoniam
3436 2747 3481 2801 si

1883 2846 2346 2905 communicemus
2372 2843 2454 2899 eis
2494 2843 2587 2912 qui
2618 2843 2778 2898 nobis
2804 2841 2916 2911 jam
2965 2840 3216 2893 dixerunt
3260 2834 3484 2890 anathe-

1880 2953 1990 3006 ma,
2023 2952 2129 2991 non
2158 2935 2334 2990 solum
2352 2932 2795 2989 condemnationi
2815 2930 3007 3003 synodi
3026 2926 3485 2983 Chalcedonensis

1882 3026 2421 3091 communicabimus,
2440 3039 2623 3078 verum
2656 3032 2711 3078 et
2740 3022 3037 3077 sententias
3057 3020 3112 3074 in
3140 3034 3242 3074 nos
3270 3033 3479 3073 eorum.

180 3116 449 3185 temporis
476 3116 642 3170 verbo
668 3114 938 3179 dixerunt,
957 3115 1001 3170 si
1029 3116 1149 3185 quis
1170 3130 1279 3170 non
1309 3115 1777 3169 anathematizavit

1889 3121 2002 3189 ipsa
2059 3134 2247 3174 eorum
2304 3116 2791 3173 communicatione
2834 3111 3185 3168 lirmabimus.
3235 3111 3292 3165 ld
3340 3110 3483 3165 enitr.

178 3208 248 3261 ad
278 3206 470 3260 Marim
501 3206 719 3275 impiam
743 3206 1048 3276 epistolam,
1080 3207 1173 3261 sed
1203 3207 1247 3260 si
1276 3205 1397 3276 quis
1418 3220 1524 3260 non
1554 3206 1777 3259 anathe-

176 3296 407 3351 matizat
439 3314 451 3348 :
485 3296 607 3351 ideo
636 3311 743 3350 non
792 3311 892 3365 pro
920 3295 1373 3353 condemnatione
1401 3295 1591 3366 synodi
1622 3294 1783 3350 Chal-

175 3389 506 3447 cedonensis
532 3390 635 3445 hoc
659 3389 996 3443 adinvenisse
1019 3387 1240 3459 putandi
1268 3388 1429 3442 sunt?
1448 3386 1706 3457 Equidem
1736 3387 1781 3441 si

177 3484 287 3537 hoc
334 3498 365 3536 a
415 3480 876 3536 subscribentibus
906 3481 1210 3549 exigeretur
1254 3479 1368 3533 fieri
1392 3480 1435 3547 ⁵,
1482 3487 1599 3533 acta
1624 3488 1651 3515 ιι
1694 3495 1782 3535 res

175 3578 345 3637 esset,
378 3586 479 3627 nec
501 3570 611 3639 jam
638 3572 873 3641 suspicio
894 3572 940 3638 ',
963 3571 1057 3627 sed
1098 3570 1381 3625 manifesta
1422 3569 1781 3625 contradictio

175 3665 475 3718 videretur.
508 3662 578 3717 At
610 3663 717 3718 hoc
744 3663 844 3718 sibi
892 3664 1253 3719 necessarium
1305 3678 1414 3718 non
1462 3676 1584 3718 esse
1611 3664 1780 3717 duxe—

175 3763 328 3818 runt,
356 3770 477 3807 cum
503 3768 719 3822 semper
736 3753 994 3819 dicamus,
1013 3753 1286 3824 Propheta
1311 3754 1461 3819 dicit,
1488 3753 1781 3823 Apostolus

175 3845 331 3909 dicit,
367 3843 703 3911 Evangelista
751 3844 903 3907 dicit,
937 3853 991 3900 et
1022 3847 1355 3901 tantumdem
1384 3847 1564 3902 valeat
1611 3860 1782 3915 quan-

177 3945 295 3990 tum
324 3938 368 3991 si
396 3938 657 4002 dicamus,
706 3938 796 3992 ille
825 3938 907 3992 vel
954 3938 1043 3993 ille
1071 3939 1226 3993 dixit.
1276 3939 1478 3995 Deinde
1518 3940 1662 4009 ipsos
1689 3940 1779 4007 qui

177 4025 531 4081 Chalcedona
560 4037 931 4082 convenerunt
961 4028 1169 4095 Patres,
1221 4038 1276 4085 et
1304 4030 1445 4100 apud
1469 4031 1636 4085 Deum
1661 4071 1677 4096 ,
1726 4040 1781 4085 ct

178 4120 326 4188 apud
354 4134 473 4185 nos,
525 4121 578 4174 in
608 4120 719 4175 suis
768 4120 995 4175 dicimus
1030 4123 1501 4177 constitutionibus
1532 4124 1714 4179 vivere
1761 4142 1773 4176 :

174 4213 330 4280 quia,
360 4212 501 4266 sicut
526 4211 786 4267 Dominus
836 4213 887 4266 in
918 4213 1204 4282 Evangelia
1233 4214 1360 4269 dicit
1392 4232 1405 4267 :
1440 4214 1577 4269 Deus
1602 4232 1777 4269 eorum

177 4318 286 4357 non
322 4312 399 4356 est
429 4302 566 4357 Deus
594 4314 947 4365 mortuorum,
986 4302 1077 4357 sed
1106 4303 1247 4357 Deus
1272 4306 1499 4359 vivorum
1534 4306 1551 4374 (
1584 4304 1775 4359 Matth.

176 4408 315 4456 nn,
348 4392 460 4463 32).
494 4392 648 4459 Quod
696 4394 857 4449 etiam
899 4395 1087 4449 beatus
1122 4393 1255 4459 Leo,
1287 4394 1543 4449 Romana:
1582 4397 1780 4465 prmsul

1885 3211 2049 3267 etiam
2095 3212 2241 3281 ipsos
2291 3209 2538 3265 fortassis
2566 3207 2705 3262 velle
2732 3206 2950 3261 dicitur.
3000 3203 3107 3259 Sed
3152 3204 3257 3257 hoc
3298 3202 3487 3272 potius

1886 3304 2134 3369 dicimus,
2167 3302 2423 3372 quoniam
2454 3302 2499 3357 si
2530 3300 2667 3355 ullus
2691 3299 2833 3370 apud
2863 3314 2959 3353 eos
2988 3305 3135 3352 esset
3180 3297 3373 3351 divimc
3398 3311 3484 3350 re-

1884 3397 2098 3467 ligionis
2126 3395 2211 3452 vel
2241 3395 2467 3450 rationis
2495 3394 2741 3448 humana:
2771 3399 3070 3461 respectus,
3102 3389 3231 3459 ipsis
3260 3402 3479 3457 quoque

1884 3488 2167 3560 profanum
2209 3496 2267 3544 et
2310 3487 2473 3541 nimis
2513 3495 2669 3555 turpe
2696 3484 2868 3538 videri
2908 3482 3134 3543 debuit,
3185 3478 3483 3535 communi-

1884 3578 2057 3635 cando
2087 3578 2242 3633 nobis
2290 3578 2578 3632 anathema
2606 3574 2751 3645 quod
2783 3574 2835 3628 in
2875 3588 2974 3628 nos
3021 3572 3398 3634 decreverunt,
3432 3570 3477 3623 ir

1884 3672 2205 3741 semetipsos
2253 3670 2396 3725 ultro
2457 3676 2801 3723 convertere.
2850 3664 3004 3720 Unde
3068 3664 3200 3719 satis
3246 3669 3472 3731 apparet

1888 3770 2093 3831 quanta
2144 3762 2216 3816 sit
2240 3761 2476 3829 gravitas
2505 3768 2559 3815 et
2598 3766 2801 3828 quanta
2847 3757 3125 3827 integritas
3165 3769 3354 3811 eorum
3398 3752 3489 3823 qui

1888 3850 2347 3907 Chalcedonensis
2402 3850 2618 3905 decreta
2668 3848 2883 3904 concilii
2932 3854 3234 3902 retractare
3276 3858 3483 3914 praesu-

1886 3953 2058 3999 munt.
2093 3943 2328 3999 Proinde
2372 3944 2639 3999 benelicio
2670 3941 2844 4011 magis
2890 3956 3050 4011 quam
3081 3938 3289 4008 injuriae
3316 3937 3485 4007 depu-

1888 4045 2023 4101 tent,
2051 4036 2194 4105 quod
2219 4037 2296 4090 eis
2325 4052 2433 4090 non
2463 4036 2947 4097 communicamus,
2980 4031 3157 4086 donec
3204 4029 3273 4083 de
3299 4027 3480 4083 medio

1887 4131 2079 4185 tollant
2102 4128 2123 4160 ⁸
2153 4129 2293 4184 istud
2323 4129 2634 4195 anathema,
2670 4126 2815 4197 quod
2841 4124 2990 4179 velut
3036 4136 3290 4191 magnum
3318 4120 3487 4175 chaos

1886 4221 2229 4289 interjacens,
2254 4219 2443 4273 dividit
2464 4234 2493 4271 a
2524 4217 2725 4287 popqu
2747 4214 2941 4285 spiritu
2968 4227 3227 4284 paupere,
3249 4212 3302 4265 in
3320 4224 3481 4265 sensu

1884 4322 2125 4385 paterna:
2154 4311 2272 4365 lidei
2301 4319 2357 4365 et
2385 4310 2668 4365 sementim
2695 4309 3005 4378 quiescente
3029 4347 3044 4373 ,
3102 4304 3374 4374 inquietos
3411 4316 3479 4355 ac

1886 4401 2301 4473 superbissimos
2332 4407 2768 4469 pmsumptores,
2799 4397 2893 4466 qui
2921 4396 3022 4452 sibi
3052 4402 3262 4449 tantum
3291 4391 3484 4446 viden—

176 4481 455 4547 Εθοιεείίιῖ,
487 4484 730 4540 scribens
757 4484 1050 4539 Venerabili
1096 4484 1378 4547 Anatolio,
1412 4484 1570 4553 huius
1617 4486 1777 4554 regia
1808 4500 1856 4559 υ
1884 4504 1971 4548 tur
1999 4491 2272 4548 abundare
2315 4490 2581 4559 sapientia
2606 4496 2717 4554 ,rut
2764 4486 3023 4542 ablactati
3064 4498 3227 4554 super
3255 4490 3484 4536 matrem

173 4572 419 4626 civitatis
448 4573 735 4643 episcopo,
764 4574 841 4629 sic
870 4575 1238 4643 accipiendum
1267 4574 1501 4629 insinuat
1533 4592 1546 4627 :
1588 4594 1605 4626 ι
1641 4575 1777 4630 San-

174 4666 273 4728 cti,
307 4665 501 4732 inquit,
534 4666 608 4719 illi
638 4674 693 4721 et
714 4667 1050 4721 venerabiles
1081 4665 1267 4721 Patres
1308 4668 1398 4736 qui
1431 4667 1483 4720 in
1517 4666 1651 4721 urbe
1683 4667 1776 4721 Ni-

174 4771 353 4819 cmna,
395 4757 657 4824 sacrilego
702 4757 831 4811 Ario
877 4771 1000 4811 cum
1027 4771 1124 4811 sua
1166 4756 1447 4826 impietate
1493 4757 1773 4823 damnato,

174 4860 465 4903 mansuras
503 4864 671 4917 usque
720 4849 772 4903 in
822 4847 979 4903 ﬁnem
1030 4847 1213 4902 mundi
1262 4848 1408 4917 leges
1450 4849 1778 4904 ecclesiasti-

174 4953 370 4992 corum
399 4954 661 4991 canonum
693 4938 1067 5003 condiderunt,
1091 4946 1146 4991 et
1180 4938 1321 5006 apud
1347 4953 1446 4992 nos
1483 4947 1539 4992 et
1582 4940 1634 4992 in
1662 4947 1777 4994 toto

175 5032 315 5085 orbe
343 5038 605 5085 terrarum
653 5032 705 5085 in
754 5033 864 5087 suis
907 5033 1380 5089 constitutionibus
1410 5034 1613 5088 vivunt.
1650 5055 1668 5086 ι
1718 5034 1775 5089 Si

178 5126 346 5191 igitur
386 5138 576 5177 omnes
596 5124 933 5179 venerabiles
979 5123 1167 5180 Patres
1198 5124 1250 5178 in
1297 5125 1408 5179 suis
1436 5127 1776 5182 constitutio-

174 5218 340 5268 nibus
370 5215 576 5282 vivunt,
604 5214 846 5283 profecto
871 5216 1031 5270 etiam
1061 5216 1153 5284 qui
1185 5216 1237 5269 in
1270 5213 1612 5271 Chalcedona
1640 5232 1769 5272 con-

243 5393 263 5455 :
310 5387 492 5452 Forte,
520 5389 779 5458 exigerent
801 5389 915 5457 ﬁeri
944 5399 1143 5458 aperta,
1175 5396 1281 5443 ctc.

253 5548 268 5576 '
304 5544 442 5598 Cod.
468 5544 699 5611 \‘eron.,
730 5546 991 5599 dixerunt.

251 5618 270 5644 ‘
296 5614 443 5689 Idem
482 5617 626 5681 cod.,
659 5616 739 5667 Ad
767 5616 955 5669 Marini
978 5617 1187 5686 impiam
1236 5618 1505 5689 epistolam
1545 5625 1631 5671 aut
1683 5616 1769 5670 tle-

166 5686 209 5751 Ῑι
230 5686 369 5744 mtit,
403 5694 508 5738 etc.

248 5755 267 5784 ³
306 5754 459 5809 ldcm
488 5753 631 5823 cod.,
657 5757 996 5810 attat/tentati.

1883 4602 2062 4642 suam.
2088 4582 2340 4637 Ecclesia:
2371 4580 2616 4635 instituta
2669 4584 3039 4640 contemnant,
3072 4590 3194 4631 cum
3224 4573 3485 4645 scriptum

1884 4680 1950 4734 sit
1980 4697 1991 4731 :
2020 4676 2148 4738 Fili,
2181 4675 2385 4730 custodi
2413 4674 2574 4745 legem
2604 4671 2771 4742 patris
2805 4670 2898 4733 tui,
2933 4676 2982 4722 et
3023 4684 3087 4721 ne
3130 4665 3379 4734 repuleris
3403 4666 3484 4717 in-

1884 4772 2064 4823 stituta
2088 4768 2269 4821 matris
2301 4774 2420 4820 ture.
2460 4764 2631 4834 Alliga
2673 4770 2845 4815 autem
2874 4760 2968 4813 illa
3011 4758 3151 4811 circa
3198 4766 3338 4809 tuam
3367 4757 3487 4809 ani-

1884 4877 2023 4913 mum
2051 4876 2270 4927 semper,
2300 4868 2348 4911 et
2377 4856 2642 4909 circumda
2685 4853 2817 4907 collo
2858 4860 2946 4905 tuo
2989 4850 3008 4917 (
3036 4848 3191 4903 Prov.
3217 4864 3289 4911 v1,
3332 4847 3401 4900 20
3436 4848 3482 4913 ).

1890 4949 2231 5017 Rursumque
2263 4966 2275 5001 :
2305 4948 2461 5013 Audi,
2493 4947 2573 5016 ﬁli
2593 4988 2607 5011 ,
2642 4945 2973 5016 disciplinam
3010 4944 3176 5015 patris
3206 4944 3301 5007 tui,
3329 4950 3379 4995 et
3420 4958 3485 4994 ne

1884 5043 2133 5107 abjeceris
2154 5042 2390 5096 instituta
2429 5040 2611 5093 matris
2650 5048 2753 5093 tua:
2784 5054 2801 5093 :
2832 5055 3079 5094 coronam
3107 5036 3247 5091 enim
3283 5036 3481 5106 gratia—

1878 5153 1992 5189 rum
2020 5135 2243 5204 accipies
2274 5144 2359 5187 tuo
2390 5134 2584 5195 vertici,
2608 5142 2658 5186 et
2689 5141 2921 5203 torquem
2939 5146 3153 5184 aureum
3168 5129 3307 5181 circa
3329 5134 3470 5178 tuum

1877 5225 2063 5279 collum
2113 5224 2308 5294 (Prov.
2364 5240 2402 5288 ι,
2451 5225 2483 5277 8
2510 5224 2548 5291 ).
2583 5221 2627 5276 Ο
2674 5231 2941 5293 quantum
2969 5221 3195 5289 malum,
3229 5226 3476 5286 torquem

1962 5549 1978 5579 ³
2010 5548 2154 5621 idem
2180 5552 2326 5619 cod.,
2356 5554 2733 5621 exigerent.....
2772 5560 2974 5619 aperta.

1960 5622 1979 5691 ξ
2010 5618 2151 5691 idem
2185 5618 2332 5689 cod.,
2359 5618 2639 5691 subreptio.

1959 5685 1976 5713 ⁶⁵
2008 5690 2154 5747 ldcm
2178 5685 2327 5757 cod.,
2358 5685 2589 5747 tollatur.
