3974 6330
429 326 529 378 57!

1525 313 1819 370 FACllNDI
1860 312 2068 366 EPISC.
2112 308 2613 364 llEliMIANENSlS

3604 305 3718 361 57f

434 451 655 490 aureum
703 435 843 489 tnola
897 433 1130 488 asinaria
1160 432 1298 486 velle
1327 426 1688 483 commutare!
1719 432 1775 478 ut
1806 425 1895 493 qui
1926 424 2018 477 de—
2054 430 2096 484 A
2126 424 2433 480 sacerdotes
2460 423 2771 492 plauserunt
2796 421 3041 475 manibus
3068 420 3198 484 suis,
3228 430 3283 472 et
3303 419 3534 489 populus
3558 434 3712 474 meus

434 525 640 592 bemus,
671 525 765 580 Dei
794 525 961 595 patris
999 521 1278 591 disciplina
1315 527 1370 573 ct
1415 519 1532 585 lege
1561 526 1796 578 servata,
1840 515 1907 569 de
1935 530 2020 567 rc-

437 616 677 669 verentia
717 627 933 681 quoque
962 610 1149 664 matris
1188 616 1387 662 nostra:
1429 606 1834 669 institutorum,
1866 618 2021 656 coro-

439 722 562 761 nam
587 706 770 774 gratiae
793 706 809 735 ¹
838 704 1087 772 accipere
1115 709 1301 755 nostro
1327 698 1537 762 vertici,
1570 705 1626 751 et
1665 705 1907 763 torquem
1930 709 2027 748 au-

438 816 590 854 reum
620 800 762 853 circa
794 797 993 855 collum
1032 805 1309 859 nostrum;
1355 790 1660 859 abjiciendo
1704 803 1824 856 qua:
1856 796 2028 841 mater

439 900 625 946 sancta
656 892 965 957 constituit,
995 886 1313 943 scandalum
1357 884 1477 953 ejus
1509 881 1632 936 ﬁliis
1674 880 2027 951 praebeamus,

430 996 497 1041 'ct
526 988 824 1042 incidamus
850 986 903 1039 in
928 983 1061 1039 illud
1082 981 1347 1052 judicium
1371 978 1437 1034 de
1464 992 1572 1047 quo
1601 975 1853 1030 Dominus
1870 973 2028 1028 dicit:

453 1076 557 1141 Qui
584 1087 755 1131 autem
802 1072 1234 1130 scandalizaverit
1261 1085 1423 1125 unum
1465 1066 1529 1120 de
1559 1064 1760 1137 pusillis
1793 1063 1909 1117 istis
1948 1062 2034 1131 qui

443 1168 497 1219 in
519 1183 597 1219 me
624 1166 857 1231 credunt,
887 1165 1095 1234 expedit
1120 1164 1167 1217 ei
1186 1169 1243 1215 ut
1272 1156 1618 1231 suspendatur
1637 1153 1774 1209 mola
1802 1152 2038 1206 asinaria

444 1257 499 1308 in
530 1256 661 1309 collo
690 1257 823 1325 ejus,
864 1264 914 1308 et
942 1254 1275 1324 demergatur
1298 1249 1353 1304 in
1383 1244 1699 1319 profundum
1726 1244 1907 1297 maris.
1948 1240 2041 1295 Va:

446 1343 637 1396 mundo
670 1360 700 1395 a
729 1342 993 1395 scandulis
1018 1342 1039 1395 .’
1077 1356 1280 1394 necesse
1307 1345 1383 1391 est
1411 1337 1549 1391 enim
1570 1342 1631 1389 ut
1655 1332 1861 1388 veniant
1884 1348 2041 1385 scan-

447 1434 605 1499 dala;
636 1444 981 1488 verumtamen
1011 1450 1086 1487 ra:
1107 1431 1302 1485 homini
1324 1429 1401 1483 illi
1430 1444 1523 1498 per
1550 1442 1697 1499 quem
1738 1422 2042 1479 scandalum

448 1525 580 1578 venit
629 1521 860 1594 (Matth.
892 1524 1096 1589 xvmﬁ,
1129 1522 1156 1573 7
1185 1521 1202 1591 )
1234 1520 1247 1572 ε
1302 1518 1359 1573 Si
1388 1518 1547 1586 igitur
1588 1531 1754 1570 unum
1794 1512 2043 1582 pusillum

450 1615 809 1669 scandalizare
840 1624 949 1667 tam
973 1627 1132 1680 grave
1153 1620 1255 1678 est,
1274 1618 1333 1664 ut
1354 1608 1521 1676 magis
1546 1605 1799 1676 expediat
1821 1601 2049 1658 scanda-

453 1704 652 1771 lizanti,
684 1706 823 1757 mola
853 1702 1082 1756 asinaria
1113 1700 1255 1757 collo
1277 1700 1392 1768 ejus
1420 1712 1709 1768 suspensa,
1741 1695 1792 1748 in
1823 1691 2044 1762 profun-

2124 518 2311 573 dilcxit
2339 518 2409 570 ita
2439 516 2655 586 (Tltren.
2691 532 2765 582 ιι,
2799 514 2884 579 Η»,
2928 511 3037 582 15).
3070 512 3208 578 Quid
3227 513 3370 567 enim
3409 512 3711 574 minimum,

2127 624 2221 668 aut
2245 613 2373 682 quid
2402 613 2675 667 mediocre
2705 612 2757 665 in
2788 610 2929 664 illis?
2958 623 3174 664 omnem
3204 606 3716 676 supercminentiam

2127 704 2471 774 blasphemia:
2513 703 2782 773 jaculatus
2829 710 2914 757 est
2940 700 3199 756 adversus
3242 711 3461 754 sanctos
3505 696 3730 765 Patres,~

2130 794 2386 849 adversus
2413 810 2600 849 eorum
2630 793 2840 863 priores
2866 794 2885 823 ¹
2921 791 3216 861 apostolos,
3248 790 3507 846 adversus
3540 790 3720 861 ipsum

2132 883 2488 948 Salvatorem,
2508 884 2561 937 in
2592 882 3040 939 resurrectionem
3064 880 3349 936 meditatus
3367 888 3469 934 est.
3499 879 3723 935 Assum-

2133 984 2282 1046 ptam
2309 975 2525 1045 quidem
2562 975 2951 1031 humanitatem
2973 973 2993 1004 ³
3040 987 3110 1027 ex
3150 971 3306 1027 nobis
3347 981 3404 1026 et
3436 987 3539 1040 pro
3563 972 3725 1027 nobis

2136 1068 2373 1137 injuriat,
2406 1068 2639 1124 divinam
2669 1067 2819 1137 ejns‘
2846 1074 3092 1122 naturam
3114 1074 3172 1122 et
3195 1066 3575 1137 impassibilem
3596 1082 3724 1136 pas-

2138 1158 2379 1213 sionibus
2406 1157 2688 1226 subjacere
2716 1156 3014 1213 contendit.
3049 1175 3070 1208 ι
3104 1156 3243 1212 Ecce
3270 1166 3469 1225 quanta
3497 1164 3553 1211 et
3595 1172 3727 1225 qna-

2140 1247 2211 1301 lia
2238 1255 2456 1303 sanctos
2499 1246 2804 1303 Gennadius
2850 1246 2904 1302 in
2953 1247 3170 1303 beatum
3207 1246 3464 1319 Cyrillum
3497 1247 3727 1315 effudit,

2143 1347 2198 1392 et
2220 1338 2364 1392 nulla
2393 1338 2519 1393 hinc
2544 1337 2603 1391 lit
2632 1338 2865 1392 nominis
2893 1338 3011 1406 ejus
3050 1337 3248 1393 invidia
3270 1379 3284 1401 ,
3334 1338 3583 1406 quoniam
3608 1338 3729 1407 ipse

2146 1444 2252 1483 non
2282 1428 2522 1483 interluit
2551 1428 2975 1483 Chalcedonensi
3003 1428 3251 1484 concilio.
3284 1427 3421 1494 Quin
3450 1429 3615 1484 etiam
3638 1445 3731 1483 re-

2145 1520 2414 1590 spondens
2442 1522 2616 1590 primo
2646 1521 2887 1590 ejusdem
2910 1521 3083 1577 sancti
3112 1521 3295 1591 Cyrilli
3329 1521 3584 1591 capitulo,
3615 1537 3729 1590 quo

2146 1611 2316 1665 dixit:
2350 1611 2404 1666 Si
2452 1612 2570 1679 quis
2610 1628 2716 1666 non
2747 1610 3032 1667 conﬁtetur
3076 1610 3241 1666 Deum
3288 1626 3408 1668 esse
3434 1613 3729 1668 secundum

2148 1702 2429 1757 veritatem
2471 1701 2806 1769 Emmanuel,
2845 1710 2903 1756 et
2941 1710 3228 1771 propterea
3273 1701 3367 1756 Dei
3413 1702 3730 1771 genitricem

453 1794 577 1847 dum
608 1796 768 1849 utaris
801 1794 1060 1862 demergi,
1118 1799 1321 1861 quanto
1349 1789 1518 1857 magis
1556 1797 1722 1842 totam
1756 1784 2047 1839 Ecclesiam

2167 1803 2389 1847 ianetam
2419 1793 2688 1860 Virginem
2711 1834 2727 1859 ,
2776 1793 2960 1862 genuit
3004 1793 3148 1848 enim
3196 1793 3482 1847 carnaliter
3508 1808 3741 1848 carnem

455 1885 564 1938 sola
596 1882 963 1953 inquietudine
991 1883 1153 1937 animi
1179 1890 1235 1937 et
1272 1896 1383 1936 non
1414 1878 1626 1934 tacendi
1669 1876 1887 1931 libidine
1913 1890 2044 1930 con-

457 1976 699 2030 turbare!

1070 2085 1298 2142 CAPUT
1336 2084 1419 2141 ιν.

459 2181 611 2245 Quod
637 2180 769 2247 {also
792 2180 1092 2233 damnatam
1119 2195 1151 2231 a
1174 2195 1227 2230 se
1247 2179 1446 2247 jactsnt
1469 2191 1515 2228 οε
1534 2172 1761 2233 istolam,
1783 2170 1905 2241 quia
1950 2168 2050 2247 Cy-

529 2244 706 2303 rillum
738 2253 871 2302 male
917 2250 1174 2311 tractarit,
1215 2244 1333 2299 cum
1379 2246 1612 2298 acerbius
1650 2252 1897 2297 tractatus
1926 2244 2051 2294 sita

528 2319 793 2374 Gennadio
821 2328 867 2372 et
900 2317 1126 2385 Isidoro,
1158 2334 1284 2385 quos
1308 2334 1409 2369 non
1430 2315 1830 2385 reprehxndunt.

530 2454 699 2521 Quale
726 2469 855 2507 vero
886 2452 1014 2509 illud
1036 2459 1118 2508 est
1139 2450 1282 2519 quod
1302 2450 1529 2518 jactant,
1546 2446 1666 2501 ideo
1687 2459 1746 2501 se
1768 2444 2057 2498 damnasse

462 2548 602 2602 hanc
627 2545 929 2615 epistolam,
959 2541 1106 2613 quod
1136 2541 1252 2610 ejus
1280 2539 1618 2608 conscriptor
1636 2536 1880 2591 videatur
1909 2534 1961 2588 in
1991 2546 2056 2585 ea

460 2640 531 2691 de
557 2637 716 2690 beato
743 2635 943 2705 Cyrillo
970 2632 1116 2702 quod
1149 2633 1287 2689 male
1315 2631 1605 2695 sensisset,
1632 2642 1753 2682 cum
1782 2623 2061 2694 scripserit

462 2726 722 2780 adversus
749 2723 999 2777 eumdem
1026 2730 1273 2777 sanctum
1302 2719 1558 2791 Cyrillum
1588 2726 1644 2772 et
1672 2715 1740 2767 12
1765 2713 1883 2782 ejus
1908 2712 2058 2781 capi-

468 2817 602 2878 tula,
638 2816 807 2869 beata:
829 2828 1047 2883 quoque
1073 2810 1347 2867 memoria:
1374 2807 1683 2867 Gennadius
1711 2804 1871 2875 hujus
1901 2803 2064 2872 regiae

465 2906 700 2962 civitatis
721 2906 1006 2974 episcopus
1029 2912 1079 2967 ⁸,
1111 2917 1211 2957 nec
1240 2901 1307 2957 ab
1335 2901 1449 2955 istis
1480 2897 1844 2968 reprehensus
1880 2895 1934 2948 in
1961 2893 2065 2950 hac

466 2997 921 3055 condemnatione
948 2994 1345 3057 denominetur,
1383 2992 1475 3061 qui
1505 2989 1673 3045 multo
1696 2985 2067 3044 vehementius

471 3097 532 3141 et
552 3086 994 3143 contumeliosius
1021 3100 1143 3139 eum
1198 3084 1249 3137 in
1280 3098 1374 3137 sua
1404 3079 1755 3153 responsione
1778 3076 2068 3132 tractavit?

477 3178 605 3233 Nam
655 3178 733 3232 sic
777 3175 1034 3231 adversus
1082 3189 1204 3228 eum
1247 3172 1424 3227 dicit:
1464 3189 1483 3222 ι
1508 3169 1596 3223 Vae
1644 3168 1773 3225 mihi
1801 3182 1831 3220 a
1872 3164 2063 3219 malis:
2094 3166 2140 3227 (ζ

479 3278 603 3336 heu,
636 3270 769 3327 heu!
805 3269 945 3323 unde
970 3268 1111 3327 enim
1149 3266 1431 3335 quisquam
1477 3262 1529 3316 in
1559 3260 1809 3331 praesenti
1851 3256 2070 3312 aliunde

480 3370 655 3417 smnat
682 3360 1000 3415 exordium?
1043 3356 1239 3424 Quales
1266 3354 1450 3426 Cyrilli
1480 3351 1739 3424 Egyptii,
1770 3359 1824 3405 et
1844 3355 2071 3418 quantas

483 3452 839 3520 blasphemias
868 3449 1088 3513 incurri,
1120 3454 1177 3502 et
1204 3454 1433 3515 quantas
1459 3440 1821 3513 blasphemias
1844 3438 2019 3492 audivi
2048 3437 2061 3489 Ξ

483 3542 609 3609 Quis
639 3556 823 3597 revera
853 3539 943 3594 det
985 3538 1149 3608 capiti
1195 3552 1318 3592 meo
1363 3550 1587 3605 aquam,
1640 3542 1694 3588 et
1723 3530 1895 3586 oculis
1940 3527 2073 3583 meis

484 3633 683 3692 fontem
714 3632 1104 3703 lacrymarum?
1142 3638 1199 3684 et
1221 3628 1447 3699 plorabo
1484 3625 1625 3683 istud
1655 3625 1740 3679 die
1784 3632 1841 3679 et
1867 3630 2025 3676 nocte
2058 3640 2070 3673 :

487 3726 737 3795 quoniam
767 3723 1011 3778 extendit
1038 3721 1221 3789 lingua
1249 3719 1366 3789 ejus
1394 3717 1753 3781 mendacium,
1797 3724 1855 3770 et
1880 3729 1985 3767 non
2014 3711 2075 3765 li-r

488 3817 641 3882 dem;
673 3814 1009 3872 confortatus
1034 3820 1117 3867 est
1163 3825 1327 3881 super
1354 3819 1553 3869 terram
1584 3805 1733 3878 (Jer.
1768 3821 1842 3870 ις,
1870 3801 2028 3870 {-5)
2059 3818 2074 3867 ;

488 3926 555 3964 ex
603 3918 755 3963 certo
797 3922 904 3975 pax
949 3902 1320 3975 peccatoribus
1364 3898 1630 3967 deceptio.
1690 3894 1917 3963 Propter
1974 3894 2078 3945 hoc

490 4000 633 4055 enim
662 3997 894 4052 obtinuit
921 4011 1035 4062 eos,
1069 3993 1260 4062 inquit,
1289 3988 1541 4058 superbia
1570 4002 1756 4040 eorum
1802 3984 1852 4036 in
1882 3984 2038 4035 linem
2063 3998 2078 4046 ;

491 4091 863 4156 cogitaverunt
882 4095 936 4139 et
957 4086 1118 4139 locuti
1148 4090 1271 4136 sunt
1292 4081 1345 4134 in
1373 4077 1726 4147 malignitate,
1746 4074 2083 4144 iniquitatem

493 4185 544 4237 in
573 4182 738 4234 altum
768 4178 932 4232 locuti
960 4184 1115 4241 sunt;
1138 4180 1434 4245 posuerunt
1460 4172 1510 4227 in
1541 4168 1681 4224 cmlo
1710 4182 1773 4221 os
1810 4181 1991 4228 suum,
2029 4172 2086 4217 et

496 4276 672 4342 lingua
703 4286 886 4326 eorum
919 4268 1167 4323 transivit
1194 4282 1358 4335 super
1387 4273 1585 4318 terram
1611 4264 1631 4333 (
1655 4259 1998 4318 Psal.'1.xxn,
2030 4255 2083 4318 6,

498 4366 550 4429 Β,
583 4367 660 4434 9).
694 4362 993 4417 Psalmistze
1021 4358 1121 4417 ista
1153 4366 1307 4423 sunt;
1339 4351 1585 4411 Jercmia:
1606 4362 1786 4405 autem
1814 4347 2089 4425 prophetae

497 4458 587 4516 illa
616 4458 808 4527 prima.
842 4455 1019 4525 Euge!
1051 4472 1084 4511 ο
1106 4455 1265 4513 beate
1294 4451 1458 4507 Paule
1487 4467 1499 4502 :
1546 4448 1863 4517 Exsurgent,
1894 4442 2087 4512 inquit,

2147 1885 2343 1941 factum
2375 1884 2468 1939 Dei
2501 1885 2761 1951 Verbum,
2793 1885 3078 1939 anathema
3106 1884 3204 1950 sit;
3236 1884 3312 1937 ita
3339 1884 3393 1937 in
3421 1899 3544 1945 eum
3576 1884 3733 1938 inve-

2148 1985 2268 2034 ctus
2295 1987 2377 2033 est
2422 1996 2435 2031 :
2488 1996 2505 2029 ι
2536 1977 3113 2032 Anathematizaturus
3158 1984 3240 2031 est
3266 1983 3319 2029 te
3351 1976 3523 2043 Deus,
3555 1977 3738 2046 paries

2149 2068 2396 2124 dealbate
2427 2068 2583 2137 (Act.
2617 2083 2768 2134 χχιιι,
2792 2065 2865 2138 3)
2918 2084 2931 2120 :
2973 2066 3325 2135 justissimum
3368 2067 3512 2121 enim
3540 2076 3627 2121 est
3656 2076 3749 2133 te,

2151 2161 2396 2216 similiter
2421 2160 2642 2215 Ananiae
2666 2158 2969 2214 Judteorum
2997 2158 3226 2228 principi
3253 2157 3597 2213 sacerdotum
3625 2158 3735 2212 lin-

2152 2267 2310 2321 gnam
2337 2250 2596 2306 adversus
2617 2249 2906 2318 discipulos
2932 2248 3128 2304 Christi
3153 2256 3477 2313 movente,
3502 2250 3739 2305 similem

2154 2346 2222 2399 ab
2251 2344 2332 2401 eis
2373 2342 2791 2412 indignationem
2839 2342 3094 2409 experiri,
3122 2360 3141 2394 ι
3193 2351 3251 2398 et
3283 2350 3499 2407 ezetera,
3534 2357 3657 2411 qua
3682 2343 3741 2397 in

2155 2436 2349 2493 eodem
2376 2450 2567 2506 opere,
2612 2434 2658 2490 si
2701 2433 2823 2503 quis
2846 2433 3016 2499 volet,
3046 2433 3303 2487 inveniet.
3348 2432 3456 2488 Cur
3492 2433 3656 2501 igitur
3686 2435 3749 2489 in

2158 2529 2263 2584 hac
2290 2527 2496 2583 ultione
2519 2568 2537 2595 ,
2566 2525 2704 2581 sicut
2748 2524 2964 2586 dicunt,
2994 2522 3307 2592 injuriamm
3360 2524 3501 2577 beati
3530 2523 3740 2595 Cyrilli,

2159 2635 2269 2675 non
2295 2619 2467 2686 magis
2493 2617 2669 2673 sancti
2704 2614 2964 2671 Gennadii
3011 2629 3207 2673 nomen
3229 2653 3249 2679 ,
3290 2621 3345 2667 et
3372 2629 3473 2683 pro
3508 2614 3593 2668 sui
3632 2615 3744 2669 loci

2162 2710 2505 2771 auctoritate,
2552 2708 2705 2777 quasi
2752 2706 2914 2775 regite
2958 2704 3188 2761 civitatis
3233 2704 3493 2773 episcopi,
3538 2713 3597 2758 et
3642 2720 3745 2774 pro

2162 2800 2602 2857 maledictionum
2647 2806 2812 2868 atque
2862 2796 3304 2861 contumeliarum
3359 2796 3749 2863 magnitudine.

2163 2892 2485 2949 ventilatur!
2509 2890 2663 2957 Quod
2711 2890 2759 2947 si
2800 2889 2906 2945 hoc
2952 2887 3444 2948 consideraverunt.
3491 2886 3756 2954 quoniam

2169 2986 2292 3041 talia
2320 2984 2629 3040 Gennadius
2655 2980 2722 3036 de
2746 2979 2946 3051 Cyrillo
2976 2994 3083 3034 non
3103 2979 3382 3043 scriberet,
3396 2978 3498 3032 nisi
3522 2978 3758 3033 dicentis

2169 3076 2524 3131 intentionem
2544 3073 2722 3129 minus
2750 3069 3103 3127 intellexisset
3134 3087 3147 3122 :
3174 3069 3312 3123 hanc
3345 3068 3666 3137 prudentem
3704 3076 3759 3123 et

2174 3164 2315 3235 piam
2345 3160 2836 3218 considerationem
2882 3172 2984 3226 ego
3030 3172 3245 3227 quoque
3289 3157 3546 3227 suscipio.
3580 3158 3763 3213 Potuit

2172 3254 2316 3310 enim
2347 3261 2401 3308 et
2430 3253 2544 3321 ipse
2566 3250 2633 3305 de
2657 3248 2957 3305 Christiana
2985 3248 3245 3316 religione
3284 3261 3406 3315 quae
3449 3254 3601 3301 recta
3636 3257 3764 3302 sunt

2174 3345 2418 3410 credens,
2453 3358 2561 3397 non
2591 3341 2923 3397 intellectum
2950 3341 3166 3396 beatum
3196 3338 3454 3409 Cyrillum
3482 3338 3631 3392 bona
3679 3338 3763 3392 in-

2174 3433 2417 3487 tentione
2455 3430 2709 3500 culpare,
2759 3436 2816 3484 ct
2860 3428 3058 3484 bonam
3104 3427 3363 3482 damnare
3408 3428 3767 3483 intentionem

2175 3522 2484 3577 damnabile
2510 3520 2877 3582 crediderunt.
2907 3518 3065 3586 Quod
3106 3519 3282 3573 sithoc
3322 3517 3483 3573 etiam
3513 3517 3768 3573 conside-

2176 3622 2452 3678 raverunt,
2483 3612 2743 3681 quoniam
2768 3612 2815 3667 si
2851 3626 2916 3666 ea
2962 3596 3083 3679 qua:
3106 3617 3232 3664 ante
3276 3615 3490 3664 centum
3522 3610 3709 3662 annos
3737 3623 3767 3659 a

2176 3711 2338 3766 beato
2366 3708 2649 3765 Gennadio
2672 3707 2874 3776 scripta
2896 3713 3043 3772 sunt,
3059 3702 3222 3757 modo
3251 3699 3769 3761 condemnarentur,

2180 3801 2233 3855 in
2272 3797 2736 3870 reprehensione“
2778 3796 2943 3853 totius
2988 3791 3242 3848 Ecclesiae
3289 3789 3462 3851 ﬁeret,
3503 3803 3629 3857 qua:
3669 3788 3774 3841 hoc

2181 3902 2307 3945 ante
2331 3906 2439 3945 non
2461 3890 2590 3945 fecit
2622 3906 2637 3944 :
2666 3888 2774 3947 hoc
2796 3899 3013 3955 quoque
3038 3882 3311 3951 sapienter
3332 3887 3496 3947 atque
3525 3878 3775 3932 modeste

2182 3981 2580 4037 consideratam
2604 3992 2743 4044 esse,
2760 3977 2805 4033 si
2832 3976 2953 4045 quis
2973 3973 3189 4043 sapiens
3214 3978 3269 4025 et
3289 3968 3587 4031 modestus,
3603 3980 3773 4034 agno-

2184 4081 2298 4128 scet
2323 4073 2362 4126 ⁸.
2393 4071 2501 4127 Sed
2527 4084 2695 4140 quare
2722 4083 2830 4122 non
2861 4063 3090 4134 amplius
3116 4062 3223 4116 hoc
3243 4073 3405 4128 super
3423 4055 3660 4125 cpistola
3680 4070 3773 4107 vc-

2187 4165 2441 4221 nerabilis
2459 4164 2563 4218 Iba:
2605 4159 3005 4217 consideratam
3036 4162 3120 4226 est
3141 4194 3157 4219 ,
3207 4166 3347 4220 qum,
3374 4158 3432 4202 ut
3461 4162 3573 4201 non
3599 4146 3787 4225 dicam

2188 4255 2257 4311 ab
2286 4253 2573 4309 universali
2612 4250 2817 4321 synodo
2865 4246 3160 4317 approbata
3208 4250 3292 4297 est
3314 4282 3331 4309 ,
3362 4247 3517 4293 certe
3547 4235 3777 4291 recitata

2190 4348 2299 4402 illic
2323 4345 2641 4409 ostenditur,
2696 4356 2797 4398 nec
2839 4337 3141 4399 ostenditur
3184 4332 3469 4393 abdicata,
3526 4328 3632 4380 nisi
3660 4325 3783 4393 quia

2192 4456 2290 4511 pro
2320 4436 2689 4494 destructione
2730 4432 2895 4503 ipsius
2941 4427 3173 4499 synodi,
3222 4433 3280 4479 et
3305 4438 3412 4476 non
3456 4436 3561 4489 pro
3588 4418 3785 4485 injuria

498 4556 549 4607 et
576 4508 642 4604 ei
682 4548 827 4605 rubis
858 4508 985 4618 ίμέἓὲ
1029 4508 1128 4601 viri
1152 4510 1417 4617 (acuentes
1444 4556 1682 4610 perversa
1709 4508 1808 4605 ,ναι
1837 4508 2097 4587 abducant
2128 4508 2367 4600 Dipsius
2394 4528 2598 4599 Cyrilli,
2641 4524 2795 4593 quasi
2825 4520 3047 4591 profana
3094 4518 3345 4573 damnata
3392 4513 3508 4569 eSt?
3539 4508 3787 4618 Denique

500 4640 777 4710 discipulos
800 4649 914 4710 post
940 4654 993 4693 se
1024 4638 1162 4706 (Act.
1196 4652 1287 4699 xx,
1314 4630 1536 4703 50).V:c
1566 4628 1707 4684 malo
1737 4622 2097 4681 Alexandriae.

501 4731 747 4786 familiari
778 4729 915 4798 ejus,
945 4739 999 4785 et
1024 4728 1244 4798 proprio
1278 4726 1393 4795 jam
1435 4722 1520 4778 isti
1545 4718 1805 4787 secundo,
1834 4731 1953 4785 quae
1975 4728 2097 4781 cor-

1642 4828 1654 4863 :
1700 4826 1768 4864 ex
1792 4782 1934 4862 “toto
1988 4805 2099 4874 jam
2137 4833 2143 4838 -
2201 4804 2299 4859 sub
2329 4802 2482 4868 hujus
2505 4799 2721 4854 ultionis
2748 4797 2970 4853 obtentu
3000 4791 3246 4847 similiter
3275 4782 3751 4855 reprehenderunt
3780 4790 3796 4834 ;

505 4831 659 4891 rupta
686 4821 985 4889 ploremus,
1033 4833 1259 4888 qumque
1295 4813 1592 4884 corrumpit

507 4913 819 4983 mysterium
867 4911 1192 4978 iniquitatis,
1247 4917 1303 4965 et
1340 4921 1529 4962 vereor
1556 4918 1622 4960 ne
1652 4901 1789 4955 forte
1826 4913 2097 4965 nunquam

508 5002 599 5071 qui
629 5010 777 5057 tenet
806 5000 875 5054 de
904 5000 1082 5054 medio
1132 5000 1222 5054 liat
1251 5000 1267 5068 (
1294 4998 1355 5055 11
1382 4997 1561 5050 Thess.
1590 5010 1646 5057 ιι,
1678 4992 1707 5044 7
1735 4987 1775 5059 ).
1814 4988 1958 5056 Euge
2006 4985 2092 5040 Je-

513 5092 693 5148 rcmize
720 5093 993 5161 propheta:
1020 5090 1032 5143 !
1066 5090 1210 5146 Idem
1243 5091 1313 5144 illi
1343 5087 1462 5142 voci
1487 5084 1715 5140 exstasis
1744 5079 1994 5134 terribilis
2019 5077 2097 5131 fa-

514 5194 600 5239 cta
629 5191 712 5237 est
732 5199 893 5253 super
918 5192 1115 5238 terram
1156 5201 1169 5236 :
1219 5180 1498 5249 Propheta:
1529 5175 1852 5247 propliclaut
1880 5170 2057 5238 iniqua
2083 5187 2097 5230 ς

592 5325 619 5354 ι
640 5317 934 5371 Successor
963 5314 1215 5373 Anatolii,
1247 5312 1313 5367 ad
1358 5326 1516 5380 quem
1559 5310 1757 5377 scripta
1787 5303 2101 5380 estuLcoaif

519 5388 743 5457 epistola
768 5387 1078 5441 centesima.
1115 5384 1280 5457 l_lnjus
1305 5374 1735 5457 loeutnaltcrnm
1763 5393 1829 5431 ex
1857 5375 1949 5457 lib.
1982 5390 2015 5426 ιι
2038 5374 2100 5457 ad

523 5443 866 5514 l‘lartltenium
898 5457 1098 5526 profert
1128 5443 1384 5508 Leontius
1403 5454 1453 5506 in
1487 5453 1616 5504 locis
1644 5444 2016 5502 communibus
2039 5443 2103 5495 de

597 5596 613 5627 ¹
646 5593 782 5651 Cod.
814 5592 1039 5654 Veron,
1070 5589 1371 5658 gratiarum.

600 5668 617 5696 ³
650 5665 790 5718 Idem
815 5663 958 5723 cod.,
982 5661 1287 5729 superiores.

602 5735 621 5764 ³
652 5736 791 5786 llent
819 5722 962 5795 cod.,
994 5722 1653 5793 humanitatemrunigcnili.

613 5808 629 5834 "
655 5804 800 5858 idem
831 5804 975 5867 cod.,
1004 5811 1175 5856 autem
1198 5799 1329 5857 eius.

2203 4599 2365 4678 etiam
2407 4621 2547 4674 dicta
2577 4615 2896 4673 venerabilis
2942 4608 3266 4670 Theodoreti
3306 4603 3552 4676 episcopi
3589 4599 3786 4670 Cyrri,

2202 4715 2257 4768 in
2284 4712 2473 4782 quibus
2502 4708 2768 4765 contraria
2803 4704 3003 4759 dicitur
3025 4699 3305 4768 scripsisse
3330 4698 3493 4749 beato
3544 4690 3771 4761 Cyrillo,

2206 4904 2260 4949 et
2288 4894 2357 4947 ob
2404 4894 2507 4945 hoc
2534 4905 2657 4943 eum
2684 4888 2927 4942 volentes
2957 4882 3128 4937 videri
3172 4876 3493 4941 notabilem,
3521 4871 3652 4941 quia
3681 4873 3794 4939 ipse

2208 4981 2345 5036 inter
2379 4980 2513 5034 alios
2562 4977 2749 5031 Patres
2795 4963 3410 5035 adluitCltalcedonensi
3450 4959 3710 5023 concilio,
3736 4968 3799 5011 et

2206 5075 2349 5130 beati
2384 5072 2576 5131 Leonis
2594 5067 2876 5138 epistolam
2904 5078 3064 5132 quam
3090 5054 3405 5128 Eutychiani
3427 5051 3794 5107 anathemati-

2208 5172 2350 5228 zant,
2405 5176 2526 5218 cum
2574 5160 2643 5214 ibi
2692 5157 3051 5225 relegeretur,
3103 5145 3475 5206 dubitantibus
3528 5140 3798 5211 episcopis

2205 5299 2419 5367 Origine
2449 5297 2790 5367 animarum,
2839 5289 3093 5367 Γενναδιξος.)
3125 5280 3692 5343 Κωνσταντινονπόὴυς
3745 5274 3801 5325 έι

2208 5360 2447 5445 τοῦυπρὸς
2478 5370 2728 5439 Παρθένιον
2757 5360 2994 5420 δευτέρου
3022 5360 3187 5428 λόγου.

2289 5572 2308 5600 ⁸
2334 5569 2473 5620 Idem
2505 5565 2624 5618 cod.
2643 5602 2657 5625 ,
2686 5558 3153 5631 reprehensionem.

2290 5642 2309 5671 °
2336 5618 2489 5690 ldum
2535 5618 2692 5699 cudi,
2735 5618 2845 5702 quis
2892 5627 3098 5697 sapiens
3144 5630 3191 5674 ct
3244 5619 3501 5671 modestus
3550 5618 3788 5680 ignoret;

2219 5710 2341 5764 Sed.
2374 5718 2475 5761 εις.
