3974 6330
491 334 597 391 575

1596 330 1896 389 FACUNDI
1935 329 2148 391 EPISC.
2187 329 2698 387 HERMIANENSIS‘

3676 336 3788 393 57$

490 452 730 508 siderare
758 451 1072 522 dignemini,
1133 450 1226 504 illo
1258 447 1414 504 vobis
1467 448 1482 479 ί
1536 448 1815 517 aperiente
1861 462 1956 502 cor
1993 460 2088 501 ve—
2117 457 2162 514 Α
2191 463 2300 502 non
2335 448 2509 503 solum
2541 448 2835 504 auctoritas
2860 447 3032 502 beata:
3059 447 3335 502 memoria:
3363 447 3618 519 principis
3645 449 3788 506 Mar-

492 553 685 610 strum,
716 553 771 600 et
807 544 1093 600 claudente
1141 541 1580 612 subreptionibus
1634 541 1942 610 impiorum,
1971 541 2085 609 qui,

488 636 627 691 sicut
675 636 934 705 scriptum
980 644 1062 688 est
1090 651 1104 688 :
1137 633 1364 689 Sanctus
1411 642 1462 688 et
1509 649 1656 688 verus
1706 631 1858 686 habet
1891 633 2086 685 clavem

489 724 694 792 David;
731 738 779 780 et
800 730 884 796 qui
914 731 1111 800 aperit,
1141 738 1189 783 et
1229 746 1382 784 nemo
1409 730 1642 794 claudit;
1674 738 1723 782 et
1749 730 1836 800 qui
1864 728 2081 790 claudit,

486 829 540 871 et
587 833 736 872 nemo
765 819 930 888 aperit
962 819 1144 891 (Apoc.
1178 835 1254 884 ut,
1289 819 1382 890 7):
1428 820 1542 889 ipsa
1593 833 1772 873 rerum
1811 827 2083 886 gestarum

487 911 754 966 evidentia
783 913 1122 980 cognoscetis
1149 913 1293 982 quod
1341 912 1394 967 in
1423 912 1838 967 evacuationem
1889 910 2082 965 decre-

489 1012 664 1056 torum
712 1005 902 1074 synodi
945 1002 1400 1060 Chalcedonensis
1441 1011 1604 1073 atque
1650 1002 1893 1071 epistolae
1931 1016 2085 1072 papae

491 1092 708 1159 Leonis,
758 1095 910 1164 cujus
939 1095 1313 1151 Theodoretus
1357 1095 1646 1164 episcopus
1675 1094 1728 1148 in
1776 1094 1965 1149 eadem
1995 1110 2086 1164 sy-

489 1183 639 1238 nodo
661 1184 757 1238 fuit
788 1195 1043 1250 assertor,
1095 1186 1210 1241 lnee
1237 1187 1419 1240 omnia
1463 1194 1520 1240 et
1559 1185 1626 1240 ab
1668 1185 1936 1240 hmreticis
1965 1200 2085 1242 esse

488 1275 794 1343 adinventa,
825 1289 881 1332 et
908 1280 975 1333 ab
1018 1293 1206 1333 eorum
1255 1279 1553 1334 fautoribus
1592 1280 1884 1334 constituta
1918 1297 1931 1333 :
1962 1294 2084 1348 qua:

493 1367 612 1441 nisi
641 1368 881 1423 melioris
935 1369 1313 1424 emendatione
1356 1369 1539 1438 judicii
1589 1369 1817 1424 rescissa
1867 1368 2084 1436 fuerint,

487 1458 702 1522 frustra,
734 1459 820 1512 vel
868 1460 912 1514 si
941 1460 1086 1514 credi
1117 1472 1317 1530 posset,
1362 1471 1589 1529 negatur
1615 1462 1760 1531 quod
1799 1461 2084 1531 epistolam

487 1551 811 1605 venerabilis
834 1551 936 1605 lbae
956 1561 1256 1606 memorata
1297 1553 1537 1623 synodus
1563 1552 1901 1622 approbavit.
1948 1552 2084 1608 Cum

484 1640 625 1694 enim
674 1651 884 1696 constet
911 1641 1053 1712 quod
1086 1643 1157 1696 ibi
1189 1642 1448 1712 praedicto
1477 1642 1734 1711 episcopo
1769 1641 1837 1694 ab
1863 1656 2084 1696 accusa-

486 1730 694 1784 toribus
741 1731 851 1785 suis
892 1732 1101 1800 objecta
1139 1735 1229 1796 sit,
1290 1731 1481 1802 procul
1515 1731 1698 1797 dubio,
1741 1731 1882 1786 sicut
1920 1746 2082 1800 supra

2192 539 2340 604 tiani,
2384 539 2479 593 sed
2508 553 2609 608 ego
2638 540 2802 595 etiam
2832 553 2950 594 mea
2993 538 3336 594 confessione
3366 539 3593 596 ﬁrmavi.
3623 542 3786 609 Quia,

2187 632 2328 686 sicut
2369 641 2557 687 sancte
2592 634 2969 702 veraeiterque
3016 633 3248 702 dixistis,
3302 634 3564 703 perfectio
3612 636 3793 692 iocre-

2186 732 2426 778 mentum
2450 733 2507 778 et
2530 723 2887 791 adiectionem
2917 724 3194 794 plenitudo
3226 740 3331 780 non
3355 726 3570 798 recipit.
3601 745 3620 779 ι
3658 725 3794 782 Per-

2184 816 2330 872 videt
2352 816 2513 886 igitur
2540 817 2804 872 serenitas
2835 827 2924 871 tua
2948 817 3113 887 quod,
3139 817 3279 874 sicut
3307 819 3438 873 nihil
3463 820 3516 873 in
3541 819 3789 888 ejusdem

2185 908 2376 980 synodi
2404 907 2634 964 decretis
2659 908 2962 977 emendari,
2994 908 3068 963 ita
3089 925 3192 966 nec
3221 909 3380 979 adjici
3411 910 3601 980 possit.
3631 909 3790 968 Unde

2187 1015 2296 1055 non
2341 1000 2514 1055 solum
2564 1008 2754 1054 contra
2807 1001 2979 1070 ipsam
3041 1000 3324 1072 synodum,
3383 1016 3572 1056 verum
3621 1003 3788 1056 etiam

2185 1099 2374 1146 contra
2404 1091 2566 1160 hujus
2606 1091 2893 1162 apostolici
2925 1091 3023 1146 viri
3069 1091 3417 1160 sententiam,
3448 1093 3786 1148 convincun-

2185 1191 2276 1238 tur
2315 1183 2490 1251 egisse
2527 1183 2618 1252 qni
2648 1183 2973 1237 venerabilis
3010 1183 3116 1238 Iba:
3145 1183 3430 1254 epistolam
3462 1192 3666 1239 temere
3687 1184 3788 1238 da-

2186 1283 2529 1328 mnaverunt.
2561 1272 2847 1340 Quoniam,
2874 1275 2962 1330 vel
2990 1275 3034 1331 si
3057 1275 3244 1331 dicunt
3271 1277 3415 1346 quod
3437 1277 3572 1332 nihil
3595 1277 3788 1346 inejus

2185 1364 2418 1421 decretis
2445 1364 2736 1420 emendare
2763 1373 3240 1435 praasumpserunt,
3286 1380 3485 1435 negare
3512 1382 3620 1421 non
3647 1381 3783 1436 pos-

2185 1464 2312 1510 sunt
2354 1455 2758 1527 quodaliquid
2809 1471 2997 1510 eorum
3051 1455 3371 1526 plenitudini
3419 1456 3787 1526 iudicaverint

2185 1549 2450 1605 defuisse:
2495 1557 2553 1603 ut
2576 1548 2722 1618 quod
2749 1549 2866 1619 ipsa
2893 1549 3072 1604 minus
3110 1548 3238 1605 fecit
3280 1549 3336 1627 in
3375 1565 3535 1606 causa
3560 1565 3682 1619 qua:
3709 1551 3787 1606 ibi

2187 1641 2372 1696 tandiu
2401 1647 2633 1695 tractata
2666 1648 2770 1706 est,
2795 1641 2882 1697 isti
2902 1642 3055 1710 quasi
3085 1640 3434 1711 prudentiore
3467 1657 3532 1696 ac
3557 1641 3789 1710 diligen-

2186 1732 2326 1788 tiore
2355 1732 2790 1789 consideratione
2823 1733 3157 1804 supplerent.
3195 1731 3479 1799 Quomodo
3506 1733 3670 1802 igitur
3698 1734 3787 1788 in-

481 1825 592 1894 jam
635 1826 884 1891 diximus,
932 1828 975 1880 si
1003 1843 1146 1882 nunc
1170 1827 1316 1896 juste
1344 1827 1650 1891 damnatur,
1684 1833 1812 1879 tunc
1848 1825 2082 1879 maxime
2113 1835 2157 1894 Β
2184 1824 2505 1880 saltationes
2529 1825 2901 1880 haereticorum
2941 1824 3241 1880 valebimus
3280 1823 3553 1879 declinare
3591 1823 3785 1879 dicen-

481 1916 830 1971 condemnari
874 1917 1152 1971 debuerat.
1195 1917 1332 1983 Quia
1364 1932 1490 1971 vero
1519 1931 1626 1970 non
1654 1914 1954 1970 ostenditur
2003 1914 2080 1968 fa-

481 2019 650 2074 ctum,
679 2010 892 2063 videtur
912 2009 1000 2062 illa
1031 2009 1288 2078 synodus,
1316 2016 1373 2061 ut
1415 2023 1521 2062 non
1551 2007 1726 2061 dicam
1758 2005 1948 2060 haeresi
1981 2020 2079 2060 co-

484 2103 739 2168 hibuisse,
783 2101 986 2172 aliquid
1017 2111 1168 2157 certe
1207 2102 1384 2155 minus
1416 2099 1626 2166 fecisse,
1659 2099 1801 2169 quod
1842 2098 2081 2166 adjicere

484 2195 569 2248 isti
598 2195 860 2249 deberent
890 2203 1051 2262 atque
1091 2193 1365 2263 supplere.
1399 2192 1598 2246 Beatus
1625 2198 1804 2245 autem
1851 2190 1982 2255 Leo,
2015 2189 2081 2240 ti-

481 2285 618 2339 delis
660 2300 724 2339 ac
773 2283 945 2338 fidens
986 2291 1358 2353 prepugnator
1386 2280 1660 2348 Ecclesiae,
1692 2289 1748 2335 et
1795 2281 2082 2335 haeretico-

483 2393 598 2431 rum
629 2393 736 2432 non
770 2375 924 2431 fictus
953 2384 1046 2430 aut
1075 2376 1315 2446 trepidus
1360 2375 1717 2445 impugnator,
1750 2375 1827 2430 sic
1859 2374 1930 2427 ibi
1961 2387 2084 2427 csse

481 2470 608 2525 dicit
645 2471 825 2524 omnia
857 2468 1098 2531 defluita,
1144 2478 1202 2522 ut
1248 2468 1383 2522 nihil
1411 2482 1597 2522 eorum
1627 2465 1946 2536 perfectioni
1979 2464 2080 2518 ad-

480 2559 569 2629 jici
612 2576 773 2628 posse
803 2561 1106 2614 confirmet.
1138 2557 1382 2628 Namque
1419 2573 1541 2613 cum
1597 2557 1786 2612 multis
1831 2565 1886 2611 et
1915 2557 2079 2612 variis

481 2652 970 2707 machinationibus
997 2651 1236 2720 ejusdem
1267 2650 1457 2721 synodi
1503 2649 1903 2710 auctoritatem,
1935 2647 2080 2702 sicut

480 2753 535 2798 et
557 2759 715 2809 nunc,
741 2742 1061 2813 Eutychiani
1103 2741 1396 2809 infringere
1411 2741 1495 2796 vel
1539 2741 1782 2795 minuere
1810 2754 2079 2794 conaren-

483 2847 588 2902 tur,
617 2840 672 2889 ct
700 2850 820 2904 quae
849 2835 919 2888 ibi
949 2843 1073 2889 sunt
1115 2833 1353 2902 judicata
1399 2832 1592 2887 discuti
1637 2840 1965 2901 quaarerent,
2019 2840 2080 2887 ut

482 2928 580 2981 sub
608 2932 872 2996 prmtextu
902 2924 1256 2993 diligentioris
1279 2929 1560 2991 tractatus,
1592 2929 1685 2976 aut
1724 2921 1997 2977 emendari
2024 2923 2078 2977 in

481 3019 559 3074 eis
588 3017 861 3073 videretur
887 3015 1087 3086 aliquid
1126 3023 1219 3070 aut
1249 3015 1486 3086 suppleri
1513 3031 1527 3067 :
1560 3013 1853 3084 prudenter
1878 3029 1943 3070 ac
1970 3014 2078 3070 for-

484 3111 620 3164 titer
635 3121 823 3164 eorum
855 3107 1057 3162 insidiis
1083 3105 1303 3173 restitit,
1353 3103 1520 3160 Leoni
1559 3103 1803 3173 Augusto
1833 3104 1908 3159 ita
1935 3103 2076 3159 seri-

483 3202 613 3255 bens
643 3199 836 3270 (Epist.
870 3196 960 3268 88)
990 3215 1003 3250 :
1043 3216 1060 3248 ι
1101 3195 1482 3251 Detestandum
1512 3194 1667 3249 nobis
1693 3203 1777 3250 est
1822 3209 2076 3264 perseve-

483 3301 774 3359 ranterque
815 3288 1091 3343 vitandum
1123 3287 1265 3357 quod
1313 3287 1458 3341 fraus
1485 3286 1739 3341 haeretica
1767 3287 1955 3342 nititur
1982 3285 2082 3342 ob-

484 3385 674 3448 tinere,
705 3398 805 3437 nec
835 3381 888 3435 in
930 3381 1164 3450 aliquam
1191 3379 1640 3449 disceptationem
1688 3380 1778 3451 pie
1826 3388 1882 3434 et
1921 3380 2082 3450 plene

482 3477 698 3530 definita
729 3473 1029 3530 revocanda
1077 3479 1225 3540 sunt,
1273 3487 1341 3526 ne
1370 3470 1438 3525 ad
1478 3470 1758 3525 arbitrium
1797 3471 2080 3527 damnato-

483 3584 598 3623 rum
631 3567 729 3637 ipsi
758 3567 824 3621 tle
853 3565 935 3620 his
961 3563 1242 3618 videamur
1273 3561 1544 3631 ambigere
1573 3576 1693 3631 quae
1737 3561 2078 3616 manifestum

484 3668 568 3712 cst
595 3673 693 3727 per
721 3657 900 3710 omnia
948 3653 1283 3724 pr0pheticis
1311 3661 1366 3707 et
1391 3652 1713 3719 evangelicis
1741 3659 1904 3722 atque
1947 3667 2082 3722 apo-

484 3751 688 3804 st..:licis
717 3747 1125 3802 auctoritatibus
1153 3760 1474 3802 consonare.
1492 3742 1645 3799 Unde
1669 3744 1710 3798 si
1731 3745 1822 3815 qui
1837 3753 1962 3800 sunt
1988 3748 2080 3814 qui

487 3844 555 3894 ab
585 3841 666 3894 his
685 3855 803 3909 qua:
830 3839 1041 3894 cmlitus
1071 3846 1214 3916 “sunt
1263 3838 1552 3892 constituta
1583 3837 1926 3901 dissentiunt,
1967 3836 2080 3891 suis

485 3933 829 4003 opinionibus
857 3931 1250 4000 relinquantur,
1282 3929 1424 3983 etab
1446 3927 1652 3981 unitate
1683 3927 1936 3981 Ecclesia:
1957 3942 2078 3981 eum

484 4040 547 4076 ea
579 4037 738 4090 quam
763 4022 1039 4089 elegerunt
1064 4017 1423 4088 perversitate
1443 4017 1743 4070 discedant.
1770 4015 1904 4070 Nam
1927 4015 2077 4072 nullo

485 4113 642 4166 modo
674 4112 786 4165 lteri
819 4117 993 4179 potest
1022 4117 1078 4160 ut
1107 4107 1197 4176 qni
1243 4105 1437 4160 divinis
1481 4104 1682 4159 audent
1709 4105 2079 4160 contradicere

485 4201 856 4266 sacramentis,
914 4200 1089 4268 aliqua
1136 4198 1290 4252 nobis
1344 4197 1724 4253 communione
1779 4196 2075 4253 socientur.

485 4295 694 4350 Jactent
737 4307 795 4347 se
823 4294 878 4346 in
906 4292 986 4346 sui
1017 4291 1214 4360 eloquii
1245 4292 1500 4352 vanitate,
1532 4297 1588 4343 ct
1629 4288 1696 4343 de
1736 4297 2078 4358 argumenta-

485 4394 690 4445 tionum
717 4403 934 4442 suarum
967 4386 1198 4440 versutia
1240 4399 1359 4453 qua:
1404 4384 1617 4438 inimica
1649 4391 1732 4438 est
1773 4382 1916 4450 fidei,
1965 4384 2080 4451 glo-

484 4485 711 4536 rientur.
753 4478 919 4534 Nobis
961 4478 1137 4546 placet
1165 4475 1478 4545 apostolicis
1522 4475 1743 4529 obedire
1775 4475 2075 4546 prmceptis,

2182 1917 2348 1971 tium:
2380 1915 2480 1970 Ubi
2521 1925 2647 1970 sunt
2688 1916 2778 1970 illa
2825 1916 3107 1987 magnifica
3155 1915 3321 1970 vestri
3352 1914 3550 1970 Leonis
3582 1918 3778 1981 verba,

2180 2008 2376 2077 quibus
2406 2007 2564 2062 nimis
2604 2022 2864 2076 arrogans
2889 2007 3124 2063 decretis
3148 2007 3340 2078 synodi
3363 2006 3782 2062 Chalcedonen-

2182 2099 2256 2153 sis
2292 2098 2488 2164 aiebat,
2545 2096 2811 2153 Perfectio
2851 2099 3260 2163 incrementum,
3307 2105 3364 2152 et
3413 2097 3784 2166 adiectionem

2183 2189 2468 2259 plenitudo
2507 2205 2613 2244 non
2659 2189 2882 2260 recipit?
2928 2187 3066 2244 Ecce
3103 2187 3414 2245 testimonio
3432 2196 3618 2243 vestro
3647 2203 3788 2242 con-

2181 2282 2414 2336 vincitur
2435 2281 2578 2350 quod
2603 2281 2653 2335 in
2672 2291 2903 2335 vacuum
2928 2286 3153 2334 ventosa
3174 2278 3340 2333 verba
3352 2277 3611 2346 iactabat.
3643 2275 3786 2330 Nam

2182 2386 2301 2440 qua:
2327 2373 2380 2426 in
2405 2372 2494 2426 illa
2523 2369 2990 2442 synodojudicata
3018 2375 3161 2433 sunt,
3197 2367 3282 2423 vel
3301 2368 3347 2422 si
3383 2383 3488 2422 non
3516 2367 3788 2421 emenda-

2185 2465 2272 2524 tis.
2305 2472 2454 2519 certe
2498 2463 2761 2532 suppletis
2791 2469 2952 2531 atque
2987 2459 3264 2532 perlicitis,
3307 2467 3364 2515 et
3407 2459 3550 2530 quod
3592 2459 3647 2513 in
3701 2458 3793 2513 eis

2184 2572 2291 2610 non
2316 2555 2475 2610 fuerit
2503 2555 2591 2608 illa
2619 2569 2740 2624 qua:
2767 2552 3046 2608 dicebatur
3070 2551 3332 2623 perfectio
3366 2559 3422 2606 et
3469 2549 3791 2619 plenitudo,

2181 2649 2524 2714 monstratis;
2569 2663 2672 2703 nec
2725 2646 2953 2716 potestis
2989 2645 3214 2700 ulterius
3265 2643 3448 2700 dicere
3489 2642 3641 2712 quod
3669 2658 3788 2699 non

2180 2741 2377 2796 merito
2407 2756 2436 2794 a
2467 2748 2648 2795 vestra
2691 2737 3073 2794 communione
3109 2736 3474 2792 discessimus.
3502 2734 3588 2789 An
3625 2747 3790 2790 com-

2181 2832 2455 2886 municare
2477 2829 2760 2885 debuimus
2789 2828 2862 2882 illi
2913 2827 3141 2899 synodo,
3183 2826 3237 2880 in
3286 2828 3559 2896 quacum
3609 2821 3729 2879 Ibin
3756 2838 3788 2878 ι

2181 2923 2293 2979 suis
2346 2921 2754 2977 accusatoribus
2792 2919 3122 2990 objiceretur
3157 2918 3321 2988 impia
3371 2924 3428 2971 et
3456 2915 3786 2970 Nestoriana

2181 3013 2429 3083 epistola,
2473 3012 2614 3066 sicut
2641 3026 2740 3067 vos
2787 3025 3003 3082 quoque
3049 3011 3176 3065 estis
3212 3006 3464 3073 confessi,
3496 3015 3554 3062 et
3595 3021 3788 3062 coram

2181 3109 2431 3163 omnibus
2458 3107 2748 3176 legeretur,
2793 3115 2854 3161 ut
2896 3106 3139 3161 dicamus
3165 3109 3184 3138 ⁸
3211 3105 3356 3175 quod
3384 3106 3589 3160 frustra
3617 3116 3788 3172 nega.

2102 3207 2148 3271 ο
2181 3199 2297 3265 stis,
2326 3206 2382 3253 et
2409 3197 2714 3254 orthodoxa
2763 3199 3110 3269 pronuntiata
3151 3205 3255 3263 est,
3296 3211 3463 3266 quam
3487 3197 3543 3250 in
3569 3205 3792 3251 tantum

2182 3291 2452 3363 probastis
2494 3290 2660 3347 fuisse
2705 3290 3065 3344 damnandam
3093 3290 3133 3356 ⁸,
3164 3297 3228 3344 ιιι
3251 3303 3377 3344 sero
3417 3287 3485 3342 ad
3536 3288 3788 3343 nostram

2181 3382 2504 3437 sententiam
2535 3382 2823 3437 redeuntes
2871 3382 3034 3438 etiam
3072 3388 3194 3452 post
3221 3388 3437 3435 centum
3479 3377 3660 3433 ferme
3689 3393 3785 3430 an.

2182 3489 2301 3541 nos,
2332 3489 2440 3543 quo
2460 3488 2560 3528 vos
2592 3473 2659 3528 ab
2691 3473 2809 3542 ejus
2845 3473 3068 3528 crimine
3114 3472 3437 3542 purgaretis,
3469 3469 3790 3524 necessaria

2181 3562 2747 3618 anathematizandum
2777 3578 2898 3620 esse
2940 3562 3184 3617 vidistis?
3220 3560 3289 3614 Et
3311 3577 3418 3615 non
3449 3560 3570 3614 hinc
3592 3559 3784 3612 imme.

2180 3655 2286 3710 rito
2315 3654 2514 3709 dicent.
2542 3653 2784 3723 Namque
2807 3669 2929 3709 cum
2945 3653 3048 3708 isti
3061 3653 3296 3708 fautores
3319 3667 3530 3713 eorum,
3559 3666 3665 3707 nos
3691 3649 3783 3718 qui

2175 3744 2385 3815 judices
2433 3745 2486 3799 in
2514 3760 2677 3800 causa
2719 3760 2826 3799 non
2876 3744 3093 3812 fuimus,
3126 3759 3222 3815 per
3267 3741 3786 3798 condemnationem

2182 3837 2341 3906 hujus
2380 3836 2625 3907 epistola:
2671 3851 2702 3892 a
2750 3836 3073 3891 Nestoriano
3119 3835 3345 3890 crimine
3394 3832 3779 3902 judicaverunt

2181 3945 2301 3985 esse
2342 3930 2674 4000 purgandos,
2717 3934 3114 3999 consequenter
3151 3927 3270 3981 illos
3310 3924 3520 3990 Patres,
3551 3925 3608 3978 in
3647 3939 3778 3992 quo-

2180 4038 2299 4077 rum
2332 4022 2571 4077 discussa
2587 4021 2816 4091 judicio,
2846 4037 2954 4075 non
2984 4019 3341 4075 condemnata
3363 4025 3467 4081 est,
3493 4016 3564 4070 ab
3586 4015 3777 4071 eodem

2181 4114 2406 4169 crimine
2428 4115 2807 4183 judicaverunt
2834 4129 2941 4169 non
2969 4127 3086 4167 esse
3109 4108 3432 4181 purgandos.
3459 4106 3603 4163 Ecce
3619 4106 3780 4175 quale

2183 4204 2544 4276 przejudicium
2596 4205 2749 4259 nobis
2793 4203 3118 4272 quaesierunt
3147 4201 3434 4254 inducere:
3487 4201 3622 4252 ecce
3649 4211 3780 4265 quo-

2182 4295 2342 4351 modo
2367 4294 2656 4350 voluerunt
2681 4293 2936 4349 adversus
2959 4290 3253 4346 Ecclesium
3283 4289 3668 4343 hzereticorum
3689 4301 3780 4340 ca-

2182 4388 2410 4443 lumnias
2430 4389 2688 4444 roborare
2724 4387 2852 4456 :qui
2899 4402 3006 4463 non
3037 4384 3210 4440 solum
3251 4382 3396 4438 beati
3437 4381 3662 4448 Leonis,
3687 4395 3779 4434 ve-

2182 4495 2299 4533 rum
2328 4479 2490 4534 ctiam
2517 4479 2620 4534 illis
2657 4478 2898 4534 conciliis
2921 4487 2946 4514 ⁸
2976 4485 3245 4531 tantorum
3274 4474 3661 4544 episcoporum
3692 4472 3780 4524 vel

485 4573 825 4628 dicentibus:
888 4569 1067 4624 Videte
1109 4585 1174 4621 ne
1201 4569 1314 4639 quis
1343 4583 1428 4620 vos
1459 4567 1680 4635 decipiat
1722 4582 1814 4634 per
1851 4565 2079 4635 pltilosoo
2113 4577 2157 4634 ι)
2183 4572 2426 4641 epistolis
2463 4571 2483 4602 ⁸
2525 4571 2878 4641 refragantur,
2908 4571 2961 4624 in
3009 4570 3204 4638 quibus
3234 4567 3301 4622 de
3349 4573 3655 4619 memorata
3688 4579 3781 4633 sy-

485 4668 663 4736 phiam
683 4676 731 4719 et
753 4665 960 4718 inanem
983 4662 1328 4715 scductionem
1359 4660 1621 4712 hominum
1653 4655 1874 4722 (Coloss.
1912 4672 1966 4716 ιι,
2003 4655 2080 4724 8).

486 4758 617 4810 Nam
647 4756 944 4812 secundum
975 4754 1221 4809 eumdem
1256 4752 1560 4821 apostolum
1616 4746 1757 4818 (Gal.
1791 4764 1847 4812 tt,
1895 4746 2003 4815 18),
2037 4747 2082 4801 si

489 4864 610 4914 qua:
641 4848 898 4909 destruxi,
921 4847 1036 4900 lucc
1064 4846 1294 4911 (edifice,
1325 4843 1792 4912 prtevaricatomn
1827 4854 1914 4893 me
1946 4853 2080 4893 con—

491 4940 682 5004 stituo,
713 4946 768 4990 et
796 4939 874 4992 eis
898 4951 985 4990 me
1012 4937 1277 4989 ultionum
1309 4933 1707 4989 conditionibus
1728 4931 1920 4995 subdo,
1948 4945 2085 4995 quas

564 5124 589 5151 ιι
640 5110 890 5167 Omnium
933 5113 1184 5168 videlicet
1226 5111 1626 5182 provinciarum
1666 5107 1920 5182 Orientis,
1953 5121 2074 5182 qute

491 5186 564 5238 l.e
584 5185 686 5238 mis
733 5184 860 5253 imp.
889 5183 1039 5252 jussu
1081 5185 1133 5237 in
1178 5178 1660 5253 synodoigcoactm,
1686 5180 1754 5253 de
1791 5178 2075 5253 Timotheo

489 5248 853 5309 Alexandrino
890 5248 946 5306 et
980 5255 1046 5308 de
1075 5248 1282 5324 synodo
1307 5250 1753 5324 Chalcedonensi,
1780 5264 1940 5324 quam
1987 5248 2079 5324 Ti-

489 5325 762 5380 motheani
812 5319 1157 5393 respuebant,
1196 5323 1321 5392 quid
1361 5319 1844 5393 sentirentLeoni
1881 5320 2075 5393 rescri-

491 5405 730 5468 ‘t-stﬂ‘llul:
763 5388 991 5450 Exstant
1018 5388 1346 5463 singularum
1381 5391 1621 5468 epistolae
1644 5390 1696 5468 in
1730 5403 1892 5468 unum
1929 5388 2077 5466 codi:

489 5456 604 5521 i-em
637 5465 890 5534 redactae,
924 5473 1050 5537 post
1079 5456 1197 5519 ac'a
1237 5456 1430 5534 synodi
1466 5458 1942 5522 Chalcedonensis,
1981 5456 2071 5526 qni

565 5644 576 5672 '
620 5641 754 5696 Coti.
783 5640 1006 5703 Veron.,
1039 5639 1205 5694 nobis.

562 5714 581 5742 ³
621 5711 764 5764 Idem
797 5712 944 5776 cod.,
974 5727 1077 5765 non
1100 5711 1352 5762 dicmnus.

565 5779 584 5809 ³
626 5778 766 5832 ldetn
797 5775 945 5846 cod.,
978 5791 1025 5834 et
1079 5778 1373 5834 orthodoxa
1423 5775 1770 5844 pronuntiata
1813 5780 1909 5840 cat,
1950 5780 2083 5824 certe

493 5847 807 5901 convincitur
837 5867 945 5906 csse
983 5852 1250 5903 damnata.

587 6211 852 6288 Δ

2185 4663 2327 4717 nodo
2380 4663 2714 4730 interrogati,
2762 4661 2929 4716 Leoni
2973 4659 3202 4730 principi
3255 4655 3659 4727 responderunt
3691 4654 3776 4710 di-

2183 4760 2368 4806 centes
2403 4770 2414 4804 :
2449 4771 2466 4803 ι
2505 4751 2689 4821 Neque
2728 4765 2890 4805 unum
2915 4750 3026 4804 iota
3053 4748 3139 4803 vel
3181 4737 3344 4801 unum
3392 4745 3608 4814 apicem
3651 4757 3779 4811 pos.-

2184 4858 2368 4896 sumus
2409 4849 2504 4896 aut
2548 4855 2893 4897 commovere
2933 4847 3026 4894 aut
3054 4845 3386 4892 commutare
3424 4849 3617 4889 eorum
3652 4851 3780 4904 quae

2187 4931 2331 5001 apud
2373 4932 2518 4986 illam
2547 4930 2774 4986 dimnita
2797 4937 2922 4985 sunt
2954 4947 2967 4981 :
3006 4947 3026 4981 ι
3082 4935 3137 4980 et
3165 4927 3358 4980 iterum
3388 4942 3402 4975 :
3431 4941 3449 4974 ι
3507 4921 3780 4990 Quoniam

2183 5111 2352 5191 cedes
2377 5112 2649 5191 encyclios
2671 5112 2864 5191 dicitur
2891 5110 3029 5180 apud
3054 5109 3455 5191 Cassiodorutn.
3474 5109 3650 5191 reujns
3691 5125 3781 5190 ro-

2181 5189 2305 5247 gatu
2339 5183 2389 5234 in
2421 5178 2664 5236 Latinam
2697 5178 2938 5250 linguam
2963 5195 3255 5235 conversus
3273 5188 3358 5250 est
3377 5180 3444 5250 ab
3471 5178 3794 5248 Epiphanio

2181 5251 2528 5307 scholastice.
2573 5252 2702 5318 Qua:
2728 5248 2858 5306 vero
2899 5266 2927 5304 a
2968 5250 3220 5304 Facundo
3271 5248 3578 5318 laudantur,
3614 5250 3782 5302 verba

2182 5331 2307 5374 sunt
2331 5323 2522 5391 partim
2555 5317 2853 5375 Provinciie
2881 5319 3107 5391 Euromo
3146 5317 3422 5391 num.__2'i,

2182 5387 2416 5446 bastiani
2441 5392 2681 5463 episcopi
2712 5391 2997 5447 Beroensis
3027 5389 3268 5444 Thracia:
3292 5387 3354 5445 li.
3390 5387 3543 5443 num.
3572 5389 3666 5441 50.

2264 5629 2286 5659 ⁸
2327 5631 2467 5684 .dem
2501 5631 2644 5701 cod.,
2689 5632 2794 5685 illis
2832 5632 3074 5701 cncych'is
3125 5634 3384 5701 tentarunt
3418 5627 3778 5695 episcoporum

2192 5701 2442 5769 epistolis.
2487 5699 2810 5754 Mettioratas
2837 5695 3090 5770 epistolas
3135 5699 3202 5751 ab
3238 5695 3385 5770 omni
3439 5705 3587 5770 retro
3617 5709 3774 5770 anti-

2190 5765 2393 5840 qnitztle
2417 5782 2632 5822 vocatas
2672 5772 2831 5823 fuisse
2873 5765 3125 5840 citri/Clin,
3173 5766 3406 5822 ostendit
3443 5765 3782 5820 [Salutius-iu

2197 5837 2344 5894 Nora
2376 5840 2585 5894 (Jollcct.
2614 5841 2799 5894 roncil.

3459 5303 3659 5388 partim
3692 5318 3794 5371 δι-
3881 5303 3884 5306 ’
