  <div class='ocr_page' id='page_1' title='image "/cluster/home/n/w/nwhite01/storage/ocr_20150623/67/hvd.32044073505141/296.png"; bbox 0 0 3974 6330; ppageno 0'>
   <div class='ocr_carea' id='block_1_1' title="bbox 121 281 2477 367">
    <p class='ocr_par' dir='ltr' id='par_1_1' title="bbox 121 281 2477 367">
     <span class='ocr_line' id='line_1_1' title="bbox 121 281 2477 367; baseline 0.001 -30"><span class='ocrx_word' id='word_1_1' title='bbox 121 281 221 337; x_wconf 79' lang='lat'><strong>577</strong></span> <span class='ocrx_word' id='word_1_2' title='bbox 1011 282 1145 337; x_wconf 81' lang='lat' dir='ltr'><strong>PRO</strong></span> <span class='ocrx_word' id='word_1_3' title='bbox 1177 282 1592 339; x_wconf 80' lang='lat' dir='ltr'><strong>DEFENSIONE</strong></span> <span class='ocrx_word' id='word_1_4' title='bbox 1625 283 1840 339; x_wconf 78' lang='lat' dir='ltr'><strong>TRIUM</strong></span> <span class='ocrx_word' id='word_1_5' title='bbox 1884 284 2198 367; x_wconf 63' lang='lat' dir='ltr'><strong>CAPITUL.</strong></span> <span class='ocrx_word' id='word_1_6' title='bbox 2246 286 2372 341; x_wconf 78' lang='lat' dir='ltr'><strong>LIB.</strong></span> <span class='ocrx_word' id='word_1_7' title='bbox 2417 287 2477 340; x_wconf 93' lang='lat' dir='ltr'><strong>ll.</strong></span> 
     </span>
    </p>
   </div>
   <div class='ocr_carea' id='block_1_2' title="bbox 3305 290 3408 345">
    <p class='ocr_par' dir='ltr' id='par_1_2' title="bbox 3305 290 3408 345">
     <span class='ocr_line' id='line_1_2' title="bbox 3305 290 3408 345; baseline -0.019 -1"><span class='ocrx_word' id='word_1_8' title='bbox 3305 290 3408 345; x_wconf 74' lang='lat'><strong>578</strong></span> 
     </span>
    </p>
   </div>
   <div class='ocr_carea' id='block_1_3' title="bbox 116 394 3407 480">
    <p class='ocr_par' dir='ltr' id='par_1_3' title="bbox 116 394 3407 480">
     <span class='ocr_line' id='line_1_3' title="bbox 116 394 3407 480; baseline 0.004 -29"><span class='ocrx_word' id='word_1_9' title='bbox 116 399 255 451; x_wconf 85' lang='lat' dir='ltr'><strong>sicut</strong></span> <span class='ocrx_word' id='word_1_10' title='bbox 283 394 387 452; x_wconf 86' lang='lat' dir='ltr'><strong>soli</strong></span> <span class='ocrx_word' id='word_1_11' title='bbox 436 395 568 451; x_wconf 83' lang='lat' dir='ltr'><strong>nihil</strong></span> <span class='ocrx_word' id='word_1_12' title='bbox 597 397 774 453; x_wconf 89' lang='lat' dir='ltr'><strong>minus</strong></span> <span class='ocrx_word' id='word_1_13' title='bbox 810 408 890 454; x_wconf 78' lang='lat' dir='ltr'><strong>est</strong></span> <span class='ocrx_word' id='word_1_14' title='bbox 939 399 1007 454; x_wconf 89' lang='lat' dir='ltr'><strong>ad</strong></span> <span class='ocrx_word' id='word_1_15' title='bbox 1038 401 1543 465; x_wconf 89' lang='lat' dir='ltr'><strong>demonstrandum,</strong></span> <span class='ocrx_word' id='word_1_16' title='bbox 1583 402 1708 469; x_wconf 93' lang='lat' dir='ltr'><strong>quia</strong></span> <span class='ocrx_word' id='word_1_17' title='bbox 1744 406 1785 464; x_wconf 69' lang='grc' dir='ltr'><strong>Α</strong></span> <span class='ocrx_word' id='word_1_18' title='bbox 1818 418 1949 465; x_wconf 90' lang='lat' dir='ltr'><strong>rem,</strong></span> <span class='ocrx_word' id='word_1_19' title='bbox 1990 420 2095 456; x_wconf 91' lang='lat' dir='ltr'><strong>non</strong></span> <span class='ocrx_word' id='word_1_20' title='bbox 2127 404 2276 473; x_wconf 76' lang='lat' dir='ltr'><strong>quasi</strong></span> <span class='ocrx_word' id='word_1_21' title='bbox 2297 404 2473 458; x_wconf 88' lang='lat' dir='ltr'><strong>dubiis</strong></span> <span class='ocrx_word' id='word_1_22' title='bbox 2498 405 2549 458; x_wconf 92' lang='lat' dir='ltr'><strong>in</strong></span> <span class='ocrx_word' id='word_1_23' title='bbox 2573 407 2957 475; x_wconf 64' lang='lat' dir='ltr'><strong>quaestionibus</strong></span> <span class='ocrx_word' id='word_1_24' title='bbox 2993 420 3359 480; x_wconf 73' lang='lat' dir='ltr'><strong>exspectamus</strong></span> <span class='ocrx_word' id='word_1_25' title='bbox 3385 414 3407 444; x_wconf 73' lang='grc'>³</span> 
     </span>
    </p>
   </div>
   <div class='ocr_carea' id='block_1_4' title="bbox 112 487 1716 564">
    <p class='ocr_par' dir='ltr' id='par_1_4' title="bbox 112 487 1716 564">
     <span class='ocr_line' id='line_1_4' title="bbox 112 487 1716 564; baseline 0.003 -23"><span class='ocrx_word' id='word_1_26' title='bbox 112 487 193 542; x_wconf 79' lang='lat' dir='ltr'><strong>sol</strong></span> <span class='ocrx_word' id='word_1_27' title='bbox 224 494 308 543; x_wconf 88' lang='lat' dir='ltr'><strong>est</strong></span> <span class='ocrx_word' id='word_1_28' title='bbox 334 504 348 540; x_wconf 90' lang='lat'><strong>:</strong></span> <span class='ocrx_word' id='word_1_29' title='bbox 373 487 453 542; x_wconf 90' lang='lat' dir='ltr'><strong>sic</strong></span> <span class='ocrx_word' id='word_1_30' title='bbox 478 494 535 541; x_wconf 92' lang='lat' dir='ltr'><strong>et</strong></span> <span class='ocrx_word' id='word_1_31' title='bbox 570 502 797 557; x_wconf 84' lang='lat' dir='ltr'><strong>magnae,</strong></span> <span class='ocrx_word' id='word_1_32' title='bbox 839 499 896 545; x_wconf 89' lang='lat' dir='ltr'><strong>et</strong></span> <span class='ocrx_word' id='word_1_33' title='bbox 948 500 1169 556; x_wconf 79' lang='lat' dir='ltr'><strong>sanct:e,</strong></span> <span class='ocrx_word' id='word_1_34' title='bbox 1215 500 1272 546; x_wconf 92' lang='lat' dir='ltr'><strong>et</strong></span> <span class='ocrx_word' id='word_1_35' title='bbox 1312 492 1600 547; x_wconf 85' lang='lat' dir='ltr'><strong>universali</strong></span> <span class='ocrx_word' id='word_1_36' title='bbox 1628 510 1716 564; x_wconf 89' lang='lat' dir='ltr'><strong>sy-</strong></span> 
     </span>
    </p>
   </div>
   <div class='ocr_carea' id='block_1_5' title="bbox 114 574 1714 649">
    <p class='ocr_par' dir='ltr' id='par_1_5' title="bbox 114 574 1714 649">
     <span class='ocr_line' id='line_1_5' title="bbox 114 574 1714 649; baseline 0.004 -20"><span class='ocrx_word' id='word_1_37' title='bbox 114 577 255 630; x_wconf 91' lang='lat' dir='ltr'><strong>nodo</strong></span> <span class='ocrx_word' id='word_1_38' title='bbox 286 574 739 644; x_wconf 83' lang='lat' dir='ltr'><strong>Chalcedonensi,</strong></span> <span class='ocrx_word' id='word_1_39' title='bbox 790 580 970 634; x_wconf 89' lang='lat' dir='ltr'><strong>minus</strong></span> <span class='ocrx_word' id='word_1_40' title='bbox 1002 580 1222 649; x_wconf 87' lang='lat' dir='ltr'><strong>quidem</strong></span> <span class='ocrx_word' id='word_1_41' title='bbox 1278 581 1543 635; x_wconf 89' lang='lat' dir='ltr'><strong>bonorum</strong></span> <span class='ocrx_word' id='word_1_42' title='bbox 1584 581 1714 636; x_wconf 81' lang='lat' dir='ltr'><strong>nihil</strong></span> 
     </span>
    </p>
   </div>
   <div class='ocr_carea' id='block_1_6' title="bbox 111 667 1713 742">
    <p class='ocr_par' dir='ltr' id='par_1_6' title="bbox 111 667 1713 742">
     <span class='ocr_line' id='line_1_6' title="bbox 111 667 1713 742; baseline 0.006 -23"><span class='ocrx_word' id='word_1_43' title='bbox 111 667 334 721; x_wconf 86' lang='lat' dir='ltr'><strong>omnino</strong></span> <span class='ocrx_word' id='word_1_44' title='bbox 362 674 466 730; x_wconf 88' lang='lat' dir='ltr'><strong>est,</strong></span> <span class='ocrx_word' id='word_1_45' title='bbox 492 682 668 735; x_wconf 87' lang='lat' dir='ltr'><strong>neque</strong></span> <span class='ocrx_word' id='word_1_46' title='bbox 695 668 1069 725; x_wconf 78' lang='lat' dir='ltr'><strong>additamenta</strong></span> <span class='ocrx_word' id='word_1_47' title='bbox 1113 671 1295 739; x_wconf 90' lang='lat' dir='ltr'><strong>aliquo</strong></span> <span class='ocrx_word' id='word_1_48' title='bbox 1325 680 1471 739; x_wconf 85' lang='lat' dir='ltr'><strong>eget,</strong></span> <span class='ocrx_word' id='word_1_49' title='bbox 1533 689 1713 742; x_wconf 86' lang='lat' dir='ltr'><strong>neque</strong></span> 
     </span>
    </p>
   </div>
   <div class='ocr_carea' id='block_1_7' title="bbox 110 755 1712 831">
    <p class='ocr_par' dir='ltr' id='par_1_7' title="bbox 110 755 1712 831">
     <span class='ocr_line' id='line_1_7' title="bbox 110 755 1712 831; baseline 0.006 -23"><span class='ocrx_word' id='word_1_50' title='bbox 110 755 474 821; x_wconf 73' lang='lat' dir='ltr'><strong>detractione,</strong></span> <span class='ocrx_word' id='word_1_51' title='bbox 504 758 573 811; x_wconf 88' lang='lat' dir='ltr'><strong>ab</strong></span> <span class='ocrx_word' id='word_1_52' title='bbox 616 756 825 826; x_wconf 86' lang='lat' dir='ltr'><strong>Spiritu</strong></span> <span class='ocrx_word' id='word_1_53' title='bbox 855 769 1044 815; x_wconf 89' lang='lat' dir='ltr'><strong>saneto</strong></span> <span class='ocrx_word' id='word_1_54' title='bbox 1078 762 1241 815; x_wconf 90' lang='lat' dir='ltr'><strong>veluti</strong></span> <span class='ocrx_word' id='word_1_55' title='bbox 1266 761 1449 815; x_wconf 86' lang='lat' dir='ltr'><strong>divino</strong></span> <span class='ocrx_word' id='word_1_56' title='bbox 1479 764 1712 831; x_wconf 88' lang='lat' dir='ltr'><strong>quodam</strong></span> 
     </span>
    </p>
   </div>
   <div class='ocr_carea' id='block_1_8' title="bbox 111 846 1709 919">
    <p class='ocr_par' dir='ltr' id='par_1_8' title="bbox 111 846 1709 919">
     <span class='ocr_line' id='line_1_8' title="bbox 111 846 1709 919; baseline 0.004 -20"><span class='ocrx_word' id='word_1_57' title='bbox 111 847 223 899; x_wconf 89' lang='lat' dir='ltr'><strong>sale</strong></span> <span class='ocrx_word' id='word_1_58' title='bbox 261 847 499 901; x_wconf 88' lang='lat' dir='ltr'><strong>condita.</strong></span> <span class='ocrx_word' id='word_1_59' title='bbox 534 846 747 902; x_wconf 84' lang='lat' dir='ltr'><strong>Etenim</strong></span> <span class='ocrx_word' id='word_1_60' title='bbox 773 850 865 918; x_wconf 89' lang='lat' dir='ltr'><strong>qui</strong></span> <span class='ocrx_word' id='word_1_61' title='bbox 896 851 949 903; x_wconf 92' lang='lat' dir='ltr'><strong>in</strong></span> <span class='ocrx_word' id='word_1_62' title='bbox 982 866 1045 905; x_wconf 89' lang='lat' dir='ltr'><strong>ea</strong></span> <span class='ocrx_word' id='word_1_63' title='bbox 1076 860 1201 906; x_wconf 80' lang='lat' dir='ltr'><strong>lllllc</strong></span> <span class='ocrx_word' id='word_1_64' title='bbox 1230 854 1245 883; x_wconf 82' lang='grc'>¹</span> <span class='ocrx_word' id='word_1_65' title='bbox 1287 852 1531 908; x_wconf 84' lang='lat' dir='ltr'><strong>damnati</strong></span> <span class='ocrx_word' id='word_1_66' title='bbox 1565 862 1709 919; x_wconf 86' lang='lat' dir='ltr'><strong>sunt,</strong></span> 
     </span>
    </p>
   </div>
   <div class='ocr_carea' id='block_1_9' title="bbox 108 937 1711 1012">
    <p class='ocr_par' dir='ltr' id='par_1_9' title="bbox 108 937 1711 1012">
     <span class='ocr_line' id='line_1_9' title="bbox 108 937 1711 1012; baseline 0.005 -21"><span class='ocrx_word' id='word_1_67' title='bbox 108 937 317 1005; x_wconf 77' lang='lat' dir='ltr'><strong>indigni</strong></span> <span class='ocrx_word' id='word_1_68' title='bbox 344 937 694 995; x_wconf 88' lang='lat' dir='ltr'><strong>sacerdotalis</strong></span> <span class='ocrx_word' id='word_1_69' title='bbox 724 940 927 996; x_wconf 84' lang='lat' dir='ltr'><strong>ordinis</strong></span> <span class='ocrx_word' id='word_1_70' title='bbox 949 940 1193 1008; x_wconf 88' lang='lat' dir='ltr'><strong>judicati,</strong></span> <span class='ocrx_word' id='word_1_71' title='bbox 1230 943 1451 999; x_wconf 91' lang='lat' dir='ltr'><strong>decreto</strong></span> <span class='ocrx_word' id='word_1_72' title='bbox 1480 960 1543 999; x_wconf 90' lang='lat' dir='ltr'><strong>ac</strong></span> <span class='ocrx_word' id='word_1_73' title='bbox 1568 945 1711 1012; x_wconf 89' lang='lat' dir='ltr'><strong>judi-</strong></span> 
     </span>
    </p>
   </div>
   <div class='ocr_carea' id='block_1_10' title="bbox 107 1030 1711 1103">
    <p class='ocr_par' dir='ltr' id='par_1_10' title="bbox 107 1030 1711 1103">
     <span class='ocr_line' id='line_1_10' title="bbox 107 1030 1711 1103; baseline 0.006 -21"><span class='ocrx_word' id='word_1_74' title='bbox 107 1034 192 1083; x_wconf 70' lang='lat' dir='ltr'><strong>cio</strong></span> <span class='ocrx_word' id='word_1_75' title='bbox 226 1032 409 1099; x_wconf 85' lang='lat' dir='ltr'><strong>magni</strong></span> <span class='ocrx_word' id='word_1_76' title='bbox 437 1030 553 1094; x_wconf 88' lang='lat' dir='ltr'><strong>Dei,</strong></span> <span class='ocrx_word' id='word_1_77' title='bbox 603 1033 751 1087; x_wconf 89' lang='lat' dir='ltr'><strong>velut</strong></span> <span class='ocrx_word' id='word_1_78' title='bbox 806 1033 953 1103; x_wconf 89' lang='lat' dir='ltr'><strong>impii</strong></span> <span class='ocrx_word' id='word_1_79' title='bbox 1013 1034 1355 1090; x_wconf 88' lang='lat' dir='ltr'><strong>condemnati</strong></span> <span class='ocrx_word' id='word_1_80' title='bbox 1402 1046 1545 1091; x_wconf 89' lang='lat' dir='ltr'><strong>sunt.</strong></span> <span class='ocrx_word' id='word_1_81' title='bbox 1608 1038 1711 1103; x_wconf 90' lang='lat' dir='ltr'><strong>Qui</strong></span> 
     </span>
    </p>
   </div>
   <div class='ocr_carea' id='block_1_11' title="bbox 109 1123 1711 1196">
    <p class='ocr_par' dir='ltr' id='par_1_11' title="bbox 109 1123 1711 1196">
     <span class='ocr_line' id='line_1_11' title="bbox 109 1123 1711 1196; baseline 0.006 -24"><span class='ocrx_word' id='word_1_82' title='bbox 109 1139 238 1177; x_wconf 72' lang='lat' dir='ltr'><strong>vero</strong></span> <span class='ocrx_word' id='word_1_83' title='bbox 281 1123 335 1176; x_wconf 92' lang='lat' dir='ltr'><strong>in</strong></span> <span class='ocrx_word' id='word_1_84' title='bbox 356 1138 420 1177; x_wconf 91' lang='lat' dir='ltr'><strong>ea</strong></span> <span class='ocrx_word' id='word_1_85' title='bbox 468 1124 841 1192; x_wconf 85' lang='lat' dir='ltr'><strong>recepti&#39;sunt,</strong></span> <span class='ocrx_word' id='word_1_86' title='bbox 884 1123 1137 1193; x_wconf 88' lang='lat' dir='ltr'><strong>injustam</strong></span> <span class='ocrx_word' id='word_1_87' title='bbox 1165 1135 1221 1179; x_wconf 90' lang='lat' dir='ltr'><strong>et</strong></span> <span class='ocrx_word' id='word_1_88' title='bbox 1252 1128 1584 1196; x_wconf 87' lang='lat' dir='ltr'><strong>tyrannicam</strong></span> <span class='ocrx_word' id='word_1_89' title='bbox 1616 1144 1711 1181; x_wconf 89' lang='lat' dir='ltr'><strong>an-</strong></span> 
     </span>
    </p>
   </div>
   <div class='ocr_carea' id='block_1_12' title="bbox 109 1214 1712 1289">
    <p class='ocr_par' dir='ltr' id='par_1_12' title="bbox 109 1214 1712 1289">
     <span class='ocr_line' id='line_1_12' title="bbox 109 1214 1712 1289; baseline 0.005 -23"><span class='ocrx_word' id='word_1_90' title='bbox 109 1225 194 1266; x_wconf 80' lang='lat' dir='ltr'><strong>tea</strong></span> <span class='ocrx_word' id='word_1_91' title='bbox 220 1214 548 1269; x_wconf 82' lang='lat' dir='ltr'><strong>sustinentes</strong></span> <span class='ocrx_word' id='word_1_92' title='bbox 576 1216 1004 1286; x_wconf 83' lang='lat' dir='ltr'><strong>inscriptionem,</strong></span> <span class='ocrx_word' id='word_1_93' title='bbox 1029 1217 1314 1274; x_wconf 81' lang='lat' dir='ltr'><strong>confestim</strong></span> <span class='ocrx_word' id='word_1_94' title='bbox 1346 1218 1571 1273; x_wconf 90' lang='lat' dir='ltr'><strong>decreto</strong></span> <span class='ocrx_word' id='word_1_95' title='bbox 1597 1220 1712 1289; x_wconf 87' lang='lat' dir='ltr'><strong>Spi-</strong></span> 
     </span>
    </p>
   </div>
   <div class='ocr_carea' id='block_1_13' title="bbox 108 1307 1713 1378">
    <p class='ocr_par' dir='ltr' id='par_1_13' title="bbox 108 1307 1713 1378">
     <span class='ocr_line' id='line_1_13' title="bbox 108 1307 1713 1378; baseline 0.002 -19"><span class='ocrx_word' id='word_1_96' title='bbox 108 1309 247 1361; x_wconf 86' lang='lat' dir='ltr'><strong>ritus</strong></span> <span class='ocrx_word' id='word_1_97' title='bbox 285 1307 622 1376; x_wconf 90' lang='lat' dir='ltr'><strong>sanctijuste</strong></span> <span class='ocrx_word' id='word_1_98' title='bbox 674 1308 911 1378; x_wconf 88' lang='lat' dir='ltr'><strong>suscepti</strong></span> <span class='ocrx_word' id='word_1_99' title='bbox 962 1317 1134 1363; x_wconf 86' lang='lat' dir='ltr'><strong>sunt:</strong></span> <span class='ocrx_word' id='word_1_100' title='bbox 1182 1310 1235 1363; x_wconf 91' lang='lat' dir='ltr'><strong>in</strong></span> <span class='ocrx_word' id='word_1_101' title='bbox 1281 1310 1476 1378; x_wconf 87' lang='lat' dir='ltr'><strong>quibus</strong></span> <span class='ocrx_word' id='word_1_102' title='bbox 1524 1319 1605 1363; x_wconf 89' lang='lat' dir='ltr'><strong>est</strong></span> <span class='ocrx_word' id='word_1_103' title='bbox 1658 1318 1713 1365; x_wconf 94' lang='lat' dir='ltr'><strong>et</strong></span> 
     </span>
    </p>
   </div>
   <div class='ocr_carea' id='block_1_14' title="bbox 108 1399 1709 1467">
    <p class='ocr_par' dir='ltr' id='par_1_14' title="bbox 108 1399 1709 1467">
     <span class='ocr_line' id='line_1_14' title="bbox 108 1399 1709 1467; baseline 0.005 -19"><span class='ocrx_word' id='word_1_104' title='bbox 108 1405 420 1451; x_wconf 89' lang='lat' dir='ltr'><strong>nostrorum</strong></span> <span class='ocrx_word' id='word_1_105' title='bbox 462 1406 766 1467; x_wconf 84' lang='lat' dir='ltr'><strong>temporum</strong></span> <span class='ocrx_word' id='word_1_106' title='bbox 806 1399 1072 1454; x_wconf 90' lang='lat' dir='ltr'><strong>secundus</strong></span> <span class='ocrx_word' id='word_1_107' title='bbox 1106 1400 1260 1467; x_wconf 84' lang='lat' dir='ltr'><strong>Abel,</strong></span> <span class='ocrx_word' id='word_1_108' title='bbox 1285 1402 1475 1456; x_wconf 87' lang='lat' dir='ltr'><strong>beatus</strong></span> <span class='ocrx_word' id='word_1_109' title='bbox 1498 1401 1709 1455; x_wconf 87' lang='lat' dir='ltr'><strong>Flavia—</strong></span> 
     </span>
    </p>
   </div>
   <div class='ocr_carea' id='block_1_15' title="bbox 108 1486 1710 1559">
    <p class='ocr_par' dir='ltr' id='par_1_15' title="bbox 108 1486 1710 1559">
     <span class='ocr_line' id='line_1_15' title="bbox 108 1486 1710 1559; baseline 0.006 -22"><span class='ocrx_word' id='word_1_110' title='bbox 108 1501 229 1540; x_wconf 89' lang='lat' dir='ltr'><strong>nus.</strong></span> <span class='ocrx_word' id='word_1_111' title='bbox 278 1505 298 1537; x_wconf 72' lang='grc' dir='ltr'><strong>ι</strong></span> <span class='ocrx_word' id='word_1_112' title='bbox 363 1486 556 1541; x_wconf 89' lang='lat' dir='ltr'><strong>Dicunt</strong></span> <span class='ocrx_word' id='word_1_113' title='bbox 597 1496 654 1542; x_wconf 91' lang='lat' dir='ltr'><strong>et</strong></span> <span class='ocrx_word' id='word_1_114' title='bbox 706 1489 810 1543; x_wconf 90' lang='lat' dir='ltr'><strong>alia</strong></span> <span class='ocrx_word' id='word_1_115' title='bbox 858 1490 1047 1554; x_wconf 88' lang='lat' dir='ltr'><strong>multa,</strong></span> <span class='ocrx_word' id='word_1_116' title='bbox 1100 1505 1222 1559; x_wconf 63' lang='lat' dir='ltr'><strong>quae</strong></span> <span class='ocrx_word' id='word_1_117' title='bbox 1276 1507 1710 1547; x_wconf 89' lang='lat' dir='ltr'><strong>commemorare</strong></span> 
     </span>
    </p>
   </div>
   <div class='ocr_carea' id='block_1_16' title="bbox 109 1577 1710 1653">
    <p class='ocr_par' dir='ltr' id='par_1_16' title="bbox 109 1577 1710 1653">
     <span class='ocr_line' id='line_1_16' title="bbox 109 1577 1710 1653; baseline 0.004 -23"><span class='ocrx_word' id='word_1_118' title='bbox 109 1577 427 1646; x_wconf 76' lang='lat' dir='ltr'><strong>perlongum</strong></span> <span class='ocrx_word' id='word_1_119' title='bbox 449 1586 552 1634; x_wconf 92' lang='lat' dir='ltr'><strong>est.</strong></span> <span class='ocrx_word' id='word_1_120' title='bbox 583 1580 866 1645; x_wconf 83' lang='lat' dir='ltr'><strong>Quomodo</strong></span> <span class='ocrx_word' id='word_1_121' title='bbox 895 1583 1056 1650; x_wconf 82' lang='lat' dir='ltr'><strong>igitur</strong></span> <span class='ocrx_word' id='word_1_122' title='bbox 1077 1583 1453 1638; x_wconf 72' lang='lat' dir='ltr'><strong>hmreticornm</strong></span> <span class='ocrx_word' id='word_1_123' title='bbox 1480 1585 1710 1653; x_wconf 87' lang='lat' dir='ltr'><strong>compli-</strong></span> 
     </span>
    </p>
   </div>
   <div class='ocr_carea' id='block_1_17' title="bbox 104 1671 1711 1744">
    <p class='ocr_par' dir='ltr' id='par_1_17' title="bbox 104 1671 1711 1744">
     <span class='ocr_line' id='line_1_17' title="bbox 104 1671 1711 1744; baseline 0.005 -21"><span class='ocrx_word' id='word_1_124' title='bbox 104 1684 198 1723; x_wconf 88' lang='lat' dir='ltr'><strong>ces</strong></span> <span class='ocrx_word' id='word_1_125' title='bbox 236 1671 550 1739; x_wconf 84' lang='lat' dir='ltr'><strong>recipimus,</strong></span> <span class='ocrx_word' id='word_1_126' title='bbox 604 1689 743 1727; x_wconf 88' lang='lat' dir='ltr'><strong>nova</strong></span> <span class='ocrx_word' id='word_1_127' title='bbox 772 1683 829 1728; x_wconf 91' lang='lat' dir='ltr'><strong>et</strong></span> <span class='ocrx_word' id='word_1_128' title='bbox 871 1676 1143 1731; x_wconf 90' lang='lat' dir='ltr'><strong>contraria</strong></span> <span class='ocrx_word' id='word_1_129' title='bbox 1170 1676 1549 1744; x_wconf 88' lang='lat' dir='ltr'><strong>decernentes,</strong></span> <span class='ocrx_word' id='word_1_130' title='bbox 1592 1686 1711 1731; x_wconf 90' lang='lat' dir='ltr'><strong>tan-</strong></span> 
     </span>
    </p>
   </div>
   <div class='ocr_carea' id='block_1_18' title="bbox 105 1760 1710 1836">
    <p class='ocr_par' dir='ltr' id='par_1_18' title="bbox 105 1760 1710 1836">
     <span class='ocr_line' id='line_1_18' title="bbox 105 1760 1710 1836; baseline 0.007 -26"><span class='ocrx_word' id='word_1_131' title='bbox 105 1773 270 1826; x_wconf 88' lang='lat' dir='ltr'><strong>quam</strong></span> <span class='ocrx_word' id='word_1_132' title='bbox 304 1760 485 1815; x_wconf 89' lang='lat' dir='ltr'><strong>minus</strong></span> <span class='ocrx_word' id='word_1_133' title='bbox 532 1762 781 1829; x_wconf 81' lang='lat' dir='ltr'><strong>religioni</strong></span> <span class='ocrx_word' id='word_1_134' title='bbox 807 1766 1112 1820; x_wconf 89' lang='lat' dir='ltr'><strong>consultum</strong></span> <span class='ocrx_word' id='word_1_135' title='bbox 1154 1765 1317 1821; x_wconf 89' lang='lat' dir='ltr'><strong>fuerit</strong></span> <span class='ocrx_word' id='word_1_136' title='bbox 1356 1768 1408 1820; x_wconf 91' lang='lat' dir='ltr'><strong>in</strong></span> <span class='ocrx_word' id='word_1_137' title='bbox 1462 1768 1544 1822; x_wconf 91' lang='lat' dir='ltr'><strong>his</strong></span> <span class='ocrx_word' id='word_1_138' title='bbox 1592 1783 1710 1836; x_wconf 76' lang='lat' dir='ltr'><strong>quze</strong></span> 
     </span>
    </p>
   </div>
   <div class='ocr_carea' id='block_1_19' title="bbox 104 1848 1709 1927">
    <p class='ocr_par' dir='ltr' id='par_1_19' title="bbox 104 1848 1709 1927">
     <span class='ocr_line' id='line_1_19' title="bbox 104 1848 1709 1927; baseline 0.007 -24"><span class='ocrx_word' id='word_1_139' title='bbox 104 1848 334 1905; x_wconf 83' lang='lat' dir='ltr'><strong>deﬁnita</strong></span> <span class='ocrx_word' id='word_1_140' title='bbox 362 1859 491 1905; x_wconf 88' lang='lat' dir='ltr'><strong>sunt</strong></span> <span class='ocrx_word' id='word_1_141' title='bbox 539 1852 607 1907; x_wconf 89' lang='lat' dir='ltr'><strong>ab</strong></span> <span class='ocrx_word' id='word_1_142' title='bbox 660 1853 751 1907; x_wconf 89' lang='lat' dir='ltr'><strong>illa</strong></span> <span class='ocrx_word' id='word_1_143' title='bbox 802 1856 1030 1925; x_wconf 86' lang='lat' dir='ltr'><strong>synodo,</strong></span> <span class='ocrx_word' id='word_1_144' title='bbox 1090 1873 1212 1911; x_wconf 88' lang='lat' dir='ltr'><strong>cum</strong></span> <span class='ocrx_word' id='word_1_145' title='bbox 1269 1858 1475 1927; x_wconf 89' lang='lat' dir='ltr'><strong>antiqui</strong></span> <span class='ocrx_word' id='word_1_146' title='bbox 1521 1856 1709 1915; x_wconf 85' lang='lat' dir='ltr'><strong>Patres</strong></span> 
     </span>
    </p>
   </div>
   <div class='ocr_carea' id='block_1_20' title="bbox 102 1940 1707 2014">
    <p class='ocr_par' dir='ltr' id='par_1_20' title="bbox 102 1940 1707 2014">
     <span class='ocr_line' id='line_1_20' title="bbox 102 1940 1707 2014; baseline 0.005 -19"><span class='ocrx_word' id='word_1_147' title='bbox 102 1956 275 1995; x_wconf 83' lang='lat' dir='ltr'><strong>unum</strong></span> <span class='ocrx_word' id='word_1_148' title='bbox 307 1940 420 1995; x_wconf 84' lang='lat' dir='ltr'><strong>iota</strong></span> <span class='ocrx_word' id='word_1_149' title='bbox 472 1942 556 1996; x_wconf 88' lang='lat' dir='ltr'><strong>vel</strong></span> <span class='ocrx_word' id='word_1_150' title='bbox 582 1959 745 1998; x_wconf 90' lang='lat' dir='ltr'><strong>unum</strong></span> <span class='ocrx_word' id='word_1_151' title='bbox 794 1946 1002 2014; x_wconf 88' lang='lat' dir='ltr'><strong>apicem</strong></span> <span class='ocrx_word' id='word_1_152' title='bbox 1034 1962 1091 2001; x_wconf 89' lang='lat' dir='ltr'><strong>se</strong></span> <span class='ocrx_word' id='word_1_153' title='bbox 1121 1948 1174 2001; x_wconf 91' lang='lat' dir='ltr'><strong>in</strong></span> <span class='ocrx_word' id='word_1_154' title='bbox 1216 1948 1294 2004; x_wconf 92' lang='lat' dir='ltr'><strong>eis</strong></span> <span class='ocrx_word' id='word_1_155' title='bbox 1334 1964 1552 2003; x_wconf 84' lang='lat' dir='ltr'><strong>movere</strong></span> <span class='ocrx_word' id='word_1_156' title='bbox 1601 1966 1707 2003; x_wconf 92' lang='lat' dir='ltr'><strong>non</strong></span> 
     </span>
    </p>
   </div>
   <div class='ocr_carea' id='block_1_21' title="bbox 100 2033 1706 2107">
    <p class='ocr_par' dir='ltr' id='par_1_21' title="bbox 100 2033 1706 2107">
     <span class='ocr_line' id='line_1_21' title="bbox 100 2033 1706 2107; baseline 0.004 -22"><span class='ocrx_word' id='word_1_157' title='bbox 100 2046 267 2099; x_wconf 80' lang='lat' dir='ltr'><strong>posse</strong></span> <span class='ocrx_word' id='word_1_158' title='bbox 299 2033 685 2101; x_wconf 89' lang='lat' dir='ltr'><strong>pronuntient?</strong></span> <span class='ocrx_word' id='word_1_159' title='bbox 734 2044 830 2089; x_wconf 87' lang='lat' dir='ltr'><strong>aut</strong></span> <span class='ocrx_word' id='word_1_160' title='bbox 863 2036 992 2104; x_wconf 89' lang='lat' dir='ltr'><strong>quid</strong></span> <span class='ocrx_word' id='word_1_161' title='bbox 1041 2046 1291 2106; x_wconf 85' lang='lat' dir='ltr'><strong>putamus</strong></span> <span class='ocrx_word' id='word_1_162' title='bbox 1320 2036 1567 2107; x_wconf 90' lang='lat' dir='ltr'><strong>profecto</strong></span> <span class='ocrx_word' id='word_1_163' title='bbox 1605 2038 1706 2093; x_wconf 91' lang='lat' dir='ltr'><strong>soli</strong></span> 
     </span>
    </p>
   </div>
   <div class='ocr_carea' id='block_1_22' title="bbox 100 2123 1707 2195">
    <p class='ocr_par' dir='ltr' id='par_1_22' title="bbox 100 2123 1707 2195">
     <span class='ocr_line' id='line_1_22' title="bbox 100 2123 1707 2195; baseline 0.003 -18"><span class='ocrx_word' id='word_1_164' title='bbox 100 2131 154 2177; x_wconf 89' lang='lat' dir='ltr'><strong>et</strong></span> <span class='ocrx_word' id='word_1_165' title='bbox 176 2131 303 2178; x_wconf 90' lang='lat' dir='ltr'><strong>toto</strong></span> <span class='ocrx_word' id='word_1_166' title='bbox 328 2123 528 2179; x_wconf 92' lang='lat' dir='ltr'><strong>mundo</strong></span> <span class='ocrx_word' id='word_1_167' title='bbox 557 2125 789 2180; x_wconf 84' lang='lat' dir='ltr'><strong>radianti</strong></span> <span class='ocrx_word' id='word_1_168' title='bbox 818 2127 1027 2191; x_wconf 89' lang='lat' dir='ltr'><strong>deesse,</strong></span> <span class='ocrx_word' id='word_1_169' title='bbox 1076 2128 1220 2195; x_wconf 88' lang='lat' dir='ltr'><strong>quod</strong></span> <span class='ocrx_word' id='word_1_170' title='bbox 1267 2128 1464 2183; x_wconf 84' lang='lat' dir='ltr'><strong>debeat</strong></span> <span class='ocrx_word' id='word_1_171' title='bbox 1484 2129 1707 2183; x_wconf 89' lang='lat' dir='ltr'><strong>istorum</strong></span> 
     </span>
    </p>
   </div>
   <div class='ocr_carea' id='block_1_23' title="bbox 102 2212 1711 2290">
    <p class='ocr_par' dir='ltr' id='par_1_23' title="bbox 102 2212 1711 2290">
     <span class='ocr_line' id='line_1_23' title="bbox 102 2212 1711 2290; baseline 0.005 -25"><span class='ocrx_word' id='word_1_172' title='bbox 102 2212 419 2282; x_wconf 72' lang='lat' dir='ltr'><strong>adiectione</strong></span> <span class='ocrx_word' id='word_1_173' title='bbox 457 2216 730 2285; x_wconf 90' lang='lat' dir='ltr'><strong>suppleri;</strong></span> <span class='ocrx_word' id='word_1_174' title='bbox 774 2218 867 2286; x_wconf 91' lang='lat' dir='ltr'><strong>qui</strong></span> <span class='ocrx_word' id='word_1_175' title='bbox 896 2219 1035 2273; x_wconf 91' lang='lat' dir='ltr'><strong>sicut</strong></span> <span class='ocrx_word' id='word_1_176' title='bbox 1079 2219 1493 2288; x_wconf 69' lang='lat' dir='ltr'><strong>insuperabilem</strong></span> <span class='ocrx_word' id='word_1_177' title='bbox 1526 2220 1711 2290; x_wconf 89' lang='lat' dir='ltr'><strong>splen-</strong></span> 
     </span>
    </p>
   </div>
   <div class='ocr_carea' id='block_1_24' title="bbox 102 2300 1706 2380">
    <p class='ocr_par' dir='ltr' id='par_1_24' title="bbox 102 2300 1706 2380">
     <span class='ocr_line' id='line_1_24' title="bbox 102 2300 1706 2380; baseline 0.007 -26"><span class='ocrx_word' id='word_1_178' title='bbox 102 2300 297 2356; x_wconf 86' lang='lat' dir='ltr'><strong>dorem</strong></span> <span class='ocrx_word' id='word_1_179' title='bbox 320 2300 437 2370; x_wconf 84' lang='lat' dir='ltr'><strong>ejus</strong></span> <span class='ocrx_word' id='word_1_180' title='bbox 466 2302 659 2358; x_wconf 81' lang='lat' dir='ltr'><strong>frustra</strong></span> <span class='ocrx_word' id='word_1_181' title='bbox 689 2306 983 2361; x_wconf 90' lang='lat' dir='ltr'><strong>obscurare</strong></span> <span class='ocrx_word' id='word_1_182' title='bbox 1006 2316 1293 2375; x_wconf 90' lang='lat' dir='ltr'><strong>conantur,</strong></span> <span class='ocrx_word' id='word_1_183' title='bbox 1325 2309 1397 2363; x_wconf 90' lang='lat' dir='ltr'><strong>ita</strong></span> <span class='ocrx_word' id='word_1_184' title='bbox 1420 2310 1553 2364; x_wconf 82' lang='lat' dir='ltr'><strong>nihil</strong></span> <span class='ocrx_word' id='word_1_185' title='bbox 1583 2326 1706 2380; x_wconf 88' lang='lat' dir='ltr'><strong>pos-</strong></span> 
     </span>
    </p>
   </div>
   <div class='ocr_carea' id='block_1_25' title="bbox 100 2391 1037 2464">
    <p class='ocr_par' dir='ltr' id='par_1_25' title="bbox 100 2391 1037 2464">
     <span class='ocr_line' id='line_1_25' title="bbox 100 2391 1037 2464; baseline 0.005 -19"><span class='ocrx_word' id='word_1_186' title='bbox 100 2399 227 2445; x_wconf 79' lang='lat' dir='ltr'><strong>sunt</strong></span> <span class='ocrx_word' id='word_1_187' title='bbox 255 2391 581 2461; x_wconf 89' lang='lat' dir='ltr'><strong>plenitudini</strong></span> <span class='ocrx_word' id='word_1_188' title='bbox 621 2394 741 2463; x_wconf 88' lang='lat' dir='ltr'><strong>ejus</strong></span> <span class='ocrx_word' id='word_1_189' title='bbox 765 2396 1037 2464; x_wconf 82' lang='lat' dir='ltr'><strong>adjicere?</strong></span> 
     </span>
    </p>
   </div>
   <div class='ocr_carea' id='block_1_26' title="bbox 714 2506 1062 2563">
    <p class='ocr_par' dir='ltr' id='par_1_26' title="bbox 714 2506 1062 2563">
     <span class='ocr_line' id='line_1_26' title="bbox 714 2506 1062 2563; baseline 0.006 -2"><span class='ocrx_word' id='word_1_190' title='bbox 714 2506 946 2563; x_wconf 81' lang='lat' dir='ltr'><strong>CAPUT</strong></span> <span class='ocrx_word' id='word_1_191' title='bbox 998 2508 1062 2563; x_wconf 77' lang='lat' dir='ltr'><strong>Vl</strong></span> 
     </span>
    </p>
   </div>
   <div class='ocr_carea' id='block_1_27' title="bbox 101 2592 1709 2670">
    <p class='ocr_par' dir='ltr' id='par_1_27' title="bbox 101 2592 1709 2670">
     <span class='ocr_line' id='line_1_27' title="bbox 101 2592 1709 2670; baseline 0.008 -27"><span class='ocrx_word' id='word_1_192' title='bbox 101 2592 260 2670; x_wconf 69' lang='grc' dir='ltr'>Ωιιρά</span> <span class='ocrx_word' id='word_1_193' title='bbox 312 2598 510 2661; x_wconf 76' lang='lat' dir='ltr'><strong>{rustra</strong></span> <span class='ocrx_word' id='word_1_194' title='bbox 562 2596 739 2670; x_wconf 76' lang='lat' dir='ltr'><strong>l&#39;igilii</strong></span> <span class='ocrx_word' id='word_1_195' title='bbox 796 2616 946 2667; x_wconf 68' lang='lat' dir='ltr'><strong>papae</strong></span> <span class='ocrx_word' id='word_1_196' title='bbox 985 2616 1285 2670; x_wconf 77' lang='lat' dir='ltr'><strong>responsum</strong></span> <span class='ocrx_word' id='word_1_197' title='bbox 1332 2614 1625 2665; x_wconf 65' lang='lat' dir='ltr'><strong>exspectare</strong></span> <span class='ocrx_word' id='word_1_198' title='bbox 1655 2620 1709 2657; x_wconf 81' lang='lat' dir='ltr'><strong>se</strong></span> 
     </span>
    </p>
   </div>
   <div class='ocr_carea' id='block_1_28' title="bbox 169 2667 1704 2748">
    <p class='ocr_par' dir='ltr' id='par_1_28' title="bbox 169 2667 1704 2748">
     <span class='ocr_line' id='line_1_28' title="bbox 169 2667 1704 2748; baseline 0.007 -32"><span class='ocrx_word' id='word_1_199' title='bbox 169 2667 374 2729; x_wconf 70' lang='lat' dir='ltr'><strong>dicant,</strong></span> <span class='ocrx_word' id='word_1_200' title='bbox 404 2672 488 2734; x_wconf 85' lang='lat' dir='ltr'><strong>qui</strong></span> <span class='ocrx_word' id='word_1_201' title='bbox 518 2684 555 2748; x_wconf 77' lang='lat' dir='ltr'><strong>a_</strong></span> <span class='ocrx_word' id='word_1_202' title='bbox 603 2668 783 2723; x_wconf 79' lang='lat' dir='ltr'><strong>Leonis</strong></span> <span class='ocrx_word' id='word_1_203' title='bbox 813 2667 1090 2725; x_wconf 76' lang='lat' dir='ltr'><strong>decessoris</strong></span> <span class='ocrx_word' id='word_1_204' title='bbox 1117 2676 1198 2725; x_wconf 81' lang='lat' dir='ltr'><strong>sui</strong></span> <span class='ocrx_word' id='word_1_205' title='bbox 1236 2674 1459 2741; x_wconf 79' lang='lat' dir='ltr'><strong>vestigiis</strong></span> <span class='ocrx_word' id='word_1_206' title='bbox 1492 2676 1704 2727; x_wconf 88' lang='lat' dir='ltr'><strong>minime</strong></span> 
     </span>
    </p>
   </div>
   <div class='ocr_carea' id='block_1_29' title="bbox 178 2749 597 2791">
    <p class='ocr_par' dir='ltr' id='par_1_29' title="bbox 178 2749 597 2791">
     <span class='ocr_line' id='line_1_29' title="bbox 178 2749 597 2791; baseline 0.012 -5"><span class='ocrx_word' id='word_1_207' title='bbox 178 2751 482 2790; x_wconf 76' lang='lat' dir='ltr'><strong>recessurus</strong></span> <span class='ocrx_word' id='word_1_208' title='bbox 512 2749 597 2791; x_wconf 75' lang='grc' dir='ltr'><strong>8η.</strong></span> 
     </span>
    </p>
   </div>
   <div class='ocr_carea' id='block_1_30' title="bbox 167 2834 1707 2923">
    <p class='ocr_par' dir='ltr' id='par_1_30' title="bbox 167 2834 1707 2923">
     <span class='ocr_line' id='line_1_30' title="bbox 167 2834 1707 2923; baseline 0.008 -26"><span class='ocrx_word' id='word_1_209' title='bbox 167 2842 235 2899; x_wconf 85' lang='lat' dir='ltr'><strong>Et</strong></span> <span class='ocrx_word' id='word_1_210' title='bbox 274 2846 454 2901; x_wconf 89' lang='lat' dir='ltr'><strong>adhuc</strong></span> <span class='ocrx_word' id='word_1_211' title='bbox 478 2846 665 2902; x_wconf 90' lang='lat' dir='ltr'><strong>dicunt</strong></span> <span class='ocrx_word' id='word_1_212' title='bbox 692 2850 837 2917; x_wconf 90' lang='lat' dir='ltr'><strong>quod</strong></span> <span class='ocrx_word' id='word_1_213' title='bbox 866 2850 934 2904; x_wconf 92' lang='lat' dir='ltr'><strong>de</strong></span> <span class='ocrx_word' id='word_1_214' title='bbox 986 2858 1133 2905; x_wconf 89' lang='lat' dir='ltr'><strong>tanta</strong></span> <span class='ocrx_word' id='word_1_215' title='bbox 1163 2867 1259 2906; x_wconf 90' lang='lat' dir='ltr'><strong>sua</strong></span> <span class='ocrx_word' id='word_1_216' title='bbox 1290 2834 1707 2923; x_wconf 63' lang='lat' dir='ltr'><strong>praesumptione</strong></span> 
     </span>
    </p>
   </div>
   <div class='ocr_carea' id='block_1_31' title="bbox 100 2933 1707 3009">
    <p class='ocr_par' dir='ltr' id='par_1_31' title="bbox 100 2933 1707 3009">
     <span class='ocr_line' id='line_1_31' title="bbox 100 2933 1707 3009; baseline 0.006 -19"><span class='ocrx_word' id='word_1_217' title='bbox 100 2933 403 2990; x_wconf 73' lang='lat' dir='ltr'><strong>Ecclesiam</strong></span> <span class='ocrx_word' id='word_1_218' title='bbox 489 2951 706 3007; x_wconf 88' lang='lat' dir='ltr'><strong>quoque</strong></span> <span class='ocrx_word' id='word_1_219' title='bbox 771 2938 1070 2994; x_wconf 85' lang='lat' dir='ltr'><strong>Romanam</strong></span> <span class='ocrx_word' id='word_1_220' title='bbox 1156 2943 1566 3009; x_wconf 90' lang='lat' dir='ltr'><strong>consuluerint,</strong></span> <span class='ocrx_word' id='word_1_221' title='bbox 1650 2952 1707 2999; x_wconf 88' lang='lat' dir='ltr'><strong>et</strong></span> 
     </span>
    </p>
   </div>
   <div class='ocr_carea' id='block_1_32' title="bbox 99 3026 1703 3105">
    <p class='ocr_par' dir='ltr' id='par_1_32' title="bbox 99 3026 1703 3105">
     <span class='ocr_line' id='line_1_32' title="bbox 99 3026 1703 3105; baseline 0.007 -26"><span class='ocrx_word' id='word_1_222' title='bbox 99 3041 246 3081; x_wconf 69' lang='lat' dir='ltr'><strong>aurae</strong></span> <span class='ocrx_word' id='word_1_223' title='bbox 284 3026 609 3082; x_wconf 87' lang='lat' dir='ltr'><strong>sententiam</strong></span> <span class='ocrx_word' id='word_1_224' title='bbox 649 3030 794 3083; x_wconf 89' lang='lat' dir='ltr'><strong>beati</strong></span> <span class='ocrx_word' id='word_1_225' title='bbox 834 3029 1007 3098; x_wconf 78' lang='lat' dir='ltr'><strong>Vigilii</strong></span> <span class='ocrx_word' id='word_1_226' title='bbox 1050 3034 1287 3101; x_wconf 66' lang='lat' dir='ltr'><strong>pmulis</strong></span> <span class='ocrx_word' id='word_1_227' title='bbox 1343 3033 1461 3102; x_wconf 88' lang='lat' dir='ltr'><strong>ejus</strong></span> <span class='ocrx_word' id='word_1_228' title='bbox 1507 3050 1703 3105; x_wconf 78' lang='lat' dir='ltr'><strong>exspe-</strong></span> 
     </span>
    </p>
   </div>
   <div class='ocr_carea' id='block_1_33' title="bbox 1812 492 3409 569">
    <p class='ocr_par' dir='ltr' id='par_1_33' title="bbox 1812 492 3409 569">
     <span class='ocr_line' id='line_1_33' title="bbox 1812 492 3409 569; baseline 0.006 -23"><span class='ocrx_word' id='word_1_229' title='bbox 1812 492 2069 561; x_wconf 88' lang='lat' dir='ltr'><strong>judicem,</strong></span> <span class='ocrx_word' id='word_1_230' title='bbox 2097 495 2191 548; x_wconf 91' lang='lat' dir='ltr'><strong>sed</strong></span> <span class='ocrx_word' id='word_1_231' title='bbox 2213 496 2525 549; x_wconf 74' lang='lat' dir='ltr'><strong>certissimae</strong></span> <span class='ocrx_word' id='word_1_232' title='bbox 2553 498 2995 565; x_wconf 76' lang='lat' dir='ltr'><strong>transgressionis</strong></span> <span class='ocrx_word' id='word_1_233' title='bbox 3033 510 3409 569; x_wconf 80' lang='lat' dir='ltr'><strong>exspectemus</strong></span> 
     </span>
    </p>
   </div>
   <div class='ocr_carea' id='block_1_34' title="bbox 1818 584 3409 660">
    <p class='ocr_par' dir='ltr' id='par_1_34' title="bbox 1818 584 3409 660">
     <span class='ocr_line' id='line_1_34' title="bbox 1818 584 3409 660; baseline 0.004 -23"><span class='ocrx_word' id='word_1_234' title='bbox 1818 584 2095 638; x_wconf 88' lang='lat' dir='ltr'><strong>ultorem?</strong></span> <span class='ocrx_word' id='word_1_235' title='bbox 2123 585 2215 639; x_wconf 91' lang='lat' dir='ltr'><strong>llla</strong></span> <span class='ocrx_word' id='word_1_236' title='bbox 2255 587 2454 655; x_wconf 88' lang='lat' dir='ltr'><strong>quippe</strong></span> <span class='ocrx_word' id='word_1_237' title='bbox 2503 589 2787 657; x_wconf 79' lang='lat' dir='ltr'><strong>multiplex</strong></span> <span class='ocrx_word' id='word_1_238' title='bbox 2814 599 2868 643; x_wconf 88' lang='lat' dir='ltr'><strong>et</strong></span> <span class='ocrx_word' id='word_1_239' title='bbox 2908 599 3090 659; x_wconf 89' lang='lat' dir='ltr'><strong>aperta</strong></span> <span class='ocrx_word' id='word_1_240' title='bbox 3119 592 3409 660; x_wconf 90' lang='lat' dir='ltr'><strong>prohibitio</strong></span> 
     </span>
    </p>
   </div>
   <div class='ocr_carea' id='block_1_35' title="bbox 1815 664 3405 744">
    <p class='ocr_par' dir='ltr' id='par_1_35' title="bbox 1815 664 3405 744">
     <span class='ocr_line' id='line_1_35' title="bbox 1815 664 3405 744; baseline 0.003 -17"><span class='ocrx_word' id='word_1_241' title='bbox 1815 673 2115 729; x_wconf 87' lang='lat' dir='ltr'><strong>decessoris</strong></span> <span class='ocrx_word' id='word_1_242' title='bbox 2145 664 2279 743; x_wconf 79' lang='lat' dir='ltr'><strong>ejus,</strong></span> <span class='ocrx_word' id='word_1_243' title='bbox 2312 676 2448 729; x_wconf 81' lang='lat' dir='ltr'><strong>sicut</strong></span> <span class='ocrx_word' id='word_1_244' title='bbox 2476 677 2976 744; x_wconf 73' lang='lat' dir='ltr'><strong>przevaricatoribus</strong></span> <span class='ocrx_word' id='word_1_245' title='bbox 3005 680 3210 733; x_wconf 80' lang='lat' dir='ltr'><strong>crinzen</strong></span> <span class='ocrx_word' id='word_1_246' title='bbox 3236 682 3405 744; x_wconf 79' lang='lat' dir='ltr'><strong>auxit,</strong></span> 
     </span>
    </p>
   </div>
   <div class='ocr_carea' id='block_1_36' title="bbox 1817 766 3409 837">
    <p class='ocr_par' dir='ltr' id='par_1_36' title="bbox 1817 766 3409 837">
     <span class='ocr_line' id='line_1_36' title="bbox 1817 766 3409 837; baseline 0.004 -18"><span class='ocrx_word' id='word_1_247' title='bbox 1817 766 1889 820; x_wconf 91' lang='lat' dir='ltr'><strong>ita</strong></span> <span class='ocrx_word' id='word_1_248' title='bbox 1918 767 2051 821; x_wconf 90' lang='lat' dir='ltr'><strong>nihil</strong></span> <span class='ocrx_word' id='word_1_249' title='bbox 2075 767 2385 836; x_wconf 86' lang='lat' dir='ltr'><strong>cujusquam</strong></span> <span class='ocrx_word' id='word_1_250' title='bbox 2410 768 2614 836; x_wconf 85' lang='lat' dir='ltr'><strong>judicio</strong></span> <span class='ocrx_word' id='word_1_251' title='bbox 2643 769 2949 837; x_wconf 81' lang='lat' dir='ltr'><strong>dereliquit.</strong></span> <span class='ocrx_word' id='word_1_252' title='bbox 2981 770 3078 824; x_wconf 90' lang='lat' dir='ltr'><strong>Cui</strong></span> <span class='ocrx_word' id='word_1_253' title='bbox 3108 773 3250 825; x_wconf 91' lang='lat' dir='ltr'><strong>enim</strong></span> <span class='ocrx_word' id='word_1_254' title='bbox 3293 788 3409 825; x_wconf 86' lang='lat' dir='ltr'><strong>ma-</strong></span> 
     </span>
    </p>
   </div>
   <div class='ocr_carea' id='block_1_37' title="bbox 1814 857 3405 929">
    <p class='ocr_par' dir='ltr' id='par_1_37' title="bbox 1814 857 3405 929">
     <span class='ocr_line' id='line_1_37' title="bbox 1814 857 3405 929; baseline 0.004 -20"><span class='ocrx_word' id='word_1_255' title='bbox 1814 858 1895 925; x_wconf 92' lang='lat' dir='ltr'><strong>gis</strong></span> <span class='ocrx_word' id='word_1_256' title='bbox 1926 858 2112 924; x_wconf 90' lang='lat' dir='ltr'><strong>alteri,</strong></span> <span class='ocrx_word' id='word_1_257' title='bbox 2156 874 2316 928; x_wconf 85' lang='lat' dir='ltr'><strong>quam</strong></span> <span class='ocrx_word' id='word_1_258' title='bbox 2344 857 2542 925; x_wconf 89' lang='lat' dir='ltr'><strong>Leoni,</strong></span> <span class='ocrx_word' id='word_1_259' title='bbox 2576 860 2765 913; x_wconf 88' lang='lat' dir='ltr'><strong>liceret</strong></span> <span class='ocrx_word' id='word_1_260' title='bbox 2795 876 2892 928; x_wconf 89' lang='lat' dir='ltr'><strong>pro</strong></span> <span class='ocrx_word' id='word_1_261' title='bbox 2922 862 3083 914; x_wconf 84' lang='lat' dir='ltr'><strong>tantis</strong></span> <span class='ocrx_word' id='word_1_262' title='bbox 3112 862 3405 929; x_wconf 86' lang='lat' dir='ltr'><strong>laboribus,</strong></span> 
     </span>
    </p>
   </div>
   <div class='ocr_carea' id='block_1_38' title="bbox 1813 950 3406 1020">
    <p class='ocr_par' dir='ltr' id='par_1_38' title="bbox 1813 950 3406 1020">
     <span class='ocr_line' id='line_1_38' title="bbox 1813 950 3406 1020; baseline 0.004 -20"><span class='ocrx_word' id='word_1_263' title='bbox 1813 964 1948 1015; x_wconf 87' lang='lat' dir='ltr'><strong>quos</strong></span> <span class='ocrx_word' id='word_1_264' title='bbox 1974 958 2195 1018; x_wconf 88' lang='lat' dir='ltr'><strong>propter</strong></span> <span class='ocrx_word' id='word_1_265' title='bbox 2224 960 2574 1003; x_wconf 88' lang='lat' dir='ltr'><strong>memoratam</strong></span> <span class='ocrx_word' id='word_1_266' title='bbox 2599 950 2859 1020; x_wconf 77' lang='lat' dir='ltr'><strong>synodum</strong></span> <span class='ocrx_word' id='word_1_267' title='bbox 2880 953 3406 1020; x_wconf 68' lang='lat' dir='ltr'><strong>perseverantissime</strong></span> 
     </span>
    </p>
   </div>
   <div class='ocr_carea' id='block_1_39' title="bbox 1817 1040 3406 1109">
    <p class='ocr_par' dir='ltr' id='par_1_39' title="bbox 1817 1040 3406 1109">
     <span class='ocr_line' id='line_1_39' title="bbox 1817 1040 3406 1109; baseline 0.003 -18"><span class='ocrx_word' id='word_1_268' title='bbox 1817 1040 2011 1093; x_wconf 90' lang='lat' dir='ltr'><strong>virtute</strong></span> <span class='ocrx_word' id='word_1_269' title='bbox 2039 1040 2318 1104; x_wconf 87' lang='lat' dir='ltr'><strong>sustinuit,</strong></span> <span class='ocrx_word' id='word_1_270' title='bbox 2364 1040 2564 1109; x_wconf 87' lang='lat' dir='ltr'><strong>aliquid</strong></span> <span class='ocrx_word' id='word_1_271' title='bbox 2611 1041 2662 1093; x_wconf 91' lang='lat' dir='ltr'><strong>in</strong></span> <span class='ocrx_word' id='word_1_272' title='bbox 2710 1040 2794 1093; x_wconf 90' lang='lat' dir='ltr'><strong>his</strong></span> <span class='ocrx_word' id='word_1_273' title='bbox 2836 1056 2955 1109; x_wconf 66' lang='lat' dir='ltr'><strong>quae</strong></span> <span class='ocrx_word' id='word_1_274' title='bbox 3003 1041 3070 1095; x_wconf 88' lang='lat' dir='ltr'><strong>ab</strong></span> <span class='ocrx_word' id='word_1_275' title='bbox 3101 1057 3163 1095; x_wconf 89' lang='lat' dir='ltr'><strong>ea</strong></span> <span class='ocrx_word' id='word_1_276' title='bbox 3190 1042 3406 1096; x_wconf 87' lang='lat' dir='ltr'><strong>decreta</strong></span> 
     </span>
    </p>
   </div>
   <div class='ocr_carea' id='block_1_40' title="bbox 1812 1128 3407 1185">
    <p class='ocr_par' dir='ltr' id='par_1_40' title="bbox 1812 1128 3407 1185">
     <span class='ocr_line' id='line_1_40' title="bbox 1812 1128 3407 1185; baseline 0.002 -5"><span class='ocrx_word' id='word_1_277' title='bbox 1812 1135 1937 1180; x_wconf 88' lang='lat' dir='ltr'><strong>sunt</strong></span> <span class='ocrx_word' id='word_1_278' title='bbox 1964 1130 2292 1182; x_wconf 86' lang='lat' dir='ltr'><strong>retractare?</strong></span> <span class='ocrx_word' id='word_1_279' title='bbox 2330 1128 2435 1182; x_wconf 86' lang='lat' dir='ltr'><strong>Sed</strong></span> <span class='ocrx_word' id='word_1_280' title='bbox 2465 1128 2606 1182; x_wconf 89' lang='lat' dir='ltr'><strong>absit</strong></span> <span class='ocrx_word' id='word_1_281' title='bbox 2639 1137 2693 1182; x_wconf 90' lang='lat' dir='ltr'><strong>ut</strong></span> <span class='ocrx_word' id='word_1_282' title='bbox 2723 1129 2813 1182; x_wconf 90' lang='lat' dir='ltr'><strong>ille</strong></span> <span class='ocrx_word' id='word_1_283' title='bbox 2838 1130 2919 1182; x_wconf 89' lang='lat' dir='ltr'><strong>vir</strong></span> <span class='ocrx_word' id='word_1_284' title='bbox 2957 1138 3175 1185; x_wconf 87' lang='lat' dir='ltr'><strong>sanctus</strong></span> <span class='ocrx_word' id='word_1_285' title='bbox 3202 1130 3407 1183; x_wconf 81' lang='lat' dir='ltr'><strong>licitum</strong></span> 
     </span>
    </p>
   </div>
   <div class='ocr_carea' id='block_1_41' title="bbox 1812 1216 3410 1286">
    <p class='ocr_par' dir='ltr' id='par_1_41' title="bbox 1812 1216 3410 1286">
     <span class='ocr_line' id='line_1_41' title="bbox 1812 1216 3410 1286; baseline 0.002 -18"><span class='ocrx_word' id='word_1_286' title='bbox 1812 1216 1913 1269; x_wconf 89' lang='lat' dir='ltr'><strong>sibi</strong></span> <span class='ocrx_word' id='word_1_287' title='bbox 1956 1225 2169 1284; x_wconf 87' lang='lat' dir='ltr'><strong>putaret</strong></span> <span class='ocrx_word' id='word_1_288' title='bbox 2201 1216 2344 1284; x_wconf 89' lang='lat' dir='ltr'><strong>quod</strong></span> <span class='ocrx_word' id='word_1_289' title='bbox 2371 1232 2478 1270; x_wconf 94' lang='lat' dir='ltr'><strong>non</strong></span> <span class='ocrx_word' id='word_1_290' title='bbox 2520 1217 2775 1285; x_wconf 86' lang='lat' dir='ltr'><strong>expedire</strong></span> <span class='ocrx_word' id='word_1_291' title='bbox 2814 1218 3089 1281; x_wconf 85' lang='lat' dir='ltr'><strong>cernebat,</strong></span> <span class='ocrx_word' id='word_1_292' title='bbox 3136 1226 3191 1271; x_wconf 90' lang='lat' dir='ltr'><strong>et</strong></span> <span class='ocrx_word' id='word_1_293' title='bbox 3230 1219 3410 1286; x_wconf 81' lang='lat' dir='ltr'><strong>magni</strong></span> 
     </span>
    </p>
   </div>
   <div class='ocr_carea' id='block_1_42' title="bbox 1813 1306 3403 1376">
    <p class='ocr_par' dir='ltr' id='par_1_42' title="bbox 1813 1306 3403 1376">
     <span class='ocr_line' id='line_1_42' title="bbox 1813 1306 3403 1376; baseline 0 -17"><span class='ocrx_word' id='word_1_294' title='bbox 1813 1306 1894 1359; x_wconf 91' lang='lat' dir='ltr'><strong>sui</strong></span> <span class='ocrx_word' id='word_1_295' title='bbox 1939 1307 2248 1361; x_wconf 88' lang='lat' dir='ltr'><strong>certaminis</strong></span> <span class='ocrx_word' id='word_1_296' title='bbox 2278 1307 2530 1376; x_wconf 87' lang='lat' dir='ltr'><strong>palmam,</strong></span> <span class='ocrx_word' id='word_1_297' title='bbox 2581 1315 2863 1375; x_wconf 86' lang='lat' dir='ltr'><strong>postquam</strong></span> <span class='ocrx_word' id='word_1_298' title='bbox 2915 1308 3064 1372; x_wconf 81' lang='lat' dir='ltr'><strong>vicit,</strong></span> <span class='ocrx_word' id='word_1_299' title='bbox 3115 1308 3403 1361; x_wconf 74' lang='lat' dir='ltr'><strong>amitteret.</strong></span> 
     </span>
    </p>
   </div>
   <div class='ocr_carea' id='block_1_43' title="bbox 1813 1395 3406 1467">
    <p class='ocr_par' dir='ltr' id='par_1_43' title="bbox 1813 1395 3406 1467">
     <span class='ocr_line' id='line_1_43' title="bbox 1813 1395 3406 1467; baseline 0.001 -18"><span class='ocrx_word' id='word_1_300' title='bbox 1813 1395 1949 1461; x_wconf 90' lang='lat' dir='ltr'><strong>Quid</strong></span> <span class='ocrx_word' id='word_1_301' title='bbox 1988 1398 2127 1451; x_wconf 90' lang='lat' dir='ltr'><strong>enim</strong></span> <span class='ocrx_word' id='word_1_302' title='bbox 2175 1398 2288 1465; x_wconf 90' lang='lat' dir='ltr'><strong>jam</strong></span> <span class='ocrx_word' id='word_1_303' title='bbox 2332 1398 2618 1465; x_wconf 85' lang='lat' dir='ltr'><strong>integrum,</strong></span> <span class='ocrx_word' id='word_1_304' title='bbox 2662 1398 2744 1451; x_wconf 89' lang='lat' dir='ltr'><strong>vel</strong></span> <span class='ocrx_word' id='word_1_305' title='bbox 2787 1397 2917 1467; x_wconf 89' lang='lat' dir='ltr'><strong>quid</strong></span> <span class='ocrx_word' id='word_1_306' title='bbox 2961 1408 3209 1454; x_wconf 88' lang='lat' dir='ltr'><strong>constare</strong></span> <span class='ocrx_word' id='word_1_307' title='bbox 3240 1402 3406 1467; x_wconf 69' lang='lat' dir='ltr'><strong>possit</strong></span> 
     </span>
    </p>
   </div>
   <div class='ocr_carea' id='block_1_44' title="bbox 1813 1487 3405 1557">
    <p class='ocr_par' dir='ltr' id='par_1_44' title="bbox 1813 1487 3405 1557">
     <span class='ocr_line' id='line_1_44' title="bbox 1813 1487 3405 1557; baseline 0 -17"><span class='ocrx_word' id='word_1_308' title='bbox 1813 1487 2118 1552; x_wconf 89' lang='lat' dir='ltr'><strong>immobile,</strong></span> <span class='ocrx_word' id='word_1_309' title='bbox 2178 1490 2221 1543; x_wconf 93' lang='lat' dir='ltr'><strong>si</strong></span> <span class='ocrx_word' id='word_1_310' title='bbox 2254 1490 2386 1543; x_wconf 90' lang='lat' dir='ltr'><strong>tanti</strong></span> <span class='ocrx_word' id='word_1_311' title='bbox 2434 1489 2645 1542; x_wconf 78' lang='lat' dir='ltr'><strong>concilii</strong></span> <span class='ocrx_word' id='word_1_312' title='bbox 2684 1490 2983 1557; x_wconf 88' lang='lat' dir='ltr'><strong>sententia,</strong></span> <span class='ocrx_word' id='word_1_313' title='bbox 3025 1490 3108 1544; x_wconf 89' lang='lat' dir='ltr'><strong>vel</strong></span> <span class='ocrx_word' id='word_1_314' title='bbox 3136 1490 3274 1543; x_wconf 87' lang='lat' dir='ltr'><strong>sicut</strong></span> <span class='ocrx_word' id='word_1_315' title='bbox 3305 1491 3405 1542; x_wconf 85' lang='lat' dir='ltr'><strong>im-</strong></span> 
     </span>
    </p>
   </div>
   <div class='ocr_carea' id='block_1_45' title="bbox 1814 1577 3405 1648">
    <p class='ocr_par' dir='ltr' id='par_1_45' title="bbox 1814 1577 3405 1648">
     <span class='ocr_line' id='line_1_45' title="bbox 1814 1577 3405 1648; baseline 0.002 -16"><span class='ocrx_word' id='word_1_316' title='bbox 1814 1577 2046 1645; x_wconf 88' lang='lat' dir='ltr'><strong>perfecta</strong></span> <span class='ocrx_word' id='word_1_317' title='bbox 2099 1580 2365 1648; x_wconf 88' lang='lat' dir='ltr'><strong>suppleri,</strong></span> <span class='ocrx_word' id='word_1_318' title='bbox 2421 1580 2505 1634; x_wconf 87' lang='lat' dir='ltr'><strong>vel</strong></span> <span class='ocrx_word' id='word_1_319' title='bbox 2556 1580 2693 1633; x_wconf 88' lang='lat' dir='ltr'><strong>sicut</strong></span> <span class='ocrx_word' id='word_1_320' title='bbox 2745 1580 2905 1633; x_wconf 85' lang='lat' dir='ltr'><strong>dubia</strong></span> <span class='ocrx_word' id='word_1_321' title='bbox 2954 1596 3164 1633; x_wconf 88' lang='lat' dir='ltr'><strong>rursum</strong></span> <span class='ocrx_word' id='word_1_322' title='bbox 3214 1580 3405 1635; x_wconf 82' lang='lat' dir='ltr'><strong>discuti</strong></span> 
     </span>
    </p>
   </div>
   <div class='ocr_carea' id='block_1_46' title="bbox 1812 1668 3406 1726">
    <p class='ocr_par' dir='ltr' id='par_1_46' title="bbox 1812 1668 3406 1726">
     <span class='ocr_line' id='line_1_46' title="bbox 1812 1668 3406 1726; baseline 0.004 -6"><span class='ocrx_word' id='word_1_323' title='bbox 1812 1668 2133 1724; x_wconf 82' lang='lat' dir='ltr'><strong>videretur?</strong></span> <span class='ocrx_word' id='word_1_324' title='bbox 2192 1670 2306 1725; x_wconf 88' lang='lat' dir='ltr'><strong>Non</strong></span> <span class='ocrx_word' id='word_1_325' title='bbox 2373 1680 2554 1725; x_wconf 91' lang='lat' dir='ltr'><strong>autem</strong></span> <span class='ocrx_word' id='word_1_326' title='bbox 2627 1672 2681 1725; x_wconf 91' lang='lat' dir='ltr'><strong>in</strong></span> <span class='ocrx_word' id='word_1_327' title='bbox 2758 1672 2872 1726; x_wconf 89' lang='lat' dir='ltr'><strong>sola</strong></span> <span class='ocrx_word' id='word_1_328' title='bbox 2941 1672 3063 1726; x_wconf 89' lang='lat' dir='ltr'><strong>ﬁdei</strong></span> <span class='ocrx_word' id='word_1_329' title='bbox 3118 1672 3406 1726; x_wconf 83' lang='lat' dir='ltr'><strong>dubitatio-</strong></span> 
     </span>
    </p>
   </div>
   <div class='ocr_carea' id='block_1_47' title="bbox 1740 1761 3406 1851">
    <p class='ocr_par' dir='ltr' id='par_1_47' title="bbox 1740 1761 3406 1851">
     <span class='ocr_line' id='line_1_47' title="bbox 1740 1761 3406 1851; baseline 0.003 -39"><span class='ocrx_word' id='word_1_330' title='bbox 1740 1792 1786 1851; x_wconf 78' lang='grc' dir='ltr'>Β</span> <span class='ocrx_word' id='word_1_331' title='bbox 1816 1776 1903 1823; x_wconf 91' lang='lat' dir='ltr'><strong>ne,</strong></span> <span class='ocrx_word' id='word_1_332' title='bbox 1955 1761 2040 1814; x_wconf 85' lang='lat' dir='ltr'><strong>vel</strong></span> <span class='ocrx_word' id='word_1_333' title='bbox 2081 1762 2101 1791; x_wconf 89' lang='grc'>³</span> <span class='ocrx_word' id='word_1_334' title='bbox 2138 1761 2449 1816; x_wconf 87' lang='lat' dir='ltr'><strong>deﬁnitione</strong></span> <span class='ocrx_word' id='word_1_335' title='bbox 2504 1764 2856 1817; x_wconf 89' lang='lat' dir='ltr'><strong>conciliorum</strong></span> <span class='ocrx_word' id='word_1_336' title='bbox 2901 1763 3047 1818; x_wconf 86' lang='lat' dir='ltr'><strong>valet</strong></span> <span class='ocrx_word' id='word_1_337' title='bbox 3091 1765 3406 1828; x_wconf 88' lang='lat' dir='ltr'><strong>auctoritas,</strong></span> 
     </span>
    </p>
   </div>
   <div class='ocr_carea' id='block_1_48' title="bbox 1811 1851 3407 1923">
    <p class='ocr_par' dir='ltr' id='par_1_48' title="bbox 1811 1851 3407 1923">
     <span class='ocr_line' id='line_1_48' title="bbox 1811 1851 3407 1923; baseline 0.004 -21"><span class='ocrx_word' id='word_1_338' title='bbox 1811 1864 1998 1903; x_wconf 87' lang='lat' dir='ltr'><strong>verum</strong></span> <span class='ocrx_word' id='word_1_339' title='bbox 2038 1851 2200 1905; x_wconf 88' lang='lat' dir='ltr'><strong>etiam</strong></span> <span class='ocrx_word' id='word_1_340' title='bbox 2244 1851 2293 1904; x_wconf 88' lang='lat' dir='ltr'><strong>in</strong></span> <span class='ocrx_word' id='word_1_341' title='bbox 2334 1852 2583 1906; x_wconf 90' lang='lat' dir='ltr'><strong>omnibus</strong></span> <span class='ocrx_word' id='word_1_342' title='bbox 2625 1868 2744 1923; x_wconf 74' lang='lat' dir='ltr'><strong>quae</strong></span> <span class='ocrx_word' id='word_1_343' title='bbox 2773 1870 2871 1922; x_wconf 91' lang='lat' dir='ltr'><strong>pro</strong></span> <span class='ocrx_word' id='word_1_344' title='bbox 2916 1855 3066 1922; x_wconf 86' lang='lat' dir='ltr'><strong>pacis</strong></span> <span class='ocrx_word' id='word_1_345' title='bbox 3106 1864 3162 1908; x_wconf 91' lang='lat' dir='ltr'><strong>et</strong></span> <span class='ocrx_word' id='word_1_346' title='bbox 3190 1855 3407 1909; x_wconf 80' lang='lat' dir='ltr'><strong>unitatis</strong></span> 
     </span>
    </p>
   </div>
   <div class='ocr_carea' id='block_1_49' title="bbox 1810 1937 3406 2011">
    <p class='ocr_par' dir='ltr' id='par_1_49' title="bbox 1810 1937 3406 2011">
     <span class='ocr_line' id='line_1_49' title="bbox 1810 1937 3406 2011; baseline 0.004 -20"><span class='ocrx_word' id='word_1_347' title='bbox 1810 1937 2172 2003; x_wconf 88' lang='lat' dir='ltr'><strong>observantia,</strong></span> <span class='ocrx_word' id='word_1_348' title='bbox 2217 1940 2369 2007; x_wconf 84' lang='lat' dir='ltr'><strong>cujus</strong></span> <span class='ocrx_word' id='word_1_349' title='bbox 2397 1942 2631 1994; x_wconf 72' lang='lat' dir='ltr'><strong>maxima</strong></span> <span class='ocrx_word' id='word_1_350' title='bbox 2655 1943 2989 2011; x_wconf 90' lang='lat' dir='ltr'><strong>sapientibus</strong></span> <span class='ocrx_word' id='word_1_351' title='bbox 3010 1959 3138 1998; x_wconf 89' lang='lat' dir='ltr'><strong>cura</strong></span> <span class='ocrx_word' id='word_1_352' title='bbox 3164 1954 3265 2009; x_wconf 90' lang='lat' dir='ltr'><strong>est,</strong></span> <span class='ocrx_word' id='word_1_353' title='bbox 3290 1961 3406 1998; x_wconf 73' lang='lat' dir='ltr'><strong>mo-</strong></span> 
     </span>
    </p>
   </div>
   <div class='ocr_carea' id='block_1_50' title="bbox 1809 2024 3404 2102">
    <p class='ocr_par' dir='ltr' id='par_1_50' title="bbox 1809 2024 3404 2102">
     <span class='ocr_line' id='line_1_50' title="bbox 1809 2024 3404 2102; baseline 0.007 -24"><span class='ocrx_word' id='word_1_354' title='bbox 1809 2024 1961 2081; x_wconf 89' lang='lat' dir='ltr'><strong>deste</strong></span> <span class='ocrx_word' id='word_1_355' title='bbox 1984 2027 2056 2081; x_wconf 91' lang='lat' dir='ltr'><strong>ibi</strong></span> <span class='ocrx_word' id='word_1_356' title='bbox 2076 2025 2273 2082; x_wconf 79' lang='lat' dir='ltr'><strong>fuerint</strong></span> <span class='ocrx_word' id='word_1_357' title='bbox 2293 2045 2359 2083; x_wconf 91' lang='lat' dir='ltr'><strong>ac</strong></span> <span class='ocrx_word' id='word_1_358' title='bbox 2381 2030 2518 2085; x_wconf 90' lang='lat' dir='ltr'><strong>bene</strong></span> <span class='ocrx_word' id='word_1_359' title='bbox 2537 2034 2858 2101; x_wconf 86' lang='lat' dir='ltr'><strong>composita.</strong></span> <span class='ocrx_word' id='word_1_360' title='bbox 2875 2032 3011 2089; x_wconf 84' lang='lat' dir='ltr'><strong>Hinc</strong></span> <span class='ocrx_word' id='word_1_361' title='bbox 3031 2048 3161 2102; x_wconf 82' lang='lat' dir='ltr'><strong>ergo</strong></span> <span class='ocrx_word' id='word_1_362' title='bbox 3184 2051 3367 2090; x_wconf 89' lang='lat' dir='ltr'><strong>rursus</strong></span> <span class='ocrx_word' id='word_1_363' title='bbox 3383 2035 3404 2067; x_wconf 69' lang='grc'>⁸</span> 
     </span>
    </p>
   </div>
   <div class='ocr_carea' id='block_1_51' title="bbox 1810 2108 3402 2195">
    <p class='ocr_par' dir='ltr' id='par_1_51' title="bbox 1810 2108 3402 2195">
     <span class='ocr_line' id='line_1_51' title="bbox 1810 2108 3402 2195; baseline 0.006 -24"><span class='ocrx_word' id='word_1_364' title='bbox 1810 2132 2060 2185; x_wconf 83' lang='lat' dir='ltr'><strong>agnosce,</strong></span> <span class='ocrx_word' id='word_1_365' title='bbox 2088 2120 2325 2188; x_wconf 82' lang='lat' dir='ltr'><strong>Auguste</strong></span> <span class='ocrx_word' id='word_1_366' title='bbox 2352 2138 2415 2177; x_wconf 92' lang='lat' dir='ltr'><strong>ac</strong></span> <span class='ocrx_word' id='word_1_367' title='bbox 2445 2124 2766 2178; x_wconf 87' lang='lat' dir='ltr'><strong>venerabilis</strong></span> <span class='ocrx_word' id='word_1_368' title='bbox 2787 2108 3104 2194; x_wconf 78' lang='lat' dir='ltr'><strong>imperator,</strong></span> <span class='ocrx_word' id='word_1_369' title='bbox 3151 2128 3202 2179; x_wconf 90' lang='lat' dir='ltr'><strong>in</strong></span> <span class='ocrx_word' id='word_1_370' title='bbox 3228 2142 3402 2195; x_wconf 87' lang='lat' dir='ltr'><strong>quan-</strong></span> 
     </span>
    </p>
   </div>
   <div class='ocr_carea' id='block_1_52' title="bbox 1812 2209 3403 2281">
    <p class='ocr_par' dir='ltr' id='par_1_52' title="bbox 1812 2209 3403 2281">
     <span class='ocr_line' id='line_1_52' title="bbox 1812 2209 3403 2281; baseline 0.006 -20"><span class='ocrx_word' id='word_1_371' title='bbox 1812 2217 1921 2261; x_wconf 92' lang='lat' dir='ltr'><strong>tum</strong></span> <span class='ocrx_word' id='word_1_372' title='bbox 1953 2209 2115 2263; x_wconf 89' lang='lat' dir='ltr'><strong>totius</strong></span> <span class='ocrx_word' id='word_1_373' title='bbox 2144 2211 2327 2266; x_wconf 90' lang='lat' dir='ltr'><strong>mundi</strong></span> <span class='ocrx_word' id='word_1_374' title='bbox 2373 2212 2675 2281; x_wconf 76' lang='lat' dir='ltr'><strong>pnesidium</strong></span> <span class='ocrx_word' id='word_1_375' title='bbox 2724 2213 2901 2267; x_wconf 88' lang='lat' dir='ltr'><strong>divina</strong></span> <span class='ocrx_word' id='word_1_376' title='bbox 2948 2214 3021 2268; x_wconf 91' lang='lat' dir='ltr'><strong>sis</strong></span> <span class='ocrx_word' id='word_1_377' title='bbox 3062 2214 3403 2272; x_wconf 84' lang='lat' dir='ltr'><strong>Providentia</strong></span> 
     </span>
    </p>
   </div>
   <div class='ocr_carea' id='block_1_53' title="bbox 1809 2302 3404 2370">
    <p class='ocr_par' dir='ltr' id='par_1_53' title="bbox 1809 2302 3404 2370">
     <span class='ocr_line' id='line_1_53' title="bbox 1809 2302 3404 2370; baseline 0.006 -18"><span class='ocrx_word' id='word_1_378' title='bbox 1809 2310 2169 2369; x_wconf 70' lang='lat' dir='ltr'><strong>prteparatus;</strong></span> <span class='ocrx_word' id='word_1_379' title='bbox 2200 2310 2255 2355; x_wconf 90' lang='lat' dir='ltr'><strong>et</strong></span> <span class='ocrx_word' id='word_1_380' title='bbox 2301 2302 2429 2370; x_wconf 90' lang='lat' dir='ltr'><strong>quid</strong></span> <span class='ocrx_word' id='word_1_381' title='bbox 2459 2304 2644 2357; x_wconf 78' lang='lat' dir='ltr'><strong>auxilii</strong></span> <span class='ocrx_word' id='word_1_382' title='bbox 2693 2306 2851 2358; x_wconf 88' lang='lat' dir='ltr'><strong>matri</strong></span> <span class='ocrx_word' id='word_1_383' title='bbox 2884 2313 2987 2359; x_wconf 76' lang='lat' dir='ltr'><strong>tua:</strong></span> <span class='ocrx_word' id='word_1_384' title='bbox 3016 2304 3268 2361; x_wconf 54' lang='lat' dir='ltr'><strong>Ecclesiae</strong></span> <span class='ocrx_word' id='word_1_385' title='bbox 3313 2310 3404 2361; x_wconf 70' lang='lat' dir='ltr'><strong>de~</strong></span> 
     </span>
    </p>
   </div>
   <div class='ocr_carea' id='block_1_54' title="bbox 1808 2391 3404 2467">
    <p class='ocr_par' dir='ltr' id='par_1_54' title="bbox 1808 2391 3404 2467">
     <span class='ocr_line' id='line_1_54' title="bbox 1808 2391 3404 2467; baseline 0.005 -21"><span class='ocrx_word' id='word_1_386' title='bbox 1808 2391 1964 2454; x_wconf 84' lang='lat' dir='ltr'><strong>beas,</strong></span> <span class='ocrx_word' id='word_1_387' title='bbox 1992 2408 2111 2461; x_wconf 74' lang='lat' dir='ltr'><strong>qua:</strong></span> <span class='ocrx_word' id='word_1_388' title='bbox 2143 2402 2194 2447; x_wconf 90' lang='lat' dir='ltr'><strong>te</strong></span> <span class='ocrx_word' id='word_1_389' title='bbox 2232 2393 2341 2447; x_wconf 90' lang='lat' dir='ltr'><strong>ﬁlio</strong></span> <span class='ocrx_word' id='word_1_390' title='bbox 2381 2395 2616 2449; x_wconf 81' lang='lat' dir='ltr'><strong>maxime</strong></span> <span class='ocrx_word' id='word_1_391' title='bbox 2655 2395 2937 2463; x_wconf 77' lang='lat' dir='ltr'><strong>gloriatur,</strong></span> <span class='ocrx_word' id='word_1_392' title='bbox 2979 2397 3234 2467; x_wconf 86' lang='lat' dir='ltr'><strong>intellige.</strong></span> <span class='ocrx_word' id='word_1_393' title='bbox 3287 2399 3404 2454; x_wconf 84' lang='lat' dir='ltr'><strong>Non</strong></span> 
     </span>
    </p>
   </div>
   <div class='ocr_carea' id='block_1_55' title="bbox 1806 2484 3402 2559">
    <p class='ocr_par' dir='ltr' id='par_1_55' title="bbox 1806 2484 3402 2559">
     <span class='ocr_line' id='line_1_55' title="bbox 1806 2484 3402 2559; baseline 0.004 -22"><span class='ocrx_word' id='word_1_394' title='bbox 1806 2484 2073 2544; x_wconf 87' lang='lat' dir='ltr'><strong>sinantur,</strong></span> <span class='ocrx_word' id='word_1_395' title='bbox 2104 2493 2292 2538; x_wconf 90' lang='lat' dir='ltr'><strong>contra</strong></span> <span class='ocrx_word' id='word_1_396' title='bbox 2332 2484 2566 2539; x_wconf 71' lang='lat' dir='ltr'><strong>dextera:</strong></span> <span class='ocrx_word' id='word_1_397' title='bbox 2607 2488 2992 2555; x_wconf 88' lang='lat' dir='ltr'><strong>omnipotentis</strong></span> <span class='ocrx_word' id='word_1_398' title='bbox 3040 2490 3402 2559; x_wconf 86' lang='lat' dir='ltr'><strong>triumphum,</strong></span> 
     </span>
    </p>
   </div>
   <div class='ocr_carea' id='block_1_56' title="bbox 1808 2574 3405 2650">
    <p class='ocr_par' dir='ltr' id='par_1_56' title="bbox 1808 2574 3405 2650">
     <span class='ocr_line' id='line_1_56' title="bbox 1808 2574 3405 2650; baseline 0.004 -23"><span class='ocrx_word' id='word_1_399' title='bbox 1808 2574 2060 2627; x_wconf 80' lang='lat' dir='ltr'><strong>redivivis</strong></span> <span class='ocrx_word' id='word_1_400' title='bbox 2079 2588 2365 2642; x_wconf 84' lang='lat' dir='ltr'><strong>assurgere</strong></span> <span class='ocrx_word' id='word_1_401' title='bbox 2393 2576 2630 2631; x_wconf 88' lang='lat' dir='ltr'><strong>motibus</strong></span> <span class='ocrx_word' id='word_1_402' title='bbox 2651 2579 2914 2632; x_wconf 81' lang='lat' dir='ltr'><strong>exstincta</strong></span> <span class='ocrx_word' id='word_1_403' title='bbox 2942 2581 3257 2643; x_wconf 87' lang='lat' dir='ltr'><strong>certamina,</strong></span> <span class='ocrx_word' id='word_1_404' title='bbox 3278 2597 3405 2650; x_wconf 74' lang='lat' dir='ltr'><strong>pra:-</strong></span> 
     </span>
    </p>
   </div>
   <div class='ocr_carea' id='block_1_57' title="bbox 1806 2664 3403 2737">
    <p class='ocr_par' dir='ltr' id='par_1_57' title="bbox 1806 2664 3403 2737">
     <span class='ocr_line' id='line_1_57' title="bbox 1806 2664 3403 2737; baseline 0.005 -20"><span class='ocrx_word' id='word_1_405' title='bbox 1806 2665 1994 2718; x_wconf 85' lang='lat' dir='ltr'><strong>sertim</strong></span> <span class='ocrx_word' id='word_1_406' title='bbox 2021 2680 2138 2719; x_wconf 88' lang='lat' dir='ltr'><strong>cum</strong></span> <span class='ocrx_word' id='word_1_407' title='bbox 2172 2664 2223 2718; x_wconf 88' lang='lat' dir='ltr'><strong>id</strong></span> <span class='ocrx_word' id='word_1_408' title='bbox 2252 2665 2520 2721; x_wconf 88' lang='lat' dir='ltr'><strong>damnatis</strong></span> <span class='ocrx_word' id='word_1_409' title='bbox 2544 2666 2656 2737; x_wconf 88' lang='lat' dir='ltr'><strong>jam</strong></span> <span class='ocrx_word' id='word_1_410' title='bbox 2678 2669 2875 2722; x_wconf 90' lang='lat' dir='ltr'><strong>dudum</strong></span> <span class='ocrx_word' id='word_1_411' title='bbox 2908 2670 3281 2726; x_wconf 60' lang='lat' dir='ltr'><strong>hatreticorum</strong></span> <span class='ocrx_word' id='word_1_412' title='bbox 3310 2688 3403 2725; x_wconf 90' lang='lat' dir='ltr'><strong>au-</strong></span> 
     </span>
    </p>
   </div>
   <div class='ocr_carea' id='block_1_58' title="bbox 1806 2756 3404 2833">
    <p class='ocr_par' dir='ltr' id='par_1_58' title="bbox 1806 2756 3404 2833">
     <span class='ocr_line' id='line_1_58' title="bbox 1806 2756 3404 2833; baseline 0.006 -24"><span class='ocrx_word' id='word_1_413' title='bbox 1806 2756 1955 2810; x_wconf 89' lang='lat' dir='ltr'><strong>sibus</strong></span> <span class='ocrx_word' id='word_1_414' title='bbox 1982 2760 2201 2813; x_wconf 90' lang='lat' dir='ltr'><strong>omnino</strong></span> <span class='ocrx_word' id='word_1_415' title='bbox 2231 2772 2339 2813; x_wconf 90' lang='lat' dir='ltr'><strong>non</strong></span> <span class='ocrx_word' id='word_1_416' title='bbox 2371 2760 2548 2825; x_wconf 88' lang='lat' dir='ltr'><strong>liceat,</strong></span> <span class='ocrx_word' id='word_1_417' title='bbox 2583 2769 2638 2816; x_wconf 89' lang='lat' dir='ltr'><strong>et</strong></span> <span class='ocrx_word' id='word_1_418' title='bbox 2660 2762 2746 2815; x_wconf 92' lang='lat' dir='ltr'><strong>hic</strong></span> <span class='ocrx_word' id='word_1_419' title='bbox 2772 2761 2977 2817; x_wconf 85' lang='lat' dir='ltr'><strong>fructus</strong></span> <span class='ocrx_word' id='word_1_420' title='bbox 3001 2765 3103 2833; x_wconf 89' lang='lat' dir='ltr'><strong>piis</strong></span> <span class='ocrx_word' id='word_1_421' title='bbox 3133 2766 3404 2819; x_wconf 88' lang='lat' dir='ltr'><strong>laboribus</strong></span> 
     </span>
    </p>
   </div>
   <div class='ocr_carea' id='block_1_59' title="bbox 1805 2850 3404 2921">
    <p class='ocr_par' dir='ltr' id='par_1_59' title="bbox 1805 2850 3404 2921">
     <span class='ocr_line' id='line_1_59' title="bbox 1805 2850 3404 2921; baseline 0.004 -18"><span class='ocrx_word' id='word_1_422' title='bbox 1805 2850 2087 2915; x_wconf 86' lang='lat' dir='ltr'><strong>debeatur,</strong></span> <span class='ocrx_word' id='word_1_423' title='bbox 2122 2860 2180 2903; x_wconf 93' lang='lat' dir='ltr'><strong>ut</strong></span> <span class='ocrx_word' id='word_1_424' title='bbox 2200 2851 2377 2906; x_wconf 84' lang='lat' dir='ltr'><strong>omnis</strong></span> <span class='ocrx_word' id='word_1_425' title='bbox 2400 2852 2650 2907; x_wconf 65' lang='lat' dir='ltr'><strong>Ecclesiae</strong></span> <span class='ocrx_word' id='word_1_426' title='bbox 2672 2853 2950 2921; x_wconf 87' lang='lat' dir='ltr'><strong>plenitudo</strong></span> <span class='ocrx_word' id='word_1_427' title='bbox 2972 2854 3023 2908; x_wconf 91' lang='lat' dir='ltr'><strong>in</strong></span> <span class='ocrx_word' id='word_1_428' title='bbox 3050 2871 3160 2910; x_wconf 79' lang='lat' dir='ltr'><strong>sua:</strong></span> <span class='ocrx_word' id='word_1_429' title='bbox 3183 2856 3404 2909; x_wconf 87' lang='lat' dir='ltr'><strong>unitatis</strong></span> 
     </span>
    </p>
   </div>
   <div class='ocr_carea' id='block_1_60' title="bbox 1804 2939 3402 3015">
    <p class='ocr_par' dir='ltr' id='par_1_60' title="bbox 1804 2939 3402 3015">
     <span class='ocr_line' id='line_1_60' title="bbox 1804 2939 3402 3015; baseline 0.005 -22"><span class='ocrx_word' id='word_1_430' title='bbox 1804 2939 2074 2993; x_wconf 87' lang='lat' dir='ltr'><strong>soliditate</strong></span> <span class='ocrx_word' id='word_1_431' title='bbox 2096 2956 2284 2996; x_wconf 91' lang='lat' dir='ltr'><strong>secura</strong></span> <span class='ocrx_word' id='word_1_432' title='bbox 2310 2952 2642 3012; x_wconf 87' lang='lat' dir='ltr'><strong>permaneat,</strong></span> <span class='ocrx_word' id='word_1_433' title='bbox 2673 2944 2909 3013; x_wconf 90' lang='lat' dir='ltr'><strong>nihilque</strong></span> <span class='ocrx_word' id='word_1_434' title='bbox 2932 2962 3154 3015; x_wconf 89' lang='lat' dir='ltr'><strong>prorsus</strong></span> <span class='ocrx_word' id='word_1_435' title='bbox 3174 2947 3242 3001; x_wconf 90' lang='lat' dir='ltr'><strong>de</strong></span> <span class='ocrx_word' id='word_1_436' title='bbox 3264 2948 3402 3001; x_wconf 85' lang='lat' dir='ltr'><strong>bene</strong></span> 
     </span>
    </p>
   </div>
   <div class='ocr_carea' id='block_1_61' title="bbox 1804 3032 3402 3106">
    <p class='ocr_par' dir='ltr' id='par_1_61' title="bbox 1804 3032 3402 3106">
     <span class='ocr_line' id='line_1_61' title="bbox 1804 3032 3402 3106; baseline 0.005 -21"><span class='ocrx_word' id='word_1_437' title='bbox 1804 3032 2119 3099; x_wconf 78' lang='lat' dir='ltr'><strong>compositis</strong></span> <span class='ocrx_word' id='word_1_438' title='bbox 2148 3041 2493 3098; x_wconf 78' lang='lat' dir='ltr'><strong>retractetur,</strong></span> <span class='ocrx_word' id='word_1_439' title='bbox 2538 3035 2661 3102; x_wconf 90' lang='lat' dir='ltr'><strong>quia</strong></span> <span class='ocrx_word' id='word_1_440' title='bbox 2692 3036 2839 3104; x_wconf 89' lang='lat' dir='ltr'><strong>prius</strong></span> <span class='ocrx_word' id='word_1_441' title='bbox 2870 3037 3135 3106; x_wconf 87' lang='lat' dir='ltr'><strong>legitimas</strong></span> <span class='ocrx_word' id='word_1_442' title='bbox 3163 3040 3202 3103; x_wconf 84' lang='grc'><strong>⁵,</strong></span> <span class='ocrx_word' id='word_1_443' title='bbox 3232 3048 3287 3092; x_wconf 92' lang='lat' dir='ltr'><strong>et</strong></span> <span class='ocrx_word' id='word_1_444' title='bbox 3315 3039 3402 3093; x_wconf 88' lang='lat' dir='ltr'><strong>di-</strong></span> 
     </span>
    </p>
   </div>
   <div class='ocr_carea' id='block_1_62' title="bbox 96 3117 3401 3212">
    <p class='ocr_par' dir='ltr' id='par_1_62' title="bbox 96 3117 3401 3212">
     <span class='ocr_line' id='line_1_62' title="bbox 96 3117 3401 3212; baseline 0.004 -42"><span class='ocrx_word' id='word_1_445' title='bbox 96 3126 270 3179; x_wconf 87' lang='lat' dir='ltr'><strong>ctent.</strong></span> <span class='ocrx_word' id='word_1_446' title='bbox 326 3117 405 3171; x_wconf 86' lang='lat' dir='ltr'><strong>De</strong></span> <span class='ocrx_word' id='word_1_447' title='bbox 455 3132 564 3186; x_wconf 88' lang='lat' dir='ltr'><strong>quo</strong></span> <span class='ocrx_word' id='word_1_448' title='bbox 618 3120 769 3187; x_wconf 63' lang='lat' dir='ltr'><strong>quid~</strong></span> <span class='ocrx_word' id='word_1_449' title='bbox 802 3122 1039 3175; x_wconf 84' lang='lat' dir='ltr'><strong>sentiant</strong></span> <span class='ocrx_word' id='word_1_450' title='bbox 1087 3122 1244 3191; x_wconf 90' lang='lat' dir='ltr'><strong>hujus</strong></span> <span class='ocrx_word' id='word_1_451' title='bbox 1293 3125 1554 3194; x_wconf 88' lang='lat' dir='ltr'><strong>temporis</strong></span> <span class='ocrx_word' id='word_1_452' title='bbox 1598 3127 1703 3181; x_wconf 89' lang='lat' dir='ltr'><strong>ho-</strong></span> <span class='ocrx_word' id='word_1_453' title='bbox 1728 3152 1772 3212; x_wconf 67' lang='grc' dir='ltr'>ο</span> <span class='ocrx_word' id='word_1_454' title='bbox 1804 3120 2002 3173; x_wconf 89' lang='lat' dir='ltr'><strong>vinitus</strong></span> <span class='ocrx_word' id='word_1_455' title='bbox 2029 3121 2316 3190; x_wconf 88' lang='lat' dir='ltr'><strong>inspiratas</strong></span> <span class='ocrx_word' id='word_1_456' title='bbox 2353 3124 2771 3180; x_wconf 87' lang='lat' dir='ltr'><strong>constitutiones</strong></span> <span class='ocrx_word' id='word_1_457' title='bbox 2799 3127 2938 3180; x_wconf 90' lang='lat' dir='ltr'><strong>velle</strong></span> <span class='ocrx_word' id='word_1_458' title='bbox 2959 3127 3269 3197; x_wconf 82' lang='lat' dir='ltr'><strong>conﬂigere,</strong></span> <span class='ocrx_word' id='word_1_459' title='bbox 3296 3146 3401 3185; x_wconf 91' lang='lat' dir='ltr'><strong>non</strong></span> 
     </span>
    </p>
   </div>
   <div class='ocr_carea' id='block_1_63' title="bbox 96 3209 1700 3287">
    <p class='ocr_par' dir='ltr' id='par_1_63' title="bbox 96 3209 1700 3287">
     <span class='ocr_line' id='line_1_63' title="bbox 96 3209 1700 3287; baseline 0.007 -25"><span class='ocrx_word' id='word_1_460' title='bbox 96 3209 299 3273; x_wconf 82' lang='lat' dir='ltr'><strong>mines,</strong></span> <span class='ocrx_word' id='word_1_461' title='bbox 337 3218 397 3263; x_wconf 90' lang='lat' dir='ltr'><strong>ut</strong></span> <span class='ocrx_word' id='word_1_462' title='bbox 434 3225 557 3264; x_wconf 92' lang='lat' dir='ltr'><strong>eum</strong></span> <span class='ocrx_word' id='word_1_463' title='bbox 590 3220 797 3266; x_wconf 91' lang='lat' dir='ltr'><strong>tantum</strong></span> <span class='ocrx_word' id='word_1_464' title='bbox 844 3213 997 3269; x_wconf 80' lang='lat' dir='ltr'><strong>nefas</strong></span> <span class='ocrx_word' id='word_1_465' title='bbox 1024 3215 1248 3272; x_wconf 88' lang='lat' dir='ltr'><strong>delinire</strong></span> <span class='ocrx_word' id='word_1_466' title='bbox 1293 3226 1700 3287; x_wconf 66' lang='lat' dir='ltr'><strong>praesumerent,</strong></span> 
     </span>
    </p>
   </div>
   <div class='ocr_carea' id='block_1_64' title="bbox 95 3300 1704 3379">
    <p class='ocr_par' dir='ltr' id='par_1_64' title="bbox 95 3300 1704 3379">
     <span class='ocr_line' id='line_1_64' title="bbox 95 3300 1704 3379; baseline 0.009 -28"><span class='ocrx_word' id='word_1_467' title='bbox 95 3301 243 3367; x_wconf 88' lang='lat' dir='ltr'><strong>quod</strong></span> <span class='ocrx_word' id='word_1_468' title='bbox 280 3300 350 3354; x_wconf 91' lang='lat' dir='ltr'><strong>ab</strong></span> <span class='ocrx_word' id='word_1_469' title='bbox 381 3301 683 3357; x_wconf 90' lang='lat' dir='ltr'><strong>intentione</strong></span> <span class='ocrx_word' id='word_1_470' title='bbox 714 3306 858 3358; x_wconf 90' lang='lat' dir='ltr'><strong>beati</strong></span> <span class='ocrx_word' id='word_1_471' title='bbox 892 3304 1106 3371; x_wconf 86' lang='lat' dir='ltr'><strong>Leonis,</strong></span> <span class='ocrx_word' id='word_1_472' title='bbox 1143 3308 1242 3363; x_wconf 91' lang='lat' dir='ltr'><strong>sub</strong></span> <span class='ocrx_word' id='word_1_473' title='bbox 1278 3310 1441 3365; x_wconf 89' lang='lat' dir='ltr'><strong>tantis</strong></span> <span class='ocrx_word' id='word_1_474' title='bbox 1467 3310 1583 3379; x_wconf 79' lang='lat' dir='ltr'><strong>ejus</strong></span> <span class='ocrx_word' id='word_1_475' title='bbox 1610 3312 1704 3366; x_wconf 90' lang='lat' dir='ltr'><strong>de-</strong></span> 
     </span>
    </p>
   </div>
   <div class='ocr_carea' id='block_1_65' title="bbox 94 3392 1704 3472">
    <p class='ocr_par' dir='ltr' id='par_1_65' title="bbox 94 3392 1704 3472">
     <span class='ocr_line' id='line_1_65' title="bbox 94 3392 1704 3472; baseline 0.008 -27"><span class='ocrx_word' id='word_1_476' title='bbox 94 3392 428 3452; x_wconf 81' lang='lat' dir='ltr'><strong>cessoribus,</strong></span> <span class='ocrx_word' id='word_1_477' title='bbox 471 3409 577 3447; x_wconf 93' lang='lat' dir='ltr'><strong>non</strong></span> <span class='ocrx_word' id='word_1_478' title='bbox 616 3394 683 3447; x_wconf 91' lang='lat' dir='ltr'><strong>ad</strong></span> <span class='ocrx_word' id='word_1_479' title='bbox 722 3395 775 3449; x_wconf 91' lang='lat' dir='ltr'><strong>id</strong></span> <span class='ocrx_word' id='word_1_480' title='bbox 816 3406 1028 3467; x_wconf 90' lang='lat' dir='ltr'><strong>tempus</strong></span> <span class='ocrx_word' id='word_1_481' title='bbox 1071 3406 1333 3455; x_wconf 91' lang='lat' dir='ltr'><strong>tentatum</strong></span> <span class='ocrx_word' id='word_1_482' title='bbox 1373 3412 1475 3468; x_wconf 86' lang='lat' dir='ltr'><strong>est,</strong></span> <span class='ocrx_word' id='word_1_483' title='bbox 1515 3404 1704 3472; x_wconf 89' lang='lat' dir='ltr'><strong>procul</strong></span> 
     </span>
    </p>
   </div>
   <div class='ocr_carea' id='block_1_66' title="bbox 93 3484 1702 3562">
    <p class='ocr_par' dir='ltr' id='par_1_66' title="bbox 93 3484 1702 3562">
     <span class='ocr_line' id='line_1_66' title="bbox 93 3484 1702 3562; baseline 0.009 -27"><span class='ocrx_word' id='word_1_484' title='bbox 93 3484 264 3535; x_wconf 87' lang='lat' dir='ltr'><strong>dubio</strong></span> <span class='ocrx_word' id='word_1_485' title='bbox 290 3485 537 3548; x_wconf 77' lang='lat' dir='ltr'><strong>intelligit</strong></span> <span class='ocrx_word' id='word_1_486' title='bbox 562 3494 616 3540; x_wconf 91' lang='lat' dir='ltr'><strong>et</strong></span> <span class='ocrx_word' id='word_1_487' title='bbox 637 3487 751 3557; x_wconf 85' lang='lat' dir='ltr'><strong>ipse</strong></span> <span class='ocrx_word' id='word_1_488' title='bbox 776 3488 857 3542; x_wconf 90' lang='lat' dir='ltr'><strong>vir</strong></span> <span class='ocrx_word' id='word_1_489' title='bbox 885 3490 1137 3558; x_wconf 90' lang='lat' dir='ltr'><strong>prudens.</strong></span> <span class='ocrx_word' id='word_1_490' title='bbox 1167 3493 1302 3547; x_wconf 76' lang='lat' dir='ltr'><strong>Nam</strong></span> <span class='ocrx_word' id='word_1_491' title='bbox 1324 3494 1442 3562; x_wconf 90' lang='lat' dir='ltr'><strong>quis</strong></span> <span class='ocrx_word' id='word_1_492' title='bbox 1466 3495 1569 3548; x_wconf 89' lang='lat' dir='ltr'><strong>hoc</strong></span> <span class='ocrx_word' id='word_1_493' title='bbox 1597 3511 1702 3549; x_wconf 90' lang='lat' dir='ltr'><strong>non</strong></span> 
     </span>
    </p>
   </div>
   <div class='ocr_carea' id='block_1_67' title="bbox 93 3573 1703 3648">
    <p class='ocr_par' dir='ltr' id='par_1_67' title="bbox 93 3573 1703 3648">
     <span class='ocr_line' id='line_1_67' title="bbox 93 3573 1703 3648; baseline 0.009 -23"><span class='ocrx_word' id='word_1_494' title='bbox 93 3573 367 3641; x_wconf 83' lang='lat' dir='ltr'><strong>intelligat</strong></span> <span class='ocrx_word' id='word_1_495' title='bbox 414 3576 496 3628; x_wconf 87' lang='lat' dir='ltr'><strong>vel</strong></span> <span class='ocrx_word' id='word_1_496' title='bbox 531 3576 883 3645; x_wconf 80' lang='lat' dir='ltr'><strong>imprudens?</strong></span> <span class='ocrx_word' id='word_1_497' title='bbox 912 3579 966 3634; x_wconf 90' lang='lat' dir='ltr'><strong>Si</strong></span> <span class='ocrx_word' id='word_1_498' title='bbox 1015 3582 1181 3647; x_wconf 89' lang='lat' dir='ltr'><strong>enim,</strong></span> <span class='ocrx_word' id='word_1_499' title='bbox 1219 3592 1277 3635; x_wconf 92' lang='lat' dir='ltr'><strong>ut</strong></span> <span class='ocrx_word' id='word_1_500' title='bbox 1304 3583 1510 3648; x_wconf 91' lang='lat' dir='ltr'><strong>dicunt,</strong></span> <span class='ocrx_word' id='word_1_501' title='bbox 1540 3586 1703 3639; x_wconf 89' lang='lat' dir='ltr'><strong>etiam</strong></span> 
     </span>
    </p>
   </div>
   <div class='ocr_carea' id='block_1_68' title="bbox 93 3665 1701 3742">
    <p class='ocr_par' dir='ltr' id='par_1_68' title="bbox 93 3665 1701 3742">
     <span class='ocr_line' id='line_1_68' title="bbox 93 3665 1701 3742; baseline 0.007 -26"><span class='ocrx_word' id='word_1_502' title='bbox 93 3665 392 3718; x_wconf 83' lang='lat' dir='ltr'><strong>consulere</strong></span> <span class='ocrx_word' id='word_1_503' title='bbox 424 3665 547 3718; x_wconf 88' lang='lat' dir='ltr'><strong>hinc</strong></span> <span class='ocrx_word' id='word_1_504' title='bbox 584 3666 730 3721; x_wconf 91' lang='lat' dir='ltr'><strong>illum</strong></span> <span class='ocrx_word' id='word_1_505' title='bbox 762 3669 879 3723; x_wconf 92' lang='lat' dir='ltr'><strong>ausi</strong></span> <span class='ocrx_word' id='word_1_506' title='bbox 901 3678 1047 3736; x_wconf 88' lang='lat' dir='ltr'><strong>sunt,</strong></span> <span class='ocrx_word' id='word_1_507' title='bbox 1078 3679 1133 3725; x_wconf 90' lang='lat' dir='ltr'><strong>et</strong></span> <span class='ocrx_word' id='word_1_508' title='bbox 1160 3672 1275 3739; x_wconf 93' lang='lat' dir='ltr'><strong>ejus</strong></span> <span class='ocrx_word' id='word_1_509' title='bbox 1303 3681 1623 3742; x_wconf 79' lang='lat' dir='ltr'><strong>exspectant</strong></span> <span class='ocrx_word' id='word_1_510' title='bbox 1650 3676 1701 3729; x_wconf 91' lang='lat' dir='ltr'><strong>in</strong></span> 
     </span>
    </p>
   </div>
   <div class='ocr_carea' id='block_1_69' title="bbox 95 3755 1702 3831">
    <p class='ocr_par' dir='ltr' id='par_1_69' title="bbox 95 3755 1702 3831">
     <span class='ocr_line' id='line_1_69' title="bbox 95 3755 1702 3831; baseline 0.006 -23"><span class='ocrx_word' id='word_1_511' title='bbox 95 3756 201 3809; x_wconf 87' lang='lat' dir='ltr'><strong>hac</strong></span> <span class='ocrx_word' id='word_1_512' title='bbox 230 3770 399 3809; x_wconf 81' lang='lat' dir='ltr'><strong>causa</strong></span> <span class='ocrx_word' id='word_1_513' title='bbox 417 3755 716 3825; x_wconf 87' lang='lat' dir='ltr'><strong>judicium,</strong></span> <span class='ocrx_word' id='word_1_514' title='bbox 758 3774 863 3812; x_wconf 92' lang='lat' dir='ltr'><strong>non</strong></span> <span class='ocrx_word' id='word_1_515' title='bbox 907 3761 1063 3815; x_wconf 84' lang='lat' dir='ltr'><strong>video</strong></span> <span class='ocrx_word' id='word_1_516' title='bbox 1110 3761 1566 3829; x_wconf 88' lang='lat' dir='ltr'><strong>quemadmodum</strong></span> <span class='ocrx_word' id='word_1_517' title='bbox 1590 3764 1702 3831; x_wconf 89' lang='lat' dir='ltr'><strong>jam</strong></span> 
     </span>
    </p>
   </div>
   <div class='ocr_carea' id='block_1_70' title="bbox 92 3846 1703 3923">
    <p class='ocr_par' dir='ltr' id='par_1_70' title="bbox 92 3846 1703 3923">
     <span class='ocr_line' id='line_1_70' title="bbox 92 3846 1703 3923; baseline 0.008 -27"><span class='ocrx_word' id='word_1_518' title='bbox 92 3848 164 3899; x_wconf 80' lang='lat' dir='ltr'><strong>ab</strong></span> <span class='ocrx_word' id='word_1_519' title='bbox 194 3846 277 3900; x_wconf 91' lang='lat' dir='ltr'><strong>eis</strong></span> <span class='ocrx_word' id='word_1_520' title='bbox 306 3847 374 3901; x_wconf 91' lang='lat' dir='ltr'><strong>de</strong></span> <span class='ocrx_word' id='word_1_521' title='bbox 401 3846 518 3915; x_wconf 91' lang='lat' dir='ltr'><strong>ipso</strong></span> <span class='ocrx_word' id='word_1_522' title='bbox 548 3864 654 3903; x_wconf 92' lang='lat' dir='ltr'><strong>non</strong></span> <span class='ocrx_word' id='word_1_523' title='bbox 679 3850 841 3903; x_wconf 91' lang='lat' dir='ltr'><strong>fuerit</strong></span> <span class='ocrx_word' id='word_1_524' title='bbox 854 3850 1169 3918; x_wconf 90' lang='lat' dir='ltr'><strong>judicatum.</strong></span> <span class='ocrx_word' id='word_1_525' title='bbox 1202 3852 1397 3907; x_wconf 86' lang='lat' dir='ltr'><strong>Verum</strong></span> <span class='ocrx_word' id='word_1_526' title='bbox 1420 3856 1703 3923; x_wconf 77' lang='lat' dir='ltr'><strong>experien-</strong></span> 
     </span>
    </p>
   </div>
   <div class='ocr_carea' id='block_1_71' title="bbox 91 3940 1701 4015">
    <p class='ocr_par' dir='ltr' id='par_1_71' title="bbox 91 3940 1701 4015">
     <span class='ocr_line' id='line_1_71' title="bbox 91 3940 1701 4015; baseline 0.007 -25"><span class='ocrx_word' id='word_1_527' title='bbox 91 3945 186 3991; x_wconf 71' lang='lat' dir='ltr'><strong>tur</strong></span> <span class='ocrx_word' id='word_1_528' title='bbox 214 3947 482 4008; x_wconf 88' lang='lat' dir='ltr'><strong>quantum</strong></span> <span class='ocrx_word' id='word_1_529' title='bbox 513 3940 633 3995; x_wconf 90' lang='lat' dir='ltr'><strong>illos</strong></span> <span class='ocrx_word' id='word_1_530' title='bbox 685 3942 921 4011; x_wconf 89' lang='lat' dir='ltr'><strong>suspicio</strong></span> <span class='ocrx_word' id='word_1_531' title='bbox 950 3958 1044 3997; x_wconf 89' lang='lat' dir='ltr'><strong>sua</strong></span> <span class='ocrx_word' id='word_1_532' title='bbox 1076 3943 1343 4000; x_wconf 88' lang='lat' dir='ltr'><strong>fefellerit.</strong></span> <span class='ocrx_word' id='word_1_533' title='bbox 1385 3945 1522 4012; x_wconf 89' lang='lat' dir='ltr'><strong>Quia</strong></span> <span class='ocrx_word' id='word_1_534' title='bbox 1577 3946 1701 4015; x_wconf 86' lang='lat' dir='ltr'><strong>ille,</strong></span> 
     </span>
    </p>
   </div>
   <div class='ocr_carea' id='block_1_72' title="bbox 96 4032 1703 4108">
    <p class='ocr_par' dir='ltr' id='par_1_72' title="bbox 96 4032 1703 4108">
     <span class='ocr_line' id='line_1_72' title="bbox 96 4032 1703 4108; baseline 0.007 -25"><span class='ocrx_word' id='word_1_535' title='bbox 96 4047 212 4085; x_wconf 91' lang='lat' dir='ltr'><strong>non</strong></span> <span class='ocrx_word' id='word_1_536' title='bbox 246 4032 307 4086; x_wconf 90' lang='lat' dir='ltr'><strong>in</strong></span> <span class='ocrx_word' id='word_1_537' title='bbox 335 4032 757 4089; x_wconf 88' lang='lat' dir='ltr'><strong>destructionem</strong></span> <span class='ocrx_word' id='word_1_538' title='bbox 800 4043 1041 4104; x_wconf 76' lang='lat' dir='ltr'><strong>paterna:</strong></span> <span class='ocrx_word' id='word_1_539' title='bbox 1067 4038 1376 4106; x_wconf 74' lang='lat' dir='ltr'><strong>sententize,</strong></span> <span class='ocrx_word' id='word_1_540' title='bbox 1402 4037 1497 4093; x_wconf 90' lang='lat' dir='ltr'><strong>sed</strong></span> <span class='ocrx_word' id='word_1_541' title='bbox 1522 4040 1703 4108; x_wconf 90' lang='lat' dir='ltr'><strong>potius</strong></span> 
     </span>
    </p>
   </div>
   <div class='ocr_carea' id='block_1_73' title="bbox 91 4121 1705 4199">
    <p class='ocr_par' dir='ltr' id='par_1_73' title="bbox 91 4121 1705 4199">
     <span class='ocr_line' id='line_1_73' title="bbox 91 4121 1705 4199; baseline 0.006 -25"><span class='ocrx_word' id='word_1_542' title='bbox 91 4121 150 4174; x_wconf 89' lang='lat' dir='ltr'><strong>in</strong></span> <span class='ocrx_word' id='word_1_543' title='bbox 203 4122 580 4178; x_wconf 84' lang='lat' dir='ltr'><strong>defensionem</strong></span> <span class='ocrx_word' id='word_1_544' title='bbox 632 4132 794 4194; x_wconf 88' lang='lat' dir='ltr'><strong>atque</strong></span> <span class='ocrx_word' id='word_1_545' title='bbox 833 4126 1122 4190; x_wconf 89' lang='lat' dir='ltr'><strong>ultionem,</strong></span> <span class='ocrx_word' id='word_1_546' title='bbox 1156 4127 1383 4196; x_wconf 90' lang='lat' dir='ltr'><strong>primam</strong></span> <span class='ocrx_word' id='word_1_547' title='bbox 1412 4130 1623 4199; x_wconf 88' lang='lat' dir='ltr'><strong>accepit</strong></span> <span class='ocrx_word' id='word_1_548' title='bbox 1650 4137 1705 4184; x_wconf 90' lang='lat' dir='ltr'><strong>et</strong></span> 
     </span>
    </p>
   </div>
   <div class='ocr_carea' id='block_1_74' title="bbox 91 4212 1700 4286">
    <p class='ocr_par' dir='ltr' id='par_1_74' title="bbox 91 4212 1700 4286">
     <span class='ocr_line' id='line_1_74' title="bbox 91 4212 1700 4286; baseline 0.007 -22"><span class='ocrx_word' id='word_1_549' title='bbox 91 4212 395 4267; x_wconf 78' lang='lat' dir='ltr'><strong>maximam</strong></span> <span class='ocrx_word' id='word_1_550' title='bbox 420 4221 742 4283; x_wconf 90' lang='lat' dir='ltr'><strong>potestatem</strong></span> <span class='ocrx_word' id='word_1_551' title='bbox 763 4224 821 4281; x_wconf 63' lang='lat'><strong>&#39;1;</strong></span> <span class='ocrx_word' id='word_1_552' title='bbox 845 4231 945 4271; x_wconf 90' lang='lat' dir='ltr'><strong>nec</strong></span> <span class='ocrx_word' id='word_1_553' title='bbox 965 4217 1165 4286; x_wconf 90' lang='lat' dir='ltr'><strong>aliquid</strong></span> <span class='ocrx_word' id='word_1_554' title='bbox 1187 4227 1373 4273; x_wconf 89' lang='lat' dir='ltr'><strong>contra</strong></span> <span class='ocrx_word' id='word_1_555' title='bbox 1393 4220 1700 4282; x_wconf 81' lang='lat' dir='ltr'><strong>veritatem.</strong></span> 
     </span>
    </p>
   </div>
   <div class='ocr_carea' id='block_1_75' title="bbox 90 4304 1704 4375">
    <p class='ocr_par' dir='ltr' id='par_1_75' title="bbox 90 4304 1704 4375">
     <span class='ocr_line' id='line_1_75' title="bbox 90 4304 1704 4375; baseline 0.005 -18"><span class='ocrx_word' id='word_1_556' title='bbox 90 4304 191 4358; x_wconf 81' lang='lat' dir='ltr'><strong>sed</strong></span> <span class='ocrx_word' id='word_1_557' title='bbox 240 4320 359 4374; x_wconf 72' lang='grc' dir='ltr'><strong>ιιι-ο⁸</strong></span> <span class='ocrx_word' id='word_1_558' title='bbox 384 4306 612 4359; x_wconf 82' lang='lat' dir='ltr'><strong>veritate</strong></span> <span class='ocrx_word' id='word_1_559' title='bbox 660 4306 779 4375; x_wconf 87' lang='lat' dir='ltr'><strong>plus</strong></span> <span class='ocrx_word' id='word_1_560' title='bbox 827 4308 1037 4362; x_wconf 65' lang='lat' dir='ltr'><strong>creteris</strong></span> <span class='ocrx_word' id='word_1_561' title='bbox 1080 4309 1190 4363; x_wconf 91' lang='lat' dir='ltr'><strong>suis</strong></span> <span class='ocrx_word' id='word_1_562' title='bbox 1230 4309 1704 4365; x_wconf 86' lang='lat' dir='ltr'><strong>consacerdotibus</strong></span> 
     </span>
    </p>
   </div>
   <div class='ocr_carea' id='block_1_76' title="bbox 90 4393 1706 4470">
    <p class='ocr_par' dir='ltr' id='par_1_76' title="bbox 90 4393 1706 4470">
     <span class='ocr_line' id='line_1_76' title="bbox 90 4393 1706 4470; baseline 0.004 -22"><span class='ocrx_word' id='word_1_563' title='bbox 90 4402 303 4461; x_wconf 89' lang='lat' dir='ltr'><strong>potest.</strong></span> <span class='ocrx_word' id='word_1_564' title='bbox 336 4393 535 4449; x_wconf 87' lang='lat' dir='ltr'><strong>Paulus</strong></span> <span class='ocrx_word' id='word_1_565' title='bbox 564 4396 707 4450; x_wconf 88' lang='lat' dir='ltr'><strong>enim</strong></span> <span class='ocrx_word' id='word_1_566' title='bbox 757 4398 885 4452; x_wconf 90' lang='lat' dir='ltr'><strong>dicit</strong></span> <span class='ocrx_word' id='word_1_567' title='bbox 916 4399 1194 4467; x_wconf 91' lang='lat' dir='ltr'><strong>apostolus</strong></span> <span class='ocrx_word' id='word_1_568' title='bbox 1221 4417 1233 4451; x_wconf 89' lang='lat'><strong>:</strong></span> <span class='ocrx_word' id='word_1_569' title='bbox 1267 4398 1391 4453; x_wconf 83' lang='lat' dir='ltr'><strong>Non</strong></span> <span class='ocrx_word' id='word_1_570' title='bbox 1421 4401 1556 4453; x_wconf 81' lang='lat' dir='ltr'><strong>enim</strong></span> <span class='ocrx_word' id='word_1_571' title='bbox 1585 4417 1706 4470; x_wconf 79' lang='lat' dir='ltr'><strong>pos-</strong></span> 
     </span>
    </p>
   </div>
   <div class='ocr_carea' id='block_1_77' title="bbox 92 4489 1703 4561">
    <p class='ocr_par' dir='ltr' id='par_1_77' title="bbox 92 4489 1703 4561">
     <span class='ocr_line' id='line_1_77' title="bbox 92 4489 1703 4561; baseline 0.002 -20"><span class='ocrx_word' id='word_1_572' title='bbox 92 4506 276 4543; x_wconf 81' lang='lat' dir='ltr'><strong>sumus</strong></span> <span class='ocrx_word' id='word_1_573' title='bbox 306 4489 503 4560; x_wconf 83' lang='lat' dir='ltr'><strong>aliquid</strong></span> <span class='ocrx_word' id='word_1_574' title='bbox 530 4490 776 4544; x_wconf 78' lang='lat' dir='ltr'><strong>adversus</strong></span> <span class='ocrx_word' id='word_1_575' title='bbox 817 4492 1102 4557; x_wconf 81' lang='lat' dir='ltr'><strong>veritatem,</strong></span> <span class='ocrx_word' id='word_1_576' title='bbox 1135 4492 1226 4545; x_wconf 85' lang='lat' dir='ltr'><strong>sed</strong></span> <span class='ocrx_word' id='word_1_577' title='bbox 1253 4509 1346 4561; x_wconf 84' lang='lat' dir='ltr'><strong>pro</strong></span> <span class='ocrx_word' id='word_1_578' title='bbox 1377 4494 1591 4545; x_wconf 80' lang='lat' dir='ltr'><strong>veritate</strong></span> <span class='ocrx_word' id='word_1_579' title='bbox 1614 4490 1703 4561; x_wconf 94' lang='lat' dir='ltr'><strong>(II</strong></span> 
     </span>
    </p>
   </div>
   <div class='ocr_carea' id='block_1_78' title="bbox 90 4578 1703 4653">
    <p class='ocr_par' dir='ltr' id='par_1_78' title="bbox 90 4578 1703 4653">
     <span class='ocr_line' id='line_1_78' title="bbox 90 4578 1703 4653; baseline 0.004 -21"><span class='ocrx_word' id='word_1_580' title='bbox 90 4578 222 4633; x_wconf 89' lang='lat' dir='ltr'><strong>Cor.</strong></span> <span class='ocrx_word' id='word_1_581' title='bbox 259 4596 371 4641; x_wconf 77' lang='lat' dir='ltr'><strong>xm,</strong></span> <span class='ocrx_word' id='word_1_582' title='bbox 407 4579 484 4645; x_wconf 76' lang='lat'><strong>8).</strong></span> <span class='ocrx_word' id='word_1_583' title='bbox 516 4580 650 4645; x_wconf 86' lang='lat' dir='ltr'><strong>Quid</strong></span> <span class='ocrx_word' id='word_1_584' title='bbox 696 4589 877 4635; x_wconf 90' lang='lat' dir='ltr'><strong>autem</strong></span> <span class='ocrx_word' id='word_1_585' title='bbox 922 4583 1169 4637; x_wconf 90' lang='lat' dir='ltr'><strong>relictum</strong></span> <span class='ocrx_word' id='word_1_586' title='bbox 1222 4593 1306 4638; x_wconf 89' lang='lat' dir='ltr'><strong>est</strong></span> <span class='ocrx_word' id='word_1_587' title='bbox 1342 4583 1485 4653; x_wconf 89' lang='lat' dir='ltr'><strong>quod</strong></span> <span class='ocrx_word' id='word_1_588' title='bbox 1516 4582 1582 4638; x_wconf 92' lang='lat' dir='ltr'><strong>de</strong></span> <span class='ocrx_word' id='word_1_589' title='bbox 1612 4598 1703 4638; x_wconf 85' lang='lat' dir='ltr'><strong>re-</strong></span> 
     </span>
    </p>
   </div>
   <div class='ocr_carea' id='block_1_79' title="bbox 88 4670 1703 4744">
    <p class='ocr_par' dir='ltr' id='par_1_79' title="bbox 88 4670 1703 4744">
     <span class='ocr_line' id='line_1_79' title="bbox 88 4670 1703 4744; baseline 0.002 -21"><span class='ocrx_word' id='word_1_590' title='bbox 88 4672 401 4739; x_wconf 76' lang='lat' dir='ltr'><strong>sponsione</strong></span> <span class='ocrx_word' id='word_1_591' title='bbox 437 4670 663 4725; x_wconf 82' lang='lat' dir='ltr'><strong>Romani</strong></span> <span class='ocrx_word' id='word_1_592' title='bbox 687 4672 923 4742; x_wconf 89' lang='lat' dir='ltr'><strong>episc0pi</strong></span> <span class='ocrx_word' id='word_1_593' title='bbox 952 4683 1187 4743; x_wconf 88' lang='lat' dir='ltr'><strong>sperent,</strong></span> <span class='ocrx_word' id='word_1_594' title='bbox 1215 4690 1335 4729; x_wconf 90' lang='lat' dir='ltr'><strong>cum</strong></span> <span class='ocrx_word' id='word_1_595' title='bbox 1368 4676 1439 4729; x_wconf 90' lang='lat' dir='ltr'><strong>ita</strong></span> <span class='ocrx_word' id='word_1_596' title='bbox 1463 4675 1574 4744; x_wconf 92' lang='lat' dir='ltr'><strong>jam</strong></span> <span class='ocrx_word' id='word_1_597' title='bbox 1602 4675 1703 4728; x_wconf 91' lang='lat' dir='ltr'><strong>du-</strong></span> 
     </span>
    </p>
   </div>
   <div class='ocr_carea' id='block_1_80' title="bbox 88 4762 1707 4834">
    <p class='ocr_par' dir='ltr' id='par_1_80' title="bbox 88 4762 1707 4834">
     <span class='ocr_line' id='line_1_80' title="bbox 88 4762 1707 4834; baseline 0.005 -23"><span class='ocrx_word' id='word_1_598' title='bbox 88 4762 225 4814; x_wconf 89' lang='lat' dir='ltr'><strong>dum</strong></span> <span class='ocrx_word' id='word_1_599' title='bbox 260 4762 551 4832; x_wconf 64' lang='lat' dir='ltr'><strong>prtedictus</strong></span> <span class='ocrx_word' id='word_1_600' title='bbox 572 4764 897 4817; x_wconf 84' lang='lat' dir='ltr'><strong>venerabilis</strong></span> <span class='ocrx_word' id='word_1_601' title='bbox 929 4764 1061 4834; x_wconf 86' lang='lat' dir='ltr'><strong>Leo,</strong></span> <span class='ocrx_word' id='word_1_602' title='bbox 1081 4767 1487 4821; x_wconf 86' lang='lat' dir='ltr'><strong>vehementibus</strong></span> <span class='ocrx_word' id='word_1_603' title='bbox 1514 4775 1567 4821; x_wconf 93' lang='lat' dir='ltr'><strong>et</strong></span> <span class='ocrx_word' id='word_1_604' title='bbox 1588 4782 1707 4821; x_wconf 88' lang='lat' dir='ltr'><strong>cre-</strong></span> 
     </span>
    </p>
   </div>
   <div class='ocr_carea' id='block_1_81' title="bbox 87 4854 1703 4921">
    <p class='ocr_par' dir='ltr' id='par_1_81' title="bbox 87 4854 1703 4921">
     <span class='ocr_line' id='line_1_81' title="bbox 87 4854 1703 4921; baseline 0.003 -15"><span class='ocrx_word' id='word_1_605' title='bbox 87 4854 210 4909; x_wconf 82' lang='lat' dir='ltr'><strong>bris</strong></span> <span class='ocrx_word' id='word_1_606' title='bbox 241 4856 468 4909; x_wconf 87' lang='lat' dir='ltr'><strong>omnino</strong></span> <span class='ocrx_word' id='word_1_607' title='bbox 500 4856 783 4909; x_wconf 89' lang='lat' dir='ltr'><strong>sententiis</strong></span> <span class='ocrx_word' id='word_1_608' title='bbox 814 4872 1076 4912; x_wconf 87' lang='lat' dir='ltr'><strong>eoerccns</strong></span> <span class='ocrx_word' id='word_1_609' title='bbox 1119 4859 1334 4913; x_wconf 88' lang='lat' dir='ltr'><strong>illicitos</strong></span> <span class='ocrx_word' id='word_1_610' title='bbox 1364 4874 1545 4921; x_wconf 86' lang='lat' dir='ltr'><strong>ausus,</strong></span> <span class='ocrx_word' id='word_1_611' title='bbox 1573 4858 1703 4911; x_wconf 82' lang='lat' dir='ltr'><strong>insi-</strong></span> 
     </span>
    </p>
   </div>
   <div class='ocr_carea' id='block_1_82' title="bbox 85 4944 1702 5010">
    <p class='ocr_par' dir='ltr' id='par_1_82' title="bbox 85 4944 1702 5010">
     <span class='ocr_line' id='line_1_82' title="bbox 85 4944 1702 5010; baseline 0.002 -13"><span class='ocrx_word' id='word_1_612' title='bbox 85 4945 267 5000; x_wconf 82' lang='lat' dir='ltr'><strong>diosis</strong></span> <span class='ocrx_word' id='word_1_613' title='bbox 310 4944 607 4999; x_wconf 75' lang='lat' dir='ltr'><strong>prudenter</strong></span> <span class='ocrx_word' id='word_1_614' title='bbox 644 4946 963 5010; x_wconf 87' lang='lat' dir='ltr'><strong>occurrerit,</strong></span> <span class='ocrx_word' id='word_1_615' title='bbox 998 4960 1054 5001; x_wconf 88' lang='lat' dir='ltr'><strong>ut</strong></span> <span class='ocrx_word' id='word_1_616' title='bbox 1095 4964 1235 5002; x_wconf 89' lang='lat' dir='ltr'><strong>nunc</strong></span> <span class='ocrx_word' id='word_1_617' title='bbox 1277 4948 1394 5001; x_wconf 65' lang='lat' dir='ltr'><strong>eius</strong></span> <span class='ocrx_word' id='word_1_618' title='bbox 1423 4964 1702 5003; x_wconf 79' lang='lat' dir='ltr'><strong>successo-</strong></span> 
     </span>
    </p>
   </div>
   <div class='ocr_carea' id='block_1_83' title="bbox 190 5118 1701 5191">
    <p class='ocr_par' dir='ltr' id='par_1_83' title="bbox 190 5118 1701 5191">
     <span class='ocr_line' id='line_1_83' title="bbox 190 5118 1701 5191; baseline 0.005 -17"><span class='ocrx_word' id='word_1_619' title='bbox 190 5130 209 5146; x_wconf 82' lang='lat'>&#39;</span> <span class='ocrx_word' id='word_1_620' title='bbox 234 5118 411 5186; x_wconf 81' lang='lat' dir='ltr'><strong>Quam</strong></span> <span class='ocrx_word' id='word_1_621' title='bbox 437 5126 783 5191; x_wconf 79' lang='lat' dir='ltr'><strong>principatum</strong></span> <span class='ocrx_word' id='word_1_622' title='bbox 804 5129 1059 5191; x_wconf 84' lang='lat' dir='ltr'><strong>generalis</strong></span> <span class='ocrx_word' id='word_1_623' title='bbox 1085 5128 1333 5183; x_wconf 80' lang='lat' dir='ltr'><strong>Ecclesia:</strong></span> <span class='ocrx_word' id='word_1_624' title='bbox 1352 5129 1487 5182; x_wconf 80' lang='lat' dir='ltr'><strong>dixit</strong></span> <span class='ocrx_word' id='word_1_625' title='bbox 1516 5128 1701 5182; x_wconf 80' lang='lat' dir='ltr'><strong>Avitus</strong></span> 
     </span>
    </p>
   </div>
   <div class='ocr_carea' id='block_1_84' title="bbox 86 5189 1699 5268">
    <p class='ocr_par' dir='ltr' id='par_1_84' title="bbox 86 5189 1699 5268">
     <span class='ocr_line' id='line_1_84' title="bbox 86 5189 1699 5268; baseline 0.007 -29"><span class='ocrx_word' id='word_1_626' title='bbox 86 5189 509 5268; x_wconf 73' lang='lat' dir='ltr'><strong>V’iennensis__in</strong></span> <span class='ocrx_word' id='word_1_627' title='bbox 536 5189 767 5268; x_wconf 75' lang='lat' dir='ltr'><strong>epistola</strong></span> <span class='ocrx_word' id='word_1_628' title='bbox 788 5189 855 5252; x_wconf 80' lang='lat' dir='ltr'><strong>de</strong></span> <span class='ocrx_word' id='word_1_629' title='bbox 883 5198 1190 5268; x_wconf 82' lang='lat' dir='ltr'><strong>Symmachi</strong></span> <span class='ocrx_word' id='word_1_630' title='bbox 1222 5214 1372 5267; x_wconf 72' lang='lat' dir='ltr'><strong>papa:</strong></span> <span class='ocrx_word' id='word_1_631' title='bbox 1397 5199 1603 5265; x_wconf 87' lang='lat' dir='ltr'><strong>judicio</strong></span> <span class='ocrx_word' id='word_1_632' title='bbox 1632 5199 1699 5251; x_wconf 90' lang='lat' dir='ltr'><strong>ad</strong></span> 
     </span>
    </p>
   </div>
   <div class='ocr_carea' id='block_1_85' title="bbox 84 5262 1699 5338">
    <p class='ocr_par' dir='ltr' id='par_1_85' title="bbox 84 5262 1699 5338">
     <span class='ocr_line' id='line_1_85' title="bbox 84 5262 1699 5338; baseline 0.004 -24"><span class='ocrx_word' id='word_1_633' title='bbox 84 5275 388 5317; x_wconf 68' lang='lat' dir='ltr'><strong>senatores</strong></span> <span class='ocrx_word' id='word_1_634' title='bbox 422 5262 594 5319; x_wconf 83' lang='lat' dir='ltr'><strong>Urbis.</strong></span> <span class='ocrx_word' id='word_1_635' title='bbox 623 5266 696 5321; x_wconf 88' lang='lat' dir='ltr'><strong>De</strong></span> <span class='ocrx_word' id='word_1_636' title='bbox 716 5285 783 5323; x_wconf 91' lang='lat' dir='ltr'><strong>eo</strong></span> <span class='ocrx_word' id='word_1_637' title='bbox 807 5262 987 5322; x_wconf 78' lang='lat' dir='ltr'><strong>autem</strong></span> <span class='ocrx_word' id='word_1_638' title='bbox 1009 5269 1157 5337; x_wconf 88' lang='lat' dir='ltr'><strong>quod</strong></span> <span class='ocrx_word' id='word_1_639' title='bbox 1180 5262 1354 5338; x_wconf 81' lang='lat' dir='ltr'><strong>Vigilii</strong></span> <span class='ocrx_word' id='word_1_640' title='bbox 1379 5262 1699 5324; x_wconf 79' lang='lat' dir='ltr'><strong>sententiam</strong></span> 
     </span>
    </p>
   </div>
   <div class='ocr_carea' id='block_1_86' title="bbox 164 5436 1183 5511">
    <p class='ocr_par' dir='ltr' id='par_1_86' title="bbox 164 5436 1183 5511">
     <span class='ocr_line' id='line_1_86' title="bbox 164 5436 1183 5511; baseline 0.004 -22"><span class='ocrx_word' id='word_1_641' title='bbox 164 5442 179 5469; x_wconf 86' lang='grc'>¹</span> <span class='ocrx_word' id='word_1_642' title='bbox 214 5436 373 5511; x_wconf 78' lang='lat' dir='ltr'><strong>_Cod.</strong></span> <span class='ocrx_word' id='word_1_643' title='bbox 408 5436 632 5511; x_wconf 67' lang='lat' dir='ltr'><strong>Veram,</strong></span> <span class='ocrx_word' id='word_1_644' title='bbox 659 5443 937 5495; x_wconf 80' lang='lat' dir='ltr'><strong>secundum</strong></span> <span class='ocrx_word' id='word_1_645' title='bbox 964 5451 1183 5511; x_wconf 69' lang='lat' dir='ltr'><strong>tempus.</strong></span> 
     </span>
    </p>
   </div>
   <div class='ocr_carea' id='block_1_87' title="bbox 158 5507 949 5578">
    <p class='ocr_par' dir='ltr' id='par_1_87' title="bbox 158 5507 949 5578">
     <span class='ocr_line' id='line_1_87' title="bbox 158 5507 949 5578; baseline 0.004 -17"><span class='ocrx_word' id='word_1_646' title='bbox 158 5514 177 5541; x_wconf 68' lang='grc' dir='ltr'><strong><em>τ</em></strong></span> <span class='ocrx_word' id='word_1_647' title='bbox 214 5507 371 5561; x_wconf 79' lang='lat' dir='ltr'><strong>Idem</strong></span> <span class='ocrx_word' id='word_1_648' title='bbox 405 5510 549 5573; x_wconf 89' lang='lat' dir='ltr'><strong>eod.,</strong></span> <span class='ocrx_word' id='word_1_649' title='bbox 580 5522 949 5578; x_wconf 73' lang='lat' dir='ltr'><strong>exspectemus.</strong></span> 
     </span>
    </p>
   </div>
   <div class='ocr_carea' id='block_1_88' title="bbox 160 5578 1694 5645">
    <p class='ocr_par' dir='ltr' id='par_1_88' title="bbox 160 5578 1694 5645">
     <span class='ocr_line' id='line_1_88' title="bbox 160 5578 1694 5645; baseline 0.002 -14"><span class='ocrx_word' id='word_1_650' title='bbox 160 5582 179 5607; x_wconf 80' lang='grc'><strong><em>³</em></strong></span> <span class='ocrx_word' id='word_1_651' title='bbox 219 5580 282 5631; x_wconf 93' lang='lat' dir='ltr'><strong>ln</strong></span> <span class='ocrx_word' id='word_1_652' title='bbox 308 5578 500 5631; x_wconf 82' lang='lat' dir='ltr'><strong>eodem</strong></span> <span class='ocrx_word' id='word_1_653' title='bbox 544 5581 666 5633; x_wconf 90' lang='lat' dir='ltr'><strong>cod.</strong></span> <span class='ocrx_word' id='word_1_654' title='bbox 699 5588 890 5634; x_wconf 86' lang='lat' dir='ltr'><strong>desunt</strong></span> <span class='ocrx_word' id='word_1_655' title='bbox 919 5597 982 5635; x_wconf 89' lang='lat' dir='ltr'><strong>ea</strong></span> <span class='ocrx_word' id='word_1_656' title='bbox 1022 5583 1183 5635; x_wconf 87' lang='lat' dir='ltr'><strong>verba</strong></span> <span class='ocrx_word' id='word_1_657' title='bbox 1224 5583 1567 5645; x_wconf 80' lang='lat' dir='ltr'><strong>dubitatione,</strong></span> <span class='ocrx_word' id='word_1_658' title='bbox 1601 5584 1694 5635; x_wconf 80' lang='lat' dir='ltr'><strong>vel.</strong></span> 
     </span>
    </p>
   </div>
   <div class='ocr_carea' id='block_1_89' title="bbox 157 5648 1700 5722">
    <p class='ocr_par' dir='ltr' id='par_1_89' title="bbox 157 5648 1700 5722">
     <span class='ocr_line' id='line_1_89' title="bbox 157 5648 1700 5722; baseline 0.001 -19"><span class='ocrx_word' id='word_1_659' title='bbox 157 5656 179 5679; x_wconf 73' lang='grc'><strong><em>⁵</em></strong></span> <span class='ocrx_word' id='word_1_660' title='bbox 214 5649 372 5703; x_wconf 82' lang='lat' dir='ltr'><strong>Idem</strong></span> <span class='ocrx_word' id='word_1_661' title='bbox 392 5648 543 5722; x_wconf 79' lang='lat' dir='ltr'><strong>eod.,</strong></span> <span class='ocrx_word' id='word_1_662' title='bbox 575 5651 691 5702; x_wconf 85' lang='lat' dir='ltr'><strong>hinc</strong></span> <span class='ocrx_word' id='word_1_663' title='bbox 719 5648 905 5703; x_wconf 81' lang='lat' dir='ltr'><strong>Leonis</strong></span> <span class='ocrx_word' id='word_1_664' title='bbox 934 5668 1112 5705; x_wconf 81' lang='lat' dir='ltr'><strong>rursus</strong></span> <span class='ocrx_word' id='word_1_665' title='bbox 1145 5652 1325 5719; x_wconf 88' lang='lat' dir='ltr'><strong>(forte,</strong></span> <span class='ocrx_word' id='word_1_666' title='bbox 1352 5654 1546 5722; x_wconf 86' lang='lat' dir='ltr'><strong>verba).</strong></span> <span class='ocrx_word' id='word_1_667' title='bbox 1570 5652 1700 5719; x_wconf 71' lang='lat' dir='ltr'><strong>Qua:</strong></span> 
     </span>
    </p>
   </div>
   <div class='ocr_carea' id='block_1_90' title="bbox 82 5718 1699 5788">
    <p class='ocr_par' dir='ltr' id='par_1_90' title="bbox 82 5718 1699 5788">
     <span class='ocr_line' id='line_1_90' title="bbox 82 5718 1699 5788; baseline 0.004 -17"><span class='ocrx_word' id='word_1_668' title='bbox 82 5736 265 5779; x_wconf 71' lang='grc' dir='ltr'><strong>τηιντο</strong></span> <span class='ocrx_word' id='word_1_669' title='bbox 299 5718 465 5771; x_wconf 82' lang='lat' dir='ltr'><strong>verba</strong></span> <span class='ocrx_word' id='word_1_670' title='bbox 496 5729 811 5788; x_wconf 70' lang='lat' dir='ltr'><strong>sequuntur,</strong></span> <span class='ocrx_word' id='word_1_671' title='bbox 846 5722 1053 5774; x_wconf 87' lang='lat' dir='ltr'><strong>lineolis</strong></span> <span class='ocrx_word' id='word_1_672' title='bbox 1083 5718 1337 5778; x_wconf 81' lang='lat' dir='ltr'><strong>notantur</strong></span> <span class='ocrx_word' id='word_1_673' title='bbox 1367 5718 1527 5778; x_wconf 83' lang='lat' dir='ltr'><strong>veluti</strong></span> <span class='ocrx_word' id='word_1_674' title='bbox 1559 5718 1699 5778; x_wconf 75' lang='lat' dir='ltr'><strong>Leo-</strong></span> 
     </span>
    </p>
   </div>
   <div class='ocr_carea' id='block_1_91' title="bbox 88 5790 1701 5861">
    <p class='ocr_par' dir='ltr' id='par_1_91' title="bbox 88 5790 1701 5861">
     <span class='ocr_line' id='line_1_91' title="bbox 88 5790 1701 5861; baseline 0 -15"><span class='ocrx_word' id='word_1_675' title='bbox 204 5794 269 5846; x_wconf 85' lang='lat' dir='ltr'><strong>in</strong></span> <span class='ocrx_word' id='word_1_676' title='bbox 301 5796 497 5843; x_wconf 87' lang='lat' dir='ltr'><strong>nostro</strong></span> <span class='ocrx_word' id='word_1_677' title='bbox 521 5790 704 5845; x_wconf 88' lang='lat' dir='ltr'><strong>codice</strong></span> <span class='ocrx_word' id='word_1_678' title='bbox 736 5808 749 5842; x_wconf 88' lang='lat'><strong>:</strong></span> <span class='ocrx_word' id='word_1_679' title='bbox 783 5791 1079 5861; x_wconf 84' lang='lat' dir='ltr'><strong>eademque</strong></span> <span class='ocrx_word' id='word_1_680' title='bbox 1109 5793 1329 5851; x_wconf 89' lang='lat' dir='ltr'><strong>totidem</strong></span> <span class='ocrx_word' id='word_1_681' title='bbox 1362 5794 1626 5850; x_wconf 88' lang='lat' dir='ltr'><strong>habentur</strong></span> <span class='ocrx_word' id='word_1_682' title='bbox 1648 5793 1701 5847; x_wconf 90' lang='lat' dir='ltr'><strong>in</strong></span> 
     </span>
    </p>
   </div>
   <div class='ocr_carea' id='block_1_92' title="bbox 1810 3211 3397 3290">
    <p class='ocr_par' dir='ltr' id='par_1_92' title="bbox 1810 3211 3397 3290">
     <span class='ocr_line' id='line_1_92' title="bbox 1810 3211 3397 3290; baseline 0.007 -25"><span class='ocrx_word' id='word_1_683' title='bbox 1810 3212 2021 3282; x_wconf 87' lang='lat' dir='ltr'><strong>pacilici</strong></span> <span class='ocrx_word' id='word_1_684' title='bbox 2051 3222 2137 3268; x_wconf 91' lang='lat' dir='ltr'><strong>est</strong></span> <span class='ocrx_word' id='word_1_685' title='bbox 2175 3215 2376 3283; x_wconf 91' lang='lat' dir='ltr'><strong>animi,</strong></span> <span class='ocrx_word' id='word_1_686' title='bbox 2425 3217 2519 3270; x_wconf 90' lang='lat' dir='ltr'><strong>sed</strong></span> <span class='ocrx_word' id='word_1_687' title='bbox 2563 3218 2806 3286; x_wconf 87' lang='lat' dir='ltr'><strong>rebellis,</strong></span> <span class='ocrx_word' id='word_1_688' title='bbox 2838 3211 3051 3275; x_wconf 73' lang='lat' dir='ltr'><strong>dicente</strong></span> <span class='ocrx_word' id='word_1_689' title='bbox 3090 3222 3349 3290; x_wconf 82' lang='lat' dir='ltr'><strong>Apostolo</strong></span> <span class='ocrx_word' id='word_1_690' title='bbox 3386 3242 3397 3276; x_wconf 92' lang='lat'>:</span> 
     </span>
    </p>
   </div>
   <div class='ocr_carea' id='block_1_93' title="bbox 1820 3299 3401 3376">
    <p class='ocr_par' dir='ltr' id='par_1_93' title="bbox 1820 3299 3401 3376">
     <span class='ocr_line' id='line_1_93' title="bbox 1820 3299 3401 3376; baseline 0.007 -23"><span class='ocrx_word' id='word_1_691' title='bbox 1820 3299 1998 3355; x_wconf 77' lang='lat' dir='ltr'><strong>Verbis</strong></span> <span class='ocrx_word' id='word_1_692' title='bbox 2028 3304 2163 3356; x_wconf 83' lang='lat' dir='ltr'><strong>enim</strong></span> <span class='ocrx_word' id='word_1_693' title='bbox 2194 3305 2504 3359; x_wconf 83' lang='lat' dir='ltr'><strong>contendere</strong></span> <span class='ocrx_word' id='word_1_694' title='bbox 2533 3307 2602 3358; x_wconf 83' lang='lat' dir='ltr'><strong>ad</strong></span> <span class='ocrx_word' id='word_1_695' title='bbox 2630 3308 2761 3360; x_wconf 79' lang='lat' dir='ltr'><strong>nihil</strong></span> <span class='ocrx_word' id='word_1_696' title='bbox 2788 3319 2863 3361; x_wconf 86' lang='lat' dir='ltr'><strong>est</strong></span> <span class='ocrx_word' id='word_1_697' title='bbox 2889 3311 3038 3376; x_wconf 83' lang='lat' dir='ltr'><strong>utile,</strong></span> <span class='ocrx_word' id='word_1_698' title='bbox 3069 3312 3169 3364; x_wconf 86' lang='lat' dir='ltr'><strong>nisi</strong></span> <span class='ocrx_word' id='word_1_699' title='bbox 3197 3312 3267 3363; x_wconf 84' lang='lat' dir='ltr'><strong>ad</strong></span> <span class='ocrx_word' id='word_1_700' title='bbox 3294 3311 3401 3364; x_wconf 81' lang='lat' dir='ltr'><strong>sub-</strong></span> 
     </span>
    </p>
   </div>
   <div class='ocr_carea' id='block_1_94' title="bbox 1807 3395 3401 3465">
    <p class='ocr_par' dir='ltr' id='par_1_94' title="bbox 1807 3395 3401 3465">
     <span class='ocr_line' id='line_1_94' title="bbox 1807 3395 3401 3465; baseline 0.008 -20"><span class='ocrx_word' id='word_1_701' title='bbox 1807 3395 2087 3447; x_wconf 82' lang='lat' dir='ltr'><strong>versionem</strong></span> <span class='ocrx_word' id='word_1_702' title='bbox 2114 3395 2433 3449; x_wconf 84' lang='lat' dir='ltr'><strong>audientium</strong></span> <span class='ocrx_word' id='word_1_703' title='bbox 2453 3396 2671 3463; x_wconf 85' lang='lat' dir='ltr'><strong>(HTim.</strong></span> <span class='ocrx_word' id='word_1_704' title='bbox 2704 3415 2740 3461; x_wconf 86' lang='grc' dir='ltr'>ι,</span> <span class='ocrx_word' id='word_1_705' title='bbox 2778 3399 2887 3465; x_wconf 65' lang='grc'><strong>14).</strong></span> <span class='ocrx_word' id='word_1_706' title='bbox 2920 3400 3051 3454; x_wconf 78' lang='lat' dir='ltr'><strong>Nam</strong></span> <span class='ocrx_word' id='word_1_707' title='bbox 3080 3403 3124 3457; x_wconf 88' lang='lat' dir='ltr'><strong>si</strong></span> <span class='ocrx_word' id='word_1_708' title='bbox 3156 3403 3401 3457; x_wconf 89' lang='lat' dir='ltr'><strong>humanis</strong></span> 
     </span>
    </p>
   </div>
   <div class='ocr_carea' id='block_1_95' title="bbox 1806 3471 3401 3558">
    <p class='ocr_par' dir='ltr' id='par_1_95' title="bbox 1806 3471 3401 3558">
     <span class='ocr_line' id='line_1_95' title="bbox 1806 3471 3401 3558; baseline 0.008 -24"><span class='ocrx_word' id='word_1_709' title='bbox 1806 3486 2243 3552; x_wconf 81' lang='lat' dir='ltr'><strong>persuasionibus</strong></span> <span class='ocrx_word' id='word_1_710' title='bbox 2271 3504 2486 3556; x_wconf 79' lang='lat' dir='ltr'><strong>semper</strong></span> <span class='ocrx_word' id='word_1_711' title='bbox 2524 3490 2828 3558; x_wconf 79' lang='lat' dir='ltr'><strong>disceptare</strong></span> <span class='ocrx_word' id='word_1_712' title='bbox 2859 3471 2927 3545; x_wconf 83' lang='lat' dir='ltr'><strong>sit</strong></span> <span class='ocrx_word' id='word_1_713' title='bbox 2959 3493 3181 3546; x_wconf 90' lang='lat' dir='ltr'><strong>liberum</strong></span> <span class='ocrx_word' id='word_1_714' title='bbox 3203 3535 3216 3558; x_wconf 94' lang='lat'><strong>,</strong></span> <span class='ocrx_word' id='word_1_715' title='bbox 3261 3510 3401 3547; x_wconf 80' lang='lat' dir='ltr'><strong>nun-</strong></span> 
     </span>
    </p>
   </div>
   <div class='ocr_carea' id='block_1_96' title="bbox 1806 3576 3398 3647">
    <p class='ocr_par' dir='ltr' id='par_1_96' title="bbox 1806 3576 3398 3647">
     <span class='ocr_line' id='line_1_96' title="bbox 1806 3576 3398 3647; baseline 0.01 -21"><span class='ocrx_word' id='word_1_716' title='bbox 1806 3590 1966 3643; x_wconf 85' lang='lat' dir='ltr'><strong>quam</strong></span> <span class='ocrx_word' id='word_1_717' title='bbox 1987 3576 2177 3631; x_wconf 89' lang='lat' dir='ltr'><strong>dcesse</strong></span> <span class='ocrx_word' id='word_1_718' title='bbox 2208 3586 2480 3645; x_wconf 81' lang='lat' dir='ltr'><strong>poteiunt,</strong></span> <span class='ocrx_word' id='word_1_719' title='bbox 2506 3579 2595 3647; x_wconf 89' lang='lat' dir='ltr'><strong>qui</strong></span> <span class='ocrx_word' id='word_1_720' title='bbox 2625 3582 2835 3635; x_wconf 85' lang='lat' dir='ltr'><strong>veritati</strong></span> <span class='ocrx_word' id='word_1_721' title='bbox 2862 3585 3092 3637; x_wconf 82' lang='lat' dir='ltr'><strong>audeant</strong></span> <span class='ocrx_word' id='word_1_722' title='bbox 3117 3587 3398 3642; x_wconf 75' lang='lat' dir='ltr'><strong>resultarc.</strong></span> 
     </span>
    </p>
   </div>
   <div class='ocr_carea' id='block_1_97' title="bbox 1808 3666 3399 3741">
    <p class='ocr_par' dir='ltr' id='par_1_97' title="bbox 1808 3666 3399 3741">
     <span class='ocr_line' id='line_1_97' title="bbox 1808 3666 3399 3741; baseline 0.008 -23"><span class='ocrx_word' id='word_1_723' title='bbox 1808 3666 1874 3720; x_wconf 78' lang='lat' dir='ltr'><strong>Et</strong></span> <span class='ocrx_word' id='word_1_724' title='bbox 1904 3683 2090 3723; x_wconf 88' lang='lat' dir='ltr'><strong>revera</strong></span> <span class='ocrx_word' id='word_1_725' title='bbox 2120 3670 2240 3736; x_wconf 86' lang='lat' dir='ltr'><strong>quis</strong></span> <span class='ocrx_word' id='word_1_726' title='bbox 2289 3669 2391 3723; x_wconf 91' lang='lat' dir='ltr'><strong>erit</strong></span> <span class='ocrx_word' id='word_1_727' title='bbox 2419 3672 2711 3725; x_wconf 88' lang='lat' dir='ltr'><strong>contentio.</strong></span> <span class='ocrx_word' id='word_1_728' title='bbox 2739 3689 2825 3725; x_wconf 91' lang='lat' dir='ltr'><strong>um</strong></span> <span class='ocrx_word' id='word_1_729' title='bbox 2858 3682 3021 3741; x_wconf 87' lang='lat' dir='ltr'><strong>atque</strong></span> <span class='ocrx_word' id='word_1_730' title='bbox 3050 3679 3399 3731; x_wconf 83' lang='lat' dir='ltr'><strong>certaminum</strong></span> 
     </span>
    </p>
   </div>
   <div class='ocr_carea' id='block_1_98' title="bbox 1808 3759 3399 3829">
    <p class='ocr_par' dir='ltr' id='par_1_98' title="bbox 1808 3759 3399 3829">
     <span class='ocr_line' id='line_1_98' title="bbox 1808 3759 3399 3829; baseline 0.009 -20"><span class='ocrx_word' id='word_1_731' title='bbox 1808 3759 1945 3823; x_wconf 86' lang='lat' dir='ltr'><strong>linis,</strong></span> <span class='ocrx_word' id='word_1_732' title='bbox 1995 3761 2039 3813; x_wconf 91' lang='lat' dir='ltr'><strong>si</strong></span> <span class='ocrx_word' id='word_1_733' title='bbox 2068 3761 2135 3814; x_wconf 92' lang='lat' dir='ltr'><strong>de</strong></span> <span class='ocrx_word' id='word_1_734' title='bbox 2165 3762 2246 3815; x_wconf 90' lang='lat' dir='ltr'><strong>bis</strong></span> <span class='ocrx_word' id='word_1_735' title='bbox 2274 3777 2394 3829; x_wconf 75' lang='lat' dir='ltr'><strong>qua:</strong></span> <span class='ocrx_word' id='word_1_736' title='bbox 2441 3764 2605 3818; x_wconf 86' lang='lat' dir='ltr'><strong>totius</strong></span> <span class='ocrx_word' id='word_1_737' title='bbox 2638 3763 2887 3819; x_wconf 78' lang='lat' dir='ltr'><strong>Ecclesia:</strong></span> <span class='ocrx_word' id='word_1_738' title='bbox 2918 3769 3278 3822; x_wconf 85' lang='lat' dir='ltr'><strong>consensione</strong></span> <span class='ocrx_word' id='word_1_739' title='bbox 3310 3770 3399 3822; x_wconf 88' lang='lat' dir='ltr'><strong>tir-</strong></span> 
     </span>
    </p>
   </div>
   <div class='ocr_carea' id='block_1_99' title="bbox 1807 3853 3399 3924">
    <p class='ocr_par' dir='ltr' id='par_1_99' title="bbox 1807 3853 3399 3924">
     <span class='ocr_line' id='line_1_99' title="bbox 1807 3853 3399 3924; baseline 0.007 -21"><span class='ocrx_word' id='word_1_740' title='bbox 1807 3858 1950 3907; x_wconf 83' lang='lat' dir='ltr'><strong>mata</strong></span> <span class='ocrx_word' id='word_1_741' title='bbox 1998 3858 2125 3905; x_wconf 89' lang='lat' dir='ltr'><strong>sunt</strong></span> <span class='ocrx_word' id='word_1_742' title='bbox 2166 3853 2332 3906; x_wconf 89' lang='lat' dir='ltr'><strong>semel</strong></span> <span class='ocrx_word' id='word_1_743' title='bbox 2364 3854 2573 3907; x_wconf 78' lang='lat' dir='ltr'><strong>licuerit</strong></span> <span class='ocrx_word' id='word_1_744' title='bbox 2615 3856 2756 3909; x_wconf 84' lang='lat' dir='ltr'><strong>ferre</strong></span> <span class='ocrx_word' id='word_1_745' title='bbox 2799 3856 3092 3924; x_wconf 87' lang='lat' dir='ltr'><strong>judicium?</strong></span> <span class='ocrx_word' id='word_1_746' title='bbox 3121 3859 3230 3914; x_wconf 86' lang='lat' dir='ltr'><strong>Cur</strong></span> <span class='ocrx_word' id='word_1_747' title='bbox 3256 3864 3399 3914; x_wconf 86' lang='lat' dir='ltr'><strong>enim</strong></span> 
     </span>
    </p>
   </div>
   <div class='ocr_carea' id='block_1_100' title="bbox 1808 3942 3399 4020">
    <p class='ocr_par' dir='ltr' id='par_1_100' title="bbox 1808 3942 3399 4020">
     <span class='ocr_line' id='line_1_100' title="bbox 1808 3942 3399 4020; baseline 0.007 -25"><span class='ocrx_word' id='word_1_748' title='bbox 1808 3957 1915 3995; x_wconf 93' lang='lat' dir='ltr'><strong>non</strong></span> <span class='ocrx_word' id='word_1_749' title='bbox 1945 3958 2131 3997; x_wconf 89' lang='lat' dir='ltr'><strong>rursus</strong></span> <span class='ocrx_word' id='word_1_750' title='bbox 2149 3951 2204 3997; x_wconf 92' lang='lat' dir='ltr'><strong>et</strong></span> <span class='ocrx_word' id='word_1_751' title='bbox 2225 3942 2399 4011; x_wconf 91' lang='lat' dir='ltr'><strong>ipsum</strong></span> <span class='ocrx_word' id='word_1_752' title='bbox 2424 3944 2682 4011; x_wconf 88' lang='lat' dir='ltr'><strong>judicium</strong></span> <span class='ocrx_word' id='word_1_753' title='bbox 2709 3945 3014 4015; x_wconf 90' lang='lat' dir='ltr'><strong>judicetur?</strong></span> <span class='ocrx_word' id='word_1_754' title='bbox 3042 3947 3110 4002; x_wconf 86' lang='lat' dir='ltr'><strong>Et</strong></span> <span class='ocrx_word' id='word_1_755' title='bbox 3130 3950 3251 4004; x_wconf 90' lang='lat' dir='ltr'><strong>ideo</strong></span> <span class='ocrx_word' id='word_1_756' title='bbox 3275 3966 3399 4020; x_wconf 36' lang='lat' dir='ltr'><strong>prus</strong></span> 
     </span>
    </p>
   </div>
   <div class='ocr_carea' id='block_1_101' title="bbox 1807 4029 3399 4106">
    <p class='ocr_par' dir='ltr' id='par_1_101' title="bbox 1807 4029 3399 4106">
     <span class='ocr_line' id='line_1_101' title="bbox 1807 4029 3399 4106; baseline 0.008 -23"><span class='ocrx_word' id='word_1_757' title='bbox 1807 4029 2154 4086; x_wconf 86' lang='lat' dir='ltr'><strong>dentissimus</strong></span> <span class='ocrx_word' id='word_1_758' title='bbox 2202 4032 2303 4098; x_wconf 81' lang='lat' dir='ltr'><strong>vir,</strong></span> <span class='ocrx_word' id='word_1_759' title='bbox 2353 4033 2555 4086; x_wconf 91' lang='lat' dir='ltr'><strong>nullam</strong></span> <span class='ocrx_word' id='word_1_760' title='bbox 2603 4036 2819 4106; x_wconf 88' lang='lat' dir='ltr'><strong>penitus</strong></span> <span class='ocrx_word' id='word_1_761' title='bbox 2873 4038 3007 4091; x_wconf 88' lang='lat' dir='ltr'><strong>dans</strong></span> <span class='ocrx_word' id='word_1_762' title='bbox 3058 4040 3399 4095; x_wconf 82' lang='lat' dir='ltr'><strong>occasionem</strong></span> 
     </span>
    </p>
   </div>
   <div class='ocr_carea' id='block_1_102' title="bbox 1805 4123 3400 4199">
    <p class='ocr_par' dir='ltr' id='par_1_102' title="bbox 1805 4123 3400 4199">
     <span class='ocr_line' id='line_1_102' title="bbox 1805 4123 3400 4199; baseline 0.009 -26"><span class='ocrx_word' id='word_1_763' title='bbox 1805 4123 2198 4189; x_wconf 61' lang='lat' dir='ltr'><strong>quaerentibus,</strong></span> <span class='ocrx_word' id='word_1_764' title='bbox 2230 4123 2580 4178; x_wconf 89' lang='lat' dir='ltr'><strong>denuntiabat</strong></span> <span class='ocrx_word' id='word_1_765' title='bbox 2614 4126 2797 4181; x_wconf 87' lang='lat' dir='ltr'><strong>dicens</strong></span> <span class='ocrx_word' id='word_1_766' title='bbox 2843 4145 2855 4180; x_wconf 91' lang='lat'><strong>:</strong></span> <span class='ocrx_word' id='word_1_767' title='bbox 2901 4128 3041 4183; x_wconf 87' lang='lat' dir='ltr'><strong>Nihil</strong></span> <span class='ocrx_word' id='word_1_768' title='bbox 3088 4145 3307 4199; x_wconf 88' lang='lat' dir='ltr'><strong>prorsus</strong></span> <span class='ocrx_word' id='word_1_769' title='bbox 3336 4134 3400 4187; x_wconf 80' lang='lat' dir='ltr'><strong>de</strong></span> 
     </span>
    </p>
   </div>
   <div class='ocr_carea' id='block_1_103' title="bbox 1804 4214 3399 4286">
    <p class='ocr_par' dir='ltr' id='par_1_103' title="bbox 1804 4214 3399 4286">
     <span class='ocr_line' id='line_1_103' title="bbox 1804 4214 3399 4286; baseline 0.006 -18"><span class='ocrx_word' id='word_1_770' title='bbox 1804 4214 1945 4269; x_wconf 89' lang='lat' dir='ltr'><strong>bene</strong></span> <span class='ocrx_word' id='word_1_771' title='bbox 1975 4215 2288 4283; x_wconf 91' lang='lat' dir='ltr'><strong>compositis</strong></span> <span class='ocrx_word' id='word_1_772' title='bbox 2315 4224 2658 4270; x_wconf 88' lang='lat' dir='ltr'><strong>retractetur.</strong></span> <span class='ocrx_word' id='word_1_773' title='bbox 2704 4218 2846 4286; x_wconf 87' lang='lat' dir='ltr'><strong>Ergo</strong></span> <span class='ocrx_word' id='word_1_774' title='bbox 2872 4221 2915 4275; x_wconf 92' lang='lat' dir='ltr'><strong>si</strong></span> <span class='ocrx_word' id='word_1_775' title='bbox 2959 4222 3109 4286; x_wconf 91' lang='lat' dir='ltr'><strong>nihil,</strong></span> <span class='ocrx_word' id='word_1_776' title='bbox 3147 4239 3244 4277; x_wconf 89' lang='lat' dir='ltr'><strong>nec</strong></span> <span class='ocrx_word' id='word_1_777' title='bbox 3275 4224 3399 4277; x_wconf 82' lang='lat' dir='ltr'><strong>illud</strong></span> 
     </span>
    </p>
   </div>
   <div class='ocr_carea' id='block_1_104' title="bbox 1805 4305 3394 4381">
    <p class='ocr_par' dir='ltr' id='par_1_104' title="bbox 1805 4305 3394 4381">
     <span class='ocr_line' id='line_1_104' title="bbox 1805 4305 3394 4381; baseline 0.004 -23"><span class='ocrx_word' id='word_1_778' title='bbox 1805 4305 1947 4373; x_wconf 93' lang='lat' dir='ltr'><strong>quod</strong></span> <span class='ocrx_word' id='word_1_779' title='bbox 1969 4320 2190 4375; x_wconf 90' lang='lat' dir='ltr'><strong>parvum</strong></span> <span class='ocrx_word' id='word_1_780' title='bbox 2235 4310 2455 4373; x_wconf 91' lang='lat' dir='ltr'><strong>putatur</strong></span> <span class='ocrx_word' id='word_1_781' title='bbox 2479 4306 2711 4361; x_wconf 89' lang='lat' dir='ltr'><strong>admisit.</strong></span> <span class='ocrx_word' id='word_1_782' title='bbox 2739 4308 2806 4363; x_wconf 88' lang='lat' dir='ltr'><strong>Et</strong></span> <span class='ocrx_word' id='word_1_783' title='bbox 2834 4320 3011 4365; x_wconf 90' lang='lat' dir='ltr'><strong>tamen</strong></span> <span class='ocrx_word' id='word_1_784' title='bbox 3050 4312 3134 4366; x_wconf 91' lang='lat' dir='ltr'><strong>isti</strong></span> <span class='ocrx_word' id='word_1_785' title='bbox 3163 4314 3254 4381; x_wconf 89' lang='lat' dir='ltr'><strong>qui</strong></span> <span class='ocrx_word' id='word_1_786' title='bbox 3289 4314 3394 4365; x_wconf 70' lang='lat' dir='ltr'><strong>lto-</strong></span> 
     </span>
    </p>
   </div>
   <div class='ocr_carea' id='block_1_105' title="bbox 1805 4396 3396 4471">
    <p class='ocr_par' dir='ltr' id='par_1_105' title="bbox 1805 4396 3396 4471">
     <span class='ocr_line' id='line_1_105' title="bbox 1805 4396 3396 4471; baseline 0.003 -21"><span class='ocrx_word' id='word_1_787' title='bbox 1805 4413 2025 4451; x_wconf 89' lang='lat' dir='ltr'><strong>mauum</strong></span> <span class='ocrx_word' id='word_1_788' title='bbox 2065 4396 2366 4450; x_wconf 89' lang='lat' dir='ltr'><strong>antistitem</strong></span> <span class='ocrx_word' id='word_1_789' title='bbox 2399 4396 2714 4466; x_wconf 88' lang='lat' dir='ltr'><strong>impugnare</strong></span> <span class='ocrx_word' id='word_1_790' title='bbox 2756 4415 2915 4468; x_wconf 88' lang='lat' dir='ltr'><strong>posse</strong></span> <span class='ocrx_word' id='word_1_791' title='bbox 2942 4402 3183 4471; x_wconf 72' lang='lat' dir='ltr'><strong>prteclari</strong></span> <span class='ocrx_word' id='word_1_792' title='bbox 3214 4403 3396 4456; x_wconf 86' lang='lat' dir='ltr'><strong>deces-</strong></span> 
     </span>
    </p>
   </div>
   <div class='ocr_carea' id='block_1_106' title="bbox 1806 4486 3401 4557">
    <p class='ocr_par' dir='ltr' id='par_1_106' title="bbox 1806 4486 3401 4557">
     <span class='ocr_line' id='line_1_106' title="bbox 1806 4486 3401 4557; baseline 0.003 -14"><span class='ocrx_word' id='word_1_793' title='bbox 1806 4489 1947 4543; x_wconf 90' lang='lat' dir='ltr'><strong>soris</strong></span> <span class='ocrx_word' id='word_1_794' title='bbox 1974 4488 2052 4541; x_wconf 89' lang='lat' dir='ltr'><strong>sui</strong></span> <span class='ocrx_word' id='word_1_795' title='bbox 2074 4486 2393 4541; x_wconf 90' lang='lat' dir='ltr'><strong>sententiam</strong></span> <span class='ocrx_word' id='word_1_796' title='bbox 2414 4498 2652 4555; x_wconf 88' lang='lat' dir='ltr'><strong>sperant,</strong></span> <span class='ocrx_word' id='word_1_797' title='bbox 2678 4490 2976 4557; x_wconf 89' lang='lat' dir='ltr'><strong>gloriantur</strong></span> <span class='ocrx_word' id='word_1_798' title='bbox 2998 4491 3321 4546; x_wconf 81' lang='lat' dir='ltr'><strong>offensiones</strong></span> <span class='ocrx_word' id='word_1_799' title='bbox 3342 4509 3401 4547; x_wconf 85' lang='lat' dir='ltr'><strong>se</strong></span> 
     </span>
    </p>
   </div>
   <div class='ocr_carea' id='block_1_107' title="bbox 1808 4578 3398 4651">
    <p class='ocr_par' dir='ltr' id='par_1_107' title="bbox 1808 4578 3398 4651">
     <span class='ocr_line' id='line_1_107' title="bbox 1808 4578 3398 4651; baseline 0.003 -17"><span class='ocrx_word' id='word_1_800' title='bbox 1808 4581 1875 4635; x_wconf 89' lang='lat' dir='ltr'><strong>de</strong></span> <span class='ocrx_word' id='word_1_801' title='bbox 1900 4581 1985 4633; x_wconf 90' lang='lat' dir='ltr'><strong>illa</strong></span> <span class='ocrx_word' id='word_1_802' title='bbox 2026 4578 2232 4649; x_wconf 80' lang='lat' dir='ltr'><strong>synodo</strong></span> <span class='ocrx_word' id='word_1_803' title='bbox 2261 4579 2562 4646; x_wconf 89' lang='lat' dir='ltr'><strong>sustulisse,</strong></span> <span class='ocrx_word' id='word_1_804' title='bbox 2594 4581 2835 4635; x_wconf 90' lang='lat' dir='ltr'><strong>dicentes</strong></span> <span class='ocrx_word' id='word_1_805' title='bbox 2863 4582 3004 4650; x_wconf 88' lang='lat' dir='ltr'><strong>quod</strong></span> <span class='ocrx_word' id='word_1_806' title='bbox 3031 4598 3126 4651; x_wconf 93' lang='lat' dir='ltr'><strong>pro</strong></span> <span class='ocrx_word' id='word_1_807' title='bbox 3155 4598 3216 4637; x_wconf 91' lang='lat' dir='ltr'><strong>ea</strong></span> <span class='ocrx_word' id='word_1_808' title='bbox 3236 4586 3398 4639; x_wconf 78' lang='lat' dir='ltr'><strong>nobis</strong></span> 
     </span>
    </p>
   </div>
   <div class='ocr_carea' id='block_1_108' title="bbox 1808 4668 3401 4743">
    <p class='ocr_par' dir='ltr' id='par_1_108' title="bbox 1808 4668 3401 4743">
     <span class='ocr_line' id='line_1_108' title="bbox 1808 4668 3401 4743; baseline 0.006 -22"><span class='ocrx_word' id='word_1_809' title='bbox 1808 4668 2124 4740; x_wconf 81' lang='lat' dir='ltr'><strong>Eutychiani</strong></span> <span class='ocrx_word' id='word_1_810' title='bbox 2148 4685 2361 4739; x_wconf 87' lang='lat' dir='ltr'><strong>semper</strong></span> <span class='ocrx_word' id='word_1_811' title='bbox 2389 4672 2790 4726; x_wconf 89' lang='lat' dir='ltr'><strong>communicare</strong></span> <span class='ocrx_word' id='word_1_812' title='bbox 2821 4673 3111 4737; x_wconf 90' lang='lat' dir='ltr'><strong>noluerint,</strong></span> <span class='ocrx_word' id='word_1_813' title='bbox 3143 4675 3266 4743; x_wconf 87' lang='lat' dir='ltr'><strong>quia</strong></span> <span class='ocrx_word' id='word_1_814' title='bbox 3302 4677 3344 4729; x_wconf 88' lang='lat' dir='ltr'><strong>si</strong></span> <span class='ocrx_word' id='word_1_815' title='bbox 3380 4684 3401 4715; x_wconf 79' lang='grc' dir='ltr'>υ</span> 
     </span>
    </p>
   </div>
   <div class='ocr_carea' id='block_1_109' title="bbox 1807 4761 3403 4835">
    <p class='ocr_par' dir='ltr' id='par_1_109' title="bbox 1807 4761 3403 4835">
     <span class='ocr_line' id='line_1_109' title="bbox 1807 4761 3403 4835; baseline 0.005 -20"><span class='ocrx_word' id='word_1_816' title='bbox 1807 4762 1894 4815; x_wconf 83' lang='lat' dir='ltr'><strong>vel</strong></span> <span class='ocrx_word' id='word_1_817' title='bbox 1924 4770 2068 4815; x_wconf 89' lang='lat' dir='ltr'><strong>tanta</strong></span> <span class='ocrx_word' id='word_1_818' title='bbox 2101 4761 2186 4814; x_wconf 90' lang='lat' dir='ltr'><strong>illa</strong></span> <span class='ocrx_word' id='word_1_819' title='bbox 2218 4761 2474 4830; x_wconf 85' lang='lat' dir='ltr'><strong>synodus,</strong></span> <span class='ocrx_word' id='word_1_820' title='bbox 2521 4778 2623 4832; x_wconf 89' lang='lat' dir='ltr'><strong>qua</strong></span> <span class='ocrx_word' id='word_1_821' title='bbox 2656 4766 2994 4818; x_wconf 90' lang='lat' dir='ltr'><strong>numerosior</strong></span> <span class='ocrx_word' id='word_1_822' title='bbox 3022 4765 3124 4818; x_wconf 91' lang='lat' dir='ltr'><strong>alia</strong></span> <span class='ocrx_word' id='word_1_823' title='bbox 3154 4782 3250 4835; x_wconf 88' lang='lat' dir='ltr'><strong>pro</strong></span> <span class='ocrx_word' id='word_1_824' title='bbox 3286 4767 3403 4823; x_wconf 78' lang='lat' dir='ltr'><strong>fidei</strong></span> 
     </span>
    </p>
   </div>
   <div class='ocr_carea' id='block_1_110' title="bbox 1810 4848 3401 4923">
    <p class='ocr_par' dir='ltr' id='par_1_110' title="bbox 1810 4848 3401 4923">
     <span class='ocr_line' id='line_1_110' title="bbox 1810 4848 3401 4923; baseline 0.004 -19"><span class='ocrx_word' id='word_1_825' title='bbox 1810 4852 2035 4905; x_wconf 77' lang='lat' dir='ltr'><strong>veritate</strong></span> <span class='ocrx_word' id='word_1_826' title='bbox 2061 4866 2168 4904; x_wconf 91' lang='lat' dir='ltr'><strong>non</strong></span> <span class='ocrx_word' id='word_1_827' title='bbox 2201 4848 2326 4916; x_wconf 91' lang='lat' dir='ltr'><strong>fuit,</strong></span> <span class='ocrx_word' id='word_1_828' title='bbox 2360 4860 2467 4905; x_wconf 91' lang='lat' dir='ltr'><strong>tam</strong></span> <span class='ocrx_word' id='word_1_829' title='bbox 2494 4852 2742 4906; x_wconf 90' lang='lat' dir='ltr'><strong>diuturna</strong></span> <span class='ocrx_word' id='word_1_830' title='bbox 2780 4854 3192 4923; x_wconf 88' lang='lat' dir='ltr'><strong>deliberatione,</strong></span> <span class='ocrx_word' id='word_1_831' title='bbox 3214 4857 3401 4911; x_wconf 76' lang='lat' dir='ltr'><strong>sum-.-</strong></span> 
     </span>
    </p>
   </div>
   <div class='ocr_carea' id='block_1_111' title="bbox 1813 4944 3402 5021">
    <p class='ocr_par' dir='ltr' id='par_1_111' title="bbox 1813 4944 3402 5021">
     <span class='ocr_line' id='line_1_111' title="bbox 1813 4944 3402 5021; baseline 0.004 -22"><span class='ocrx_word' id='word_1_832' title='bbox 1813 4946 2046 4999; x_wconf 87' lang='lat' dir='ltr'><strong>lantibus</strong></span> <span class='ocrx_word' id='word_1_833' title='bbox 2089 4946 2250 4999; x_wconf 90' lang='lat' dir='ltr'><strong>etiam</strong></span> <span class='ocrx_word' id='word_1_834' title='bbox 2282 4944 2656 5001; x_wconf 72' lang='lat' dir='ltr'><strong>brereticorum</strong></span> <span class='ocrx_word' id='word_1_835' title='bbox 2696 4949 3239 5015; x_wconf 88' lang='lat' dir='ltr'><strong>contradictionibus,</strong></span> <span class='ocrx_word' id='word_1_836' title='bbox 3289 4968 3402 5021; x_wconf 64' lang='lat' dir='ltr'><strong>qtae</strong></span> 
     </span>
    </p>
   </div>
   <div class='ocr_carea' id='block_1_112' title="bbox 1806 5124 3376 5195">
    <p class='ocr_par' dir='ltr' id='par_1_112' title="bbox 1806 5124 3376 5195">
     <span class='ocr_line' id='line_1_112' title="bbox 1806 5124 3376 5195; baseline -0.001 -14"><span class='ocrx_word' id='word_1_837' title='bbox 1806 5135 2121 5195; x_wconf 84' lang='lat' dir='ltr'><strong>exspectare</strong></span> <span class='ocrx_word' id='word_1_838' title='bbox 2169 5141 2226 5179; x_wconf 89' lang='lat' dir='ltr'><strong>se</strong></span> <span class='ocrx_word' id='word_1_839' title='bbox 2281 5125 2497 5179; x_wconf 87' lang='lat' dir='ltr'><strong>aiebant</strong></span> <span class='ocrx_word' id='word_1_840' title='bbox 2548 5124 2895 5195; x_wconf 61' lang='lat' dir='ltr'><strong>damnatpres</strong></span> <span class='ocrx_word' id='word_1_841' title='bbox 2932 5124 3091 5180; x_wconf 76' lang='lat' dir='ltr'><strong>trium</strong></span> <span class='ocrx_word' id='word_1_842' title='bbox 3134 5125 3376 5194; x_wconf 81' lang='lat' dir='ltr'><strong>capitulo</strong></span> 
     </span>
    </p>
   </div>
   <div class='ocr_carea' id='block_1_113' title="bbox 1806 5192 2813 5263">
    <p class='ocr_par' dir='ltr' id='par_1_113' title="bbox 1806 5192 2813 5263">
     <span class='ocr_line' id='line_1_113' title="bbox 1806 5192 2813 5263; baseline -0.005 -12"><span class='ocrx_word' id='word_1_843' title='bbox 1806 5192 1946 5257; x_wconf 86' lang='lat' dir='ltr'><strong>rum,</strong></span> <span class='ocrx_word' id='word_1_844' title='bbox 1978 5198 2130 5263; x_wconf 87' lang='lat' dir='ltr'><strong>plura</strong></span> <span class='ocrx_word' id='word_1_845' title='bbox 2162 5197 2351 5249; x_wconf 88' lang='lat' dir='ltr'><strong>iterum</strong></span> <span class='ocrx_word' id='word_1_846' title='bbox 2380 5195 2471 5249; x_wconf 91' lang='lat' dir='ltr'><strong>lib.</strong></span> <span class='ocrx_word' id='word_1_847' title='bbox 2504 5211 2576 5260; x_wconf 84' lang='lat' dir='ltr'><strong>iv,</strong></span> <span class='ocrx_word' id='word_1_848' title='bbox 2604 5209 2725 5262; x_wconf 89' lang='lat' dir='ltr'><strong>cap.</strong></span> <span class='ocrx_word' id='word_1_849' title='bbox 2760 5192 2813 5246; x_wconf 68' lang='grc' dir='ltr'><strong>ὅ.</strong></span> 
     </span>
    </p>
   </div>
   <div class='ocr_carea' id='block_1_114' title="bbox 1881 5266 2317 5337">
    <p class='ocr_par' dir='ltr' id='par_1_114' title="bbox 1881 5266 2317 5337">
     <span class='ocr_line' id='line_1_114' title="bbox 1881 5266 2317 5337; baseline -0.005 -17"><span class='ocrx_word' id='word_1_850' title='bbox 1881 5271 1908 5309; x_wconf 80' lang='lat' dir='ltr'><strong>b</strong></span> <span class='ocrx_word' id='word_1_851' title='bbox 1938 5266 2121 5331; x_wconf 83' lang='lat' dir='ltr'><strong>Forte,</strong></span> <span class='ocrx_word' id='word_1_852' title='bbox 2152 5268 2317 5337; x_wconf 80' lang='lat' dir='ltr'><strong>quasi.</strong></span> 
     </span>
    </p>
   </div>
   <div class='ocr_carea' id='block_1_115' title="bbox 1810 5440 3399 5515">
    <p class='ocr_par' dir='ltr' id='par_1_115' title="bbox 1810 5440 3399 5515">
     <span class='ocr_line' id='line_1_115' title="bbox 1810 5440 3399 5515; baseline -0.003 -20"><span class='ocrx_word' id='word_1_853' title='bbox 1810 5443 2033 5515; x_wconf 72' lang='lat' dir='ltr'><strong>epistola</strong></span> <span class='ocrx_word' id='word_1_854' title='bbox 2067 5440 2392 5515; x_wconf 40' lang='lat' dir='ltr'><strong>LeonishM.</strong></span> <span class='ocrx_word' id='word_1_855' title='bbox 2427 5441 2503 5515; x_wconf 80' lang='lat' dir='ltr'><strong>ad</strong></span> <span class='ocrx_word' id='word_1_856' title='bbox 2519 5441 2753 5515; x_wconf 82' lang='lat' dir='ltr'><strong>Leonem</strong></span> <span class='ocrx_word' id='word_1_857' title='bbox 2804 5441 3128 5515; x_wconf 80' lang='lat' dir='ltr'><strong>Augustum,</strong></span> <span class='ocrx_word' id='word_1_858' title='bbox 3172 5451 3289 5503; x_wconf 77' lang='lat' dir='ltr'><strong>quze</strong></span> <span class='ocrx_word' id='word_1_859' title='bbox 3318 5445 3399 5515; x_wconf 64' lang='lat' dir='ltr'><strong>est</strong></span> 
     </span>
    </p>
   </div>
   <div class='ocr_carea' id='block_1_116' title="bbox 1812 5508 3397 5585">
    <p class='ocr_par' dir='ltr' id='par_1_116' title="bbox 1812 5508 3397 5585">
     <span class='ocr_line' id='line_1_116' title="bbox 1812 5508 3397 5585; baseline -0.004 -21"><span class='ocrx_word' id='word_1_860' title='bbox 1812 5512 1914 5565; x_wconf 70' lang='lat'><strong>133</strong></span> <span class='ocrx_word' id='word_1_861' title='bbox 1944 5514 2251 5585; x_wconf 82' lang='lat' dir='ltr'><strong>in_editione</strong></span> <span class='ocrx_word' id='word_1_862' title='bbox 2276 5511 2567 5585; x_wconf 81' lang='lat' dir='ltr'><strong>Quesnellii</strong></span> <span class='ocrx_word' id='word_1_863' title='bbox 2594 5514 2776 5585; x_wconf 73' lang='lat' dir='ltr'><strong>[quam</strong></span> <span class='ocrx_word' id='word_1_864' title='bbox 2803 5512 2944 5585; x_wconf 78' lang='lat' dir='ltr'><strong>typis</strong></span> <span class='ocrx_word' id='word_1_865' title='bbox 2973 5521 3160 5585; x_wconf 69' lang='lat' dir='ltr'><strong>rursus</strong></span> <span class='ocrx_word' id='word_1_866' title='bbox 3182 5508 3397 5585; x_wconf 78' lang='lat' dir='ltr'><strong>excudi-</strong></span> 
     </span>
    </p>
   </div>
   <div class='ocr_carea' id='block_1_117' title="bbox 1811 5574 3397 5653">
    <p class='ocr_par' dir='ltr' id='par_1_117' title="bbox 1811 5574 3397 5653">
     <span class='ocr_line' id='line_1_117' title="bbox 1811 5574 3397 5653; baseline -0.004 -18"><span class='ocrx_word' id='word_1_867' title='bbox 1811 5599 1929 5636; x_wconf 84' lang='lat' dir='ltr'><strong>mus</strong></span> <span class='ocrx_word' id='word_1_868' title='bbox 1962 5581 2134 5651; x_wconf 64' lang='grc' dir='ltr'>(Εινιτ.</span> <span class='ocrx_word' id='word_1_869' title='bbox 2153 5583 2209 5653; x_wconf 81' lang='grc'><strong>)],</strong></span> <span class='ocrx_word' id='word_1_870' title='bbox 2233 5574 2400 5650; x_wconf 76' lang='lat' dir='ltr'><strong>usque</strong></span> <span class='ocrx_word' id='word_1_871' title='bbox 2422 5582 2488 5635; x_wconf 89' lang='lat' dir='ltr'><strong>ad</strong></span> <span class='ocrx_word' id='word_1_872' title='bbox 2515 5574 2611 5634; x_wconf 46' lang='lat' dir='ltr'><strong>illa‘</strong></span> <span class='ocrx_word' id='word_1_873' title='bbox 2633 5574 2931 5648; x_wconf 49' lang='lat' dir='ltr'><strong>verbafq&#39;ui</strong></span> <span class='ocrx_word' id='word_1_874' title='bbox 2953 5574 3153 5630; x_wconf 83' lang='lat' dir='ltr'><strong>veritati</strong></span> <span class='ocrx_word' id='word_1_875' title='bbox 3175 5574 3397 5628; x_wconf 75' lang='lat' dir='ltr'><strong>audeant</strong></span> 
     </span>
    </p>
   </div>
   <div class='ocr_carea' id='block_1_118' title="bbox 1810 5653 3395 5791">
    <p class='ocr_par' dir='ltr' id='par_1_118' title="bbox 1810 5653 3395 5791">
     <span class='ocr_line' id='line_1_118' title="bbox 1810 5653 3395 5791; baseline 0.011 -39"><span class='ocrx_word' id='word_1_876' title='bbox 1810 5653 2083 5775; x_wconf 47' lang='grc' dir='ltr'><strong>ἐξηίξῗέιῖξ</strong></span> <span class='ocrx_word' id='word_1_877' title='bbox 2109 5723 2253 5781; x_wconf 66' lang='lat' dir='ltr'><strong>eod.,</strong></span> <span class='ocrx_word' id='word_1_878' title='bbox 2296 5730 2409 5789; x_wconf 85' lang='lat' dir='ltr'><strong>post</strong></span> <span class='ocrx_word' id='word_1_879' title='bbox 2443 5718 2727 5791; x_wconf 78' lang='lat' dir='ltr'><strong>legitimas;</strong></span> <span class='ocrx_word' id='word_1_880' title='bbox 2778 5715 2850 5769; x_wconf 80' lang='lat' dir='ltr'><strong>ita</strong></span> <span class='ocrx_word' id='word_1_881' title='bbox 2892 5715 3054 5771; x_wconf 84' lang='lat' dir='ltr'><strong>etiam</strong></span> <span class='ocrx_word' id='word_1_882' title='bbox 3085 5712 3135 5766; x_wconf 90' lang='lat' dir='ltr'><strong>in</strong></span> <span class='ocrx_word' id='word_1_883' title='bbox 3182 5711 3395 5769; x_wconf 80' lang='lat' dir='ltr'><strong>laudata</strong></span> 
     </span>
    </p>
   </div>
   <div class='ocr_carea' id='block_1_119' title="bbox 1815 5792 2285 5864">
    <p class='ocr_par' dir='ltr' id='par_1_119' title="bbox 1815 5792 2285 5864">
     <span class='ocr_line' id='line_1_119' title="bbox 1815 5792 2285 5864; baseline -0.013 -17"><span class='ocrx_word' id='word_1_884' title='bbox 1815 5792 2010 5849; x_wconf 87' lang='lat' dir='ltr'><strong>Leonis</strong></span> <span class='ocrx_word' id='word_1_885' title='bbox 2032 5792 2285 5864; x_wconf 87' lang='lat' dir='ltr'><strong>epistola.</strong></span> 
     </span>
    </p>
   </div>
  </div>
