3974 6330
553 370 658 426 570

1665 355 1945 411 F\CU.\'i\l
1988 353 2177 406 EPISC
2240 348 2748 404 HERMIANENSIS

3737 348 3839 404 580

553 484 785 539 maxime
809 481 985 536 solent
1012 477 1326 533 innovitate
1350 473 1893 540 fervere,qnidqu:uu
1926 480 2139 542 pneter-
2178 475 2216 529 Λ
2248 476 2411 534 atque
2451 467 2692 533 arguisse
2740 472 3087 528 monstratur,
3140 465 3241 518 nisi
3296 465 3442 534 quod
3490 464 3772 522 referretur
3842 472 3853 499 ε

554 580 631 631 ire
682 575 919 646 potuerit
961 572 1314 639 negligenter,
1362 570 1446 622 vel
1494 568 1778 637 pnedictus
1828 564 1969 627 Leo,
2020 579 2139 615 eum

552 667 715 721 toties
740 665 1045 734 pulsaretur
1071 675 1138 715 ex
1168 659 1249 713 his
1271 673 1390 727 quin
1417 658 1486 711 ab
1521 673 1584 711 ea
1614 655 1907 710 constituta
1938 654 2151 707 fuerant

555 755 752 823 aliquid
783 761 1103 816 retractare,
1136 750 1307 804 nullas
1333 746 1640 817 hujusmodi
1671 746 1864 800 noxias
1889 744 2147 807 rationes,

556 844 895 899 verisimilem
917 842 1152 912 speciem
1179 838 1594 910 praetendentes,
1621 846 1677 892 et
1707 836 1943 902 audisse,
1973 844 2029 890 et
2050 835 2150 888 im-

557 935 740 989 mobili
776 935 1041 1002 gravitate
1078 930 1407 999 disposuisse
1443 927 1744 985 credendus
1770 934 1886 993 est;
1916 925 2150 996 pruden—

557 1027 761 1081 tissime
790 1040 988 1080 cavens
1016 1039 1084 1079 ne
1115 1024 1271 1088 forte,
1303 1022 1544 1094 qualibet
1565 1022 1855 1076 occasione
1881 1020 2030 1073 aditu
2060 1034 2155 1088 pa-

559 1118 758 1171 tefacto
786 1117 924 1171 male
955 1116 1325 1185 pulsantibus,
1357 1116 1408 1167 in
1457 1112 1749 1167 Ecclesiam
1793 1113 1990 1166 Christi
2022 1112 2155 1164 insi-

561 1209 817 1261 diantium
862 1208 1009 1260 furor
1034 1207 1376 1274 irrumperct.
1430 1204 1596 1257 Porro
1647 1204 1698 1257 hi
1730 1204 1820 1271 qui
1851 1218 2011 1271 supra
2042 1216 2157 1252 mo-

562 1299 686 1350 dum
737 1305 863 1350 sunt
912 1298 1222 1363 diligentes,
1266 1295 1457 1351 nolunt
1502 1295 1614 1348 ha:c
1651 1293 1830 1346 omnia
1864 1290 2160 1362 prudentia:

564 1398 722 1457 atque
751 1387 975 1441 cautelae
1005 1387 1177 1452 magis
1203 1400 1364 1453 quam
1391 1384 1725 1451 negligentia:
1747 1383 2026 1450 deputare.
2053 1381 2159 1434 Sed

566 1481 691 1549 quid
724 1480 954 1540 facient,
1003 1478 1146 1545 quod
1190 1478 1367 1530 omnis
1395 1475 1663 1537 Ecclesia,
1698 1476 1805 1528 Deo
1836 1482 2156 1545 praestante,

568 1571 771 1639 positos
806 1569 907 1621 sibi
952 1577 1185 1622 :cternus
1224 1566 1443 1620 Patrum
1482 1580 1702 1619 suorum
1749 1564 2008 1617 terminos
2054 1578 2159 1614 non

569 1661 801 1724 excedit,
822 1674 1051 1727 quorum
1071 1658 1309 1712 aemulari
1334 1666 1555 1726 exoptat
1582 1655 1957 1722 negligentiam
1984 1652 2164 1721 potius

566 1765 730 1818 quam
783 1750 1005 1802 istorum
1045 1748 1329 1802 obscuram
1376 1743 1931 1814 diligentiam?Cujus
1982 1751 2160 1796 autem

2254 557 2573 611 venerabilis
2602 557 2883 610 Anatolius
2914 566 2940 593 ⁸
2971 558 3602 627 (Ionstantinopolitanus
3627 562 3839 630 episco-

2252 664 2352 717 pus
2374 649 2553 716 priore
2575 662 2737 715 quam
2766 646 3028 701 Maximus
3051 648 3416 704 Antiochenus
3443 650 3565 706 loco
3584 654 3792 707 sedisse
3823 674 3834 707 :

2253 740 2547 809 quomodo,
2563 741 2605 796 si
2630 741 2769 795 hanc
2786 740 2891 794 Iba:
2913 741 3219 810 epistolam,
3244 757 3365 810 qua:
3384 758 3503 798 cum
3526 745 3838 802 Nestoriana

2242 832 2449 885 dicitur
2476 833 2542 886 ad
2572 847 2788 887 causam
2820 833 3007 899 utique
3046 832 3246 889 dicitur
3274 832 3396 887 fidei
3439 836 3729 905 pertinere,
3766 840 3842 893 vel

2258 922 2363 977 tale
2394 922 2595 991 aliquid
2625 923 2768 990 quod
2800 923 2852 976 in
2896 924 2985 977 illa
3016 925 3221 993 synodo
3252 924 3537 979 recitatum
3562 942 3662 981 nec
3694 929 3841 981 dam-

2257 1022 2439 1067 natum
2466 1020 2616 1081 gesta
2639 1014 2919 1067 continent
2943 1014 3384 1068 anathematizari
3405 1025 3497 1068 aut
3519 1016 3710 1070 saltem
3741 1018 3844 1071 dis-

2258 1106 2367 1159 cuti
2436 1112 2731 1173 pateretur,
2782 1119 2887 1157 non
2960 1104 3309 1172 semetipsum
3383 1106 3845 1173 prxvaricatorem

2259 1197 2633 1261 constitueret,
2664 1195 2985 1250 dubitationi
3013 1195 3303 1264 subjiciens
3329 1210 3449 1264 qua:
3474 1212 3536 1249 se
3553 1197 3663 1265 jam
3696 1199 3843 1251 dixe-

2259 1298 2345 1344 rat
2370 1290 2742 1359 approbassel
2772 1287 2840 1341 Et
2866 1288 3087 1355 idcirco,
3118 1288 3161 1343 si
3189 1290 3350 1341 etiam
3374 1289 3517 1342 nulla
3547 1291 3662 1357 ejus
3694 1292 3844 1345 inter-

2258 1381 2426 1435 dictio
2453 1380 2834 1450 praecessisset,
2860 1394 3035 1447 neque
3064 1380 3376 1448 imperatori
3417 1379 3583 1435 Leoni
3614 1398 3717 1449 pro
3736 1384 3849 1451 ipso

2248 1471 2491 1525 concilio
2520 1469 2890 1539 responderet,
2920 1469 3179 1539 perfectio
3212 1471 3635 1536 incrementum,
3665 1481 3725 1525 et
3762 1475 3847 1525 ad-

2258 1560 2547 1629 iectionem
2589 1560 2865 1630 plenitudo
2908 1575 3015 1614 non
3062 1561 3282 1629 recipit,
3332 1561 3436 1615 hoc
3478 1564 3847 1618 tantummodo

2266 1660 2675 1721 provocaretur,
2706 1650 2853 1719 quod
2876 1651 2927 1703 in
2958 1650 3062 1704 iiiis
3088 1651 3255 1719 gestis
3274 1651 3443 1706 solam
3473 1652 3848 1708 Constantino-

2264 1744 2487 1813 politani
2534 1743 2773 1813 episcopi
2804 1742 3271 1811 praesumptionem
3316 1745 3568 1811 arguerit,
3610 1744 3849 1814 profecto

571 1839 798 1893 rationis
827 1840 977 1906 sequi
1015 1837 1274 1905 judicium
1305 1837 1630 1902 debeamus,
1669 1837 1800 1889 satis
1831 1836 1883 1887 in
1912 1844 2162 1904 promptu
2196 1841 2241 1900 B
2270 1834 2399 1888 nihil
2430 1835 2481 1887 in
2506 1835 2614 1897 eis,
2645 1834 2791 1902 quod
2822 1834 3196 1889 Nestorianum
3226 1835 3371 1890 credi
3402 1838 3603 1904 possit,
3636 1854 3849 1891 succes-

573 1939 672 1983 cst.
708 1928 894 1981 Utrum
926 1929 1147 1982 istorum
1178 1930 1268 1997 qui
1299 1936 1623 1996 putaverunt
1642 1927 1895 1994 quoniam
1925 1928 1970 1981 si
1994 1935 2166 1980 retra-

574 2028 820 2085 ctarent,
864 2019 973 2072 imo
1004 2018 1491 2086 reprehenderent,
1550 2018 1766 2071 Patrum
1816 2019 2162 2081 sententiain,

575 2109 831 2179 Acepliali
858 2107 1319 2163 communicarent
1346 2106 1621 2173 Ecclesim,
1652 2107 1796 2175 quod
1826 2123 1933 2161 non
1964 2117 2048 2161 est
2070 2123 2164 2177 pe—

578 2203 720 2256 nitus
739 2183 1104 2265 subsecutum,
1128 2199 1272 2268 quod
1293 2200 1455 2254 etiam
1484 2200 1528 2253 si
1558 2208 1896 2268 sequeretur,
1920 2217 2024 2253 non
2051 2210 2169 2254 erat

571 2290 1016 2361 approbantium;
1048 2306 1115 2344 an
1147 2291 1526 2360 sapientissimi
1554 2290 1774 2358 Leonis,
1801 2292 1915 2359 qui,
1944 2292 2082 2345 sicut
2109 2293 2161 2345 in

576 2384 695 2437 aliis
734 2381 951 2450 scriptis
981 2379 1099 2449 ejus
1128 2380 1452 2445 ostenditur,
1485 2380 1691 2435 nullum
1741 2396 1840 2450 per
1877 2382 1979 2435 hoc
2017 2381 2171 2434 colli-

575 2473 765 2529 dendis
795 2471 1055 2527 Ecclesiis
1082 2471 1300 2526 modum
1330 2472 1488 2541 poni,
1534 2472 1629 2526 sed
1674 2472 1799 2525 data
1841 2472 2055 2527 licentia
2088 2488 2169 2526 re-

579 2563 830 2629 bellandi,
862 2563 1074 2617 dilatari
1103 2562 1273 2630 magis
1310 2576 1471 2630 quam
1502 2563 1667 2632 sopiri
1698 2564 1993 2617 certamina
2035 2580 2170 2633 prae-

574 2655 740 2707 dixit?
768 2653 913 2721 quod
950 2652 1215 2707 veraciter
1258 2652 1659 2716 esse'dictum,
1706 2652 1941 2707 evidenti
1987 2670 2167 2706 rerum

581 2746 755 2803 i-xitu.
785 2744 914 2812 quin
952 2743 1133 2813 potius
1159 2741 1348 2805 exitio,
1376 2743 1778 2811 comprobatur.
1824 2743 1999 2798 Credo
2027 2745 2169 2813 quod

580 2839 742 2888 etiam
776 2833 1073 2887 tacentibus
1096 2832 1250 2887 nobis
1272 2838 1533 2901 appareat
1551 2832 1676 2902 quid
1700 2832 1859 2886 fuerit
1880 2832 2172 2888 Providen-

583 2928 669 2978 tia:
698 2924 909 2987 divinae,
942 2922 1069 2991 quid
1100 2922 1413 2977 temeritatis
1440 2923 1706 2977 humanm.
1740 2923 1795 2977 Si
1825 2940 1952 2978 vero
1974 2926 2172 2978 beatis-

582 3014 747 3070 sinius
787 3012 928 3081 Leo,
973 3014 1219 3082 quamvis
1248 3014 1605 3069 recentioris‘
1654 3016 1894 3077 concilii,
1939 3026 1992 3069 et
2026 3018 2170 3071 nulla

582 3118 708 3163 ante
758 3108 838 3161 sui
884 3107 1182 3161 decessoris
1211 3107 1508 3161 assertione
1536 3106 1762 3175 defensi,
1794 3108 2087 3178 quidquam
2120 3111 2169 3163 in

2265 1929 2403 1982 soris
2430 1928 2547 1995 ejus
2567 1927 2809 1981 relictum
2827 1927 3031 1995 judicio
3058 1928 3351 1983 videretur.
3378 1929 3643 1995 Quoniam
3676 1932 3718 1985 si
3752 1932 3853 1983 ha:-

2266 2018 2733 2088 reticunraliquid
2760 2018 3100 2073 continerent
3124 2061 3139 2087 ,
3180 2020 3324 2087 quod
3353 2019 3589 2074 delatum
3618 2022 3686 2074 ad
3720 2024 3856 2075 iltius

2266 2109 2453 2180 synodi
2501 2108 2757 2176 judicium
2810 2124 2915 2163 non
2957 2109 3286 2163 inveniretur
3339 2123 3459 2163 esse
3495 2110 3807 2163 damnatum
3840 2150 3855 2173 ,

2272 2200 2380 2254 Leo
2408 2201 2511 2253 hoc
2535 2201 2682 2269 prius
2712 2199 3151 2269 reprehenderet,
3185 2213 3308 2254 cum
3331 2199 3397 2253 ad
3419 2198 3536 2268 ejus
3556 2199 3858 2254 deferretur

2258 2306 2518 2345 examen.
2549 2290 2698 2344 Unde
2729 2291 2772 2344 si
2805 2299 3057 2359 tanquam
3087 2289 3406 2345 Nestoriana
3443 2289 3605 2344 debet
3634 2290 3704 2343 ab
3743 2306 3858 2343 nm-

2271 2383 2429 2436 nibus
2451 2382 2537 2435 ilia
2562 2382 2787 2451 epistola
2815 2379 3181 2445 condemnari,
3214 2394 3333 2449 qua:
3361 2379 3428 2434 ab
3456 2381 3863 2435 accusatoribus

2271 2474 2517 2543 opposita
2555 2474 2659 2527 Iba:
2688 2474 2941 2543 episcopo
2969 2472 3134 2541 gestis
3162 2471 3505 2542 synodalibus
3528 2472 3863 2539 continetur,

2273 2582 2379 2620 non
2424 2566 2538 2634 ipsa
2582 2573 2788 2618 tantum
2819 2565 3080 2634 synodus.
3111 2580 3296 2617 verum
3328 2564 3488 2618 etiam
3518 2561 3628 2617 Leo
3669 2562 3865 2632 pratsul

2272 2656 2579 2725 apostolicm
2608 2655 2752 2710 sedis
2774 2672 2804 2709 a
2831 2670 2939 2724 quo
2960 2656 3255 2724 approbata
3283 2664 3427 2720 sunt,
3458 2655 3650 2709 haeresi
3686 2654 3865 2708 Nato-

2274 2749 2438 2801 riana:
2458 2746 2719 2801 cohibuit.
2745 2746 2845 2819 Qui
2870 2761 2976 2800 non
3005 2746 3120 2799 sola
3143 2744 3575 2799 consideratione
3597 2746 3866 2807 veritatis,

2274 2836 2369 2891 sed
2398 2836 2561 2890 etiam
2601 2835 2952 2905 prtecedentis
2982 2834 3107 2889 facti
3138 2836 3217 2888 sui
3246 2842 3561 2903 argueretur
3587 2836 3864 2905 exemplo.

2274 2926 2405 2982 Nam
2445 2942 2567 2983 cum
2592 2927 2641 2981 ei
2681 2927 2869 2980 beatus
2908 2925 3193 2979 Flavianus
3235 2924 3867 2995 Constantinopolitanus

2274 3028 2423 3089 gesta
2452 3018 2734 3088 dirigeret,
2768 3017 2819 3070 in
2849 3016 3043 3085 quibus
3090 3015 3358 3087 Eutychos
3387 3016 3757 3087 interrogatus
3787 3033 3873 3071 re-

2275 3111 2493 3181 spondit
2519 3110 2704 3166 dicens
2733 3127 2746 3161 :
2784 3127 2802 3160 ι
2835 3108 3112 3164 Confiteor
3133 3122 3198 3163 ex
3227 3108 3431 3163 duabus
3471 3108 3683 3163 naturis
3707 3107 3875 3162 fuisse

579 3196 1021 3265 disceptationem
1050 3212 1309 3252 revocare
1340 3214 1444 3251 non
1473 3214 1660 3267 passus
1686 3209 1786 3262 est,
1811 3200 2082 3269 quomodo
2105 3202 2173 3255 ab
2202 3207 2247 3268 C
2278 3204 2561 3259 Dominum
2606 3212 2846 3257 nostrum
2893 3210 3019 3256 ante
3048 3201 3426 3254 adunationem
3447 3239 3462 3262 ,
3511 3208 3639 3269 post
3667 3202 3870 3254 aduna-

586 3288 667 3342 his
693 3287 926 3342 creditur
950 3296 1175 3355 quartus
1212 3289 1456 3343 decimus
1484 3305 1768 3344 successor
1794 3291 1910 3359 ejus
1951 3284 2170 3346 sanctus

587 3375 806 3443 Vigilius
829 3392 1027 3431 novum
1058 3392 1215 3446 posse
1241 3377 1439 3445 aliquid
1453 3378 1729 3446 judicare?
1757 3382 2050 3447 praesertim
2080 3382 2170 3437 illo

585 3465 795 3520 dicente
824 3483 838 3519 :
878 3484 897 3517 ι
930 3465 1089 3529 Nam,
1134 3466 1428 3521 secundum
1459 3467 1803 3536 Apostolutn,
1854 3470 1896 3523 si
1926 3485 2044 3538 qua:
2072 3470 2169 3525 dc-

584 3558 753 3610 struxi
782 3556 894 3611 haec
916 3555 1149 3621 tediﬁco,
1179 3558 1647 3626 praevaricatorem
1678 3576 1765 3615 me
1792 3566 2086 3630 constituo,
2119 3574 2175 3618 et

586 3646 663 3702 eis
690 3662 777 3702 me
809 3646 1069 3702 ultionum
1096 3649 1496 3705 conditionibus
1539 3650 1741 3718 subdo,
1772 3669 1907 3721 quas
1947 3671 2053 3708 non
2084 3670 2171 3710 so-

588 3739 693 3792 lum
722 3741 1014 3794 auctoritas
1032 3739 1204 3795 beata:
1224 3744 1494 3798 memoria:
1516 3746 1771 3815 principis
1792 3748 2055 3815 Martiani,
2080 3750 2173 3804 sed

588 3830 748 3884 etiam
774 3844 875 3898 ego
903 3846 1021 3885 mea
1048 3830 1362 3888 defensione
1385 3837 1405 3865 ’
1434 3836 1671 3903 firmavi;
1693 3857 1711 3888 ι
1742 3846 1797 3892 ut
1819 3850 1945 3908 pote
1965 3846 2055 3908 qui
2077 3857 2174 3895 no-

589 3928 739 3973 verat
767 3921 1082 3990 Apostolum
1128 3922 1233 3977 hoc
1259 3924 1503 3979 dixisse:
1537 3928 1648 3981 Sed
1675 3929 1793 3982 licet
1825 3946 1919 3984 nos
1948 3943 2037 3983 aut
2077 3948 2173 3986 an-

588 4009 730 4080 gelus
758 4009 823 4063 de
851 4011 977 4064 cazlo
1004 4011 1321 4080 euangelth
1350 4013 1488 4067 vobis
1518 4028 1706 4083 pra'ter
1732 4034 1886 4087 quam
1910 4024 2173 4092 evangeli-

589 4115 765 4151 zamus
808 4098 975 4162 vobis,
1024 4100 1303 4153 anathema
1352 4103 1421 4154 sit
1470 4102 1610 4173 (Gal.
1644 4120 1693 4169 ι,
1736 4106 1815 4175 8).
1860 4109 1991 4163 Nam
2021 4114 2084 4175 si,
2119 4123 2176 4167 ut

590 4188 705 4256 ipse
732 4187 753 4217 ³
782 4188 971 4241 beatus
999 4186 1110 4242 Leo
1140 4188 1567 4247 Cbalcedonensi
1608 4198 1859 4257 concilio,
1889 4209 2174 4269 postquam

589 4280 704 4349 ejus
723 4288 873 4347 gesta
900 4282 1158 4352 suscepit,
1182 4282 1459 4351 rescripsit
1484 4284 1507 4316 ⁴
1532 4285 1717 4341 dicens
1748 4306 1760 4341 :
1799 4306 1818 4340 ι
1854 4288 1921 4342 Ει
1942 4291 2176 4347 fraterna

589 4372 926 4437 universitas,
956 4381 1013 4428 et
1032 4373 1275 4428 omnium
1296 4374 1530 4429 fidelium
1551 4380 1711 4431 corda
1742 4394 2069 4447 cognoscant
2093 4400 2180 4439 me

589 4478 696 4517 non
725 4464 897 4518 solum
928 4478 1027 4533 per
1052 4461 1245 4519 fratres
1264 4466 1356 4533 qui
1376 4482 1548 4521 meam
1574 4469 1746 4523 viceni
1770 4474 2008 4526 exsecuti
2032 4483 2175 4535 sunt,

2262 3296 2477 3351 .tionem
2505 3310 2636 3349 vero
2666 3309 2826 3348 unam
2878 3302 3126 3347 naturam
3153 3290 3445 3356 confiteor;
3478 3310 3495 3340 ›
3532 3292 3742 3345 relictis
3772 3290 3868 3343 cis-

2273 3391 2396 3445 dem
2440 3391 2624 3457 gestis,
2660 3390 2798 3442 idem
2844 3386 2926 3440 vir
2962 3384 3396 3453 religiosissimus
3426 3392 3480 3438 et
3510 3383 3869 3451 prtulcr:tis~i-

2275 3497 2392 3536 nius
2411 3480 2521 3535 Leo
2546 3486 2843 3534 memorato
2864 3476 3120 3531 Flaviano
3144 3477 3216 3529 ita
3242 3475 3484 3530 rescribit
3510 3474 3711 3542 (Epist.
3745 3474 3831 3535 1‘2“:
3858 3492 3867 3521 :

2281 3590 2299 3623 ι
2337 3570 2501 3625 Miror
2530 3577 2640 3622 tam
2670 3568 2958 3622 absurdam
2989 3576 3205 3635 tamque
3240 3579 3548 3633 perversam
3582 3566 3871 3633 inmissio-

2276 3678 2422 3731 nem,
2446 3663 2587 3717 nulla
2613 3660 2965 3730 judicantium
2990 3659 3358 3727 increpatione
3380 3658 3797 3728 reprehensam,
3824 3665 3870 3707 et

2276 3764 2579 3807 sermonem
2611 3748 2770 3803 nimis
2797 3747 3137 3815 insipientem
3182 3746 3253 3799 ita
3285 3746 3573 3809 emissum,
3602 3747 3764 3813 quasi
3797 3746 3873 3796 ni-

2277 3840 2351 3894 hil
2381 3838 2695 3903 offenderet,
2719 3852 2838 3891 esse
2865 3836 3103 3889 auditum
3131 3853 3145 3888 :
3174 3851 3295 3889 cum
3320 3844 3425 3888 tam
3450 3835 3618 3904 impie
3645 3836 3873 3889 duarum

2281 3939 2594 3985 naturarum
2639 3936 2766 3981 ante
2808 3927 3189 3980 adunationem
3230 3926 3537 3994 unigenitus
3583 3926 3680 3981 Dei
3718 3928 3875 3981 Filius

2278 4020 2441 4075 fuisse
2463 4020 2694 4084 dicatur,
2726 4034 2885 4087 quam
2915 4018 3137 4083 nefarie,
3165 4028 3447 4089 postquam
3477 4014 3721 4073 Verbum
3752 4035 3876 4074 caro

2264 4113 2478 4169 factum
2509 4124 2609 4178 est,
2643 4122 2829 4166 natura
2862 4113 2913 4165 iu
2954 4122 3030 4165 'eo
3078 4112 3360 4179 singularis
3404 4112 3688 4165 asseritur.
3727 4112 3881 4178 Quod

2279 4224 2348 4263 ne
2387 4206 2654 4278 Eutychos
2683 4206 2802 4261 ideo
2834 4207 2916 4259 vel
2961 4216 3128 4271 recte,
3160 4206 3240 4259 vel
3274 4204 3656 4268 tolerabiliter,
3691 4206 3881 4259 existi-

2279 4307 2391 4352 met
2418 4298 2643 4359 dictum,
2673 4296 2800 4364 quia
2839 4296 2981 4349 nulla
3017 4304 3189 4348 vestra
3219 4304 3302 4348 est
3330 4294 3599 4347 sententia
3630 4293 3883 4348 confuta-

2284 4398 2413 4452 tum,
2440 4388 2745 4441 dilectionis
2770 4395 2872 4440 tua:
2885 4386 3212 4455 diligentiam
3225 4399 3663 4450 commonemus,
3680 4386 3887 4439 charis-

2280 4482 2416 4534 siine
2439 4479 2627 4542 frater,
2655 4489 2709 4532 ut
2735 4480 2779 4533 si
2806 4494 2901 4548 per
2928 4477 3332 4546 inspirationem
3363 4476 3767 4529 misericordia:
3800 4475 3885 4527 Dei

589 4556 684 4611 sed
711 4558 877 4658 etiam
913 4572 1010 4627 per
1045 4559 1489 4628 approbationem
1511 4572 1783 4630 gestorum
1812 4569 2175 4637 synodalium,
2206 4607 2256 4666 υ
2282 4572 2347 4625 ad
2378 4571 2801 4626 satisfactionem
2825 4585 2985 4625 causa
3009 4568 3341 4639 perducitur,
3372 4567 3757 4636 imprudentia
3792 4569 3879 4620 Ιὶθ-

590 4647 864 4717 propriam
913 4649 1067 4705 vobis
1119 4654 1544 4709 communicasse
1598 4660 1921 4711 sententiam
1976 4660 2166 4730 (Epist.

591 4736 715 4806 65);
751 4757 771 4789 ι
807 4753 907 4793 nec
928 4740 1219 4809 quidquam
1261 4742 1312 4796 in
1343 4743 1543 4798 eisdem
1573 4746 1738 4812 gestis
1766 4748 2172 4817 reprehendisse

667 4984 692 5011 ι
729 4975 943 5057 in_actis
966 4977 1154 5057 synodi
1174 4978 1623 5057 Chalcedonensis
1646 4995 1765 5051 post
1801 4984 2009 5057 legatos
2037 4989 2177 5043 sedis

594 5045 905 5119 apostolica:
934 5045 1136 5119 primus
1166 5050 1395 5119 (rejecto
1440 5045 1691 5105 nimirum
1724 5062 1777 5105 et
1805 5045 2024 5109 ex'cluso
2054 5058 2176 5110 Dio-

591 5129 750 5195 scoro
780 5116 1553 5195 Alexandrino,c_ujus__causa
1603 5122 2024 5195 disceptabatur)
2053 5143 2177 5195 per-

593 5186 1116 5266 petuo__nonii_uatur
1164 5189 1554 5266 subscribitth
1597 5186 1908 5266 Anatolius,
1951 5186 2015 5248 et'
2055 5186 2179 5266 post

592 5254 900 5334 Anatolium
942 5254 1230 5334 _M_axiu_uus_
1253 5254 1638 5334 Antioclienus.
1688 5254 1903 5333 Nempe
1919 5254 2071 5320 hunc
2088 5268 2176 5323 ille

594 5324 695 5403 sibi
719 5324 895 5377 locum
923 5324 1104 5403 deberi
1148 5328 1361 5403 volebat
1383 5344 1449 5382 ex
1477 5330 1696 5403 decreto
1722 5324 1907 5403 synodi
1947 5351 1981 5389 ιι
2009 5350 2173 5402 gene-

594 5393 760 5475 ralis,
815 5408 934 5463 qua:
985 5396 1164 5449 sedem
1218 5393 1863 5475 Constantiuopulitafiam
1922 5393 2174 5475 mimum

591 5468 894 5536 proximam
940 5474 1222 5522 statuerat.
1269 5468 1372 5522 Sed
1410 5468 1685 5524 decretum
1731 5472 1835 5526 hoc
1861 5474 2015 5528 sedes
2045 5492 2174 5546 apu-

669 5695 683 5725 ¹
716 5694 844 5749 Cod.
878 5695 1100 5757 Veron.,
1130 5697 1297 5750 adhuc
1330 5697 1624 5750 recentiori.

667 5764 688 5792 '
720 5764 857 5831 ldein
880 5766 1029 5831 cod.,
1060 5770 1410 5820 consensione.

670 5831 687 5858 ⁸
716 5829 859 5886 idem
889 5829 1035 5896 cod.,
1067 5851 1179 5888 cum
1208 5838 1336 5907 ipse,
1366 5847 1467 5893 ctc.

2284 4665 2441 4718 minis
2472 4664 2703 4733 imperiti
2727 4663 2890 4717 etiam
2921 4662 2987 4715 ab
3018 4660 3117 4714 hac
3147 4675 3333 4714 sensus
3371 4660 3452 4712 sui
3497 4667 3660 4727 peste
3693 4674 3889 4727 purge-

2284 4763 2388 4807 tur.
2428 4773 2446 4804 ι
2484 4753 2654 4806 Velim
2694 4753 2875 4821 itaque
2905 4752 3114 4815 instrui,
3142 4749 3270 4819 quid
3292 4758 3482 4803 contra
3513 4747 3893 4819 Eutycbianos

2284 4992 2472 5045 stolica
2497 5008 2601 5045 non
2633 4993 2976 5057 agnoscibat,
3002 5000 3057 5044 ut
3083 4992 3315 5046 alienum
3345 5006 3375 5043 a
3402 4993 3620 5061 synodo
3652 4993 3891 5051 Nicatna.

2283 5077 2399 5128 qua:
2428 5062 2718 5115 secundum
2752 5069 2925 5115 iocum
2956 5064 3214 5130 episcopo
3243 5061 3643 5125 Alexandrino,
3682 5065 3890 5118 tortum:

2284 5132 2624 5205 mitior-lieno
2652 5132 2913 5205 decernit.
2957 5132 3133 5205 Quare
3160 5130 3272 5185 Leo
3301 5130 3543 5205 pontifex
3571 5149 3714 5187 cum
3740 5151 3894 5205 synn-

2284 5200 2411 5271 dum
2432 5202 2921 5256 Chalcedonensetn
2951 5200 3421 5270 approbaret,'hoc
3443 5212 3620 5271 caput
3655 5200 3894 5271 excepit.

2283 5270 2586 5341 festumque
2615 5280 2670 5325 et
2697 5272 2952 5325 ambitum
2984 5272 3213 5325 Anatolii
3238 5271 3418 5325 multis
3446 5270 3523 5325 ad
3545 5270 3898 5330 Marcianum

2283 5340 2610 5407 AugustUm,
2641 5343 2707 5393 ad
2735 5342 3038 5396 Anatolium
3065 5342 3236 5410 ipsum
3266 5351 3320 5393 et
3347 5343 3413 5395 ad
3444 5340 3763 5398 Maximum
3801 5347 3896 5397 Au

2284 5412 2593 5533 ιίορὴειιιὶιιι
2622 5413 2861 5466 epistolis
2900 5412 3192 5480 redarguit.
3227 5413 3339 5476 Qua
3371 5411 3436 5465 de
3467 5425 3530 5467 re
3557 5413 3779 5469 iterum
3813 5415 3897 5467 lib.

2284 5497 2333 5533 v.
2363 5498 2483 5533 ean.
2551 5522 2563 5533 .

2284 5497 2333 5544 ν,
2363 5498 2483 5550 cap.
2512 5497 2563 5536 4.

2364 5717 2383 5738 ⁸
2411 5710 2549 5763 Ideni
2582 5714 2724 5769 cod..
2754 5716 3091 5782 rescripserit.

2363 5783 2383 5813 ⁵
2409 5782 2549 5835 Ideni
2582 5785 2721 5847 c.»d.,
2758 5786 2891 5853 quod
2923 5784 2987 5836 ibi
3021 5784 3341 5854 retegentur.
