3974 6330
167 367 263 420 581

1091 363 1228 418 PRO
1268 364 1685 421 DEFENSIONE
1725 363 1944 421 TRIUM
1984 368 2299 425 CAPITUL.
2334 370 2456 426 LIB.
2505 372 2592 427 111.

3365 377 3471 432 3⁵»εέ

164 477 433 546 possimus
456 474 679 540 referre,
715 486 834 530 cum
865 475 1102 532 dixerint
1131 496 1144 530 :
1175 477 1282 533 Cur
1331 478 1437 534 Leo
1477 487 1678 540 vester.
1715 480 1767 533 in
1801 483 1845 542 Α
1875 481 2044 543 nefas,
2074 483 2216 550 quod
2261 483 2425 548 absit,
2473 484 2752 555 reliquerit
2792 489 3132 558 impunitum.
3181 491 3467 551 Confidunt

163 566 412 620 exautine
435 573 711 631 gestorum
742 581 863 634 qua:
895 569 1038 637 apud
1059 568 1376 624 Flavianum
1406 580 1538 624 sunt
1561 571 1761 634 habita,

162 657 418 710 adversus
438 654 765 726 Eutychem,
796 657 934 712 sicut
964 660 1187 728 putatis,
1213 661 1461 730 diligens,
1493 662 1544 715 in
1567 677 1767 732 appro-

163 747 383 801 natione
407 756 685 819 gestorum
729 749 922 819 synodi
972 748 1466 820 Chalcedonensis,
1507 753 1767 808 adversus

163 823 472 894 Nestorium
503 841 784 910 negligens
825 843 1116 907 invenitur,
1143 852 1208 899 ut
1233 843 1609 901 Nestorianam
1653 846 1766 916 epi-

161 930 358 984 stolam
380 931 752 998 conlirmaret,
778 947 898 1002 quae
919 934 1116 990 ibidem
1146 937 1478 1003 continetur,
1508 939 1609 993 nisi
1641 939 1766 1007 quia

151 1023 441 1077 .-ontrario
470 1021 702 1078 Nestorii
745 1035 1156 1097 praeoccupatus
1182 1042 1388 1090 errore,
1423 1029 1650 1100 Eutychi
1681 1045 1768 1086 re-

153 1114 433 1168 sistebat?
462 1114 594 1169 Nam
620 1129 726 1184 qua
755 1116 822 1170 de
851 1132 1013 1173 causa
1057 1118 1453 1189 professionem
1482 1121 1626 1189 ejus,
1659 1137 1767 1191 qua

150 1207 178 1254 .I
200 1205 300 1257 irit
333 1222 347 1256 :
388 1202 670 1260 Conﬁteor
696 1223 762 1260 ex
792 1206 1002 1262 duabus
1032 1211 1242 1265 naturis
1284 1210 1450 1267 fuisse
1479 1212 1765 1267 Dominum

156 1309 186 1343 ιι
202 1303 414 1350 ostrum
433 1303 561 1349 ante
583 1297 987 1362 adunationem,
1007 1299 1076 1354 de
1094 1314 1199 1369 qua
1230 1301 1282 1355 in
1299 1301 1505 1370 judicio
1525 1302 1767 1359 Flaviani

161 1399 274 1437 non
301 1383 480 1439 fuerat
505 1395 807 1451 accusatus,
840 1389 1128 1448 absurdam
1159 1402 1316 1447 vocat
1355 1402 1518 1462 atque
1551 1411 1770 1463 perver-

159 1487 311 1537 sam,
358 1474 587 1544 culpatis
613 1475 760 1545 quod
799 1478 947 1532 nulla
992 1479 1346 1547 judicantium
1399 1485 1769 1556 increpatione

165 1564 501 1631 reprehensa
531 1564 711 1630 fuerit,
745 1582 864 1636 qua:
904 1569 1002 1638 ipsi
1045 1571 1201 1626 nimis
1225 1573 1482 1643 insipiens
1513 1584 1567 1630 et
1604 1575 1767 1645 impia

164 1655 496 1709 videbatur:
537 1655 911 1714 Nestorianam
945 1677 1076 1717 vero
1105 1665 1411 1733 epistolam,
1445 1667 1511 1721 ad
1555 1669 1768 1724 concilii

161 1744 629 1802 Chalcedonensis
668 1762 896 1804 examen
935 1753 1003 1805 ab
1044 1757 1450 1812 accusatoribus
1478 1757 1582 1813 Iba:
1616 1760 1768 1815 dela-

1860 571 2142 638 equidem,
2194 589 2301 627 non
2349 573 2486 627 bene
2531 575 2830 632 sentientes
2857 578 2924 632 de
2972 581 3281 638 obedientia
3307 600 3466 654 quam

1871 658 2088 714 Christo
2128 662 2365 726 debetis,
2413 672 2468 717 et
2514 662 2806 720 devotione
2843 683 3006 735 quam
3053 671 3322 728 cxbibetis
3353 677 3468 741 cjtls

1869 750 2144 816 Ecclesiis,
2170 754 2311 821 quod
2342 763 2530 810 contra
2559 755 2796 825 vigorem
2824 773 2887 813 ac
2903 758 3166 827 justitiam
3196 778 3468 820 canonum

1871 843 2089 899 defendi
2134 856 2354 915 queant.
2409 847 2604 902 Verum
2633 851 2853 919 expedit
2892 852 2996 907 illis
3023 863 3266 910 metuere
3294 859 3471 925 potius

1872 952 1944 992 ne
1960 936 2184 992 forsitan
2207 940 2577 1009 experiantur,
2602 940 2830 997 Domino
2843 954 3067 1012 regente
3091 963 3186 1002 cor
3210 960 3469 1018 vestrum,

1870 1031 2017 1101 quod
2049 1047 2152 1085 non
2197 1033 2248 1085 iu
2295 1034 2693 1102 patrocinium,
2743 1037 2840 1091 sed
2886 1038 2941 1093 in
2987 1040 3243 1096 ultionem
3293 1047 3472 1114 potius

1872 1123 2354 1191 transgressionum
2401 1134 2721 1194 potestatem
2764 1128 2996 1200 desuper
3029 1131 3291 1190 habeatis.
3321 1136 3474 1191 Dest-

1875 1222 2006 1266 nant
2033 1213 2213 1281 itaque
2243 1224 2593 1271 tcmeratores
2622 1226 2858 1287 paternze
2883 1224 3163 1277 sententiae
3203 1225 3256 1279 in
3289 1226 3474 1283 nescio

1875 1318 1984 1371 quo
2011 1304 2146 1358 asilo
2176 1306 2470 1370 conlidere,
2503 1309 2646 1377 quod
2676 1309 2756 1365 eis
2781 1326 2888 1365 non
2921 1311 3182 1369 Romulus
3206 1315 3469 1374 Christia-

1873 1412 1996 1458 nus,
2043 1397 2195 1466 cujus
2221 1398 2310 1458 ille
2339 1397 2479 1453 Deus
2507 1407 2589 1454 est
2618 1410 2790 1470 pater,
2819 1403 2910 1471 qui
2941 1405 3202 1460 veraciter
3227 1407 3460 1464 dicitur:

1875 1486 2133 1542 Dominus
2163 1490 2315 1558 fortis
2361 1500 2410 1543 et
2457 1501 2662 1560 potens,
2709 1492 2963 1550 Dominus
3010 1508 3190 1567 potens
3237 1502 3290 1555 in
3335 1503 3471 1558 bello

1875 1578 2048 1649 (Paal.
2083 1595 2233 1644 χχιιι,
2266 1580 2343 1650 8),
2393 1582 2490 1637 sed
2532 1583 2704 1639 inanis
2743 1600 2839 1640 sua
2886 1589 3120 1658 suspicio
3169 1590 3469 1650 fabricavit.

1875 1669 1987 1725 Nec
2017 1670 2069 1726 in
2111 1672 2202 1726 tali
2250 1671 2395 1728 facto
2425 1674 2493 1730 de
2529 1683 2706 1730 vestra
2736 1681 3094 1735 consensione
3124 1696 3468 1752 prmsmnant,

1876 1761 2132 1829 quoniam
2161 1762 2314 1818 vobis
2341 1764 2656 1834 subreptum
2685 1775 2787 1831 est,
2819 1768 2873 1822 in
2897 1769 3140 1838 plurimis
3161 1773 3468 1842 reipublicae

166 1847 302 1895 tam,
341 1834 522 1904 ibique
546 1837 824 1904 reiectam,
855 1841 1165 1898 damnatam
1195 1862 1301 1902 non
1331 1848 1496 1906 fuisse
1513 1850 1768 1907 dissimu-
1802 1856 1846 1916 B
1873 1850 2316 1920 dispositionibus
2342 1854 2644 1924 occupatis,
2677 1862 2734 1909 ut
2759 1834 3140 1915 consentiretis
3167 1834 3270 1916 hoc
3313 1862 3426 1918 fieri
3453 1882 3466 1916 :

167 1928 263 1986 lat,
299 1939 462 1994 quam
493 1940 635 1982 nunc
663 1931 1184 1991 anathematizantes
1209 1939 1768 1998 anathematizaudam

154 2013 278 2070 illic
307 2013 474 2074 fuisse
504 2019 787 2077 fatemini?
818 2023 952 2080 Nam
985 2027 1068 2082 vel
1097 2029 1163 2089 si,
1188 2033 1638 2099 quemadmodum
1668 2035 1771 2091 im-

161 2105 468 2173 prudenter
495 2111 750 2177 uegastis,
785 2113 1091 2170 orthodoxa
1126 2121 1467 2186 pronuntiata
1497 2139 1604 2179 non
1626 2132 1772 2181 esset

159 2194 236 2248 ab
264 2195 639 2261 ilio.concilio.
671 2201 915 2259 damnari
946 2215 1124 2263 tamen
1153 2209 1355 2274 debuit,
1391 2228 1458 2267 ne
1487 2215 1766 2272 videretur

157 2285 545 2352 ignorantibus
583 2295 903 2362 approbata.
947 2295 1081 2352 Cum
1131 2300 1292 2368 igitur
1339 2305 1633 2361 secundum
1674 2307 1773 2364 has

160 2373 452 2432 evidentes
478 2386 535 2432 et
563 2379 1166 2444 inevitabiles’rationes
1194 2392 1554 2450 damnationis
1581 2397 1772 2468 'hujus

163 2463 421 2532 epistolae
463 2474 668 2524 tantum
701 2472 845 2528 beati
875 2490 1092 2546 quoque
1121 2478 1318 2537 Leonis
1343 2484 1546 2540 crimen
1580 2463 1772 2545 neces-

171 2553 324 2608 sario
345 2566 726 2627 consequatur,
749 2564 876 2632 quid
904 2566 974 2621 ab
995 2567 1113 2622 istis
1133 2570 1201 2624 de
1219 2571 1418 2638 judicio
1441 2580 1772 2636 successoris

175 2642 300 2710 ejus
327 2657 676 2739 exspectetur
704 2651 926 2722 ignoro,
950 2657 1074 2725 nisi,
1104 2661 1247 2728 quod
1277 2662 1476 2719 dictum
1507 2668 1526 2698 ’
1555 2682 1772 2739 quoque

175 2735 363 2827 magni
384 2738 588 2827 erroris
614 2750 716 2807 est,
759 2753 814 2796 et
856 2745 1000 2813 quod
1029 2763 1302 2819 nunquam
1329 2768 1551 2822 sperare
1575 2735 1780 2827 potue-

164 2833 298 2918 runt
326 2823 592 2910 haeretici,
633 2839 694 2884 ut
732 2845 854 2886 cum
899 2849 1092 2904 magna
1131 2847 1187 2893 et
1231 2843 1522 2915 universali
1570 2823 1776 2918 synodo

164 2909 604 2972 Chalcedonensi
648 2919 786 2975 idem
829 2924 1246 2992 gloriosissimus
1290 2943 1482 2989 auctor
1500 2909 1664 3008 atque
1689 2938 1779 2994 de-

166 3005 359 3060 fensor
384 3006 505 3076 ejus
533 3006 645 3065 Leo
674 3011 1041 3072 damnaretur.
1073 3018 1184 3074 Sed
1210 3033 1409 3089 quanta
1437 3005 1781 3085 animadver-

164 3098 330 3154 sione
369 3099 442 3152 sit
483 3099 702 3169 dignum
731 3107 876 3175 quod
907 3108 1012 3164 hoc
1041 3127 1146 3166 non
1186 3108 1400 3171 tentare
1426 3127 1654 3185 tantum,
1685 3137 1779 3178 ve-

1875 1955 1997 1997 cum
2024 1943 2193 1998 multo
2221 1943 2450 2013 amplius
2479 1944 2604 2000 inde
2627 1961 2845 2016 quoque
2870 1949 3138 2017 plectendi
3167 1953 3294 2014 sint,
3326 1953 3476 2022 quod

1876 2033 2124 2089 volentes
2145 2033 2362 2104 objectu
2390 2045 2584 2092 vestrm
2614 2053 2861 2107 personae
2890 2040 3203 2110 impunitam
3233 2059 3354 2099 esse
3381 2060 3461 2100 co
3535 2092 3543 2098 .

1879 2125 2176 2180 hibentiam
2203 2141 2366 2196 quam
2392 2127 2739 2198 praebuerunt
2766 2129 3052 2197 haereticis,
3083 2147 3190 2187 non
3221 2134 3469 2203 permise-

1880 2224 2009 2270 runt
2053 2215 2312 2272 insinuari
2349 2218 2504 2273 vobis
2531 2217 2751 2274 Patrum
2784 2219 3017 2278 decretis
3043 2237 3164 2278 esse
3203 2225 3474 2280 contraria

1873 2319 1995 2375 quas
2033 2304 2262 2372 fiebant;
2318 2314 2377 2361 ut
2417 2322 2485 2363 eo
2514 2307 2696 2372 tuodo,
2744 2324 2841 2376 per
2883 2311 3261 2366 auctoritatem
3288 2321 3474 2367 vestrae

1874 2397 2270 2465 consensionis,
2287 2395 2448 2452 etiam
2469 2397 2668 2455 multos
2686 2400 2788 2454 sibi
2812 2401 3061 2456 conscios
3079 2413 3432 2472 aggregarent
3457 2422 3469 2456 :

1875 2496 1932 2541 et
1955 2488 2110 2555 quasi
2138 2487 2533 2542 multitudinem
2575 2499 2896 2557 sequeretur
2936 2492 3247 2562 impunitas,
3276 2509 3472 2548 secun-

1875 2577 2002 2633 dum
2029 2577 2176 2646 quod
2195 2577 2366 2633 visum
2395 2586 2481 2632 est
2508 2578 2725 2634 cuidam
2754 2580 2954 2648 dicere,
2989 2583 3248 2653 quidquid
3290 2585 3472 2639 multis

1875 2679 2136 2739 peccatur
2165 2669 2394 2724 inultum
2437 2678 2553 2734 est,
2583 2670 2763 2727 minus
2811 2673 3154 2730 attendentes
3185 2677 3330 2744 quod
3373 2692 3471 2731 nec

1877 2760 2061 2815 divino
2081 2759 2288 2826 judicio
2315 2761 2482 2830 possit
2508 2762 2854 2829 peccantium
2883 2765 3174 2820 multitudo
3197 2768 3469 2833 resistere,

1879 2864 1983 2906 nec
2021 2851 2259 2905 humano
2302 2864 2402 2920 per
2444 2850 2845 2907 multitudinem
2888 2854 3110 2911 illudere
3159 2859 3474 2914 temeritatis

1880 2948 2152 2998 auctores.
2187 2940 2320 2996 Nam
2366 2939 2550 2997 futuro
2587 2943 2822 2997 examini
2861 2943 2957 3000 Dei
2992 2945 3198 3001 relictis
3241 2947 3318 3001 eis
3357 2950 3468 3018 qui.

1880 3031 1966 3086 vel
2007 3031 2240 3086 factione
2288 3030 2504 3086 illorum
2541 3030 2776 3101 inducti,
2805 3033 2894 3089 vel
2918 3037 3270 3105 oppressione
3298 3041 3471 3093 COilt'll

1875 3134 2028 3192 sunt,
2060 3125 2299 3180 debitam
2333 3124 2659 3180 sententiam
2689 3125 2850 3180 iidem
2879 3126 3088 3182 factiosi
3118 3139 3471 3199 praesumpta.

168 3202 292 3288 rum
321 3189 587 3291 etiamde
613 3208 930 3253 successore
973 3199 1091 3269 ejus
1119 3205 1235 3258 ausi
1273 3215 1398 3261 sunt
1434 3222 1769 3281 exspectare,
1801 3216 1848 3279 C
1878 3233 1966 3272 res
1993 3189 2294 3286 excipient,
2327 3224 2478 3272 tanto
2519 3215 2859 3285 graviorem,
2904 3227 3108 3288 quanto
3147 3220 3473 3291 pluriuribus

168 3277 343 3346 ipsius
371 3279 791 3338 considerationi
837 3285 1182 3358 dimittimus,
1233 3310 1394 3364 quem
1448 3277 1613 3356 latere
1662 3277 1768 3358 non

173 3375 371 3436 potest,
403 3382 566 3436 quam
605 3373 841 3441 graviter
866 3377 1168 3437 offendatur
1195 3383 1461 3452 Ecclesia,
1489 3391 1531 3446 si
1564 3401 1767 3449 tantum

248 3548 264 3580 ⁸
287 3545 430 3605 Cod.
464 3549 688 3616 Verum,
717 3554 1119 3616 damnationem.

1875 3312 2179 3368 obfuerunt.

1949 3577 1970 3606 ³
1999 3573 2142 3629 ldum
2172 3573 2318 3634 cod.,
2344 3571 2502 3626 dictu.

182 3694 3458 3739 —___..______.________________________________

1332 3813 1677 3898 LIBER
1735 3816 2274 3900 TERTIUS.

709 4065 939 4122 CAPUT
963 4068 1251 4126 PRIMUM.

180 4179 276 4246 οιισ
295 4146 624 4260 (Theodori
641 4181 1216 4260 ΔΜοικιιωιιθηὶρει-ἔρια
1243 4203 1357 4240 cum
1385 4188 1647 4250 denotant,
1689 4207 1773 4260 sy-

246 4255 374 4330 nodi
426 4251 857 4330 Chalcedonensis
907 4267 953 4308 et
1004 4251 1188 4309 Leonis
1230 4275 1379 4327 pupa:
1398 4261 1658 4330 judicium
1690 4251 1773 4314 re-

243 4324 586 4388 prehendunt.

247 4435 431 4504 Exigit
457 4450 487 4488 a
528 4436 684 4491 nobis
711 4437 892 4507 operis
923 4453 1053 4493 cura
1098 4443 1331 4510 suscepti
1361 4450 1420 4496 ut
1444 4443 1587 4512 quod
1610 4459 1776 4513 supe-

179 4527 326 4582 riore
355 4526 498 4581 libro
513 4526 886 4584 demonstrare
899 4530 1181 4600 coepimus,
1216 4531 1268 4585 in
1287 4532 1390 4585 isto
1407 4534 1778 4603 multipliciter

179 4617 536 4672 ostendamus
556 4659 570 4679 ,
603 4620 858 4686 quoniam
886 4619 1258 4677 haereticorum
1293 4625 1582 4692 complices
1605 4624 1782 4679 Theo-

179 4707 375 4762 dorum
391 4722 609 4776 quoque
633 4707 1071 4778 Mopsuestenum
1095 4713 1426 4782 episcopum,
1453 4714 1503 4766 iu
1528 4711 1780 4768 Ecclesiae

181 4813 324 4866 pace
349 4796 659 4853 defunctum
692 4808 748 4854 et
775 4817 804 4853 a
835 4801 1035 4856 sanctis
1065 4800 1328 4867 Palribus,
1364 4803 1630 4872 sicutjam
1663 4819 1779 4858 me-

183 4887 550 4952 moravimus,
591 4888 970 4958 praedicatum,
1013 4892 1065 4943 in
1105 4891 1528 4946 destructionem
1573 4907 1780 4961 magna:

179 4979 383 5053 synodi
413 4964 869 5035 Chalcedonensis
897 4992 1057 5051 atque
1081 4983 1444 5038 institutorum
1470 4985 1611 5037 beati
1645 4983 1782 5040 Leo-

181 5071 291 5137 nis,
341 5069 674 5124 anathemati
721 5069 1090 5124 subdiderunt.
1131 5069 1198 5123 Et
1237 5073 1392 5140 quia,
1447 5080 1505 5124 ut
1546 5073 1597 5126 in
1627 5088 1780 5126 suum

183 5169 516 5214 consensum
564 5161 710 5215 leves
761 5161 925 5216 corde
972 5171 1195 5232 possent
1244 5162 1548 5228 adducere,
1599 5163 1781 5219 dicunt

185 5257 408 5306 beatum
465 5253 720 5324 Cyrillum
770 5237 950 5324 aliqua
1000 5255 1238 5324 ejusdem
1279 5253 1546 5310 Theodori
1583 5255 1782 5324 scripta

187 5344 464 5413 culpasse,
488 5345 593 5401 hoc
608 5359 823 5415 quoque
850 5347 1160 5416 probemus,
1179 5347 1322 5416 quod
1357 5347 1564 5402 etiamsi
1594 5363 1780 5402 verum

185 5437 252 5487 sit
277 5473 297 5498 ,
348 5442 539 5489 contra
568 5434 685 5504 ejus
713 5437 1040 5490 sententiam
1069 5437 1314 5498 fecerint,
1349 5437 1502 5504 cujus
1529 5437 1781 5506 exemplo

188 5526 664 5594 pnnsumptionem
693 5541 844 5581 suam
863 5526 1095 5581 inaniter
1120 5540 1377 5581 excusare
1402 5534 1686 5580 conantur.
1713 5525 1784 5580 Ut

187 5614 644 5684 quemadmodum
659 5615 937 5695 evidenter
957 5623 1321 5686 apparuerunt
1343 5615 1491 5689 quod
1521 5614 1787 5671 fallaciter

256 5825 273 5841 ‘
314 5815 451 5873 Cod.
481 5817 702 5883 Veram,
731 5817 998 5872 indicium.

1875 4091 1936 4132 se
1961 4075 2326 4144 jactaverunt,
2359 4072 2430 4127 ob
2460 4072 2773 4141 injuriarum
2803 4068 2922 4142 ejus
2958 4073 3237 4146 datorem,
3265 4077 3471 4147 episto-

1875 4167 1984 4220 lam
2009 4162 2344 4221 venerabilis
2381 4163 2485 4218 lbae
2531 4163 2836 4230 damnasse,
2888 4164 2964 4221 ita
3013 4181 3113 4222 suo
3160 4168 3474 4224 testimonio

1877 4256 2270 4311 convincantur
2292 4298 2306 4321 ,
2338 4263 2392 4308 et
2415 4255 2466 4308 in
2497 4253 2899 4309 damnationem
2931 4254 3200 4311 Theodori
3227 4267 3346 4326 ejus
3374 4259 3473 4313 im~

1878 4362 2142 4418 pugnasse
2159 4345 2441 4415 judicium.
2465 4343 2562 4399 Ubi
2585 4355 2765 4399 autem
2787 4345 3071 4403 docuimus
3091 4349 3346 4417 quoniam
3390 4352 3475 4405 vel

1880 4438 1936 4492 εἰ·
1955 4437 2202 4494 eamdem
2248 4434 2532 4505 epistolam
2587 4433 2826 4506 synodus
2866 4434 3321 4490 Chalcedonensis
3367 4453 3474 4489 non

1881 4529 2259 4598 pronuntiaret
2297 4525 2661 4582 orthodoxam
2685 4565 2700 4590 ,
2731 4525 3077 4580 nihilominus
3115 4525 3167 4582 in
3208 4526 3326 4595 ejus
3351 4543 3473 4581 eva-

1883 4619 2192 4674 cuationcm
2235 4632 2334 4687 pro
2362 4615 2522 4671 laude
2553 4614 2820 4670 Theodori
2852 4617 3237 4679 damnaretur,
3272 4617 3341 4670 ibi
3373 4619 3473 4670 uti-

1884 4727 1991 4780 que
2033 4711 2190 4764 simul
2224 4719 2502 4765 ostensum
2533 4717 2616 4762 est
2656 4707 2830 4776 ipsum
2873 4720 3092 4774 quoque
3128 4706 3474 4763 Theodorum

1885 4811 2170 4872 propterea
2217 4801 2380 4855 fuisse
2420 4799 2752 4855 damnatum.
2797 4795 2952 4852 Unde
2992 4808 3047 4851 et
3085 4797 3216 4853 illud
3259 4815 3475 4868 quoque

1887 4909 2108 4949 necesse
2135 4901 2220 4948 est
2245 4893 2420 4963 sequi,
2449 4889 2591 4960 quod
2607 4890 2769 4944 etiam
2799 4889 2868 4944 de
2892 4888 3199 4958 supradicta
3249 4891 3476 4961 epistola

1887 4983 2212 5038 venerabilis
2241 4981 2346 5037 lbze
2383 4981 2494 5051 jam
2517 4979 2778 5044 diximus,
2811 4979 3066 5048 quoniam
3098 4979 3144 5034 si
3174 4978 3384 5035 dicatur
3405 4981 3478 5034 'ad

1885 5074 2168 5128 veritatem
2199 5081 2363 5142 atque
2392 5072 2654 5140 judicium
2682 5073 2696 5102 ¹
2741 5070 3022 5126 catholicae
3053 5069 3176 5126 fidei
3207 5073 3478 5141 pertinere

1885 5165 2029 5234 quod
2049 5171 2352 5220 statuerunt
2379 5164 2496 5232 isti,
2530 5163 2771 5218 dicentes
2797 5181 2810 5215 :
2841 5181 2858 5214 ι
2895 5161 2953 5216 Si
2983 5162 3101 5230 quis
3119 5178 3226 5217 non
3257 5163 3480 5217 anathe-

1885 5255 2104 5308 matizat
2132 5254 2475 5310 Theodorum
2531 5253 2912 5323 Mopsuestia},
2954 5262 3010 5308 et
3052 5253 3170 5322 ejus
3200 5253 3478 5322 dogmata,

1884 5358 2085 5413 eosque
2103 5345 2195 5414 qui
2223 5353 2314 5399 aut
2335 5344 2526 5400 similia
2559 5344 2607 5400 ei
2639 5352 2956 5414 sapuerunt,
2987 5352 3081 5398 aut
3101 5344 3339 5412 sapiunt,
3357 5357 3477 5396 επιει-

1885 5438 2164 5503 themasit,
2206 5458 2224 5491 ι
2259 5439 2348 5492 illa
2375 5437 2611 5508 synodus
2639 5435 2910 5491 catholica
2954 5450 3060 5489 non
3088 5434 3252 5488 fuisse
3290 5432 3473 5486 ﬁrma-

1887 5527 2050 5595 bitur,
2080 5544 2200 5599 qua:
2231 5544 2337 5584 non
2358 5529 2508 5582 illum
2527 5527 2832 5593 damnavit,
2862 5540 2982 5580 cum
3013 5540 3080 5580 ex
3110 5521 3338 5592 epistola
3361 5535 3474 5574 me.

1891 5627 2102 5675 morata
2122 5619 2340 5677 recitari
2373 5617 2559 5673 laudes
2583 5616 2894 5686 dogmatum
2909 5613 3024 5682 ejus
3043 5610 3478 5668 audiret.Verum
