3974 6330
574 342 685 399 535

1643 346 1936 404 FACUN‘DI
1983 349 2196 405 EI’ISC.
2236 349 2275 441 I.I
2288 350 2745 406 ERMIANENSIS

3763 350 3867 403 58$

573 477 673 515 nec
703 463 811 517 Leo
888 476 1115 518 omanus
1158 470 1384 517 antistes
1412 463 1617 517 carebit
1648 464 1751 519 hoc
1775 466 2039 519 crimine:
2072 468 2162 534 qui
2195 475 2235 526 Λ
2267 468 2623 520 orthodoxam
2656 466 2919 535 synodum
2961 465 3169 529 facere,
3206 465 3572 535 cujuscunque
3601 477 3741 519 esset
3776 468 3863 521 illa

568 568 693 604 rum
735 561 884 621 gesta
939 555 1203 622 pnedicta:
1232 555 1426 625 synodi
1467 570 1527 609 se
1564 555 1770 610 diceret
1806 559 2160 628 approbasse,

568 658 679 696 non
710 644 885 711 arguit
932 644 1077 712 quod
1120 644 1192 698 ibi
1225 644 1496 701 Theodori
1539 646 1724 701 laudes
1764 663 1869 701 non
1901 649 2166 702 invenerit

565 731 921 803 improbatas.
955 734 1070 790 Hoc
1099 746 1279 791 autem
1302 779 1317 805 ,
1347 740 1651 807 ubicunque
1680 740 1748 793 de
1781 740 1945 809 ipsius
1973 741 2162 812 synodi

568 824 992 893 reprehensione
1015 830 1416 895 conquerimur,
1442 838 1661 898 oportet
1691 823 1991 896 advertere,
2024 847 2162 898 quo-

568 916 712 981 niam
739 931 848 970 non
877 918 994 971 sine
1025 918 1281 987 praedicto
1312 919 1471 973 beato
1515 919 1697 975 Leone
1726 922 1994 990 culpatur.
2026 920 2163 987 Quid

572 1008 731 1059 etiam
764 1006 931 1071 illud,
966 1009 1112 1076 quod
1142 1009 1209 1063 de
1239 1010 1399 1063 modo
1428 1010 1598 1078 ipsius
1626 1008 1775 1074 facti,
1798 1025 1906 1079 quo
1936 1010 2162 1079 epistola

575 1097 665 1149 illa
689 1099 943 1153 damnata
975 1110 1076 1165 est,
1109 1102 1453 1171 prudentium
1486 1103 1681 1156 rationi
1712 1103 2160 1159 considerandum

572 1190 970 1257 proposuimus,
998 1206 1176 1245 nonne
1206 1193 1256 1246 in
1280 1193 1963 1263 condemnationequoque
1986 1193 2164 1248 Theo-

570 1278 691 1332 dori
715 1280 877 1333 debet
905 1282 1141 1345 attendi,
1191 1285 1447 1351 quoniam
1480 1300 1579 1339 nec
1603 1285 1860 1339 adversus
1887 1301 2007 1338 cum
2030 1325 2045 1349 ,
2075 1286 2162 1339 vel

570 1372 612 1423 si
643 1371 886 1425 adhucin
914 1389 1148 1443 corpore
1161 1375 1404 1444 degeret,
1433 1387 1486 1430 et
1510 1378 1796 1432 haereticus
1818 1379 2158 1448 probaretur,

569 1464 695 1516 olim
740 1462 1061 1519 Nestoriauo
1110 1482 1295 1521 errore
1325 1468 1581 1522 damnato
1611 1508 1624 1532 ,
1658 1468 1709 1521 in
1760 1485 1867 1538 quo
1902 1484 2161 1537 pneoccu-

569 1568 724 1627 palus
780 1557 940 1613 fuisse
980 1560 1211 1624 dicitur,
1266 1569 1374 1614 tam
1427 1563 1717 1615 multorum
1780 1563 2159 1631 episcoporum

568 1659 685 1706 erat
714 1654 729 1683 ¹
757 1653 920 1720 qnmri
957 1654 1302 1717 sententiam,
1335 1669 1454 1722 qua:
1486 1670 1757 1722 nunquam
1790 1671 1888 1723 pro
1920 1664 2157 1708 veterum

568 1745 939 1800 lizereticorum
971 1746 1321 1800 damnatione
1344 1787 1357 1811 ,
1404 1747 1500 1802 sed
1529 1746 1818 1815 aliquando
1868 1761 1967 1815 pro
1996 1761 2160 1800 novo-

2266 558 2533 626 epistola.
2567 573 2687 626 quze
2728 556 2831 610 Iba:
2862 566 3114 625 tanquam
3148 572 3244 610 sua
3274 565 3392 610 erat
3418 555 3651 624 objecta,
3686 565 3762 622 ut,
3794 566 3860 609 ad

2266 647 2658 703 removendam
2687 650 2903 718 penitus
2933 648 3293 716 suspicionem
3318 688 3333 713 ,
3363 656 3584 716 cogeret
3613 648 3861 701 eumde

2266 740 2411 793 Ibam
2445 739 2749 794 Nestorium
2786 741 3266 807 anathematizare,
3297 740 3451 807 cujus
3477 740 3529 793 in
3559 756 3627 795 eo
3657 740 3678 770 ⁸
3708 756 3860 794 men-

2269 830 2342 883 tio
2389 829 2529 884 facta
2595 840 2693 884 est.
2749 830 3032 896 Quomodo
3105 831 3266 899 igitur
3316 830 3572 899 prmdicta
3624 831 3861 899 synodus

2265 918 2741 983 Chalcedonensis,
2774 922 2819 974 si
2862 936 2987 975 vere
3017 921 3320 975 orthodoxa
3370 920 3567 985 fuerat,
3598 931 3859 989 expetens

2265 1011 2409 1064 Ibam
2458 1012 2920 1064 anathematizare
2967 1010 3295 1074 Nestorium,
3354 1019 3408 1064 et
3456 1010 3573 1078 ejus
3606 1012 3855 1077 dogmati

2265 1116 2384 1170 qua}
2416 1118 2520 1156 non
2552 1101 2893 1165 laudaverat,
2919 1118 3025 1155 non
3056 1101 3316 1171 expetivit
3349 1110 3402 1153 ut
3424 1101 3655 1154 maxime
3679 1099 3859 1152 Theo-

2264 1193 2455 1246 dormn
2486 1193 2503 1221 ⁵
2526 1192 3040 1257 anathematizaret;
3072 1208 3229 1261 quem
3260 1189 3507 1245 audierat
3534 1191 3672 1260 apud
3701 1206 3761 1245 se
3790 1206 3855 1243 ex

2267 1294 2563 1339 memorata
2594 1285 2823 1354 epistola
2869 1285 3082 1339 recitari
3128 1285 3343 1338 beatum
3376 1299 3679 1352 praeconem
3710 1283 3854 1335 veri-

2268 1377 2390 1431 tatis
2420 1419 2435 1443 ,
2467 1386 2519 1431 et
2559 1376 2837 1431 doctorem
2868 1375 3118 1431 Ecclesia:
3142 1418 3155 1440 ,
3189 1384 3243 1430 et
3271 1376 3323 1430 in
3354 1390 3450 1431 sua
3478 1378 3583 1429 vita
3610 1376 3851 1445 colaphi-

2265 1484 2415 1524 zasse
2437 1470 2725 1524 barreticos
2743 1484 2839 1539 per
2865 1470 3151 1523 veritatem
3173 1484 3284 1522 sua:
3311 1466 3455 1534 ﬁdei,
3479 1477 3533 1521 et
3565 1477 3685 1537 post
3704 1484 3851 1520 mor-

2267 1565 2373 1611 tem
2403 1558 2664 1626 spiritalia
2694 1573 2842 1612 arma
2868 1558 2920 1611 in
2948 1557 3101 1613 libris
3129 1558 3365 1626 propriis
3397 1556 3651 1611 Ecclesiis
3682 1559 3700 1586 ³
3736 1558 3850 1610 τυιίε

2266 1652 2484 1719 quisse?
2513 1649 2594 1704 An
2618 1649 2956 1714 Theodorus,
2989 1650 3055 1704 de
3083 1649 3235 1718 cujus
3262 1649 3605 1718 blasphemiis
3645 1648 3849 1702 dixistis

2263 1741 2408 1808 quod
2431 1740 2632 1797 diaboli
2648 1740 3413 1809 lransgredianturinsaniam,
3442 1748 3658 1809 propter
3674 1740 3849 1792 zelum

568 1852 683 1889 rum
714 1836 1023 1891 exclusione
1064 1836 1162 1889 fuit
1206 1838 1508 1891 necessaria
1536 1878 1551 1903 ,
1591 1838 1635 1891 si
1679 1847 1852 1891 tamen
1896 1837 2157 1891 admoniti
2196 1863 2237 1921 Β
2269 1832 2381 1899 Dei,
2403 1834 2544 1887 sicut
2576 1836 2595 1864 "
2616 1835 2873 1903 scriptum
2899 1842 3002 1899 est,
3036 1850 3141 1887 non
3162 1833 3336 1889 solum
3368 1834 3639 1903 propriam
3670 1833 3848 1886 civita-

566 1935 744 1980 errata
777 1926 1049 1994 corrigere
1079 1927 1492 1996 despexissent?
1522 1926 1646 1982 ldeo
1672 1943 1803 1981 vero
1834 1942 1974 1981 nunc
2001 1942 2148 1995 quaa-

562 2016 769 2069 sierunt
816 2016 1193 2071 hrereticorum
1226 2015 1465 2071 fautores
1504 2018 1571 2070 ab
1602 2018 1892 2071 universali
1917 2016 2153 2071 Ecclesia

564 2108 875 2175 magistrum
906 2107 1138 2161 Nestorii
1172 2109 1507 2177 pronuntiari
1540 2108 1919 2173 Theodorum;
1946 2119 2003 2163 ut
2030 2110 2154 2179 quia

564 2196 718 2251 facile
740 2206 1042 2251 monstrare
1072 2208 1319 2267 possunt,
1356 2215 1462 2253 non
1490 2200 1665 2255 solum
1689 2200 1969 2271 epistolam
1993 2215 2157 2254 vene-

562 2288 745 2343 rabilis
771 2288 893 2350 llue,
925 2289 1110 2343 laudes
1137 2290 1251 2358 ejus
1272 2291 1664 2356 continentem,
1694 2307 1724 2345 a
1752 2291 1984 2363 synodo,
2011 2291 2155 2360 quod

562 2378 692 2435 false
716 2389 967 2449 negatum
998 2390 1080 2434 est
1106 2382 1459 2452 approbatam
1482 2423 1497 2448 ,
1528 2370 1717 2436 vei'um
1747 2383 1913 2436 etiam
1941 2383 2155 2451 sapien-

561 2472 751 2526 tissimi
774 2472 997 2526 Joannis
1030 2471 1375 2539 Autiocheni,
1409 2482 1463 2529 et
1486 2471 1777 2527 Orientalis
1811 2475 2026 2527 concilii
2062 2475 2153 2527 lit-

564 2572 711 2618 teras
734 2604 749 2628 ,
780 2566 845 2618 ad
876 2566 1093 2619 beatum
1127 2563 1374 2618 Proclum
1416 2575 1471 2618 et
1498 2565 1880 2634 imperatorem
1903 2563 2155 2619 Theodo-

560 2657 698 2711 sium
726 2656 901 2723 datas,
926 2658 978 2710 in
996 2657 1190 2725 quibus
1213 2656 1351 2709 idem
1377 2656 1696 2710 Theodorus
1725 2656 1895 2708 multo
1925 2656 2154 2725 amplius

559 2755 645 2800 est
694 2746 957 2811 laudatus,
1017 2747 1179 2799 etiam
1234 2760 1332 2815 per
1385 2747 1488 2800 hoc
1528 2745 1841 2814 praedictam
1886 2744 2151 2814 synodum

558 2837 928 2893 Nestorianam
959 2851 1079 2891 esse
1111 2835 1402 2890 firmarent.
1446 2836 1576 2890 Nam
1609 2836 1778 2905 etipsa
1800 2835 2152 2904 subscriptio-

559 2928 643 2985 nis
681 2929 910 2984 formula
949 2943 1068 2998 quzc
1097 2928 1220 2983 data
1264 2937 1345 2983 est
1390 2930 1443 2981 iu
1477 2928 1986 2984 condemnationem
2015 2926 2153 2995 ejus-

558 3020 684 3075 dem
714 3018 1027 3086 Theodori,
1058 3034 1164 3073 non
1212 3017 1357 3072 aliud
1400 3017 1613 3072 videtur
1661 3016 1967 3081 ostendere,
2025 3031 2149 3071 cum

555 3114 753 3168 dictum
801 3120 928 3166 est:
972 3130 990 3162 ι
1027 3110 1082 3166 Si
1128 3110 1248 3182 quis
1290 3125 1396 3165 non
1442 3108 1859 3164 anathematizat
1898 3107 2149 3162 Theodoo

2268 1936 2376 1979 tem
2406 1926 2474 1980 ab
2518 1941 2705 1980 errore
2734 1926 2802 1979 ad
2833 1925 3117 1979 veritatem
3146 1926 3444 1991 convertit,
3481 1924 3573 1979 sed
3603 1933 3657 1977 et
3689 1923 3848 1989 longe

2263 2017 2466 2086 positas
2490 2032 2585 2070 sua
2612 2016 2857 2071 doctrina
2885 2015 3137 2069 instruxit
3181 2014 3479 2069 Ecelesias?
3509 2013 3638 2079 Qua:
3665 2014 3846 2065 omnia

2262 2124 2382 2161 cum
2412 2124 2479 2161 ex
2509 2108 2737 2177 epistola
2767 2108 2978 2175 objecta
3008 2106 3109 2159 Iba:
3134 2105 3370 2175 synodus
3398 2103 3849 2157 Chalcedonensis

2259 2199 2492 2262 audiret,
2525 2214 2630 2253 non
2663 2200 2839 2266 coegit
2864 2199 3112 2253 eumdem
3153 2197 3300 2250 Ibam
3329 2196 3403 2249 sic
3431 2195 3702 2248 laudatum
3724 2210 3849 2247 ana-

2261 2293 2611 2349 thematizare
2637 2292 2980 2347 Theodorum
3011 2312 3024 2322 ·
3055 2292 3125 2347 ob
3163 2292 3266 2347 hoc
3295 2290 3558 2361 profecto,
3588 2291 3713 2361 quia
3746 2290 3848 2344 Ne-

2259 2386 2412 2439 storii
2437 2386 2655 2453 impium
2673 2386 2972 2453 suscipiens
2993 2390 3254 2448 errorem,
3282 2384 3397 2453 ejus
3416 2384 3628 2452 quidem
3650 2398 3849 2437 nomen

2258 2474 2570 2538 occultavit,
2605 2474 2873 2529 Theodori
2898 2484 3079 2528 autem
3100 2473 3460 2543 Mopsuesteni
3483 2472 3739 2533 defendit,
3759 2475 3848 2541 qui

2259 2564 2514 2632 magister
2557 2564 2787 2618 Nestorii
2832 2564 2956 2629 fuit,
3005 2564 3456 2632 quemadmodum
3498 2564 3549 2616 in
3591 2564 3848 2632 praedicto

2262 2655 2419 2719 libro,
2458 2655 2610 2724 cujus
2645 2656 3052 2710 diffinitionibus
3098 2655 3507 2723 subscripsistis,
3546 2654 3614 2708 de
3654 2655 3848 2708 talibus

2255 2746 2459 2801 dictum
2504 2757 2605 2801 est.
2648 2747 2775 2803 Ila‘c
2816 2764 2935 2803 cum
2987 2749 3139 2802 nobis
3187 2749 3433 2817 opposita
3472 2747 3688 2812 fuerint,
3723 2746 3847 2816 quid

2256 2844 2441 2889 contra
2474 2836 2676 2891 referre
2705 2837 3019 2899 valebimus,
3052 2837 3097 2891 si
3126 2837 3457 2890 orthodoxus
3495 2853 3604 2891 non
3644 2845 3733 2890 est
3760 2836 3847 2906 qui

2257 2924 2543 2983 Theodoro
2574 2928 2912 2998 Mopsuestim
2939 2937 2993 2982 et
3029 2928 3144 2997 ejus
3180 2929 3521 2995 dogmatibus
3564 2945 3676 3006 non
3723 2929 3845 2982 dicit

2256 3020 2582 3074 anathema?
2620 3018 2853 3075 Proinde
2892 3022 3188 3088 cognoscis,
3220 3020 3478 3088 Auguste,
3508 3021 3655 3088 quod
3687 3022 3741 3075 in
3767 3038 3843 3075 rc—

2257 3101 2670 3180 prehensionem
2723 3111 2914 3182 synodi
2969 3111 3422 3165 Chalcedonensis
3480 3113 3596 3166 haec
3653 3112 3842 3166 fuerint

554 3218 672 3257 rum
703 3202 1041 3272 Mopsuestia:
1080 3210 1134 3255 et
1181 3202 1298 3270 ejus
1337 3201 1621 3270 dogmata,
1663 3200 1948 3253 anathema
1978 3199 2077 3261 sit,
2115 3217 2136 3251 ι
2175 3231 2219 3291 C
2258 3206 2567 3267 constituta,
2601 3204 2682 3257 vel
2728 3204 2771 3259 si
2814 3205 3091 3259 recitatam
3138 3203 3493 3267 solummodo,
3537 3221 3646 3258 non
3686 3207 3841 3259 etiam

552 3292 694 3362 quod
756 3292 810 3346 in
863 3292 1061 3346 nullius
1108 3291 1347 3346 hzcretici
1394 3291 1746 3345 damnatione
1801 3290 2143 3343 meminimus

550 3386 838 3454 contigisse
872 3403 883 3438 :
911 3394 968 3439 ut
995 3386 1068 3439 illi
1099 3400 1316 3454 quoque
1345 3384 1633 3437 anathema
1658 3390 1859 3447 essent,
1894 3382 1985 3451 qui
2013 3398 2141 3435 ana-

549 3476 727 3531 thema
758 3478 807 3531 ei
837 3493 943 3530 non
973 3476 1230 3531 dicerent.
1266 3478 1543 3547 Siquidem
1596 3478 1890 3531 multorum
1924 3477 2142 3530 lucreti-

546 3581 733 3621 corum
759 3567 956 3621 multos
979 3575 1032 3622 et
1055 3567 1309 3635 dogmata
1336 3570 1524 3631 latent,
1552 3578 1605 3623 et
1632 3569 1868 3632 nomina,
1904 3568 1993 3638 qui
2017 3582 2139 3619 ana-

546 3660 725 3714 thema
752 3673 872 3714 esse
902 3675 1006 3714 non
1021 3659 1240 3724 debent,
1264 3661 1516 3728 quoniam
1542 3642 1654 3714 non
1684 3658 2140 3713 anathematizant

544 3768 638 3807 eos
665 3768 802 3821 quos
838 3753 1103 3807 nesciunt.
1138 3751 1262 3817 Sed,
1295 3753 1748 3821 quemadmodum
1777 3752 1979 3807 dictum
2031 3759 2135 3812 est,

543 3851 601 3897 ut
630 3842 702 3897 ad
732 3842 921 3914 synodi
959 3843 1422 3899 Chalcedonensis
1466 3844 1714 3913 injuriam
1764 3842 2131 3912 pervenirent,

538 3950 660 4005 qum
697 3950 819 3990 cum
847 3935 989 4005 apud
1006 3950 1078 3993 ,sc
1108 3936 1469 3991 recitarentur
1494 3951 1560 3989 ex
1589 3936 1817 4004 epistola
1849 3932 2134 3986 venerabi-

538 4028 603 4081 lis
638 4026 742 4081 Iba:
784 4026 969 4082 laudes
1013 4027 1182 4095 ipsius
1212 4025 1512 4091 Theodori,
1546 4042 1722 4097 neque
1770 4027 1904 4094 ipsi,
1957 4040 2133 4095 neque

534 4116 877 4184 dogmatibus
906 4115 1022 4184 ejus
1042 4116 1178 4170 dixit
1204 4118 1515 4184 anathema,
1539 4126 1829 4187 propterea
1852 4116 1982 4191 talis
2004 4116 2130 4171 data

536 4215 621 4260 est
662 4214 851 4260 contra
897 4206 1347 4262 consuetudinem
1396 4216 1693 4278 contraque
1736 4208 2127 4263 humanitatem

531 4295 762 4350 formula
788 4296 1178 4362 subscribendi,
1205 4300 1360 4367 quasi
1392 4315 1549 4354 nemo
1591 4300 1749 4355 aliter
1779 4300 1996 4369 probari
2036 4316 2129 4357 ca-

532 4386 761 4441 tholicus
794 4391 998 4457 possit,
1050 4392 1152 4446 nisi
1182 4391 1565 4461 Mopsuesteno
1595 4393 1884 4448 Theodoro
1916 4402 1971 4446 et
2012 4393 2127 4462 ejus

527 4480 865 4547 dogmatibus
892 4482 1177 4537 anathema
1207 4483 1424 4539 dixerit.
1470 4486 1628 4551 Quod
1655 4485 1934 4539 decretum
1965 4483 2009 4537 si
2038 4499 2125 4537 re-

526 4568 773 4637 cipimus,
806 4571 937 4625 nihil
957 4580 1039 4626 est
1060 4572 1205 4641 quod
1236 4574 1501 4629 haereticis
1525 4591 1623 4643 pro
1652 4574 1859 4645 synodo
1888 4573 2117 4628 Chalce-

525 4661 751 4714 doneusi
804 4662 1135 4732 respondere
1179 4666 1468 4733 possimus,
1527 4682 1647 4719 cum
1697 4666 1981 4719 dixerint;
2028 4663 2118 4718 Sic

526 4752 675 4806 vobis
702 4753 871 4808 visum
901 4762 983 4808 est
1012 4754 1161 4809 illam
1190 4756 1451 4826 synodum
1483 4746 1743 4812 eXcusare
1775 4758 1826 4810 in
1858 4757 1996 4810 libro
2026 4755 2114 4808 cui
2182 4830 2183 4833 η

523 4842 906 4907 consensistis,
941 4853 999 4897 ut
1037 4844 1291 4901 diceretis
1313 4846 1460 4915 quod
1482 4886 1496 4911 ,
1551 4865 1655 4901 nou
1677 4855 1941 4902 contenta
1974 4846 2112 4899 facta

520 4930 590 4984 ab
636 4932 726 4986 Iba
778 4935 1133 5002 denegatione
1184 4948 1405 5008 propter
1455 4938 1520 4991 ad
1569 4938 1754 4993 Marim
1803 4939 2108 5007 epistolam,

520 5036 697 5089 neque
725 5024 889 5077 etiam
934 5039 1032 5093 pro
1083 5041 1150 5080 eo
1197 5025 1337 5081 facta
1369 5027 1751 5083 testificatione
1789 5029 2111 5083 clericorum

520 5111 935 5181 Edessendrum,
976 5116 1070 5172 sed
1116 5116 1443 5174 confirmans
1490 5120 1784 5189 judicatum
1841 5120 2019 5175 Photii
2058 5129 2115 5175 et

520 5199 793 5260 Eustachii
820 5206 868 5267 ³,
905 5205 1092 5272 petivit
1120 5204 1287 5272 Ibam,
1320 5208 1385 5261 ad
1411 5207 1905 5265 destructionemet
1927 5212 2112 5266 exclu—

515 5293 722 5347 sionem
751 5295 819 5349 ad
863 5293 1049 5351 Marini
1097 5298 1275 5367 impia:
1328 5300 1599 5368 epistolas,
1653 5304 2113 5357 anathematizare

514 5382 820 5438 Nestorium
851 5394 904 5438 et
932 5386 1049 5454 ejus
1072 5387 1345 5455 dogmata.
1379 5387 1448 5442 Et
1475 5404 1667 5443 revera
1710 5390 1789 5444 sic
1818 5394 2108 5459 Oportebat

579 5551 596 5620 ξ
627 5546 761 5620 βοά.
796 5547 1179 5620 νει-οωιοριιε
1201 5562 1330 5605 erat.

510 5682 554 5702 ,Μ
577 5616 600 5646 ι
617 5614 960 5702 ﬂag-£01,,
1005 5614 1414 5702 Eustachii,_vel
1445 5621 1706 5679 Eustat/zii
1730 5666 1745 5691 ,
1802 5636 1861 5702 ut
1905 5630 2099 5698 legitur

510 5688 584 5807 il;
611 5688 838 5803 cgncilio
892 5690 1490 5760 Constantinopolitano
1537 5711 1593 5759 ιι,
1622 5688 1856 5763 generali
1888 5717 1937 5768 ν,
1957 5688 2097 5758 υθοι-

579 5817 601 5849 ⁸
627 5819 773 5877 Idem
801 5826 946 5897 cod.,
977 5830 1029 5884 in
1058 5847 1142 5899 ea,
1185 5831 1412 5901 epistola
1439 5833 1645 5893 scilicet
1673 5836 1774 5894 Iliae
1815 5842 1973 5911 paulo
2004 5858 2093 5899 su-

2253 3303 2527 3362 receptam
2570 3294 2638 3348 ibi
2686 3304 3036 3350 memoratam
3084 3296 3366 3365 epistolam
3404 3296 3745 3349 mentiamur.
3785 3295 3839 3347 Et

2249 3386 2372 3440 ideo
2400 3389 2693 3456 complices
2715 3389 3087 3441 haereticorum
3118 3402 3210 3441 sua
3234 3389 3442 3441 ratione
3465 3403 3674 3456 suoque
3696 3389 3837 3441 testi-

2248 3480 2450 3541 monio,
2498 3480 2639 3534 sicut
2691 3480 2940 3544 diximus,
2989 3479 3381 3534 convincuntur
3427 3479 3686 3531 adversus
3733 3494 3835 3529 ma-

2244 3583 2402 3638 gnam
2435 3572 2696 3641 synodum
2730 3571 2854 3624 talia
2884 3570 3204 3625 decrevisse.
3238 3569 3367 3623 Nam
3393 3569 3457 3628 si.
3488 3578 3547 3622 ut
3582 3568 3833 3622 fallar-iter

2243 3659 2489 3727 suadent,
2518 3659 2638 3714 inde
2663 3662 2682 3690 "
2708 3675 2737 3713 a
2770 3660 2924 3714 nobis
2945 3668 3249 3722 excusetur,
3279 3658 3422 3726 quod
3452 3676 3559 3712 non
3587 3669 3832 3713 contecta

2244 3752 2564 3805 venerabilis
2595 3751 2695 3803 lbm
2725 3752 2962 3820 epise0pi
2995 3751 3279 3817 negatione
3310 3758 3534 3818 propter
3564 3751 3628 3803 ad
3653 3750 3831 3802 Illarim

2242 3839 2548 3910 epistolam,
2584 3856 2758 3907 neque
2802 3840 2938 3895 facta
2970 3855 3069 3909 pro
3099 3855 3164 3894 eo
3199 3839 3578 3895 testiﬁcatione
3610 3840 3831 3895 clerico-

2238 3948 2357 3986 rum
2406 3933 2826 3999 Edessenorum,
2853 3935 3111 4004 expetivit
3150 3937 3217 3989 ab
3254 3936 3345 3989 illo
3375 3936 3829 3989 anathematizare

2238 4018 2569 4087 Nestorium,
2603 4039 2763 4093 quem
2793 4025 2845 4079 in
2888 4026 3001 4096 ipsa
3030 4026 3256 4095 epistola
3284 4042 3391 4080 non
3419 4026 3675 4089 laudavit,
3710 4026 3829 4080 inde

2239 4129 2346 4168 non
2387 4116 2590 4184 poterit
2618 4116 2883 4181 excusari,
2916 4116 3041 4185 quia
3072 4132 3178 4170 nou
3206 4115 3467 4185 expetivit
3495 4124 3553 4169 ut
3581 4115 3827 4169 Theodo-

2234 4224 2352 4263 rum
2387 4209 2641 4274 maxime,
2668 4224 2789 4263 cum
2819 4209 2930 4265 suis
2973 4210 3045 4265 ibi
3081 4209 3419 4277 dogmatibus
3461 4209 3826 4278 prazdicatuni,

2234 4301 2735 4369 anathematizaret,
2764 4317 2885 4356 cum
2915 4301 3212 4357 secundum
3241 4302 3374 4356 istos
3400 4317 3509 4356 non
3540 4302 3695 4357 aliter
3714 4318 3829 4371 pro-

2232 4391 2347 4445 bari
2370 4393 2671 4448 catholicus
2697 4393 2886 4463 possit.

2234 4555 2385 4619 Quod
2414 4554 2455 4609 Τ
2462 4556 2713 4609 ΙιροκΙοιΊιε
2741 4567 2793 4608 ut
2843 4556 3071 4608 Nrstm‘ii
3121 4557 3297 4609 doctor
3326 4559 3561 4609 accusari
3589 4568 3820 4625 nequeut,

2302 4642 2415 4678 cum
2467 4639 2656 4678 rectam
2714 4629 2775 4679 de
2818 4626 3020 4680 Christo
3071 4628 3227 4694 ﬁdem
3260 4637 3443 4679 contra
3498 4628 3823 4683 Samomtrm’

2290 4707 2339 4748 et
2368 4696 2591 4749 Nestorii
2615 4714 2641 4749 ε
2675 4712 2839 4749 rorem
2863 4708 3058 4756 teneat;
3083 4706 3127 4751 et
3160 4700 3223 4750 de
3243 4698 3473 4767 symbolo
3498 4701 3638 4767 quod
3656 4698 3813 4751 Thro-

2292 4768 2413 4819 dori
2441 4768 2720 4821 dicebatur.

2296 4854 2434 4921 Quid
2475 4856 2637 4909 etiam
2680 4856 2811 4910 illud
2848 4854 2990 4924 quod
3036 4856 3306 4910 finxerunt
3362 4857 3615 4912 eumdem
3645 4857 3812 4911 Theo-

2220 4946 2411 5001 dorum
2460 4961 2490 4999 a
2532 4947 2693 5000 beato
2738 4946 2952 5009 Leone,
2994 4947 3141 5001 velut
3190 4948 3509 5016 magistrum
3556 4948 3814 5010 Neston‘i,

2219 5038 2569 5093 denotatum?
2612 5036 2864 5107 Nunquid
2907 5039 2976 5092 ob
3024 5038 3168 5092 aliud
3208 5047 3445 5093 costam
3478 5040 3814 5095 manifestum

2220 5130 2577 5192 mendacium,
2606 5129 2724 5184 sine
2754 5129 2862 5183 ullo
2901 5139 3155 5200 respectu
3184 5130 3409 5199 pudoris
3436 5132 3679 5193 humani,
3713 5135 3817 5186 for-

2221 5228 2361 5273 tasse
2400 5220 2724 5274 credendum
2762 5229 2864 5284 cst,
2900 5222 3000 5275 nisi
3040 5230 3095 5274 ut
3145 5222 3311 5290 ipsius
3348 5224 3541 5291 synodi
3574 5238 3815 5281 causam,

2216 5308 2359 5377 quod
2390 5309 2463 5362 ibi
2502 5325 2602 5364 nec
2628 5311 2740 5378 ipse
2769 5310 3056 5365 damnatus
3085 5319 3189 5377 est,
3223 5327 3321 5366 nec
3351 5328 3471 5381 qme
3509 5313 3655 5367 illum
3682 5329 3805 5383 pne
3882 5346 3883 5355 ι

2217 5400 2413 5458 dicavit
2434 5402 2682 5471 epistola,
2716 5419 2821 5457 non
2852 5404 3025 5456 solum
3056 5402 3314 5470 Nestorii,
3347 5403 3400 5457 id
3429 5414 3512 5459 est
3539 5405 3809 5468 catholici,

2208 5569 2388 5635 perius
2415 5569 2650 5625 laudata.

2281 5638 2297 5667 ⁵
2326 5639 2469 5693 Idem
2500 5641 2646 5709 cod.,
2680 5637 3004 5693 Tlieodorum
3035 5637 3450 5709 Mopsucslemun
3470 5678 3483 5691 .

2280 5710 2298 5779 Ρ
2322 5709 2464 5763 Idem
2489 5712 2634 5774 cod.,
2664 5709 2913 5765 Ecclesia:
2942 5711 3087 5779 ﬁliis.

2277 5776 2296 5809 °
2327 5779 2471 5833 Idem
2497 5781 2642 5846 cod.,
2674 5781 2804 5833 sicut
2828 5776 2949 5834 ibi.
3872 5796 3873 5831 ι

2244 5882 2245 5887 η
2276 5850 2294 5879 ⁷
2324 5848 2469 5905 Idem
2498 5850 2645 5916 cod.,
2680 5852 2809 5903 sicut
2840 5852 3098 5921 faltacuer
3128 5853 3346 5903 suadent
3369 5860 3421 5900 ut
3454 5856 3597 5914 inde,
3658 5857 3766 5900 etc.
3862 5852 3865 5921 ς
