3974 6330
220 380 325 437 585

1083 382 1217 437 PRO
1258 378 1672 438 DEFE‘NSIONE
1713 377 1927 435 TRIUM
1967 369 2280 434 CAPITUL.
2327 367 2448 430 LIB.
2494 375 2579 430 ΙΙΙ.

3397 374 3501 431 58ῦ

223 510 406 552 verum
453 494 618 550 etiam
666 497 843 566 magni
888 498 1041 552 testis
1081 506 1324 566 gravaret
1364 498 1689 552 auctoritas?
1720 495 1810 551 Sic
1842 501 1888 560 Λ
1917 493 2116 546 minem
2148 498 2378 552 tantum,
2415 504 2520 542 non
2558 489 2718 543 etiam
2763 487 2948 554 Deum,
2981 488 3176 543 dixerit
3208 487 3501 555 Christum,

218 589 364 645 enim
401 587 534 643 dixit
578 607 590 642 :
639 609 658 642 ι
708 589 933 660 Oportet
979 591 1138 661 igitur
1182 590 1462 647 manifeste
1514 590 1812 657 intelligere

218 683 344 754 quia
371 691 591 739 sanctus
613 681 742 748 Leo,
774 683 1102 739 conﬁrmans
1125 698 1188 738 ea
1218 697 1337 752 quse
1367 683 1418 736 in
1450 681 1662 752 Epheso
1693 690 1813 737 acta

217 783 345 832 sunt
369 773 626 829 adversus
647 771 953 828 Nestorium
985 789 1013 827 a
1042 783 1230 830 sancto
1252 773 1474 844 Cyrillo,
1501 782 1556 829 et
1585 774 1696 828 hzec
1721 789 1815 827 cu-

219 865 409 922 stodiri
455 864 790 935 praecipiens,
821 863 1038 918 deﬁnita
1081 863 1294 933 quidem
1336 871 1496 918 vocat
1531 863 1813 918 duodecim

219 955 454 1027 capitula
479 956 652 1012 sancti
677 954 880 1026 Cyrilli,
905 955 1098 1025 quibus
1121 953 1353 1010 Nestorii
1377 954 1712 1023 adjudicatus
1733 961 1817 1009 est

219 1063 375 1103 error
404 1065 416 1099 :
447 1046 696 1102 doctores
740 1055 918 1100 autem
958 1047 1400 1113 anathematizat,
1437 1045 1668 1101 Nestorii
1699 1045 1817 1113 qui-

220 1141 345 1196 dem
386 1138 611 1194 Paulum
650 1137 1062 1193 Samosatenum
1093 1147 1147 1193 et
1179 1137 1523 1193 Theodorum
1567 1137 1817 1206 Mopsue-

233 1241 452 1296 stenutn,
488 1230 740 1302 Eutychis
781 1239 960 1284 autem
1003 1229 1356 1284 Manichmum
1383 1241 1438 1284 et
1467 1230 1815 1300 Apoliuarem
1838 1303 1850 1314 .

209 1323 438 1394 (impios,
483 1339 602 1378 cum
654 1323 871 1393 probari
927 1339 1034 1378 non
1088 1323 1257 1393 possit
1306 1323 1432 1392 quia
1471 1324 1815 1378 Theodorum

213 1409 658 1486 ’Μυρδυιιειριιυηι
688 1414 876 1468 beatus
907 1412 1017 1468 Leo
1050 1413 1363 1482 magistrum
1404 1413 1543 1468 dixit
1569 1427 1690 1468 esse
1715 1413 1817 1468 Ne-

216 1509 396 1564 storii.
428 1528 446 1558 ι
475 1505 579 1562 Sed
603 1505 880 1576 proferant
902 1505 984 1560 vel
1007 1505 1310 1576 epistolam,
1335 1506 1419 1560 vel
1441 1521 1818 1574 quamcunque

217 1599 383 1656 aliam
424 1598 766 1668 scripturam,
813 1596 867 1650 in
911 1611 1016 1665 qua
1061 1595 1164 1651 hoc
1210 1611 1333 1651 eum
1373 1597 1573 1652 dixisse
1615 1594 1817 1652 conﬁr-

220 1701 393 1744 mant.
427 1690 560 1744 Nam
591 1699 646 1745 et
673 1690 961 1759 Oportebat
983 1704 1078 1744 eos
1101 1703 1355 1758 promere
1376 1689 1467 1744 ubi
1499 1689 1601 1744 hoc
1629 1688 1818 1744 beatus

223 1783 338 1838 Leo
367 1783 586 1851 dixerit,
617 1782 662 1837 si
692 1795 878 1836 verum
910 1795 969 1835 se
997 1779 1180 1834 dicere
1217 1780 1582 1835 conﬁdebant.
1619 1779 1816 1834 Verum

1919 582 2008 650 qui
2034 591 2318 651 propterea
2343 580 2563 632 Paulum
2591 579 3004 634 Samosatenum
3030 579 3301 634 diabolum
3325 591 3505 648 vocat,

1921 682 1976 728 et
2003 673 2344 728 Theodorum
2382 681 2542 741 atque
2574 673 2920 727 Artemonem
2960 672 3063 726 hoc
3100 671 3344 728 dicentes
3374 672 3507 727 fate-

1921 777 2009 821 tur
2035 782 2142 821 non
2172 780 2357 821 sanam
2390 773 2574 820 tenere
2604 765 2924 830 doctrinam,
2965 763 3060 819 sed
3101 763 3153 818 in
3191 779 3292 819 suo
3321 777 3510 818 errore

1919 860 2098 930 potius
2126 861 2424 928 aegrotare?
2444 859 2579 925 Quid
2608 860 2770 928 igitur
2798 860 2912 929 ipse
2940 859 3166 914 credidit
3186 874 3304 914 esse
3324 857 3508 914 Domi-

1920 970 2050 1009 num
2080 952 2262 1008 Jesum
2290 952 2599 1007 Christum?
2628 954 2730 1008 hoc
2761 951 3026 1022 profecto,
3058 952 3200 1020 quod
3242 951 3360 1006 illos
3401 967 3508 1005 non

1920 1046 2240 1115 cognovisse
2268 1045 2561 1115 redarguit,
2585 1045 2632 1099 id
2663 1055 2743 1099 est
2761 1044 3203 1110 Dettthet-bum,
3231 1052 3285 1098 et
3309 1044 3361 1096 in
3391 1042 3511 1096 sub-

1920 1140 2116 1195 stantia
2146 1139 2362 1209 prepria
2395 1138 2588 1192 Filium
2615 1138 2729 1201 Dei,
2756 1138 2958 1207 quippe
2984 1152 3147 1206 quem
3177 1143 3232 1190 et
3259 1145 3384 1190 ante
3413 1149 3511 1188 sae-

1921 1233 2038 1288 cula
2060 1247 2126 1287 ex
2151 1231 2264 1287 Deo
2296 1229 2456 1286 Patre
2481 1239 2681 1285 :eterne
2703 1230 2846 1298 dicat
2867 1238 3191 1284 exstantem.
3219 1227 3335 1282 Non
3359 1241 3509 1294 ergo,

1922 1325 2062 1378 sicut
2094 1325 2146 1378 in
2188 1314 2612 1394 reprehensione
2651 1332 2852 1377 sancte
2885 1322 3073 1394 synodi
3106 1323 3344 1390 ﬁngitur,
3377 1319 3513 1374 duos

1923 1416 2022 1470 iste
2049 1415 2295 1481 credidit,
2319 1424 2412 1469 aut
2432 1415 2566 1470 duos
2592 1415 2776 1470 docuit
2806 1414 2963 1480 ﬁlios,
2983 1414 3134 1482 quasi
3157 1412 3377 1466 alterius
3395 1409 3514 1464 sub-

1922 1507 2132 1561 stantia:
2162 1507 2348 1562 dicens
2378 1507 2653 1562 hominem
2679 1506 2970 1570 Christum,
3004 1515 3058 1560 et
3094 1506 3314 1559 alterius
3343 1503 3512 1558 Deum

1925 1597 2159 1652 Verbum
2187 1616 2198 1652 :
2231 1599 2345 1668 qui,
2379 1601 2520 1654 sicut
2549 1599 2663 1668 ejus
2692 1600 2853 1654 verba
2877 1599 3173 1663 declarant,
3207 1598 3378 1666 ipsum
3407 1595 3514 1648 Do-

1925 1693 2125 1746 minum
2165 1692 2346 1748 Jesum
2385 1693 2660 1748 Christum
2703 1708 2811 1748 non
2854 1707 3048 1762 purum
3094 1691 3388 1754 hominem,
3419 1687 3515 1745 sed

1925 1783 2087 1837 etiam
2117 1783 2285 1839 Deum
2317 1785 2554 1840 Verbum
2581 1799 2699 1840 esse
2730 1787 3013 1854 cognovit;
3053 1800 3153 1839 nec
3181 1783 3295 1838 sola
3323 1789 3515 1836 aucto-

222 1891 292 1930 ne
322 1875 428 1930 hoc
457 1875 676 1929 dubium
708 1875 1064 1944 relinquatur,
1090 1889 1190 1927 nos
1217 1874 1381 1944 ipsius
1411 1873 1684 1929 Theodori
1707 1890 1824 1928 ver-
1853 1865 1900 1924 B
1928 1877 2088 1930 ritate
2118 1886 2210 1931 aut
2241 1877 2506 1945 dignitate
2536 1893 2798 1947 personae,
2831 1878 2923 1932 sed
2960 1879 3012 1931 in
3052 1877 3355 1931 substantia
3389 1894 3516 1947 pto-

222 1967 307 2020 bis
349 1965 640 2020 doceamus
681 1974 939 2035 quantum
971 1965 1038 2019 ab
1069 1979 1252 2019 errore
1293 1963 1442 2019 Pauli
1481 1965 1820 2020 Samosatcni

223 2060 389 2115 fuerit
417 2059 647 2127 alienus,
679 2059 791 2129 qui,
827 2059 986 2112 tertio
1016 2057 1224 2112 decimo
1257 2058 1394 2112 libro
1420 2057 1626 2113 codicis
1660 2074 1820 2128 quem

223 2158 514 2228 mysticum
557 2153 847 2224 appellavit
873 2167 920 2204 τι
957 2151 1191 2222 Angelus
1233 2151 1434 2208 diaboli
1481 2161 1586 2220 est,
1626 2154 1820 2223 inquit,

225 2247 615 2305 Samosatenus
672 2241 884 2308 Paulus,
935 2243 1025 2312 qui
1074 2259 1266 2314 purum
1321 2243 1594 2300 hominem
1642 2243 1823 2300 dicere

222 2337 566 2408 pansumpsit
615 2336 898 2391 Dominum
948 2333 1131 2390 Jesum
1175 2334 1470 2399 Christum,
1512 2343 1568 2390 et
1609 2336 1824 2405 negavit

221 2433 571 2490 existentiam
611 2429 909 2485 divinitatis
949 2427 1253 2497 Unigeniti,
1302 2442 1420 2496 qute
1449 2437 1532 2485 est
1569 2438 1696 2485 ante
1723 2444 1824 2484 sa:-

224 2525 369 2582 cula.
409 2542 429 2575 ι
463 2522 596 2578 llem
627 2523 677 2576 in
703 2536 870 2591 opere
894 2521 1037 2589 quod
1069 2528 1256 2576 contra
1289 2519 1630 2589 Apolinarcm
1656 2529 1679 2556 ο
1710 2521 1824 2575 edi-

227 2616 321 2679 dit,
351 2616 513 2670 tertio
542 2614 677 2669 libro
701 2614 772 2668 ita
797 2614 1008 2668 locutus
1025 2620 1107 2667 est
1133 2631 1144 2666 :
1171 2632 1188 2662 ι
1218 2610 1556 2666 Manifestum
1579 2620 1662 2666 est
1682 2613 1825 2667 enim

225 2712 370 2784 quod
400 2710 788 2766 Samosatenus
813 2707 1007 2763 Paulus
1035 2708 1322 2778 episcopus
1351 2705 1566 2776 quidem
1599 2705 1696 2760 fuit
1717 2705 1826 2760 An-

228 2806 496 2860 tiochenre
536 2802 790 2859 Ecclesiae
832 2801 1039 2856 Domini
1076 2799 1190 2867 Dei,
1221 2809 1277 2854 et
1305 2797 1616 2854 Theodori‘
1646 2808 1826 2856 autem

225 2907 281 2954 et
303 2897 619 2952 Artemonis
646 2894 672 2933 δ
703 2910 890 2950 errore
925 2903 1215 2964 aegrotans,
1257 2892 1350 2962 qui
1381 2903 1572 2961 purum
1603 2895 1622 2924 ³
1655 2893 1828 2948 homi-

222 3006 353 3046 nem
398 2989 654 3044 dixerunt
688 3003 809 3043 esse
847 2987 1131 3042 Dominum
1170 2985 1352 3042 Jesum
1390 2984 1686 3054 Christum,
1718 3003 1827 3042 non

225 3096 352 3140 eum
395 3087 791 3147 cognoscentes
831 3077 997 3133 Deum
1036 3075 1294 3141 Verbum,
1333 3083 1390 3132 et
1434 3076 1489 3131 in
1524 3075 1826 3131 substantia

228 3172 453 3243 propria
487 3170 675 3228 Filium
705 3171 801 3227 Dei
831 3179 957 3225 ante
982 3169 1180 3226 saecula
1208 3185 1277 3225 ex
1301 3170 1413 3226 Deo
1441 3168 1603 3225 Patre
1622 3177 1826 3226 aeterno

1925 1965 2041 2034 pria
2069 1966 2238 2021 Deum
2267 1977 2321 2022 et
2349 1966 2542 2021 Filium
2581 1967 2697 2035 Dei,
2726 1969 2861 2022 sicut
2903 1968 3068 2022 etiam
3119 1969 3169 2021 in
3219 1968 3518 2022 substantia

1927 2057 2142 2128 propria
2166 2058 2436 2113 hominem
2459 2068 2515 2112 ct
2538 2059 2702 2114 ﬁlium
2726 2061 2977 2115 hominis.
3005 2059 3131 2126 Qum
3162 2061 3212 2114 in
3235 2059 3321 2116 his
3344 2062 3517 2114 verbis

1927 2150 2160 2215 occasio,
2193 2165 2315 2221 qua:
2342 2152 2576 2222 suspicio
2609 2153 2780 2208 errori
2813 2152 3134 2206 Nestoriauo
3167 2153 3483 2222 relinquitur
3497 2159 3518 2205 Υ

1925 2237 2065 2296 Ecce
2085 2249 2167 2299 est
2187 2250 2374 2313 aperta
2405 2250 2462 2299 et
2487 2244 2633 2298 omni
2660 2244 3011 2313 ambiguitate
3035 2260 3226 2300 carens
3249 2239 3518 2299 Theodori

1928 2329 2079 2398 ﬁdes,
2105 2349 2204 2404 pro
2228 2344 2331 2404 qua
2372 2335 2424 2389 in
2465 2337 2694 2406 epistola
2727 2338 3052 2392 venerabilis
3086 2336 3207 2398 lbae.
3241 2333 3377 2392 sicut
3407 2347 3461 2392 et
3489 2356 3521 2393 a

1926 2424 2255 2482 doctissimis
2290 2425 2561 2495 Patribus,
2595 2428 2866 2485 laudatur.
2897 2425 3016 2485 Non
3059 2438 3142 2485 est
3183 2431 3345 2500 igitur
3374 2431 3519 2499 quod

1931 2515 2252 2589 Eutychiani
2285 2517 2352 2573 de
2391 2518 2716 2576 Nestoriano
2747 2521 3003 2590 dogmate
3039 2524 3303 2593 synodum
3335 2523 3519 2578 crimi-

1929 2617 2142 2674 nentur,
2184 2609 2307 2678 quia
2340 2610 2648 2678 praedicmm
2687 2612 2992 2682 epistolam,
3033 2611 3218 2667 laudes
3250 2611 3520 2668 Theodori

1931 2700 2320 2766 continentem,
2367 2703 2728 2770 pronuntiavit
2755 2702 3141 2766 orthodoxam;
3176 2703 3313 2758 sicut
3343 2715 3518 2758 autem

1933 2805 2037 2845 non
2069 2800 2152 2845 est
2177 2790 2435 2846 dicendus
2464 2793 2811 2859 Manichzeus,
2843 2795 2967 2863 quia
2998 2795 3050 2848 in
3078 2793 3179 2849 hoc
3212 2795 3522 2850 testimonio

1932 2883 2219 2938 Dominum
2248 2884 2428 2939 Jesum
2457 2885 2620 2940 Deum
2645 2886 2904 2956 Verbum,
2929 2885 3052 2942 etin
3081 2887 3377 2943 substantia
3403 2906 3524 2956 pro-

1935 2977 2047 3043 pria
2079 2975 2274 3032 Filium
2306 2977 2434 3044 Dei,
2481 2987 2607 3033 ante
2636 2978 2831 3034 sazcula
2863 2993 2928 3034 ex
2982 2980 3092 3034 Deo
3123 2979 3278 3036 Patre
3325 2991 3525 3037 reterns

1932 3067 2206 3122 exstitisse
2248 3068 2566 3134 confessus,
2623 3068 2691 3125 de
2729 3069 2845 3140 ejus
2877 3069 3206 3128 humanitate
3243 3073 3523 3136 conticuit,

1937 3159 2006 3214 ita
2037 3159 2182 3215 velut
2221 3159 2452 3215 Nestorii
2481 3158 2672 3216 doctor
2706 3162 2948 3217 accusari
2981 3177 3086 3218 non
3119 3164 3306 3231 debet,
3340 3165 3429 3220 uhi
3459 3165 3529 3220 de

230 3273 562 3322 exstantem.
605 3283 622 3314 ι
659 3261 905 3331 Nunquid
944 3262 1085 3318 hunc
1117 3259 1241 3316 talia
1271 3260 1339 3317 de
1375 3260 1545 3316 Paulo
1573 3259 1829 3318 Samosa..
1862 3250 1906 3312 C
1935 3251 2055 3322 ejus
2085 3253 2414 3309 humanitate
2441 3253 2742 3325 disputans,
2783 3254 2852 3311 de
2882 3255 3167 3314 divinitate
3208 3273 3312 3314 non
3351 3260 3528 3330 loqui-

232 3369 359 3414 teno
401 3356 739 3424 loquentem,
770 3364 826 3409 et
851 3353 976 3408 talia
1015 3353 1082 3408 de
1117 3352 1336 3408 Christo
1379 3353 1689 3422 docentem,
1721 3353 1832 3410 Leo

232 3450 522 3504 Romanus
549 3464 671 3503 cum
703 3447 819 3516 ipso
851 3445 1018 3501 Paulo
1047 3446 1326 3501 doctorem
1349 3445 1556 3502 diceret
1583 3461 1701 3512 esse
1729 3445 1834 3502 Ne—

231 3539 426 3596 sto:ii?
449 3537 557 3594 Sed
584 3537 671 3591 isti
698 3537 776 3591 sic
803 3535 1138 3591 conﬁdenter
1175 3535 1447 3590 allirmant
1476 3536 1834 3607 quodcunque

232 3629 536 3698 voluerint,
563 3627 716 3698 quasi
746 3628 851 3683 hoc
879 3627 950 3682 sit
976 3642 1161 3682 verum
1202 3627 1455 3697 probare,
1488 3627 1629 3695 quod
1670 3627 1833 3682 verba

229 3721 462 3790 jactare.
487 3719 751 3774 Cit-terum
775 3718 914 3772 absit
939 3726 995 3772 ut.
1017 3717 1122 3773 hoc
1147 3717 1215 3773 de
1245 3717 1335 3772 illo
1355 3717 1695 3773 sanctissimo
1720 3717 1835 3772 viro

233 3810 561 3875 credamus;
609 3808 867 3878 quoniam
916 3807 1016 3863 etsi
1062 3807 1378 3864 Theodorus
1423 3808 1477 3862 in
1514 3806 1834 3878 quibusdam

232 3916 452 3956 errasse
477 3909 830 3967 monstretur,
857 3917 963 3956 non
988 3899 1109 3956 ideo
1138 3901 1470 3957 mendaciter
1500 3901 1835 3956 accusandus

233 4003 339 4062 est,
385 3995 442 4048 in
475 3993 674 4062 quibus
717 3992 1000 4062 culpabilis
1040 4007 1146 4047 non
1186 4001 1290 4048 est.
1333 3992 1434 4059 Qui
1473 3994 1618 4046 enim
1650 4007 1835 4063 repre—

233 4084 427 4140 hendit
456 4091 513 4139 et
540 4091 760 4138 accusat
790 4098 1031 4138 errorem
1071 4099 1177 4138 non
1220 4083 1606 4146 voluntarium,
1639 4084 1835 4140 volun-

235 4177 379 4231 tario
428 4173 715 4230 mendacio
756 4188 816 4230 se
863 4172 1141 4243 implicare
1187 4189 1293 4228 non
1345 4173 1528 4241 debet,
1579 4175 1836 4244 quoniam

236 4269 500 4337 scriptum
523 4274 606 4320 est
630 4282 643 4319 :
671 4263 862 4319 Perdes
891 4281 1068 4319 omnes
1091 4266 1175 4336 qui
1204 4265 1484 4335 loquuntur
1511 4267 1838 4321 mendacium

239 4358 419 4429 (I'sal.
453 4373 506 4422 v,
539 4357 614 4427 7).
645 4355 763 4410 Non
795 4365 1003 4409 tantum
1033 4370 1160 4410 vero
1187 4356 1446 4410 miramur
1473 4355 1840 4428 Eutychianos

237 4465 336 4520 per
358 4462 492 4504 suos
513 4445 777 4503 satellites
806 4446 878 4499 ita
914 4445 1147 4510 mentiri,
1174 4455 1434 4514 quantum
1461 4447 1605 4517 quod
1635 4449 1737 4504 illis
1763 4450 1840 4504 sic

240 4553 452 4598 temere
486 4550 543 4595 et
577 4540 657 4595 sic
684 4538 843 4594 facile
885 4538 1140 4593 creditur.
1173 4537 1456 4604 Quomodo
1489 4547 1670 4595 autem
1699 4540 1838 4596 idem

1937 3357 2060 3413 tur;
2111 3355 2204 3402 aut
2231 3347 2344 3416 ubi,
2376 3349 2859 3417 Apollnaristarum
2909 3352 3280 3407 haereticorum
3309 3363 3529 3408 contra-

1935 3441 2170 3496 dictione
2201 3454 2446 3512 cogente,
2493 3451 2712 3498 naturas
2749 3443 2977 3514 amplius
3024 3445 3236 3514 dividit,
3281 3461 3440 3516 quam
3475 3460 3530 3503 ut

1939 3533 2210 3588 hteredum
2237 3535 2497 3604 ipsorum,
2514 3535 2564 3588 id
2589 3545 2670 3590 est
2701 3534 3176 3606 Eutycbianorum,
3201 3539 3525 3592 calumniam

1937 3635 2120 3694 posset
2147 3625 2402 3697 ell'ugcre.
2437 3627 2635 3694 Accipe
2673 3640 2833 3696 porto
2872 3627 2982 3697 jam
3015 3638 3070 3683 et
3108 3626 3254 3685 aliud
3294 3641 3479 3684 eorum
3509 3631 3530 3661 ⁸

1938 3718 2296 3784 mendacium,
2327 3719 2467 3788 quod
2497 3719 2744 3776 similiter
2788 3722 3054 3775 ﬁnxerunt
3085 3721 3136 3776 in
3167 3717 3356 3777 eodem
3389 3723 3528 3777 libro

1937 3825 2035 3865 suo
2070 3810 2349 3866 dicentes:
2389 3829 2407 3864 ο
2446 3813 2670 3881 Oportet
2700 3814 2843 3869 enim
2891 3814 3156 3883 inspicere
3186 3817 3366 3871 animo
3405 3817 3529 3886 quia

1937 3901 2122 3957 dicens
2151 3901 2463 3972 Apostolus,
2494 3902 2581 3973 qui
2615 3917 2900 3972 personam
2927 3903 3085 3959 Verbi
3117 3903 3438 3976 signiﬁcavit
3477 3909 3532 3963 in

1941 3992 2034 4046 Dei
2065 4006 2183 4048 esse
2214 3995 2406 4058 forma,
2441 3994 2582 4066 quod
2613 4005 2697 4049 est
2728 3996 2779 4050 in
2815 3997 3044 4052 essentia
3095 3991 3271 4054 Patris
3307 3979 3530 4068 (Philip.

1939 4099 1997 4150 ιι,
2021 4084 2100 4155 6),
2134 4099 2238 4140 non
2270 4085 2426 4152 dixit,
2459 4089 2580 4158 quia
2628 4089 2716 4158 qui
2751 4098 2867 4144 crat
2914 4091 2966 4144 in
3010 4089 3179 4144 ferma
3209 4094 3348 4146 servi
3383 4107 3534 4146 acce-

1940 4177 2038 4245 pit,
2067 4187 2124 4231 ut
2173 4193 2278 4231 non
2323 4180 2688 4248 praeeristemi
2718 4179 2921 4235 homini
2963 4181 3358 4236 demonstraret
3399 4182 3536 4237 Ver-

1943 4267 2068 4322 bum
2123 4271 2329 4324 unitum
2377 4273 2676 4326 secundum
2707 4271 2978 4328 Theodori
3036 4279 3091 4327 et
3129 4274 3357 4328 Nestorii
3392 4276 3537 4330 insa-

1945 4360 2128 4428 niam;
2166 4381 2184 4411 ι
2235 4377 2332 4416 nec
2364 4373 2541 4416 tamen
2584 4367 2869 4418 ostendunt
2918 4366 3004 4419 ubi
3037 4364 3115 4419 Th
3154 4370 3352 4420 olorus
3394 4366 3538 4420 dixit

1943 4456 2066 4523 quia
2106 4457 2306 4510 homini
2356 4459 2716 4526 prmexistenti
2753 4460 2954 4512 unitum
2999 4471 3080 4513 est
3114 4459 3368 4514 Verbum.
3429 4459 3536 4514 Nos

1948 4547 2130 4614 igitur,
2172 4545 2333 4601 etiam
2369 4548 2468 4601 hoc
2522 4549 2572 4601 in
2621 4549 3016 4603 denotationem
3073 4558 3232 4617 atqne
3284 4549 3535 4604 invidiam

241 4634 564 4690 Theodorus
587 4631 801 4696 dicitur,
831 4629 974 4700 quod
1000 4631 1272 4685 hominem
1307 4646 1518 4699 purum,
1553 4631 1605 4684 id
1627 4641 1709 4686 est
1734 4633 1835 4687 ho-
1872 4623 1922 4682 Ι)
1947 4652 2152 4706 magna:
2180 4638 2369 4708 synodi
2405 4641 2734 4693 mendaciter
2772 4655 2867 4692 eos
2907 4641 3127 4700 dixisse,
3166 4640 3329 4708 ‘psius
3361 4641 3540 4696 'l'hco-

367 4769 470 4836 Qui
500 4768 770 4824 Theodori
805 4765 1165 4836 Mopsuesteni
1218 4765 1462 4821 laudibus
1491 4763 1689 4827 favent,
1717 4766 1833 4836 ejus

241 4852 436 4899 contra
461 4841 687 4895 Arianos
706 4853 760 4894 et
785 4837 1175 4908 Apolinaristas
1200 4838 1492 4892 certamina
1523 4836 1834 4908 praedicant,

242 4924 303 4968 ut
330 4911 707 4966 Theodoretus
736 4907 892 4963 libiv
922 4907 1170 4962 Historia:
1189 4946 1202 4969 ,
1229 4921 1347 4976 cap.
1387 4909 1483 4962 ult.
1517 4909 1638 4971 ι”ιςξ
1667 4907 1721 4962 δὲ
1752 4914 1838 4962 καὶ

244 4988 515 5054 {amaverat
546 4984 594 5036 ἓν
622 4992 683 5054 τῇ
722 4979 970 5055 προεδρίᾳ
1016 4979 1288 5055 διετέᾎεσεν
1319 4977 1433 5038 ἔτη.
1466 4981 1600 5055 διᾳτᾴ
1643 4978 1836 5055 ’Δριίᾳυ

245 5049 325 5109 uixi
348 5056 592 5121 ιῦνομίον
615 5049 1061 5126 πὰραίνατίόμενος
1087 5050 1356 5126 editae/70;,
1371 5050 1560 5126 m_i_r_ov
1573 5049 1840 5126 λῃστρικρν

245 5115 597 5192 ’Δπολινοέρίου
655 5115 1106 5192 κᾶταγωγιξὴμενοξ
1161 5115 1341 5190 Mica.
1662 5115 1842 5192 operis

247 5181 526 5250 Theodori
554 5194 700 5260 (nam
731 5181 876 5246 aliud
903 5181 1194 5260 scripserat
1219 5181 1405 5260 contra
1430 5181 1841 5259 Ap—olinari'stas)

247 5259 827 5333 metninere’synodus
853 5259 1189 5333 vrgeneralis
1203 5268 1257 5314 et
1284 5259 1536 5315 Leontius
1563 5260 1846 5332 Byzantius

245 5337 339 5390 lib.
373 5350 429 5388 ιιι
472 5328 662 5405 contra
698 5328 1002 5386 Nestorium
1048 5339 1113 5405 et
1149 5328 1470 5405 Eutychetn.
1503 5328 1842 5405 ’ᾼττόᾎινᾴρφς

283 5422 415 5459 orro
459 5403 659 5458 (Ir-meis
707 5413 1019 5457 constanter
1065 5401 1214 5458 dicti.
1275 5409 1382 5453 tam
1439 5398 1844 5469 antiquior-"Ille

283 5423 415 5459 (Μ’το
459 5423 659 5458 υπιξειδ
707 5423 1019 5457 ὓοιιδιίιιιιει·
1065 5423 1214 5458 υιυιι,
1275 5423 1382 5453 ιὶΙΙΙΙ
1439 5423 1706 5469 ξιιιιιιιυιυι·
1755 5423 1838 5454 ΙΙΙ(1

247 5423 695 5544 riteropolitanus
731 5474 820 5544 qui
849 5473 949 5544 sub
978 5471 1047 5524 Μ.
1077 5470 1292 5544 Aurelio
1319 5470 1468 5544 vixit,
1505 5473 1641 5544 apud
1672 5470 1838 5544 Cuse-

251 5539 439 5606 bium;
466 5545 557 5596 lib.
605 5560 676 5605 tv,
708 5539 826 5613 cap.
861 5542 948 5605 26,
969 5549 1093 5613 tum
1126 5539 1410 5594 Laodiceni
1440 5539 1552 5596 duo
1591 5543 1651 5613 in_
1666 5542 1839 5612 Syria,

250 5631 483 5686 quorum
524 5613 724 5686 junior,
760 5611 808 5666 id
838 5623 918 5667 est
947 5612 1105 5686 ﬁlius,
1142 5613 1374 5686 lucresis
1402 5623 1588 5686 auctor
1627 5611 1747 5686 fuit,
1765 5614 1842 5686 de

251 5681 358 5755 qua
392 5684 764 5753 Apoliuarista:
794 5685 1103 5751 nuncupati.
1141 5681 1242 5736 Pro
1289 5683 1609 5752 Apolinariis
1641 5685 1842 5753 Apolli-

329 5825 343 5850 ⁸
377 5819 513 5874 ϐαιά.
551 5819 771 5882 Verum,
802 5816 1070 5870 Theodoti.
1116 5814 1322 5870 Faisam
1363 5817 1619 5870 Theodori
1648 5817 1831 5872 lectio-

257 5906 381 5947 neut
405 5889 656 5946 emendat
683 5887 998 5941 Sirmondus
1038 5887 1089 5940 in
1113 5891 1386 5954 superiore
1418 5902 1544 5946 nuta
1577 5891 1622 5939 υ.

547 5984 821 6048 Parant.
871 5980 1120 6041 LXVII.

1945 4785 2100 4825 nares
2149 4770 2390 4841 plerique
2430 4769 2568 4838 apud
2610 4769 2827 4826 Latinos
2851 4781 3065 4838 vocant,
3095 4773 3360 4830 diversam
3387 4777 3540 4834 vocis

1946 4840 2207 4908 originem
2241 4858 2344 4895 non
2376 4840 2884 4910 animadvertentes.

2019 4913 2046 4948 δ
2073 4910 2379 4980 Legenduut
2407 4911 2674 4965 Theodoti.
2709 4909 2784 4967 De
2812 4911 3096 4968 Theodoto
3124 4915 3266 4969 enim
3297 4915 3544 4972 Coriario

1946 4997 2127 5037 sermo
2155 4991 2258 5048 est,
2283 4985 2374 5052 qui
2401 4983 2603 5052 primus
2621 4981 2893 5037 Christum
2922 4985 3123 5038 nudum
3151 4986 3422 5043 hominem
3444 4989 3545 5042 do-

1949 5055 2340 5126 cnit,_eamque
2377 5052 2459 5126 ob,
2484 5067 2702 5126 causam
2727 5068 2780 5126 _a
2814 5053 3029 5110 Victore
3074 5072 3213 5126 papa
3260 5059 3543 5117 damnatus

1951 5103 2510 5194 sarritursuasr'
2531 5103 2701 5193 ipsa"
2726 5103 3043 5192 εὶιεὲίῖῖιῖιὶῖ,
3076 5103 3232 5182 iiii-xv
3263 5103 3540 5194 ἶῖῖᾇὶὶῖῖεἱξ

1949 5209 2084 5274 cap._
2103 5192 2168 5245 27
2199 5210 2210 5244 :
2271 5195 2452 5269 Βίκτωρ
2490 5192 2580 5274 arati
2599 5198 2791 5274 σιςυτέα
2821 5197 3060 5253 Θεὶὅοτθν
3088 5205 3169 5254 τῗν
3198 5204 3432 5274 ἁρχηγῦν
3459 5192 3568 5268 καὶ,

1951 5269 2152 5344 πατέρα
2192 5272 2282 5324 τῆς
2311 5267 2608 5344 ἀρνήᾳιᾷἰου
2639 5269 2967 5344 deaurato-iac
3005 5267 3409 5344 ὰπεγὴρυῖἶτῆς
3440 5294 3543 5325 κοι-

1953 5341 2156 5416 ηωνΙίοξς,
2181 5345 2384 5415 marinos
2414 5340 2618 5392 εἰπόντα
2644 5339 2786 5416 ψιλὸν
2817 5340 3069 5416 ἆνῦρωπην
3102 5339 3329 5415 Χρὶττιζν.
3361 5341 3540 5396 Theo-

1949 5406 2061 5458 doti
2086 5406 2328 5460 haeresim
2349 5418 2565 5463 secutus
2586 5406 2668 5462 est
2689 5406 2945 5464 Artemon
2973 5429 2985 5468 ;
3019 5406 3324 5466 Attenuatis
3350 5411 3542 5465 Paulus

1948 5478 2366 5551 Samosatenus,
2405 5488 2462 5530 ut
2515 5478 2653 5532 idem
2687 5492 2892 5551 auctor
2945 5479 3194 5548 aﬂirutat,
3226 5491 3278 5534 et
3308 5482 3542 5551 episcopi

1947 5546 2530 5666 synmti’Antiuchente,
2562 5550 2698 5620 apud
2725 5549 3012 5606 Eusebium
3036 5546 3306 5619 eumdem,
3343 5546 3431 5605 lib.
3454 5546 3519 5606 ιἰἰ

1949 5633 2068 5666 Cll".
2102 5649 2132 5666 α
2177 5663 2184 5666 .

1949 5633 2068 5686 cap.
2100 5633 2184 5670 τι.

2019 5816 2046 5886 ’7
2068 5812 2215 5886 Idem
2249 5814 2396 5886 θοᾶν
2421 5818 2506 5883 qui
2532 5820 2678 5886 primi
2710 5831 2912 5886 purum.

2030 5885 2051 5914 ⁸
2093 5881 2246 5944 Idem
2272 5885 2414 5946 cod.,
2437 5881 2582 5940 Vahud
2616 5881 2809 5942 evidens
2839 5901 3035 5940 eorum.

3051 5983 3114 6040 ιθ
