3974 6330
461 300 561 356 587

1551 296 1844 352 FACUNDI
1887 294 2100 352 EPISC.
2139 295 2645 353 IIERMIANENSIS

3638 296 3747 353 588

458 414 574 470 duri
620 414 798 470 verbis
827 413 1137 482 simpliciter
1184 412 1551 477 ostendamus,
1607 414 1695 481 qui
1752 426 1879 477 non,
1914 412 2050 465 sicut
2083 418 2129 472 Λ
2155 411 2240 478 jus
2268 424 2560 479 cognomen
2593 409 2778 462 beatus
2810 408 3002 465 Petrus
3035 411 3309 478 apostolus
3335 411 3560 479 sumpsit
3584 425 3612 464 a
3640 410 3683 464 D
3709 433 3750 456 :-

458 509 544 563 isti
570 507 901 576 contingunt,
936 516 1058 559 ante
1085 505 1195 573 jam
1226 506 1537 560 subsistenti
1572 505 1770 560 homini
1804 504 2042 559 Verbum

458 599 589 654 dixit
621 599 845 661 unitum,
880 596 971 652 sed
1014 597 1080 651 ab
1128 597 1241 665 ipsa
1283 597 1334 650 in
1388 597 1573 650 matris
1616 606 1768 651 utero
1815 595 2049 663 plasma-

459 689 602 748 tione
650 689 882 746 hominis
929 699 1169 744 naturam
1220 706 1339 744 cum
1391 690 1486 744 Dei
1542 688 1703 743 Verbi
1754 679 1946 745 natura
1995 690 2045 742 in

459 799 618 839 unam
658 783 965 839 substitisse
1006 799 1309 853 personam.
1362 783 1494 837 Nam
1546 781 1703 837 tertio
1748 780 1958 837 decimo
1984 782 2050 837 de

456 874 828 929 incarnatione
859 873 1016 940 libro,
1067 872 1145 927 sic
1183 872 1349 927 dicit:
1388 892 1407 924 ι
1468 874 1671 926 Bonum
1722 881 1805 925 est
1848 874 1900 925 in
1948 871 2050 926 hoc

456 964 579 1020 loco
606 964 837 1019 maxime
858 956 1178 1021 concludere
1205 964 1330 1034 quid
1356 964 1564 1018 virtutis
1592 963 1823 1019 habeant
1846 978 1907 1019 ea
1931 978 2050 1030 quae

458 1056 599 1111 dicta
632 1067 778 1123 sunt,
810 1057 923 1112 sive
953 1056 1283 1123 conversari,
1316 1056 1428 1111 sive
1459 1056 1737 1124 baptizari,
1771 1056 1885 1109 sive
1924 1069 2045 1109 cru-

460 1148 619 1219 ciﬁgi,
654 1150 769 1205 sive
796 1150 954 1214 mori,
979 1151 1091 1205 sive
1113 1149 1327 1219 sepeliri
1352 1158 1406 1205 et
1434 1163 1733 1219 resurgere.
1766 1148 1880 1203 Non
1914 1156 2051 1219 puro

459 1237 617 1295 alicui
650 1242 763 1296 haec
790 1249 1105 1310 coaptantes
1133 1241 1336 1296 homini
1364 1241 1592 1296 dicimus
1627 1242 1793 1295 :‘hoc
1818 1242 1963 1296 enim
1999 1242 2048 1294 in

460 1347 778 1403 unaquaque
804 1332 1069 1388 dictorum
1093 1334 1551 1389 demonstratione
1580 1334 1780 1390 addere
1804 1349 1909 1389 non
1938 1349 2051 1389 mo-

459 1439 662 1493 ramur,
700 1436 756 1479 ut
785 1428 983 1481 nullam
1038 1427 1487 1482 calumniantibus
1518 1427 1853 1496 praebeamus
1911 1428 2051 1484 male

460 1517 710 1588 loquendi
754 1519 1131 1576 occasionem:
1183 1519 1274 1574 sed
1311 1520 1609 1574 inhabitato
1635 1519 1851 1589 quidem
1880 1534 1906 1571 a
1943 1520 2051 1574 Deo

460 1607 641 1665 Verbo
663 1611 730 1665 ab
758 1610 870 1678 ipsa
905 1610 956 1663 in
1000 1621 1152 1665 utero
1186 1612 1372 1665 matris
1405 1611 1796 1679 plasmatione;
1831 1612 2050 1668 inhabi-

460 1709 571 1755 tato
594 1716 746 1767 vero,
774 1717 876 1756 ηοιι
896 1703 1188 1757 secundum
1215 1718 1550 1759 communem
1580 1704 2047 1771 inhabitationem,

2154 506 2336 568 mino,
2392 513 2675 573 propterea
2727 501 3031 557 Nestorium
3090 503 3547 569 anathematizet,
3602 506 3748 575 quod

2156 596 2317 651 Verbi
2350 595 2644 664 carnisque
2676 602 2921 648 naturam
2970 593 3025 647 in
3079 595 3249 649 beata:
3279 592 3510 661 Virginis
3539 610 3750 649 conce-

2156 696 2334 761 ptione
2375 693 2695 759 sejungcns,
2731 705 2999 759 unttmque
3042 689 3314 744 Christum
3344 690 3395 743 in
3424 690 3561 744 duos
3600 689 3746 743 divi-

2152 786 2319 848 dens,
2369 782 2526 836 aliam
2556 782 2801 846 deitatis,
2854 792 2907 835 et
2939 782 3097 834 aliam
3130 781 3476 835 humanitatis
3516 782 3751 837 voluerit

2154 890 2274 932 es.~e
2324 888 2628 943 personam,
2685 887 2792 926 non
2843 883 3026 941 posset
3080 871 3225 926 velut
3273 871 3390 941 ejus
3434 873 3749 943 magistrum

2155 966 2498 1022 Theodorum
2528 967 2906 1029 condemnare,
2933 967 3027 1033 qui
3048 964 3156 1032 jam
3186 963 3385 1017 dudum
3416 976 3748 1032 prmvertens

2156 1060 2324 1128 ipsius
2348 1072 2588 1113 errorem
2618 1056 2872 1120 Nestorii,
2891 1065 3078 1111 contra
3096 1055 3255 1109 docet
3274 1055 3341 1109 ab
3372 1056 3481 1125 ipsa
3508 1055 3560 1109 in
3586 1065 3744 1111 utero

2155 1152 2341 1207 matris
2373 1150 2726 1220 plasmatione
2771 1148 2865 1202 Dei
2900 1148 3057 1202 Verbi
3106 1156 3347 1201 naturam
3376 1163 3497 1201 cum
3532 1163 3591 1201 ea
3625 1160 3747 1215 quae

2155 1251 2427 1310 assurnpta
2450 1249 2533 1295 est
2564 1242 2615 1293 in
2648 1253 2805 1292 unam
2838 1238 3142 1291 substitiSse
3172 1252 3475 1305 personam.
3534 1236 3603 1289 Et
3629 1236 3746 1291 hmc

2154 1333 2301 1402 quidt
2321 1347 2370 1386 ιιι
2396 1332 2711 1401 protulimus
2734 1330 2800 1385 de
2822 1330 3093 1384 Theodori
3121 1329 3355 1398 scriptis,
3384 1344 3448 1383 ex
3462 1330 3747 1385 occasione

2155 1422 2533 1477 convincenda:
2578 1421 2828 1476 falsitatis
2884 1436 3071 1475 eorum
3125 1434 3260 1489 quos
3303 1429 3488 1488 aperte
3530 1418 3747 1475 mentiri

2157 1530 2264 1568 non
2298 1513 2502 1582 puduit,
2527 1513 2653 1567 dum
2684 1528 2779 1582 pro
2810 1512 2927 1580 ejus
2956 1526 3182 1579 persona
3214 1513 3494 1580 epiStolam
3518 1526 3746 1567 venera-

2157 1604 2276 1659 bilis
2301 1604 2405 1658 Iba:
2431 1613 2695 1659 conantur
2720 1606 3029 1666 excludere,
3060 1615 3112 1657 et
3138 1620 3232 1672 pro
3263 1605 3487 1672 cpistola
3520 1620 3747 1659 venera-

2159 1695 2277 1750 bilis
2306 1696 2410 1750 Iba‘:
2438 1694 2873 1750 Chalcedenense
2904 1694 3210 1748 concilium.
3244 1696 3583 1763 Competenti
3614 1710 3744 1749 vero

464 1807 637 1861 neque
665 1792 815 1861 juxta
847 1809 965 1848 eam
997 1810 1115 1863 qum
1148 1795 1200 1848 in
1242 1797 1422 1849 multis
1454 1798 1769 1868 intelligitur
1797 1799 2045 1867 gratiam,

2162 1787 2275 1842 loco
2298 1796 2443 1841 tanta
2470 1795 2524 1841 et
2553 1787 2676 1841 talia
2700 1785 3051 1855 proferemus,
3083 1796 3143 1839 ut
3164 1785 3209 1839 si
3233 1801 3345 1840 non
3368 1788 3509 1854 ipsos
3539 1787 3743 1840 calum-

464 1883 554 1938 sed
592 1883 750 1954 juxta
798 1885 1085 1951 quamdam
1138 1888 1519 1948 excellentem.
1570 1890 1863 1943 secundum
1894 1904 2054 1959 quam

464 1973 625 2028 etiam
684 1974 908 2029 adnnari
949 1976 1175 2031 dicimus
1225 1988 1476 2047 utrasque
1515 1991 1749 2043 naturas,
1795 1992 1847 2035 et
1898 1998 2055 2037 unam

464 2065 610 2134 iuxta
641 2066 1019 2122 adunationem
1048 2067 1290 2123 eductam
1335 2083 1455 2124 esse
1504 2085 1807 2139 personam.
1849 2091 1867 2123 ι
1922 2073 2057 2128 Ecce

466 2161 590 2215 dum
644 2160 892 2215 volumus
936 2163 951 2192 ί
998 2160 1139 2216 aliud
1186 2178 1371 2216 eorum
1425 2165 1758 2220 mendacium
1806 2166 2051 2235 prodere,

467 2250 628 2305 etiam
658 2264 848 2305 omnes
892 2252 1000 2318 hic,
1049 2263 1138 2305 aut
1168 2266 1305 2322 pene
1332 2267 1543 2318 omnes,
1584 2268 1769 2321 eorum
1802 2255 2057 2312 adversus

466 2342 808 2398 Theodorum
839 2344 906 2399 de
936 2344 1303 2402 incarnatione
1329 2344 1530 2401 Christi
1570 2348 1870 2412 calumnias
1898 2349 2057 2405 vide-

467 2450 584 2489 mus
611 2436 875 2490 exclusos.
902 2436 1035 2491 Nam
1057 2447 1309 2492 accusant
1331 2453 1454 2493 eum
1476 2438 1573 2503 illi,
1610 2440 1751 2510 quod
1786 2440 2055 2497 hominem

470 2542 658 2595 purum
695 2528 890 2583 dixerit
934 2530 1226 2585 Christum.
1279 2531 1396 2601 Ipse
1426 2542 1605 2588 autem
1654 2534 1821 2589 dicit;
1876 2554 1894 2586 r
1932 2536 2058 2592 Sive

469 2620 797 2683 conversari,
830 2620 943 2675 sive
984 2622 1260 2690 baptizari,
1303 2622 1414 2677 sive
1444 2624 1684 2695 crucifigi
1708 2667 1723 2690 ,
1753 2627 1867 2682 sive
1898 2631 2053 2697 mori,

469 2714 580 2766 sive
610 2710 821 2780 sepeliri
855 2722 906 2767 et
933 2726 1235 2783 resurgere,
1264 2728 1369 2770 non
1394 2730 1527 2784 puro
1550 2716 1710 2772 alicui
1742 2720 1856 2773 haec
1889 2734 2055 2789 coap-

470 2811 643 2855 tantes
676 2801 879 2856 homini
927 2803 1175 2859 dicimus.
1216 2824 1235 2857 ι
1272 2806 1325 2861 Si
1365 2816 1544 2861 autem
1576 2822 1679 2863 non
1723 2824 1854 2879 puro
1898 2812 2055 2867 alicui

472 2892 673 2947 homini
723 2893 837 2949 lucc
866 2902 1101 2964 coaptat,
1136 2895 1295 2967 igitur
1324 2896 1485 2952 etiam
1519 2898 1686 2955 Deum
1718 2904 2053 2970 conversari,

468 2994 523 3043 et
551 2985 828 3054 baptizari,
858 2995 914 3041 et
940 2986 1201 3057 cruciﬁgi,
1242 2998 1297 3043 et
1328 2990 1484 3059 mori,
1518 3001 1571 3046 et
1602 2991 1837 3060 sepeliri,
1873 3003 1927 3048 et
1975 3010 2057 3049 re-

473 3090 691 3147 surgere
722 3076 916 3132 fatetur
943 3078 994 3132 in
1017 3093 1179 3134 carne
1208 3090 1477 3150 suswpta,
1506 3098 1765 3153 suamque
1790 3086 2054 3140 sollicitu-

2164 1880 2344 1935 niosos
2394 1889 2555 1949 atque
2598 1879 2832 1943 fallaces,
2873 1879 3006 1933 alios
3033 1888 3180 1934 certe
3212 1881 3483 1948 poeniteat,
3531 1880 3622 1948 qui
3665 1881 3747 1935 eis

2161 1972 2320 2028 facile
2345 1972 2706 2027 crediderunt.
2742 1970 2870 2037 Quis
2900 1981 3075 2025 autem
3106 1986 3529 2027 commemorare
3554 1972 3746 2040 possit,
3784 1970 3823 2003 θ

2161 2078 2250 2118 aut
2298 2080 2483 2119 eorum
2515 2080 2706 2119 omnes
2737 2064 3019 2131 falsitates,
3074 2074 3165 2118 aut
3212 2066 3387 2120 omnia
3419 2082 3538 2136 quae
3570 2067 3623 2118 in
3654 2066 3749 2121 illo

2162 2160 2297 2213 libro
2323 2173 2510 2228 sparsa
2541 2168 2690 2224 sunt,
2723 2158 2789 2212 ad
2813 2159 3113 2227 augendum
3143 2160 3346 2213 crimen
3376 2159 3542 2227 ipsius
3571 2159 3749 2214 Theo-

2161 2252 2297 2314 dori,
2327 2259 2380 2306 et
2406 2252 2644 2319 epistola:
2676 2251 2779 2306 Iba:
2822 2250 2875 2305 in
2908 2266 3008 2318 qua
3054 2251 3295 2306 laudatus
3325 2260 3428 2318 est,
3458 2263 3511 2305 ut
3541 2266 3608 2306 ex
3645 2252 3748 2307 hoc

2162 2360 2365 2413 magna:
2396 2344 2602 2416 synodo
2632 2347 2983 2400 suscitaretur
3028 2346 3242 2411 invidia,
3276 2345 3416 2413 quod
3459 2360 3576 2399 eam
3618 2360 3747 2415 pro-

2161 2438 2433 2492 nuntiavit
2473 2437 2870 2491 orthodoxam?
2910 2436 3038 2491 Nam
3072 2438 3185 2492 sive
3215 2454 3335 2491 cum
3378 2438 3628 2503 Nestorii,
3662 2441 3749 2493 vel

2161 2529 2340 2584 nescio
2369 2528 2522 2598 cujus
2547 2528 2694 2599 Cyri,
2740 2530 2853 2584 sive
2883 2545 3003 2584 cum
3034 2530 3254 2584 Joannis
3285 2530 3459 2585 Graeci
3493 2530 3513 2561 ⁸
3543 2530 3749 2585 faciunt

2160 2621 2509 2685 mentionem,
2554 2621 2743 2675 nolunt
2768 2636 2861 2675 eos
2892 2622 3009 2676 sine
3038 2621 3120 2675 his
3146 2622 3456 2684 conviciari,
3484 2622 3598 2676 sive
3625 2639 3749 2678 cum

2162 2713 2463 2767 testimonia
2511 2714 2787 2782 proferunt
2822 2714 3059 2779 Patrum,
3091 2714 3279 2768 nolunt
3329 2729 3422 2769 eos
3464 2716 3585 2770 sine
3614 2717 3750 2770 alte-

2161 2808 2273 2863 rius
2293 2823 2482 2862 corum
2508 2808 2900 2887 vituperatione
2922 2808 3161 2862 laudare.
3188 2807 3381 2861 Adhuc
3400 2819 3579 2862 tamen
3603 2809 3750 2862 aliud

2158 2917 2413 2972 magnum
2447 2917 2512 2956 ac
2542 2902 2737 2972 duplex
2778 2916 2963 2956 eorum
2995 2901 3335 2955 mendacium
3382 2900 3750 2969 publicamus:

2159 2996 2299 3065 quod
2327 2994 2765 3051 Chalcedonense
2785 2995 3093 3059 concilium,
3117 3009 3222 3049 non
3250 2995 3503 3065 Ephesini
3523 3003 3750 3059 tantum,

2161 3103 2347 3142 verum
2372 3087 2534 3140 etiam
2562 3087 2726 3156 ipsius
2754 3086 3213 3141 Chalcedonensis
3233 3085 3435 3154 judicio
3459 3087 3630 3141 videri
3660 3104 3750 3140 no-

468 3169 649 3225 dinem
683 3179 1022 3226 monstrans:
1056 3192 1075 3223 ι
1108 3172 1219 3228 Hoc
1244 3174 1407 3239 enim,
1436 3175 1703 3245 inquit,in
1737 3193 1945 3247 unaqua
1970 3195 2054 3247 ευρ
2084 3172 2127 3233 C
2167 3179 2328 3233 tahile
2356 3178 2659 3245 voluerunt,
2688 3178 2960 3233 dicentes:
3011 3198 3030 3229 ι
3063 3178 3334 3233 Theodori
3366 3177 3673 3247 symbolum
3702 3190 3751 3234 et

469 3263 731 3316 dictorum
764 3262 1225 3323 demonstratione
1278 3267 1480 3329 addere
1526 3286 1631 3324 non
1665 3286 1959 3334 moramur,
2004 3284 2061 3325 ut

473 3354 671 3407 nullam
725 3355 1181 3412 calumniantibus
1233 3361 1567 3426 prmbeatnus
1619 3363 1759 3417 male
1808 3362 2059 3431 loquendi

475 3446 830 3503 occasionem.
868 3468 885 3500 ι
919 3449 983 3503 Et
1016 3464 1190 3519 neque
1212 3449 1293 3505 sic
1316 3461 1594 3521 amputare
1621 3455 1793 3523 potuit
1819 3459 2062 3510 occasio-

475 3554 593 3593 nem
626 3540 990 3610 qutcrentibus
1036 3543 1395 3599 occasionem.
1450 3544 1579 3599 Item
1633 3560 1887 3600 accusant
1937 3563 2058 3601 cum

476 3629 572 3699 illi,
597 3630 738 3700 quod
783 3630 996 3687 beatam
1040 3633 1261 3691 Mariam
1295 3635 1458 3690 Deum
1486 3638 1738 3706 genuisse
1769 3638 2057 3708 negaverit.

476 3724 593 3792 Ipse
623 3732 800 3779 autem
830 3724 959 3779 dicit
986 3726 1129 3794 quod
1161 3727 1228 3782 ab
1254 3725 1366 3795 ipsa
1391 3728 1445 3782 in
1474 3737 1624 3785 utero
1654 3731 1675 3761 ¹
1710 3729 2061 3799 plasmatione

475 3811 617 3870 Deus
645 3813 876 3871 Verbum
897 3815 1189 3873 adunatum
1221 3817 1323 3873 sibi
1350 3817 1625 3876 hominem
1654 3821 2057 3887 iuhabitaverit,

475 3906 769 3963 secundum
807 3908 949 3976 quod
988 3910 1311 3981 evangelista
1352 3912 1525 3967 dicit:
1571 3911 1793 3967 Verbum
1822 3931 1947 3969 caro
1977 3916 2061 3984 [a-

474 4008 612 4051 ctum
651 4009 763 4069 est,
782 4008 830 4052 et
861 4000 1105 4055 habitavit
1146 4001 1198 4054 in
1226 4001 1369 4055 nobis
1399 4001 1581 4072 (Ιοαη.
1607 4019 1645 4069 ι,
1677 4002 1788 4072 14).
1820 4005 1949 4061 Item
1975 4021 2063 4060 ac-

477 4104 673 4147 cusant
724 4107 853 4147 eum
912 4092 985 4147 illi
1038 4092 1180 4162 quod
1218 4095 1299 4148 sic
1336 4094 1606 4151 habitasse
1653 4096 1848 4152 dixerit
1896 4097 2058 4152 Deum

408 4196 415 4203 ί
478 4182 708 4238 Verbum
738 4183 790 4238 in
829 4197 1104 4254 assumpta
1131 4185 1362 4242 hominis
1390 4196 1600 4253 natura,
1635 4189 1773 4244 sicut
1805 4190 2062 4245 habitavit

473 4280 525 4332 in
576 4279 757 4335 multis
799 4280 1001 4335 sanctis
1028 4288 1187 4349 atque
1229 4281 1523 4351 prOphetis,
1575 4300 1679 4338 non
1712 4294 1769 4338 ut
1815 4286 2061 4341 adunatis

474 4371 712 4442 utrisque
745 4371 947 4426 naturis
972 4387 1074 4427 una
1106 4372 1258 4427 ﬁeret
1284 4390 1349 4429 ex
1380 4389 1563 4431 carum
1591 4377 1915 4433 adunatione
1943 4395 2061 4447 per-

469 4480 622 4517 sona.
662 4464 776 4533 Ipse
804 4474 982 4519 autem
1015 4462 1147 4518 dicit
1177 4480 1304 4520 eum
1344 4481 1449 4522 non
1481 4468 1774 4525 secundum
1822 4485 2058 4525 commu-

2168 3274 2218 3327 itt
2257 3272 2469 3341 Epheso
2498 3272 2599 3326 sub
2626 3281 2812 3325 sancto
2838 3271 3039 3342 Cyrillo
3064 3271 3322 3341 synodus,
3353 3280 3408 3325 et
3436 3272 3488 3325 in
3522 3272 3751 3327 Chalce-

2164 3364 2307 3418 done
2337 3363 2865 3428 condemnaverunt,
2908 3372 3069 3433 atque
3109 3363 3441 3418 anathemati
3492 3364 3751 3418 subdide-

2166 3467 2287 3512 runt
2309 3472 2433 3511 cum
2456 3456 2827 3526 conscriptore
2854 3457 3010 3523 ejus;
3044 3475 3061 3508 ι
3094 3471 3213 3510 cum
3256 3456 3308 3509 ia
3356 3454 3625 3524 Ephesius
3668 3469 3752 3525 sy-

2166 3548 2305 3604 nodo
2336 3556 2361 3585 ·
2400 3548 2666 3603 referatur
2705 3547 2921 3617 quidam
2956 3546 3175 3600 nomine
3202 3544 3500 3610 Charisius,
3534 3545 3751 3614 presby-

2166 3654 2247 3699 ter
2279 3651 2331 3697 ct
2362 3654 2675 3697 oeconomus
2716 3638 3126 3707 Philadelplt'm,
3176 3638 3360 3692 nescio
3406 3651 3541 3705 quos
3588 3638 3750 3690 Anto-

2166 3736 2310 3788 nium
2334 3747 2387 3789 et
2417 3734 2677 3789 Jacohum
2709 3731 3054 3802 presbyteros
3084 3742 3370 3784 accusasse
3397 3729 3463 3782 de
3492 3727 3751 3782 societate

2166 3827 2413 3892 Nestorii,
2443 3837 2497 3882 et
2522 3826 2770 3881 docuisse
2798 3823 2938 3891 quod
2982 3836 3085 3897 non
3117 3821 3374 3875 Ecclesiae
3418 3819 3746 3890 symbolum,

2165 3921 2260 3974 sed
2294 3918 2432 3973 aliud
2458 3958 2473 3984 ,
2523 3915 2800 3971 conversis
2827 3911 3411 3968 Tessarcscazdecatitis
3460 3911 3743 3975 haereticis,

2163 4010 2252 4079 qni
2284 4024 2389 4063 non
2413 4023 2534 4063 cum
2561 3987 2824 4071 Ecclesia,
2848 4004 2943 4058 sed
2966 4001 3366 4072 quartadecima
3397 4001 3518 4053 luna
3552 4001 3747 4070 pascha

2165 4105 2527 4165 celebrabant,
2561 4098 2928 4161 tradiderunt;
2962 4109 3060 4150 nec
3084 4096 3151 4147 ibi
3177 4095 3404 4158 dicatur,
3425 4094 3511 4146 vel
3538 4094 3610 4145 ab
3636 4094 3750 4159 ipso

2162 4195 2429 4259 Charisio,
2453 4193 2539 4248 vel
2577 4206 2607 4245 a
2650 4205 2942 4260 quoquam,
2974 4187 3106 4242 illud
3130 4186 3434 4257 symbolum
3480 4182 3751 4236 Theodori

2165 4287 2349 4342 fuisse.
2398 4287 2589 4339 Beatus
2629 4282 2862 4350 Cyrillos
2907 4280 3149 4334 scribi-ns
3179 4275 3544 4331 Orientafibus
3574 4275 3741 4327 dict:

2170 4396 2189 4429 ι
2227 4378 2435 4431 Prolata
2467 4383 2551 4429 est
2607 4374 2657 4427 in
2708 4383 2889 4427 sancta
2938 4367 3141 4438 synodo
3175 4365 3440 4435 Ephesina
3486 4363 3749 4428 deﬁnitio,

2165 4470 2328 4524 veluti
2374 4482 2404 4520 a
2451 4466 2736 4521 Theodoro
2775 4462 3035 4531 deposita,
3083 4459 3240 4513 sicuti
3286 4457 3579 4512 oder-entes
3608 4454 3753 4507 dice-

473 4574 594 4617 nem
626 4557 1009 4614 habitationem
1042 4558 1402 4626 inhabitasse,
1450 4563 1546 4618 sed
1591 4563 1740 4631 juxta
1771 4564 2055 4633 quamdam
2090 4564 2135 4622 D
2164 4562 2328 4626 bant;
2375 4581 2391 4612 ι
2446 4574 2544 4615 nec
2589 4560 2821 4612 afﬁrmat
2847 4571 2965 4610 eam
3022 4552 3290 4607 Theodori
3325 4550 3532 4614 fuisse;
3568 4564 3753 4603 verum

466 4649 840 4715 excellentem,
868 4651 1165 4706 secundum
1193 4667 1350 4722 quam
1384 4653 1545 4708 etiam
1575 4653 1797 4708 adunari
1830 4656 2054 4711 dicimus

467 4751 722 4811 utrasque
761 4752 975 4798 naturas
998 4784 1014 4810 ,
1048 4752 1101 4799 ct
1149 4758 1308 4799 unam
1341 4744 1487 4814 juxta
1519 4745 1895 4800 adunationem
1929 4747 2057 4803 effe-

467 4842 611 4887 ctam
639 4848 759 4888 esse
783 4847 1088 4901 personam.
1118 4834 1219 4890 Ubi
1246 4836 1406 4890 simul
1434 4845 1485 4891 et
1516 4836 1642 4890 illud
1673 4837 1916 4891 attendat
1946 4839 2056 4905 pie-

469 4933 549 4977 tas
567 4927 1029 4994 vestra,quoniam
1057 4926 1344 4983 conﬁctam
1361 4927 1382 4958 ³
1402 4927 1468 4982 de
1499 4927 1656 4982 beato
1686 4928 1885 4992 Leone,
1911 4930 2052 4996 quod

467 5016 808 5071 Theodorum
858 5016 1053 5073 dixerit
1091 5018 1366 5074 doctorem
1401 5019 1563 5074 fuisse
1634 5017 1887 5074 Nestorii.
1922 5020 2051 5074 Nam

466 5122 588 5161 com
621 5108 760 5162 idem
816 5110 1003 5163 beatus
1032 5108 1140 5164 Leo
1186 5110 1429 5165 scribens
1460 5110 1691 5166 Maximo
1718 5112 2056 5167 Antiocbetto

468 5198 661 5271 (Epist.
690 5197 783 5270 66)
807 5199 995 5256 doceat
1024 5201 1279 5271 quoniam
1299 5203 1585 5257 catholica:
1614 5202 1736 5256 tidoi
1766 5212 1936 5272 petra,
1967 5217 2061 5254 cu-

539 5393 564 5420 ι
603 5385 735 5450 Qum
766 5384 851 5438 hic
890 5394 1171 5438 narrantur
1202 5389 1411 5435 exstant
1451 5380 1502 5433 in
1550 5379 1759 5433 actione
1788 5376 1820 5427 6
1856 5378 2047 5446 synodi

467 5449 772 5523 Epltemttm,
804 5470 923 5508 cum
949 5455 1194 5519 exemplo
1216 5455 1455 5511 ἐκθέσεως
1478 5456 1568 5505 τοῦ
1601 5449 2049 5523 πᾳρᾳπλασθὲντος

468 5528 749 5596 συμϐόλου,
781 5526 1044 5594 depravati
1075 5526 1226 5588 huius
1249 5522 1496 5592 symboli;
1524 5522 1683 5591 quod
1706 5533 1888 5573 rursus
1925 5522 2046 5585 logi-

542 5686 556 5715 ⁸
597 5683 727 5739 Cod.
768 5684 992 5743 Veron,
1025 5682 1297 5735 rr-Inimus.

540 5758 558 5785 ²
603 5756 741 5808 ltlcm
772 5756 915 5816 cod..
949 5769 1089 5808 utero
1123 5753 1317 5807 malris.

539 5825 561 5857 ³
598 5826 738 5881 ldum
772 5826 917 5894 cod.,
949 5827 1222 5894 ceu/istum
1253 5833 1348 5878 est.

2170 4668 2344 4722 neque
2371 4666 2490 4705 cum
2506 4650 2620 4720 ejus
2644 4647 3034 4717 conscriptore,
3054 4654 3110 4697 ut
3133 4642 3219 4698 isti
3243 4641 3581 4711 cantitgunt,
3598 4640 3754 4693 refert

2166 4760 2285 4798 esse
2325 4746 2657 4805 damnatam,
2690 4741 2813 4808 quia
2842 4748 2898 4793 et
2943 4752 3041 4790 nec
3080 4735 3224 4805 juste
3275 4736 3447 4788 tieret.
3482 4731 3589 4786 Lex
3624 4732 3754 4783 enim

2165 4847 2360 4898 nostra,
2391 4834 2531 4888 sicut
2560 4834 2613 4885 in
2645 4831 2931 4899 Evangelio
2964 4832 3221 4897 scriptum
3271 4835 3372 4890 est,
3405 4843 3511 4879 non
3550 4826 3755 4893 judico:

2165 4926 2438 4992 hominem,
2467 4924 2564 4977 nisi
2587 4923 2808 4977 audierit
2839 4922 2907 4975 ab
2941 4937 2999 4975 eo
3031 4920 3194 4987 prius,
3221 4930 3267 4972 et
3311 4918 3607 4987 cognoverit
3636 4917 3754 4984 quid

2164 5018 2317 5087 faciat
2347 5013 2523 5087 (Joau.
2546 5030 2637 5079 vit,
2662 5013 2776 5082 51).
2811 5012 3019 5065 Falsum
3050 5025 3179 5080 ergo
3199 5020 3348 5064 estet
3384 5008 3529 5078 quod
3556 5010 3689 5063 dixit
3709 5008 3750 5077 ⁸,

2164 5106 2305 5175 apud
2335 5106 2596 5170 synodum
2638 5104 2961 5174 Ephesinam
3001 5100 3270 5156 Theodori
3296 5100 3605 5170 symbolum
3628 5114 3749 5154 cum

2170 5216 2270 5256 suo
2305 5199 2569 5266 scriptore
2601 5197 2931 5250 damnatum.
2972 5193 3025 5248 In
3067 5192 3413 5248 Chalcedone
3445 5192 3608 5247 ctiam
3649 5206 3751 5246 non

2158 5383 2240 5430 tur
2272 5378 2322 5429 in
2369 5375 2575 5445 synodo
2610 5390 2637 5423 v
2669 5375 2942 5445 generali,
2970 5372 3183 5445 actione
3211 5374 3261 5425 6.
3298 5370 3372 5424 De
3403 5370 3597 5425 eoriem
3642 5387 3739 5424 no-

2156 5459 2265 5502 ster
2298 5448 2487 5501 iterum
2520 5461 2638 5513 cap.
2674 5446 2705 5497 ἑ)
2736 5444 2891 5512 hujus
2924 5444 3067 5497 libri.

2230 5668 2250 5699 ⁸
2293 5669 2345 5720 ln
2375 5667 2577 5727 codice,
2606 5665 2722 5717 loco
2748 5671 2840 5720 τυῦ
2863 5664 3059 5725 ϐναέἱ,
3099 5663 3319 5716 habetur
3349 5659 3492 5713 aliud
3527 5658 3748 5714 verbum

2126 5734 2133 5743 ’
2158 5742 2411 5801 deletum,
2444 5738 2595 5804 Cujus
2625 5736 2703 5788 Iit:
2737 5746 3022 5802 postrema:
3053 5734 3242 5788 littera:
3272 5742 3654 5802 apparent.....
3682 5741 3744 5783 te.

2228 5812 2248 5841 ⁵
2290 5811 2430 5865 Idem
2464 5808 2609 5876 cod.,
2640 5807 2775 5875 quod
2803 5807 3062 5861 dixerunt.
