3974 6330
233 368 342 423 589

1125 362 1250 424 Ριιο
1289 366 1714 424 υιῑιεῈΝδιυΝιι
1756 367 1969 422 TRIUM
2010 366 2325 423 CAPITUL.
2366 367 2486 421 LIB.
2533 360 2615 420 ιιι.

3422 363 3523 418 5Γο

229 482 358 536 alibi
390 461 889 538 mentiu'l‘heodori
921 482 1061 539 facta
1088 494 1192 550 est,
1223 483 1323 538 nisi
1354 482 1443 537 ubi
1497 497 1561 537 es
1595 480 1819 550 epistola
1855 483 1902 538 Α
1927 489 2054 548 gnat
2093 479 2132 541 ί,
2165 477 2254 547 qui
2303 477 2545 531 scribens
2593 473 2840 531 iuvenali
2896 475 3384 547 ttierosolymitano
3410 474 3528 544 epi-

235 573 560 629 venerabilis
585 572 690 628 ibas
715 576 998 629 recitatum
1012 583 1095 630 est
1119 589 1315 631 nomen
1335 574 1473 643 ejus.
1494 573 1834 644 Cognoseant

237 667 424 736 itaque
472 679 534 719 se
565 664 700 720 nihil
732 665 848 722 suis
888 667 1324 736 subreptionihus
1372 665 1683 738 profecisse,
1715 666 1833 736 qui-

231 758 342 814 bus
368 755 619 812 obtinere
645 758 824 812 conati
853 766 977 812 sunt
1010 769 1066 812 ut
1090 757 1548 814 Chalcedonensis
1596 756 1833 828 synodus

227 847 334 902 sibi
389 846 658 900 contraria
706 844 1000 914 videretur,
1052 847 1360 917 approbans
1392 847 1677 916 epistolam
1721 848 1836 901 lau-

231 937 456 991 dantem
481 933 852 1002 Theodorum,
885 952 1046 1007 quem
1073 953 1196 994 eum
1227 936 1473 1008 symbolo
1498 937 1835 994 damnaverit

233 1045 361 1084 suo.
389 1029 472 1084 Ex
499 1029 584 1083 bis
612 1028 828 1098 quidem
861 1031 993 1086 satis
1020 1045 1289 1102 superque
1332 1031 1631 1102 produntur
1658 1031 1833 1085 fauto—

237 1137 330 1176 res
365 1121 768 1188 haereticorum,
820 1122 958 1176 sicut
1010 1123 1288 1192 epistolam
1340 1121 1662 1178 venerabilis
1709 1121 1833 1183 Ihm,

228 1215 300 1266 ita
335 1212 495 1266 etiam
531 1210 876 1266 Theodorum
926 1212 1359 1283 Mopsuestenum
1386 1213 1730 1283 episcopum,
1781 1212 1835 1265 in

229 1304 654 1360 desmtctiooem
686 1304 877 1374 synodi
909 1305 1368 1360 Chalcedonensis
1398 1315 1452 1361 et
1477 1306 1819 1360 decretorum

233 1409 391 1464 papae
426 1395 642 1458 Leonis,
681 1409 712 1448 a
744 1409 849 1465 quo
879 1395 1121 1464 ejusdem
1152 1397 1342 1468 synodi
1391 1404 1539 1467 gesta
1581 1407 1704 1452 sunt
1732 1409 1826 1464 ap-

232 1486 484 1554 probata,
513 1485 838 1540 anathemati
887 1486 1216 1543 subdidisse.

860 1617 1088 1674 CAPUT
1122 1618 1206 1673 Ill.

229 1711 384 1781 Quod
436 1709 762 1765 Theodorum
814 1711 1047 1782 imperite
1086 1722 1334 1779 arguant,
1380 1712 1524 1781 quod
1572 1709 1836 1765 Christum

301 1784 357 1836 in
389 1783 624 1848 passione
667 1781 974 1852 formidasse
1004 1791 1050 1835 et
1105 1782 1364 1835 turbatum
1407 1783 1569 1851 fuisse
1622 1783 1835 1849 dixerit,

1938 584 2102 643 scopo
2129 571 2258 624 dicit
2301 568 2490 639 (Epist.
2517 570 2610 638 78)
2650 587 2661 620 :
2701 592 2718 620 ι
2765 569 2925 624 Utere
2976 569 3155 638 igitur,
3205 568 3370 623 frater
3398 567 3528 642 cita-

1941 660 2177 725 rissime,
2214 661 2581 715 invictissimis
2615 661 2895 716 catholicae
2927 659 3050 716 ﬁdei
3082 660 3443 725 documentis,
3477 669 3530 714 et

1937 752 2384 822 evangelistaruni
2442 750 2878 821 praedicationem
2929 765 3237 806 sanctorum
3288 752 3526 806 locorum

1938 840 1993 894 in
2038 843 2230 909 quibus
2267 841 2416 910 degis
2449 840 2829 896 testiﬁcatione
2866 841 3114 896 defende.
3164 841 3317 911 Apud
3349 850 3400 897 te
3444 852 3530 896 est

1942 933 2238 1003 Bethleem,
2272 935 2325 988 in
2355 949 2459 1006 qua
2489 933 2736 990 salutifer
2769 934 3031 990 Davidica:
3067 934 3298 1004 Virginis
3342 945 3528 1004 partus

1941 1027 2146 1097 illuxit,
2169 1043 2287 1099 quae
2319 1028 2613 1084 involutum
2647 1029 2837 1099 pannis
2863 1029 3001 1084 inter
3031 1029 3306 1098 angustias
3353 1027 3530 1082 diver-

1939 1120 2066 1174 sorii
2093 1133 2333 1187 prmsepe
2362 1119 2618 1188 suscepit.
2652 1118 2806 1188 Apud
2840 1127 2891 1172 te
2920 1125 3003 1173 est
3045 1119 3314 1173 declarata
3341 1116 3410 1170 ab
3435 1131 3528 1169 an-

1939 1211 2089 1278 gelis,
2123 1209 2343 1263 adorata
2383 1227 2412 1262 a
2443 1211 2632 1280 magis,
2674 1219 2726 1265 et
2773 1225 2870 1278 per
2915 1211 3206 1265 multorum
3251 1209 3529 1263 infantium

1941 1312 2144 1358 mortes
2173 1303 2240 1356 ab
2268 1302 2484 1357 llcrode
2517 1305 2739 1372 quaesita
2772 1303 3067 1359 Salvatoris
3101 1300 3345 1358 infantia.
3376 1301 3530 1371 Apud

1945 1403 1996 1449 te
2027 1403 2139 1457 est.
2176 1394 2265 1469 ubi
2315 1393 2536 1461 pueritia
2569 1395 2689 1463 ejus
2720 1393 2973 1461 adolevit,
3023 1393 3109 1448 ubi
3165 1392 3527 1447 adolescentia

1944 1487 2250 1552 maturavit,
2307 1495 2362 1540 ct
2418 1500 2512 1553 per
2541 1485 2720 1540 omnia
2760 1489 2780 1517 ²
2813 1487 3143 1541 incrementa
3176 1499 3434 1554 corporea
3483 1483 3532 1538 in

1950 1579 2120 1633 virum
2168 1581 2456 1647 perfectum
2489 1582 2598 1635 veri
2651 1581 2884 1635 hominis
2925 1588 3112 1634 natura
3143 1579 3390 1650 profecit,
3426 1592 3530 1630 non

1944 1676 2062 1729 sine
2105 1675 2226 1730 cibo
2271 1675 2610 1736 esuritionis.
2644 1692 2750 1731 non
2796 1676 2914 1732 sine
2943 1691 3133 1732 somno
3175 1675 3394 1746 quietis,
3428 1689 3532 1728 non

1945 1765 2062 1820 sine
2093 1765 2220 1820 ﬂetu
2266 1767 2659 1835 miseratioiiis,
2691 1781 2790 1823 nec
2833 1767 2950 1823 sine
2981 1781 3180 1837 pavore
3209 1764 3533 1819 formidinis.

301 1871 420 1933 c_um_
447 1853 680 1912 Christus
712 1864 759 1907 et
802 1865 1054 1923 martyres
1085 1855 1152 1906 art
1198 1863 1410 1907 mortem
1435 1870 1488 1909 re
1533 1856 1644 1922 ipsa
1679 1853 1833 1922 trepi-
1868 1876 1910 1933 Β
1951 1855 2097 1912 Unus
2129 1856 2271 1911 enim
2303 1867 2464 1927 atque
2501 1858 2636 1913 idem
2668 1869 2772 1927 eSt,
2803 1859 2896 1928 qui
2922 1866 2977 1914 et
3009 1859 3061 1912 in
3092 1858 3183 1913 Dei
3215 1858 3381 1912 forma
3405 1870 3532 1926 ope-

301 1925 501 1980 darint.

304 2031 460 2090 Nunc
486 2031 574 2088 illa
608 2031 945 2103 proferamus
981 2032 1034 2088 in
1063 2033 1258 2103 quibus
1281 2033 1444 2089 etiam
1477 2032 1615 2088 beati
1647 2031 1832 2102 Cyrilli

229 2126 608 2183 testimonium
642 2140 743 2180 suo
779 2125 1186 2180 convincuntur
1225 2126 1569 2196 impugnasse
1607 2124 1834 2194 judicio.

233 2216 374 2274 Nam
418 2215 753 2272 afﬁrmantes
780 2216 953 2286 ipsum
981 2231 1104 2273 esse
1135 2227 1410 2274 auctorem
1458 2217 1642 2272 nescio
1682 2216 1837 2284 cujus

235 2310 426 2382 operis
451 2320 504 2378 ι,
539 2311 591 2366 in
620 2325 725 2381 quo
754 2311 928 2380 aliqua
958 2310 1130 2366 sancti
1163 2310 1379 2366 Diodori
1408 2307 1690 2364 Tarsensis
1718 2309 1838 2378 epi—

227 2405 382 2474 se0pi
422 2419 488 2461 ac
516 2405 787 2460 Theodori
827 2403 970 2460 dicta
995 2404 1297 2474 culpantur,
1332 2416 1530 2472 negare
1571 2419 1677 2458 non
1711 2419 1834 2472 pos-

225 2508 358 2556 sunt
378 2498 514 2569 quin
547 2498 618 2554 ibi
648 2498 848 2554 dixerit
879 2515 896 2553 :
933 2515 952 2549 ι
985 2497 1182 2568 Scripti
1212 2509 1341 2554 sunt
1369 2513 1399 2552 a
1433 2511 1628 2568 magno
1654 2497 1836 2554 Theo-

229 2590 370 2646 doro
395 2590 656 2645 adversus
679 2591 1002 2646 Arianorum
1025 2599 1082 2646 et
1105 2589 1568 2645 Eunomianorum
1600 2587 1837 2644 hmreses

231 2683 421 2754 viginti
437 2681 576 2738 forte
597 2691 651 2738 et
675 2683 852 2738 adhuc
878 2683 1105 2750 amplius
1131 2680 1274 2748 libri,
1299 2693 1349 2737 et
1371 2682 1474 2735 alia
1507 2689 1701 2750 praeter
1716 2679 1832 2736 hinc

230 2774 545 2844 evangelica
575 2782 633 2830 et
661 2775 961 2844 apostolica
993 2774 1193 2844 scripta
1222 2775 1608 2843 interpretatus
1636 2781 1736 2828 est.
1773 2772 1842 2826 Et

235 2867 339 2935 hos
364 2865 588 2937 quidem
635 2865 850 2922 labores
879 2864 1062 2920 nullus
1090 2878 1252 2920 ausus
1282 2874 1365 2920 est
1414 2865 1716 2935 increpare,
1743 2865 1836 2918 sed

232 2957 433 3014 dextro
459 2956 680 3013 decreto
715 2957 983 3012 honorare
1011 2957 1248 3011 studium
1293 2967 1563 3011 rectorum
1610 2956 1838 3024 dogma-

231 3063 350 3107 turu
377 3051 524 3120 quod
558 3051 611 3105 in
639 3050 717 3106 eis
745 3059 848 3105 est.
894 3070 910 3101 ι
948 3049 1037 3104 lsti
1066 3063 1195 3105 vero
1229 3065 1260 3104 e
1283 3049 1560 3104 contrario
1589 3049 1838 3105 eumdem

237 3144 591 3202 Theodorum
623 3143 678 3201 in
726 3142 1000 3214 Evangelii
1035 3142 1374 3212 expositione
1407 3141 1835 3212 reprehendunt,

1941 1959 2092 2005 ratus
2118 1959 2200 2004 est
2229 1951 2484 2006 miracula
2514 1966 2705 2022 magna
2734 1953 2970 2019 virtutis,
3001 1962 3055 2007 et
3084 1953 3138 2006 in
3186 1951 3359 2007 forma
3390 1951 3532 2006 servi

1942 2041 2110 2096 subiit
2136 2042 2398 2096 saevitiam
2432 2044 2718 2112 passionis.
2756 2062 2774 2095 ι
2810 2044 2865 2098 Si
2893 2061 3024 2114 ergo
3049 2043 3115 2099 de
3158 2045 3312 2098 nobis
3365 2043 3531 2097 luere-

1943 2131 2035 2187 tici
2062 2143 2311 2203 quaerunt
2341 2149 2438 2188 cur
2469 2149 2576 2189 non
2605 2142 2660 2188 et
2686 2135 2927 2190 Leonem
2957 2134 3376 2190 condemnemus
3401 2149 3531 2204 pra:-

1943 2221 2237 2286 dicantem,
2261 2231 2317 2278 et
2338 2223 2620 2293 praedicari
2650 2237 2950 2296 cogentem,
2977 2227 3119 2294 quod
3148 2225 3395 2280 Christus
3425 2239 3531 2278 noti

1941 2316 2060 2370 sine
2103 2329 2299 2385 pavore
2347 2315 2650 2370 formidinis
2693 2316 2861 2370 subiit
2912 2317 3171 2371 smvitiazn
3236 2317 3533 2386 passionis,

1941 2409 2070 2477 quid
2101 2406 2553 2477 respondebimus
2597 2409 2885 2466 Theodoro
2917 2425 3061 2465 nunc
3106 2395 3200 2481 pro
3235 2411 3324 2465 tah
3353 2410 3372 2441 ³
3400 2426 3533 2465 con-

1941 2499 2177 2556 fessione
2206 2501 2481 2566 damnato,
2515 2503 2617 2556 nisi
2655 2512 2748 2556 aut
2773 2502 2974 2557 Leonis
3003 2517 3124 2559 esse
3153 2503 3301 2558 illam
3333 2504 3534 2571 epistm

1945 2591 2052 2646 lam
2082 2591 2428 2662 denrgemus,
2462 2593 2529 2647 ad
2551 2592 2769 2650 solitum
2801 2594 3144 2653 mendacium
3174 2596 3194 2624 ἰ
3219 2597 3535 2667 confugien-

1943 2693 2025 2738 tes
2054 2682 2338 2750 auxilium,
2376 2692 2470 2739 aut
2508 2695 2565 2740 et
2606 2686 2782 2755 ipsum
2826 2686 3064 2742 Leonem
3101 2704 3221 2742 cum
3251 2689 3292 2742 Τ
3300 2689 3535 2744 heodoro

1944 2775 2308 2830 concedamus
2353 2790 2476 2832 esse
2501 2778 2902 2833 damnandum?
2934 2779 3014 2836 En
3045 2781 3221 2850 qualia
3260 2781 3310 2835 in
3350 2781 3534 2835 defian-

1929 2865 2156 2940 ιεἰοιιεειιι
2196 2867 2412 2923 concilii
2440 2866 2915 2936 Chalcedonensis,
2959 2881 3012 2926 et
3042 2871 3266 2926 finitumi
3317 2871 3536 2947 Leonis,

1945 2960 2256 3029 conscripta
2304 2959 2582 3028 dicuntur,
2629 2978 2748 3032 qua:
2795 2978 2893 3018 nos
2940 2978 3042 3018 suo
3098 2963 3433 3035 pracjudicio,
3485 2979 3537 3019 et

1945 3050 2119 3121 ipsam
2157 3053 2445 3122 synodum,
2485 3063 2541 3109 et
2587 3055 2820 3111 Leonem
2860 3058 3116 3112 damnare
3167 3059 3490 3128 compellunt
3523 3078 3535 3110 ;

1943 3153 2001 3200 et
2029 3145 2120 3216 qui
2153 3161 2250 3215 pro
2275 3147 2370 3202 Dei
2399 3147 2589 3203 timore
2617 3148 2812 3205 talibus
2847 3150 3118 3206 noluerint
3139 3151 3452 3218 admisceri,
3483 3161 3538 3206 et

235 3241 290 3296 in
317 3255 430 3310 quo
457 3238 672 3293 labores
695 3238 835 3308 ejus,
859 3235 1104 3306 quisquis
1134 3243 1220 3292 est
1241 3242 1429 3291 auctor
1461 3234 1606 3289 illius
1635 3234 1838 3304 operis.
1871 3246 1916 3310 ρ
1947 3238 2004 3294 in
2054 3237 2313 3295 Ecciesiae
2370 3239 2681 3310 pra-judicio
2733 3246 3029 3311 composta
3069 3259 3192 3302 esse
3225 3245 3531 3308 docuerint,

235 3331 490 3404 perhibet
509 3330 652 3403 quod
675 3330 854 3386 nullus
881 3344 1045 3384 ausus
1066 3328 1229 3384 fuerit
1253 3326 1561 3397 increpare,
1583 3327 1677 3382 sed
1701 3327 1834 3382 dex-

235 3436 324 3483 tro
355 3425 536 3496 potius
586 3425 854 3478 honorare
897 3421 1154 3476 decreto:
1209 3431 1266 3477 et
1313 3420 1437 3476 hinc
1465 3434 1588 3475 eum
1616 3419 1837 3488 impium

235 3527 459 3581 vocant,
487 3514 632 3586 quod
663 3513 953 3569 Dominum
983 3513 1038 3568 in
1068 3512 1340 3583 passione,
1364 3522 1420 3567 et
1447 3509 1767 3566 formidasse
1787 3508 1836 3576 δ,

233 3620 290 3666 et
313 3608 589 3665 turbatum
614 3619 736 3662 esse
760 3604 980 3673 dixerit,
1011 3605 1085 3660 ita
1116 3614 1173 3660 ut
1203 3604 1306 3659 hoc
1328 3617 1540 3674 quoque
1559 3603 1800 3658 dicerent
1825 3618 1837 3657 :

237 3719 262 3757 ι
300 3702 601 3758 Horremus
623 3699 790 3756 etiam
824 3699 1001 3754 solum
1028 3699 1346 3780 memoriam
1376 3695 1837 3767 blasphemiarum

233 3793 380 3866 ejus,
426 3801 483 3848 et
527 3791 634 3847 Deo
687 3791 1059 3862 supplicamus
1101 3799 1160 3848 ut
1204 3790 1358 3846 nobis
1408 3789 1504 3844 nat
1549 3788 1837 3860 propitius,

231 3885 384 3957 quod
434 3885 656 3939 omnino
692 3883 746 3939 in
779 3883 958 3954 lingua
1013 3883 1140 3938 talia
1172 3882 1506 3938 sustinemus
1535 3889 1842 3936 asserentes

237 3979 515 4049 trepidare
536 3977 589 4034 in
604 3977 854 4046 passione
877 3991 1002 4032 eum
1034 3989 1217 4047 posse,
1246 3974 1337 4046 qui
1367 3973 1480 4029 suis
1508 3971 1722 4028 famulis
1749 3973 1841 4043 qui

239 4081 341 4141 pro
383 4069 505 4140 ejus
534 4069 750 4124 nomine
780 4069 1097 4139 martyrium
1139 4076 1495 4137 susceperunt
1549 4065 1710 4122 talem
1740 4067 1839 4120 do-

241 4163 389 4216 navit
409 4161 662 4230 gratiam,
679 4169 739 4214 ut
757 4174 879 4214 eum
905 4157 1098 4230 gaudio
1119 4166 1174 4212 et
1204 4156 1624 4228 promptitudine
1649 4166 1706 4212 et
1732 4157 1841 4212 ala-

231 4252 434 4307 critate
456 4251 733 4321 passiones
749 4251 994 4306 adirent.
1022 4268 1041 4302 ι
1069 4251 1196 4305 Haec
1215 4257 1394 4305 autem
1417 4249 1766 4320 reprehensio
1787 4260 1846 4306 et

233 4346 535 4403 detestatio
593 4346 921 4415 scriptorum
972 4343 1245 4400 Theodori
1299 4358 1484 4398 sanam
1536 4343 1840 4398 doctrinam

235 4442 378 4497 beati
427 4438 624 4496 Leonis
667 4439 858 4510 synodi
901 4436 1359 4494 Chalcedonensis
1385 4437 1620 4493 auctoris
1669 4436 1843 4507 impu—

1947 3328 2092 3400 digni
2122 3329 2375 3385 dicuntur
2406 3330 2658 3398 “exsilio,
2698 3330 2845 3403 digni
2880 3333 3212 3389 carceribus.
3264 3335 3406 3390 Nihil
3440 3352 3536 3390 au-

1949 3430 2054 3475 tem
2085 3420 2314 3487 mirum;
2357 3437 2479 3476 nam
2514 3421 2635 3477 talia
2669 3439 2885 3492 seraper
2929 3426 3164 3480 mundus
3189 3427 3436 3495 arguenti
3483 3442 3542 3482 so

1949 3511 2202 3568 retribuit
2231 3515 2461 3570 veritati.
2506 3513 2644 3580 Quid
2673 3529 2836 3585 porro
2868 3524 2970 3582 est,
3003 3518 3146 3586 quod
3178 3518 3232 3570 in
3262 3519 3453 3574 eodem
3483 3522 3540 3573 li-

1952 3607 2050 3658 bro
2088 3605 2143 3658 in
2189 3619 2299 3677 quo
2339 3605 2663 3662 Theodorus
2693 3606 2891 3662 dicitur
2919 3609 3118 3665 diaboli
3173 3618 3544 3682 transgressus

1950 3695 2239 3762 insaniam,
2266 3697 2388 3767 quia
2419 3698 2703 3754 Dominum
2730 3711 2974 3756 nostrum
3002 3704 3055 3757 in
3077 3704 3334 3773 passione
3361 3705 3543 3760 formi-

1945 3787 2106 3844 dasse
2134 3796 2190 3844 et
2211 3790 2483 3846 turbatum
2511 3805 2630 3848 esse
2655 3794 2936 3849 centessus
2957 3803 3064 3859 est,
3093 3786 3423 3852 Athanasius
3448 3813 3542 3869 ap-

1952 3883 2231 3952 probatur,
2278 3885 2422 3953 quod
2471 3883 2524 3939 in
2557 3885 2697 3941 libro
2749 3889 2908 3943 tertio
2954 3886 3220 3944 adversus
3259 3889 3490 3944 Arianos
3521 3904 3539 3927 υ

1951 3971 2192 4029 scribens
2222 3975 2292 4030 de
2337 3975 2761 4045 proprietatibus
2808 3977 3038 4034 duarum
3079 3977 3277 4034 Christi
3330 3992 3545 4034 natura-

1949 4079 2092 4132 rum,
2115 4064 2216 4121 hoc
2241 4066 2400 4123 etiam
2423 4067 2596 4122 dicat:
2624 4085 2643 4119 ι
2669 4068 2873 4123 Etenim
2902 4069 3203 4140 perturbari
3223 4072 3400 4126 curuis
3424 4087 3545 4142 pro-

1950 4157 2126 4227 prium
2152 4165 2237 4212 est
2265 4176 2278 4212 :
2306 4167 2626 4228 potestatem
2656 4169 2836 4214 autem
2869 4162 3069 4218 habere
3103 4163 3339 4232 ponendi
3369 4173 3423 4218 et
3451 4179 3544 4218 su-

1951 4247 2133 4303 mendi
2161 4250 2378 4318 quando
2411 4251 2524 4304 vnit
2561 4252 2822 4318 animum,
2874 4269 2978 4308 non
3013 4265 3101 4309 est
3134 4255 3237 4310 hoc
3271 4256 3547 4326 proptium

1949 4342 2201 4408 hominis,
2253 4341 2351 4398 sed
2408 4341 2566 4398 Verbi
2621 4347 2834 4400 virtutis
2875 4348 2998 4400 est?
3047 4366 3065 4398 ι
3106 4347 3245 4401 Ecce
3297 4349 3397 4416 ipsi
3440 4365 3546 4402 non

1947 4436 2098 4502 alibi,
2129 4436 2224 4492 sed
2256 4435 2310 4490 in
2350 4435 2538 4490 eodem
2571 4435 2728 4500 libro,
2779 4441 3125 4492 immemores
3173 4439 3276 4504 sui,
3314 4440 3548 4492 fatentur

365 4597 668 4667 Seripserat
688 4595 942 4666 Cyrillus,
972 4602 1029 4667 ut
1055 4603 1241 4667 auctor
1267 4603 1351 4650 est
1376 4593 1680 4667 Liberatus.
1703 4608 1820 4664 cap.
1855 4597 1902 4654 υ
2002 4593 2030 4633 ιο
2069 4593 2338 4667 Theodori
2367 4593 2528 4650 verba
2549 4595 2626 4667 in
2654 4595 2787 4648 hinc
2819 4593 3148 4667 settetttiam
3187 4611 3252 4649 ex
3295 4552 3448 4650 .lihro
3479 4613 3535 4652 ιιι

237 4668 330 4733 10,
362 4665 675 4722 tres‘liliros
704 4665 964 4722 adtersus
1010 4665 1304 4721 Diodorum
1343 4676 1398 4722 et
1442 4665 1820 4734 Theodorum,

230 4740 392 4808 quasi
448 4737 749 4794 Nesnzriani
797 4737 1064 4808 dogmatis
1116 4748 1383 4791 auctores.
1436 4735 1600 4808 Cujus
1647 4738 1828 4808 operis

233 4806 538 4880 fragmenta
589 4806 976 4880 ret-itaniur‘din
1023 4808 1234 4863 actione
1263 4808 1297 4862 5
1334 4808 1522 4878 synodi
1554 4806 1827 4880 ejusdem;

227 4878 394 4952 atque
425 4880 481 4935 in
511 4882 592 4934 h's
621 4881 710 4934 ‘ila
739 4896 860 4950 quas
886 4878 1165 4952 Facundos
1190 4889 1600 4952 commemorat,
1620 4879 1734 4952 hoc
1763 4879 1826 4952 ti-

227 4947 352 5006 tufo
374 4970 390 5007 :
415 4952 497 5006 Ea:
517 4947 904 5006 secunda'libro
929 4948 1109 5020 Cyrilli
1139 4949 1383 5020 episwpt;
1397 4947 1746 5020 Alexandriae,
1769 4949 1832 5020 de

225 5040 294 5076 eo
335 5026 475 5092 quod
519 5039 650 5075 unus
694 5033 765 5076 est
804 5017 1034 5075 Christus
1059 5064 1074 5086 ,
1119 5017 1298 5073 centra
1344 5017 1688 5092 Theodorum.
1723 5018 1829 5074 Sed

227 5089 391 5162 longe
414 5093 728 5162 discrepans
759 5103 810 5146 et
838 5093 1046 5146 diversa
1093 5103 1175 5144 est
1203 5089 1394 5160 synodi
1439 5090 1632 5154 lectio,
1665 5092 1736 5144 ita
1768 5099 1825 5143 ut

229 5166 581 5219 Theodorum
608 5163 968 5232 perstringunt
992 5162 1177 5234 Cyrilli
1207 5162 1389 5234 verba,
1419 5177 1538 5231 qua:
1569 5163 1669 5234 hoc
1704 5163 1824 5215 loco

227 5239 299 5290 ad
329 5236 449 5304 ejus
472 5235 711 5300 laudem,
743 5231 1008 5304 po~trema
1039 5231 1189 5302 parte
1216 5232 1415 5287 omissa
1435 5273 1450 5296 ,
1481 5231 1821 5304 transferun-

229 5303 489 5360 tnr.’$ie
533 5306 674 5360 enim
719 5303 915 5358 habent
941 5323 953 5357 :
981 5307 1121 5369 Quas
1159 5305 1364 5374 quidem
1414 5305 1613 5357 labores
1664 5303 1825 5356 nollet

223 5380 419 5444 ntiquis
452 5378 736 5443 increpare.
769 5379 930 5442 magis
961 5389 1131 5430 autem
1157 5380 1453 5440 Itonoraret,
1479 5378 1522 5428 si
1546 5378 1728 5428 inesset
1755 5375 1828 5426 eis

225 5449 533 5518 dogma:
553 5448 824 5501 rectitude.
849 5449 1076 5502 Laudari
1105 5448 1182 5500 ait
1208 5449 1443 5514 potuisse
1471 5448 1642 5518 libros
1658 5445 1830 5518 Theo-

224 5515 384 5578 dori.
429 5519 476 5590 si
504 5519 634 5572 nihil
673 5518 820 5584 pravi
865 5519 1152 5584 docerent;
1186 5532 1307 5572 mox
1336 5533 1462 5576 vero
1492 5515 1736 5590 quaedam
1768 5516 1822 5570 iu

226 5591 317 5644 his
346 5589 514 5659 impia
537 5603 658 5644 esse
689 5591 1057 5644 demonstrat.

310 5753 326 5782 '
367 5749 448 5806 Co
471 5752 506 5803 1.
537 5749 684 5815 Ven,
715 5755 1038 5821 impugnant.

304 5823 328 5855 ⁸
374 5822 433 5875 Ιιι
461 5822 650 5875 eodem
681 5822 805 5876 cod.
835 5823 991 5876 deest
1017 5824 1074 5878 τὸ
1103 5837 1290 5877 anima.

306 5894 330 5926 ³
374 5893 523 5949 Idem
550 5895 696 5962 cod.,
719 5898 834 5963 jam
859 5909 954 5963 pro
987 5895 1109 5960 tati,
1139 5902 1238 5945 etc.

1935 4676 2123 4720 contra
2154 4665 2496 4735 Apolinarcm
2547 4665 2711 4720 habet
2758 4666 2994 4735 synodus
3044 4668 3259 4721 aeneae
3302 4668 3363 4733 4,
3394 4683 3544 4722 num.

1941 4736 2003 4810 ιι
2035 4735 2141 4810 :AEt
2170 4736 2224 4788 in
2251 4752 2460 4810 magna,
2492 4735 2686 4810 inquit,
2714 4736 3056 4810 trepidatione
3085 4752 3173 4810 per
3201 4748 3400 4810 tempus
3430 4758 3550 4806 ραδ-

1939 4808 2096 4861 sionis
2125 4809 2428 4860 constitutus
2459 4809 2785 4875 apparitione
2813 4806 2986 4875 angeli
3025 4807 3221 4877 indiget
3253 4806 3551 4874 conicrtan-

1939 4881 2009 4932 (is
2038 4895 2151 4931 eum
2177 4877 2242 4929 nd
2275 4879 2575 4948 patiar-"iam
2596 4889 2640 4930 et
2671 4877 3001 4948 tolerantiam
3026 4879 3403 4933 imminentium
3443 4900 3547 4933 rna-

1943 4949 2138 5002 lorum.
2164 4946 2353 5016 Angeli
2376 4948 2537 5002 etiam
2566 4947 2841 5003 Christum
2867 4948 3215 5004 confortautis
3245 4952 3550 5006 orationem

1944 5017 2256 5099 efﬂuxerat,
2291 5019 2457 5099 cujus
2476 5018 2674 5099 ibidem
2709 5031 2792 5074 est
2819 5019 3198 5099 mentionem.
3229 5023 3284 5086 4,
3313 5036 3363 5099 et
3405 5027 3549 5091 apud

1947 5092 2250 5155 Leontium,
2281 5090 2371 5159 qui
2400 5090 2742 5162 Theodorum
2776 5108 2841 5145 ex
2875 5090 2976 5146 huc
3008 5093 3181 5162 capite
3215 5094 3396 5147 multis
3422 5090 3552 5150 exa-

1931 5162 2069 5232 gitat
2099 5162 2194 5218 lib.
2225 5177 2302 5232 ιιι,
2335 5177 2456 5230 Cap.
2498 5160 2586 5214 ὅτ.

2008 5245 2029 5271 ε
2077 5233 2215 5287 Infra
2243 5231 2462 5296 iterum,
2489 5235 2588 5286 sub
2625 5231 2784 5288 linem
2819 5233 2979 5302 hujus
3020 5232 3176 5303 'cap.;
3209 5246 3469 5288 cancrum
3499 5233 3549 5286 in

1934 5303 2159 5374 vulgatis
2190 5305 2362 5358 oratio
2405 5314 2488 5374 est
2522 5303 2555 5356 4
2593 5313 2782 5358 contra
2830 5304 3095 5370 Ariattus;
3127 5311 3264 5359 alter
3296 5321 3423 5358 vero
3453 5305 3545 5371 qui

1935 5373 2178 5443 sentitur
2227 5373 2510 5430 Athanasii
2547 5378 2731 5440 locus,
2779 5379 3127 5446 depromptus
3170 5385 3253 5428 est
3291 5390 3376 5446 es
3407 5375 3546 5428 libro

1935 5451 2052 5519 περὶ
2089 5455 2179 5507 τῆς
2223 5450 2472 5522 ἑνσάρκου
2515 5448 2808 5522 emax-acia;
2836 5443 2924 5501 ’ἑοῦ
2957 5443 3085 5502 eius
3117 5447 3303 5518 Λόγον.
3350 5443 3425 5499 De
3452 5446 3550 5496 Im-

1949 5517 2098 5569 mima
2129 5529 2312 5570 natura
2343 5517 2581 5585 suscepta
2617 5534 2648 5568 (ι
2688 5517 2878 5572 Verbo.

2026 5745 2042 5772 δ
2087 5741 2229 5797 Idem
2257 5743 2401 5803 Ctid.,
2435 5741 2708 5796 ittettdacit'.

2027 5816 2044 5844 ⁵
2087 5813 2235 5868 latent
2265 5815 2410 5874 cod.,
2441 5814 2715 5867 ducantur.
