3974 6330
407 413 499 474 iis“)
510 422 528 471 ι

1526 409 1820 478 FACL‘NDl
1864 407 2074 464 EPlSC.
2120 403 2630 461 lll‘lliMlANENSlS

3618 408 3728 465 59'?-

431 531 576 604 quod
600 532 788 588 beatus
818 527 1142 585 Athanasius
1187 525 1448 582 veraciter
1477 525 1529 579 in
1563 524 1813 593 passione
1845 523 2024 578 Domi-
2057 527 2104 584 Α
2130 537 2340 590 cunque
2383 536 2569 577 sanum
2617 520 2854 590 sapiunt,
2905 523 3248 591 evangelistis
3303 526 3473 594 potTus
3519 528 3727 599 ingesta

434 640 562 681 num
590 624 786 680 dixerit
811 638 931 678 esse
956 621 1245 676 turbatum.
1266 619 1375 674 Cur
1398 633 1529 688 ergo
1551 619 1654 672 sibi
1671 617 1949 683 contrarii,
1977 617 2028 670 in

433 731 541 786 quo
560 716 914 769 Athanasium
941 712 1190 782 probant,
1221 722 1280 766 ut
1308 724 1500 780 magno
1527 710 1756 764 concilio
1781 707 2030 778 pra-judi-

435 815 578 873 cent,
595 803 944 860 Theodorum
968 802 1226 858 damnant
1243 802 1265 855 ἲ
1282 801 1384 870 Qui
1401 801 1590 855 beatus
1609 800 1934 854 Athanasius
1961 799 2028 852 ita

435 906 646 953 locutus
672 908 748 951 est
783 897 940 950 etiam
972 895 1022 950 in
1057 896 1196 950 libro
1225 909 1385 965 quem
1411 893 1480 948 de
1505 893 1766 947 Trinitate
1799 892 2033 946 conscri-

436 988 570 1058 psit:
594 1007 610 1038 ‹
637 986 871 1041 Verbum
903 987 1047 1040 enim
1078 994 1131 1040 et
1156 985 1322 1040 Filius
1355 985 1446 1039 Dei
1470 999 1682 1054 semper
1705 992 1819 1038 erat
1848 982 2033 1036 Domi-

436 1097 539 1136 nus
573 1080 733 1146 Deus,
757 1090 811 1136 et
839 1095 942 1135 non
977 1087 1094 1150 post
1116 1079 1518 1134 erucillxionem
1552 1076 1722 1132 factus
1747 1084 1832 1130 est
1854 1075 2034 1130 Domi-

433 1186 536 1226 nus
582 1170 738 1226 Jesus
788 1170 1068 1236 Christus,
1101 1169 1218 1234 sed,
1263 1179 1320 1224 ut
1370 1168 1612 1238 praedixi,
1646 1168 2033 1222 humanitatem

437 1268 554 1336 ejus
582 1267 757 1322 effecit
784 1267 1034 1322 divinitas
1071 1267 1354 1321 Dominum
1383 1275 1437 1322 et
1485 1267 1671 1320 Deum.
1717 1265 1781 1318 Et
1823 1263 2035 1333 quando

437 1359 568 1414 dicit
596 1376 608 1411 :
643 1358 819 1423 Pater,
849 1359 893 1412 si
923 1358 1162 1428 possibile
1203 1369 1296 1422 est,
1330 1368 1550 1412 transeat
1580 1374 1611 1409 [ι
1641 1373 1720 1409 me
1745 1359 1881 1409 calix
1911 1357 2035 1420 iste;

438 1458 778 1504 verumtamen
831 1465 931 1503 non
977 1465 1087 1503 mea
1131 1449 1363 1504 voluntas
1407 1450 1516 1518 ﬁat,
1551 1450 1640 1503 sed
1668 1459 1756 1501 tua
1785 1463 1804 1502 :
1827 1447 2038 1517 spiritus

439 1545 643 1612 quidem
667 1553 928 1613 promptus
953 1555 1049 1608 est,
1073 1561 1191 1598 caro
1213 1555 1384 1599 autem
1413 1545 1622 1614 inﬁrma
1644 1543 1857 1615 (illati/2.
1893 1559 2034 1607 xxvi,

441 1634 532 1701 59,
556 1635 672 1705 Μ),
703 1636 836 1689 duas
875 1636 1176 1691 voluntates
1202 1636 1288 1690 hic
1319 1637 1588 1691 ostendit:
1614 1635 1899 1688 humanam
1923 1634 2038 1702 qni-

445 1727 570 1780 dem
593 1742 711 1796 qua:
742 1734 823 1780 est
855 1726 1055 1794 carnis,
1089 1728 1244 1780 aliam
1289 1743 1416 1781 vero
1446 1741 1563 1795 qua:
1594 1737 1671 1780 est
1704 1724 1952 1788 deitatis;
1987 1734 2039 1777 et

448 1816 679 1870 humana
722 1816 934 1885 quidem
981 1827 1197 1885 propter
1235 1816 1596 1870 infirmitatem
1627 1816 1804 1869 carnis
1831 1824 2041 1868 recusat

2137 630 2256 670 esse
2300 625 2645 688 cognoscant.
2675 615 2729 669 Si
2758 625 2938 670 autem
2971 617 3257 688 recipimus
3285 620 3416 674 istos
3443 621 3685 678 dicentes
3709 643 3726 678 :

2135 705 2413 772 Quomodo
2434 719 2568 774 Opus
2594 705 2818 760 habebat
2847 705 3018 774 angeli
3045 707 3236 763 solatio
3261 711 3572 780 angelorum
3598 729 3733 782 ope—

2137 799 2318 852 rator?
2354 807 2412 852 ut
2457 797 2655 852 nullius
2696 814 2816 853 eum
2859 799 3139 854 credamus
3171 803 3221 855 in
3252 814 3496 874 suscepta
3539 814 3731 860 natura

2135 888 2346 958 eguisse
2376 888 2576 952 solatii,
2608 889 2909 958 apostolum
2940 904 3151 959 quoque
3192 892 3414 948 Paulum
3457 910 3559 949 non
3591 895 3737 951 rcci-

2137 980 2345 1048 piemus
2383 979 2647 1035 dicentem
2671 995 2697 1034 ﬁ:
2737 979 2913 1035 Nostis
2947 983 3078 1036 enim
3117 986 3336 1054 gratiam
3369 986 3574 1041 Domini
3599 988 3736 1043 Jesu

2137 1075 2348 1142 Christi,
2393 1077 2641 1145 quoniam
2689 1085 2895 1146 propter
2945 1092 3031 1130 vos
3077 1093 3261 1147 egenus
3297 1081 3460 1149 [actus
3490 1091 3583 1146 est,
3611 1099 3735 1135 curis

2139 1180 2260 1224 esset
2284 1170 2444 1234 dives,
2476 1179 2529 1222 ut
2559 1169 2698 1222 illius
2735 1169 2910 1237 inopia
2951 1186 3038 1223 vos
3077 1170 3258 1226 divites
3285 1175 3458 1228 essetis
3489 1176 3573 1242 (ΙΙ
3605 1177 3730 1231 Cor.

2139 1277 2251 1326 vin,
2286 1260 2363 1331 9).
2398 1259 2503 1316 Sed
2537 1259 2869 1330 refragantes
2901 1261 3146 1316 omnibus
3175 1279 3292 1330 quae
3320 1265 3386 1318 de
3415 1266 3505 1319 illo
3534 1281 3574 1319 St
3594 1266 3733 1336 ripta

2140 1363 2282 1418 sunt,
2329 1353 2570 1407 dicemus
2606 1352 2766 1406 etiam
2819 1368 2915 1406 nos
2947 1371 2961 1406 :
2995 1354 3273 1420 Quomodo
3319 1371 3453 1424 opus
3499 1358 3738 1412 habt-bat

2145 1443 2391 1496 mammis
2419 1451 2470 1497 et
2495 1443 2630 1496 lacte
2656 1449 2899 1496 materno
2936 1445 3087 1511 panis
3117 1445 3464 1515 angelorum?
3485 1457 3576 1501 aut
3599 1465 3736 1518 quo-

2144 1535 2300 1588 tnodo
2324 1548 2455 1603 opus
2489 1534 2714 1588 habebat
2739 1533 2984 1588 humanis
3008 1535 3145 1590 ulnis
3170 1546 3223 1592 et
3249 1539 3365 1591 sinu
3393 1541 3611 1607 gestari,
3635 1540 3734 1607 qui

2142 1626 2279 1695 gerit
2326 1627 2503 1679 omnia
2551 1625 2715 1680 verbo
2761 1625 2969 1679 virtutis
3008 1628 3155 1681 sine?
3186 1638 3276 1682 aut
3303 1632 3568 1698 quomodo
3596 1647 3740 1700 Opus

2147 1716 2374 1770 habebat
2404 1731 2616 1783 somno,
2641 1716 2727 1783 qui
2762 1730 2864 1768 non
2895 1717 3149 1772 dormitat
3177 1720 3481 1774 custodiens
3509 1722 3738 1776 Jerusa-

2147 1808 2284 1862 lem?
2315 1806 2383 1862 Ut
2421 1806 2488 1860 ita
2522 1807 2629 1875 jam
2667 1807 2830 1860 verbo
2862 1815 3012 1861 tenus
3043 1808 3173 1864 duas
3201 1811 3440 1867 dicamus
3471 1815 3585 1882 ejus
3615 1831 3743 1869 esse

447 1908 773 1976 passionem,
807 1906 1062 1961 divinitas
1092 1909 1225 1977 ejus_
1241 1919 1480 1978 prompta
1521 1917 1624 1962 e~t.
1663 1927 1680 1958 ι
1718 1905 1849 1960 Cum
1883 1907 2042 1976 igitur
2077 1891 2115 1948 Β
2149 1909 2400 1964 naturas,
2436 1902 2596 1955 rebus
2629 1901 2756 1968 ipsis
2794 1913 3116 1956 evacuantes
3157 1905 3300 1973 quod
3344 1906 3653 1973 profitemur
3684 1908 3741 1960 in

446 2008 663 2055 sanctus
713 2001 1039 2054 Athanasius
1095 2001 1229 2056 duas
1283 2002 1584 2055 voluntates
1636 2000 1946 2067 profiteatur
1991 1999 2040 2052 in

448 2091 686 2160 Christo,
721 2093 1006 2148 humanam
1036 2095 1249 2165 quidem
1283 2103 1500 2164 piOpter
1528 2094 1890 2148 infirmitatem
1922 2107 2042 2148 car-

449 2183 532 2239 nis
559 2196 894 2240 recusantcm
924 2187 1247 2256 passionem,
1281 2187 1436 2240 aliam
1473 2201 1597 2241 vero
1627 2187 1761 2257 ejus,
1789 2200 1907 2256 qua:
1933 2185 2046 2242 dei-

448 2276 571 2332 tatis
599 2285 702 2343 est,
735 2286 1060 2348 promptam,
1091 2278 1291 2334 rescire
1318 2277 1426 2347 jam
1459 2278 1655 2333 debent
1697 2271 2043 2348 Eutychiani,

448 2370 724 2435 quoniam,
756 2371 894 2424 sicut
931 2384 1012 2426 ρει
1050 2385 1386 2440 consequens
1418 2381 1473 2426 ut
1503 2371 1548 2426 si
1581 2371 1728 2440 juste
1766 2371 2048 2424 damnatur

449 2475 548 2530 pro
600 2463 686 2516 tali
738 2459 1078 2518 confessione
1140 2463 1495 2527 Theodorus,
1559 2461 1828 2518 Romanus
1877 2463 1894 2493 ¹
1940 2461 2048 2516 Leo

451 2567 556 2604 non
604 2553 774 2621 possit
820 2551 1053 2618 absolvi,
1097 2551 1169 2607 ita
1213 2554 1518 2608 necessario
1565 2569 1664 2608 nec
1710 2555 1846 2623 ipse,
1887 2567 2045 2623 quem

453 2641 695 2696 venerari
725 2657 785 2696 se
815 2642 999 2697 dicunt
1025 2639 1074 2708 ','
1092 2642 1418 2698 Athanasius
1445 2644 1770 2699 absolvatur.
1798 2643 1902 2699 Sed
1925 2642 2048 2713 quid

453 2747 550 2802 ego
575 2737 639 2787 de
663 2731 956 2788 Athanasio
995 2733 1203 2802 loquar,
1238 2734 1454 2803 quando
1483 2749 1582 2789 nec
1615 2735 1757 2803 ipsos
1781 2733 2050 2803 evangeli-

439 2821 560 2878 ‘stas
583 2824 892 2878 dubitarunt
929 2824 1220 2890 incessere,
1247 2839 1367 2880 cum
1408 2839 1502 2894 per
1531 2825 1800 2881 Theodori
1829 2825 2051 2880 damna-

453 2914 653 2970 tionem
696 2915 763 2970 ad
819 2917 959 2970 beati
1005 2916 1205 2972 Leonis
1253 2927 1309 2972 et
1358 2917 1551 2988 synodi
1599 2917 2050 2974 Chalcedonensis

441 3005 703 3076 ‘injuriam
745 3007 986 3074 tendant,
1024 3009 1165 3078 quod
1214 3009 1495 3078 epistolam
1540 3010 1665 3078 lbaa,
1712 3010 1896 3066 laudes
1933 3010 2051 3080 ejus

453 3098 846 3164 continentem,
880 3101 1245 3168 pronuntiavit
1285 3101 1672 3156 orthodoxam?
1699 3101 1831 3158 Nam
1861 3118 2050 3158 rursus

456 3187 741 3243 Theodoro
788 3190 1162 3260 Apolinaristis
1203 3191 1508 3258 resistente,
1557 3193 1672 3263 qui,
1726 3195 1864 3249 sicut
1912 3210 2051 3250 nunc

442 3276 795 3348 ‘Eutychiani,
843 3279 1123 3335 humanam
1156 3281 1207 3335 in
1240 3279 1454 3337 Christo
1499 3283 1750 3339 volebant
1790 3300 2053 3342 evacuare
2079 3265 2154 3332 Cl

458 3377 723 3436 naturam,
752 3379 804 3425 ct
827 3371 1037 3426 dicente
1062 3373 1125 3426 ad
1151 3374 1645 3444 comprobationcm
1675 3377 1842 3446 ipsius
1868 3377 2054 3433 huma-

460 3477 540 3514 nze
572 3460 769 3517 Christi
802 3473 1030 3534 naturae,
1062 3465 1223 3535 quod,
1266 3466 1578 3524 imminente
1619 3471 1888 3538 passionis
1924 3472 2052 3526 arti-

458 3554 602 3621 culo,
635 3567 689 3609 et
721 3556 1028 3625 impensius
1057 3560 1252 3623 oravit,
1289 3568 1341 3614 et
1381 3560 1449 3614 ab
1490 3561 1684 3630 angelo
1726 3561 2056 3618 confortatus

460 3656 562 3712 est,
595 3646 788 3701 dicitur
815 3647 883 3701 ab
911 3647 1028 3702 istis
1056 3669 1070 3706 :
1100 3666 1120 3701 ι
1154 3650 1439 3716 Quomodo
1461 3666 1594 3721 Opus
1618 3651 1848 3708 habebat
1879 3654 2054 3723 angeli

459 3737 659 3792 solatio
700 3739 1012 3809 angelorum
1050 3741 1335 3809 ojeraiorl
1385 3743 1520 3797 sicut
1563 3745 1848 3813 Apostolus
1877 3744 2003 3800 dicit
2041 3764 2052 3798 :

466 3830 602 3897 Quia
627 3832 678 3884 in
711 3833 823 3900 ipso
863 3842 1033 3886 creata
1072 3844 1191 3886 sunt
1229 3835 1401 3887 omnia
1433 3852 1548 3904 qua:
1583 3838 1633 3889 in
1668 3837 1828 3901 cortis,
1861 3846 1911 3891 et
1946 3853 2060 3906 quin

460 3928 512 3979 in
529 3933 692 3990 terra,"
724 3924 940 3979 t'isibilia
972 3935 1018 3979 ct
1047 3925 1323 3980 inuisibilia
1357 3927 1578 3991 (L’oloss.
1611 3943 1650 3994 l,
1688 3926 1798 3998 16).
1835 3929 1899 3982 Et
1928 3928 2060 3997 adji«

461 4015 612 4070 ciunt
637 4019 798 4071 etiam
821 4015 982 4084 illud,
1013 4017 1154 4086 quod
1188 4034 1346 4088 supra
1379 4018 1741 4083 meminimus,
1773 4020 2012 4076 dicentes
2044 4038 2057 4074 :

465 4115 574 4162 Aut
598 4107 864 4176 quomodo
901 4108 1203 4177 trepidabat
1245 4111 1549 4180 passionem
1583 4113 1670 4180 qui
1708 4113 1820 4168 suis
1851 4112 2063 4170 famulis

467 4197 560 4266 qui
595 4213 690 4266 pro
722 4198 939 4253 nomine
975 4199 1139 4269 ipsius
1175 4204 1488 4273 martyrium
1518 4217 1871 4275 susceperunt
1904 4207 2060 4263 taleat

469 4289 689 4343 donavit
733 4291 994 4359 gratiam,
1046 4308 1166 4347 cum
1206 4297 1401 4364 gaudio
1446 4305 1499 4352 et
1553 4299 1973 4366 promptitudine
2011 4309 2065 4356 ct

468 4383 749 4438 alacritate
776 4385 940 4442 adire
985 4387 1294 4458 passiones?
1329 4408 1348 4441 s
1377 4391 1505 4456 Qua:
1536 4392 1713 4445 omnia
1745 4407 1850 4446 non
1879 4403 2065 4449 contra

467 4473 846 4540 Theodorum,
889 4475 990 4530 nec
1036 4486 1222 4532 contra
1264 4480 1546 4549 epistolam
1586 4483 1918 4544 venerabilis
1963 4484 2066 4538 line

469 4584 586 4638 qua:
601 4566 941 4623 Theodorum
969 4569 1226 4639 laudavit,
1250 4589 1349 4629 nec
1375 4583 1558 4628 contra
1591 4565 1802 4630 beatum
1828 4575 2062 4631 Leonem

2149 2008 2297 2059 voce,
2331 1993 2470 2046 sicut
2495 1993 2653 2047 etiam
2687 1992 3123 2049 Chalcedonense
3155 1997 3443 2051 concilium
3477 2013 3575 2051 nos
3605 1997 3746 2052 dici-

2147 2100 2266 2140 mus
2292 2086 2577 2151 honorare,
2608 2085 2760 2153 cujus
2786 2087 3062 2139 sententiae
3091 2101 3464 2156 repugnamus.
3496 2089 3609 2143 Non
3633 2106 3709 2146 au
3728 2120 3746 2134 ο

2148 2187 2253 2234 tem
2302 2177 2544 2233 dicerent
2584 2177 2873 2246 Evangelio
2921 2179 3232 2234 resistentes
3270 2196 3285 2238 :
3318 2180 3595 2247 Quomodo
3631 2192 3746 2237 tre-

2149 2269 2365 2340 pidabat
2395 2267 2720 2340 passionem,
2763 2271 2849 2338 qui
2892 2271 3002 2325 suis
3044 2270 3255 2327 famulis
3283 2273 3370 2340 qui
3401 2289 3496 2342 pro
3524 2276 3750 2331 nomine

2150 2362 2318 2428 ipsius
2341 2361 2659 2431 martyrium
2689 2371 3041 2431 susceperunt
3065 2364 3222 2417 talem
3247 2363 3470 2418 donavit
3488 2368 3748 2434 gratia-iv,

2150 2466 2270 2508 cum
2301 2450 2493 2522 gaudio
2521 2460 2575 2506 et
2606 2451 3022 2521 promptitudine
3049 2461 3104 2508 et
3140 2453 3416 2509 alacritate
3443 2457 3586 2511 adire
3614 2473 3749 2526 pas-

2152 2544 2352 2608 siones,
2382 2543 2426 2598 si
2459 2551 2550 2595 aut
2579 2541 2842 2608 homines,
2872 2551 2962 2596 aut
2989 2545 3176 2602 saltem
3220 2555 3275 2598 ut
3315 2544 3641 2611 hominibus,
3678 2551 3754 2605 de

2153 2635 2314 2690 rebus
2346 2633 2689 2703 loquerentur
2732 2635 2994 2688 humanis.
3039 2633 3177 2700 Quid
3220 2637 3384 2704 ergo?
3435 2652 3537 2690 non
3579 2642 3756 2708 trepi-

2153 2727 2418 2785 daverunt
2447 2738 2707 2798 martyres
2735 2729 2900 2782 mori?
2924 2743 3095 2798 neque
3121 2730 3344 2783 naturali
3375 2730 3562 2785 affecta
3590 2747 3756 2789 eont-

2155 2824 2284 2879 rnoti
2335 2831 2664 2891 expaverunt
2709 2821 2774 2875 ad
2830 2832 3079 2882 mortem,
3127 2838 3245 2892 qua:
3293 2823 3474 2888 utique
3518 2840 3623 2878 non
3681 2843 3756 2880 et

2156 2927 2368 2982 natura,
2392 2915 2488 2970 sed
2510 2931 2572 2970 ex
2601 2916 2832 2984 peccatis
2859 2915 3176 2984 supplicium
3200 2918 3319 2972 est?
3348 2919 3411 2972 Et
3439 2921 3508 2973 ita
3529 2934 3625 2974 eos
3647 2929 3756 2990 spe

2156 3013 2452 3069 futurorum
2489 3014 2510 3044 ³
2548 3028 2670 3068 cum
2709 3013 2903 3084 gaudio
2945 3024 3105 3084 atque
3145 3012 3420 3067 alacritate
3463 3012 3758 3082 passioiies

2157 3105 2308 3160 adire
2336 3103 2630 3168 credimus,
2664 3112 2722 3158 ut
2759 3103 3062 3158 nullatenus
3104 3103 3456 3172 trepidatione
3481 3103 3759 3159 malorum

2155 3195 2502 3268 praesentium
2547 3196 2930 3252 moverentur?
2974 3211 3090 3251 non.
3128 3197 3336 3266 utique,
3382 3212 3500 3251 asin
3547 3197 3761 3254 vellent

2159 3304 2264 3344 non
2299 3303 2394 3359 per
2423 3295 2650 3344 mortem
2680 3286 2748 3344 ad
2776 3287 2909 3345 illud
2937 3304 3040 3360 quo
3075 3289 3366 3344 tendebant
3394 3290 3680 3358 pervenire
3710 3293 3759 3345 si

2161 3390 2398 3452 possent.
2448 3379 2677 3447 Propter
2699 3379 2806 3435 hoc
2835 3380 3010 3436 etiam.
3044 3380 3158 3447 ipse
3195 3379 3448 3434 Dominus
3479 3381 3642 3434 Petro
3671 3381 3762 3436 di-

2159 3476 2274 3530 xit:
2305 3479 2489 3540 Amen,
2520 3490 2694 3541 amen,
2726 3473 2842 3528 dico
2869 3475 2957 3527 tibi
2987 3489 3006 3528 :
3032 3472 3160 3528 Cum
3187 3489 3318 3528 esses
3336 3473 3536 3542 junior,
3568 3476 3758 3546 cinge-

2161 3569 2248 3624 bas
2271 3577 2338 3634 te,
2368 3576 2417 3622 et
2454 3567 2754 3623 ambulabas
2783 3569 2869 3624 ubi
2896 3568 3128 3632 volebas;
3158 3584 3273 3623 cum
3302 3577 3473 3622 autem
3501 3571 3761 3634 δεκαετέα,

2161 3655 2398 3712 extendes
2423 3672 2604 3712 manus
2633 3665 2769 3722 tuas,
2793 3667 2841 3712 et
2871 3657 3008 3712 alius
3029 3667 3088 3714 te.
3105 3659 3272 3730 cinget
3289 3667 3337 3713 et
3355 3659 3501 3714 ducet
3526 3675 3630 3727 quo
3655 3677 3766 3714 nos:

2161 3752 2256 3805 vis.
2291 3749 2405 3804 Hoc
2444 3759 2615 3804 autem
2661 3751 2816 3816 dixit,
2860 3752 3002 3807 sicut
3047 3751 3370 3821 evangelista
3411 3765 3510 3804 nos
3544 3753 3763 3820 (inussit,

2161 3841 2456 3912 signiﬁcans
2482 3859 2583 3912 qua
2619 3850 2780 3898 morte
2808 3841 3183 3910 clariﬁcaturus
3211 3853 3336 3897 esset
3375 3841 3548 3896 Deum
3568 3841 3760 3906 (loco.

2167 3949 2280 4000 XXI,
2332 3932 2422 3998 18,
2469 3932 2582 4002 19).
2625 3931 2864 3988 Audiunt
2907 3934 3175 3990 dicentem
3215 3933 3506 3989 Veritatem
3547 3952 3559 3985 :
3606 3935 3768 3990 Alius

2164 4025 2341 4096 cinget
2369 4035 2422 4080 et
2453 4023 2613 4080 ducet
2641 4041 2747 4095 quo
2776 4040 2881 4079 non
2917 4027 3014 4091 vis,
3044 4036 3097 4080 et
3141 4026 3241 4095 ipsi
3279 4025 3486 4094 jactant
3525 4025 3768 4080 inaniter

2166 4117 2309 4187 quod
2331 4117 2473 4172 nulla
2494 4115 2592 4172 fuit
2621 4117 2672 4171 in
2703 4117 3026 4188 martyribus
3050 4117 3340 4186 trepidatio
3352 4118 3652 4186 passionis.
3673 4118 3774 4174 S:c

2132 4227 2144 4238 '
2168 4220 2392 4281 possunt
2411 4211 2594 4268 dicere
2618 4211 2869 4280 quoniam
2897 4219 2952 4264 et
2981 4211 3026 4264 si
3055 4210 3335 4281 quisquam
3365 4210 3546 4265 lethali
3579 4212 3775 4265 ulcere

2168 4304 2236 4358 de
2275 4303 2384 4358 vita
2429 4302 2751 4371 desperans,
2777 4301 3078 4372 spondente
3115 4303 3328 4378 medico
3365 4303 3507 4372 quod
3535 4302 3584 4356 ei
3622 4302 3780 4356 fni-ro

2170 4397 2339 4466 possit
2385 4395 2670 4452 restituere
2712 4395 3018 4458 sanitatem,
3064 4394 3138 4449 ita
3182 4409 3281 4462 spe
3335 4392 3527 4447 futurae
3570 4394 3784 4449 salutis

2169 4488 2416 4558 gaudeat,
2453 4497 2508 4542 ut
2547 4494 2869 4558 prtesentem
2907 4485 3165 4541 sectionis
3202 4484 3504 4540 molestiam
3543 4499 3655 4538 non
3688 4501 3785 4540 re-

2173 4579 2444 4635 formidet.
2487 4579 2743 4635 Attendat
2783 4577 2804 4610 ι
2843 4594 2972 4635 vero
3002 4579 3126 4648 quid
3170 4578 3330 4634 etiam
3381 4576 3579 4631 Paulus
3628 4577 3789 4632 dicat

470 4661 560 4728 qui
585 4662 781 4716 similia
811 4661 1012 4728 docuit,
1035 4664 1128 4720 sed
1159 4666 1336 4734 potius
1366 4678 1551 4723 contra
1584 4667 1845 4722 Joannem
1874 4678 1930 4723 et
1962 4669 2064 4724 Lu-
2099 4658 2150 4720 Ι)
2176 4671 2472 4741 apostolus,
2503 4671 2572 4726 de
2612 4670 2721 4740 ipsa
2767 4681 2940 4728 morte
2984 4669 3228 4738 corporis
3261 4669 3488 4737 loquens
3519 4683 3533 4720 :
3563 4667 3791 4722 Scimus

472 4767 590 4808 eam
615 4755 972 4824 evangelistas
1004 4757 1072 4811 ibi
1097 4757 1364 4812 dixerunt.
1397 4759 1530 4812 Nam
1554 4769 1608 4815 et
1643 4759 1878 4814 Joannes
1908 4759 2071 4816 refert

473 4848 744 4901 dicentem
780 4848 1060 4902 Dominum
1091 4867 1103 4902 :
1135 4849 1288 4904 Nunc
1320 4853 1490 4905 anima
1522 4869 1631 4906 mea
1666 4854 1867 4904 turbata
1897 4863 2000 4917 est;
2025 4863 2071 4908 et

475 4938 599 5004 quid
641 4937 848 4989 dicunt?
891 4937 1064 5004 P..tcr,
1106 4941 1339 5008 salvi/ica
1381 4958 1459 4996 me
1499 4959 1561 4996 ea:
1595 4944 1720 4998 liora
1761 4943 1857 4996 hac
1888 4942 2066 5015 (Joan.

478 5043 573 5092 xu,
603 5026 717 5095 9.7).
764 5028 826 5081 Et
879 5028 1044 5085 Lucas
1088 5043 1263 5088 autem
1298 5051 1310 5086 :
1344 5034 1593 5105 Apparuit
1638 5035 1716 5088 illi
1760 5037 1971 5107 angelus
2010 5038 2071 5090 de

478 5119 604 5172 caelo
642 5120 938 5188 confortans
988 5138 1140 5188 tum;
1167 5132 1214 5177 et
1258 5127 1426 5195 factus
1474 5128 1525 5179 in
1568 5129 1776 5198 agonia,
1824 5128 2074 5195 prolixius

479 5211 658 5264 orabat
687 5226 706 5264 :
731 5222 774 5264 et
804 5213 968 5281 [actus
999 5224 1069 5267 cst
1099 5215 1260 5268 sudor
1289 5219 1399 5288 ejus
1436 5219 1568 5270 sicut
1609 5229 1765 5290 gutta:
1808 5220 2076 5290 sanguinis

480 5304 797 5360 decurrentis
839 5308 888 5360 in
932 5318 1116 5360 terram
1155 5307 1306 5378 (Luc.
1355 5326 1486 5375 uti,
1519 5312 1611 5376 45,
1652 5311 1766 5381 44).
1815 5314 2075 5380 Quocirca

477 5397 823 5466 gravissimas
853 5399 970 5453 illas
996 5403 1373 5468 contumelias,
1401 5419 1532 5472 quas
1554 5403 1838 5458 Theodoro
1863 5420 2078 5474 propter

483 5486 620 5543 hanc
647 5492 964 5544 sententiam
995 5492 1354 5559 ingesserunt,
1389 5497 1632 5548 volentes
1660 5511 1720 5549 ex
1754 5497 1832 5549 eis
1866 5497 2076 5550 beatum

484 5577 714 5632 Leonem
743 5589 796 5633 et
833 5579 1268 5637 Chalcedonense
1315 5585 1582 5638 maculare
1614 5587 1928 5651 concilium,
1955 5589 2069 5655 qni-

557 5771 570 5797 ι
614 5762 744 5817 Cod.
775 5763 994 5823 Verum,
1028 5771 1177 5816 etiam
1211 5761 1492 5816 Romanus.

555 5833 574 5862 ¹
616 5832 756 5887 Idem
787 5834 930 5892 θρα..
965 5835 1034 5885 ita
1074 5833 1356 5885 necessario
1387 5835 1615 5902 sequitur
1648 5844 1700 5888 ttt
1732 5835 2000 5889 Theodoro
2032 5846 2075 5888 ct

491 5898 652 5953 Leone
676 5905 951 5967 duntna'is,
985 5920 1074 5956 nec
1103 5905 1211 5972 ipse
1236 5919 1402 5976 quem,
1436 5898 1542 5960 etc.

2175 4764 2307 4819 enim
2335 4763 2578 4832 quoniam
2607 4763 2651 4816 si
2678 4763 2923 4816 terrestris
2956 4762 3137 4816 domus
3167 4770 3341 4815 nostra
3379 4761 3534 4832 hujus
3572 4763 3793 4814 labitu-

2176 4857 2328 4911 tionis
2353 4843 2688 4924 dissolvatur,
2715 4857 2852 4926 quod
2874 4857 3263 4924 adiﬁcationem
3283 4872 3349 4910 ea:
3369 4855 3476 4908 Deo
3497 4857 3795 4911 habuimus

2177 4947 2382 5001 domum
2411 4963 2511 5000 non
2540 4963 2694 5000 manu
2723 4949 2910 5015 {actam
2932 4956 3177 5000 internum
3203 4947 3256 4998 in
3286 4947 3444 4999 stylis.
3484 4945 3626 4998 Nam
3652 4958 3698 4999 et
3731 4950 3795 5001 in

2178 5040 2274 5093 hoc
2293 5039 2669 5109 ingemiscimus
2696 5037 3063 5091 habitationem
3087 5047 3310 5090 nostram
3335 5053 3448 5104 quin
3470 5038 3534 5089 de
3553 5041 3686 5091 certe
3714 5047 3798 5091 est

2181 5130 2478 5200 superindui
2509 5131 2792 5196 cupientes,
2823 5132 2866 5184 si
2896 5139 3065 5182 tamen
3094 5140 3140 5182 et
3171 5128 3354 5191 vestiti,
3395 5146 3498 5181 non
3538 5129 3670 5182 nudi
3699 5131 3799 5182 iss-

2183 5225 2464 5279 ueniamur.
2511 5223 2652 5276 Nam
2677 5232 2722 5277 et
2752 5223 2841 5292 qui
2865 5237 3040 5276 sumus
3080 5222 3135 5274 in
3173 5221 3529 5286 tabernaculo,
3556 5219 3800 5289 ingmi-

2183 5316 2370 5369 scimus
2391 5315 2607 5384 gravati,
2633 5330 2692 5368 eo
2714 5315 2853 5384 quod
2883 5315 3121 5367 nolumus
3149 5312 3451 5380 exspoliari,
3480 5312 3568 5365 sed
3594 5328 3796 5378 snper-

2184 5408 2374 5472 vestiri,
2405 5417 2459 5460 ut
2497 5406 2830 5460 absorbeatur
2875 5405 3090 5460 mortale
3133 5405 3226 5458 hoc
3260 5423 3290 5457 a
3321 5405 3420 5457 vita
3453 5401 3540 5475 (ll
3573 5405 3696 5458 Cor.
3743 5421 3803 5472 τ,

2188 5499 2326 5568 1-4).
2362 5498 2654 5568 Apostolus
2699 5498 2876 5568 itaque
2917 5497 3159 5560 domum,
3201 5497 3313 5551 sive
3357 5495 3808 5564 tabernaculum,

2189 5602 2388 5643 vocans
2417 5603 2637 5659 corpus,
2669 5589 2800 5644 dicit
2838 5588 2976 5659 quod
3019 5603 3085 5642 eo
3125 5587 3292 5644 nollet
3331 5587 3666 5657 exspsvliari;
3697 5589 3810 5644 sed

2265 5768 2284 5798 ³
2327 5769 2468 5823 idem
2494 5770 2638 5829 cod..
2676 5771 2966 5838 futurorum
2993 5768 3259 5822 bonorum.

2267 5840 2285 5868 ⁸
2330 5841 2469 5895 Idem
2502 5842 2599 5893 toil
2632 5883 2645 5907 ,
2673 5841 2955 5892 attendant.
