3974 6330
240 373 346 433 595

1110 372 1243 431 PRO
1274 371 1707 431 DEFENSIONE
1746 373 1964 430 TRIUM
2003 374 2316 433 CAPITUL.
2362 373 2489 430 LIB.
2532 374 2612 430 ΙΙΙ.

3435 376 3541 434 594

243 487 361 544 fieri
402 492 599 556 potest,
630 492 686 541 et
720 484 1068 555 supervestiri
1113 486 1293 556 potius
1335 488 1754 556 immortalitate,
1784 498 1843 544 ut
1868 500 1919 559 Α
1948 500 2114 545 tuum.
2145 490 2208 545 Et
2238 491 2450 560 quidem
2495 489 2893 560 perturbatione
2941 490 3042 547 hoc
3085 504 3307 563 cogente
3336 493 3536 565 dicere,

242 583 308 637 ad
335 595 456 636 eam
485 594 591 634 non
618 578 864 649 corporis
888 579 1276 649 esspoliatione
1308 582 1581 636 transiret.
1609 582 1712 637 Sed
1745 597 1837 637 ne-

242 673 357 726 scio
386 671 511 741 quid
545 671 750 738 dicunt,
779 672 904 741 quia
932 680 1221 742 martyres,
1260 673 1455 741 quibus
1483 673 1686 727 dictum
1717 685 1798 729 est
1831 692 1843 726 :

246 761 379 819 Cum
405 774 576 817 autem
601 773 965 833 persequentur
996 778 1082 815 vos
1118 764 1169 815 in
1209 764 1413 818 civitate
1453 765 1571 832 ista,
1607 766 1766 837 fugite
1796 767 1846 820 in

242 857 404 909 aliam
432 854 644 925 (Matth.
676 872 732 921 x,
764 855 883 923 23),
910 872 1015 910 non
1048 856 1388 925 trepidabant
1420 860 1576 923 mori,
1613 860 1719 913 imo
1746 872 1841 913 tre-

246 948 505 1016 pidabant
536 964 642 1001 non
671 948 830 1001 mori.
859 948 1093 1012 Nollent,
1122 950 1166 1001 si
1212 949 1324 1002 ﬁeri
1358 963 1538 1017 posset
1564 951 1601 1014 ¹,
1627 951 1720 1005 sed
1752 967 1847 1004 na-

246 1040 407 1093 turali
458 1054 569 1093 sua:
626 1040 885 1094 voluntati
935 1040 1266 1094 voluntatem
1321 1040 1414 1094 Dei
1470 1041 1755 1096 devotione
1797 1052 1851 1097 et

244 1132 559 1187 obedientia
602 1131 982 1201 pra:ferebant.
1022 1132 1172 1199 Quod
1220 1143 1273 1185 et
1317 1134 1404 1187 illa
1452 1134 1609 1188 verba
1643 1134 1849 1189 Domini

249 1226 719 1294 significaverunt,
767 1225 960 1293 quibus
996 1227 1123 1279 dum
1167 1227 1367 1281 dicere!
1406 1242 1421 1283 :
1460 1226 1632 1291 Pater,
1672 1229 1714 1281 si
1753 1230 1847 1294 vis,

248 1318 474 1384 transfer
503 1316 716 1369 calicem
758 1317 909 1369 istum
946 1333 975 1369 α
999 1334 1097 1383 me,
1136 1318 1207 1371 ibi
1249 1319 1427 1372 statim
1467 1319 1769 1388 snhjunxit,
1799 1332 1851 1375 et

246 1410 329 1463 ait
360 1425 372 1459 :
412 1407 770 1462 Verumtamen
802 1426 903 1463 non
934 1426 1046 1463 mea
1077 1413 1333 1479 voluntas,
1357 1414 1445 1465 sed
1466 1423 1553 1466 tua
1578 1415 1667 1480 ﬁat
1700 1414 1849 1482 (Luc.

247 1515 387 1565 xm,
420 1500 533 1568 42).
563 1500 713 1567 Quod
742 1516 870 1569 ergo
910 1500 984 1555 ait
1012 1516 1026 1553 :
1061 1499 1237 1555 Nolite
1274 1504 1451 1558 timere
1482 1520 1567 1558 eos
1602 1507 1687 1574 qui
1716 1506 1850 1558 occi-

250 1598 383 1650 dunt
412 1614 620 1667 corpus,
653 1598 879 1651 animam
906 1609 1075 1651 autent
1106 1615 1207 1652 non
1234 1609 1446 1668 possunt
1475 1602 1734 1666 occidere;
1765 1601 1853 1654 sed

248 1691 423 1758 potius
449 1705 566 1744 eum
599 1691 767 1742 timete
795 1691 883 1758 qui
908 1699 1072 1761 potest
1100 1692 1324 1744 animam
1350 1702 1395 1746 et
1426 1707 1611 1758 corpus
1642 1692 1855 1759 perdere

250 1781 307 1832 in
352 1779 632 1850 gehennam
666 1780 881 1849 (.llatth.
915 1796 978 1843 ι,
1053 1780 1169 1849 28),
1204 1795 1310 1835 non
1340 1780 1468 1835 illud
1497 1779 1639 1849 quod
1667 1789 1853 1835 contra

1950 597 1981 637 e
2011 583 2279 638 contrario
2328 582 2491 638 dico:
2524 582 2772 638 Glorifica
2822 600 3018 637 nomen
3070 593 3240 650 tuum,
3287 584 3388 641 hoc
3434 597 3538 654 est,

1950 679 2074 733 dum
2107 695 2224 734 eam
2255 680 2318 734 ad
2344 695 2558 735 crucem
2590 694 2603 731 :
2632 680 2770 749 quod
2803 679 3024 734 nmltum
3053 678 3157 734 hoc
3180 681 3321 749 quod
3354 681 3540 737 huma-

1953 787 2076 824 num
2111 781 2191 824 est
2220 771 2573 833 demonstrat,
2608 780 2662 825 et
2689 780 2929 823 naturam
2956 787 3059 823 non
3087 770 3356 826 volentem
3380 775 3539 833 mori,

1952 862 2044 915 sed
2077 864 2359 929 praesentis
2396 864 2602 916 avidam
2636 863 2775 925 vitat,
2820 863 3108 917 osmndens
3148 864 3400 931 quoniam
3434 881 3539 919 non

1952 964 2069 1006 erat
2094 954 2299 1007 alienus
2328 954 2395 1006 ab
2424 954 2669 1007 humanis
2709 953 3065 1020 ρηιδςὶοιιίὺυς.
3094 956 3371 1021 Quomodo
3395 957 3538 1011 enint

1955 1062 2049 1100 nec
2077 1046 2257 1101 bibere
2278 1048 2481 1101 crimen
2508 1059 2607 1107 est,
2638 1063 2807 1116 neque
2831 1046 3089 1112 dormire,
3112 1048 3187 1102 sic
3211 1063 3382 1117 neque
3409 1065 3542 1116 pra:-

1954 1141 2116 1193 sentis
2139 1140 2258 1193 vita:
2284 1140 2481 1194 habere
2510 1140 2855 1194 desiderium.
2883 1140 3129 1193 Christus
3151 1149 3328 1193 autem
3348 1155 3545 1209 corpus

1956 1233 2208 1288 mundum
2241 1248 2268 1284 a
2302 1233 2534 1301 peccatis
2582 1232 2786 1294 habuit,
2817 1248 2923 1286 non
2955 1250 2980 1285 a
3012 1232 3316 1286 carnalibus
3353 1246 3542 1286 neces-

1954 1324 2200 1379 sitatibus
2229 1326 2558 1392 expeditum,
2591 1325 2821 1394 alioquin
2853 1340 2949 1379 nec
2978 1340 3171 1392 corpus
3203 1326 3320 1379 fuit.
3358 1344 3377 1377 ι
3406 1326 3545 1379 Nutr-

1955 1415 2078 1483 quid
2112 1416 2517 1483 Mopsuestenns
2548 1415 2884 1476 Theodorus.
2915 1416 3003 1486 qni
3032 1418 3080 1470 in
3106 1419 3240 1469 beati
3275 1416 3469 1471 Leonis
3495 1429 3548 1471 et

1956 1506 2145 1576 synodi
2170 1506 2627 1560 Chalcedonensis
2657 1506 3021 1575 pra-judicium
3046 1509 3453 1573 coiidentnatur,
3482 1509 3547 1561 ad

1958 1596 2300 1650 asscrendam
2347 1595 2546 1650 Christi
2600 1597 3005 1663 humanitatem,
3042 1598 3177 1651 sicut
3217 1598 3336 1667 ejus
3366 1600 3548 1654 condi-

1957 1688 2191 1756 scipulus
2222 1688 2407 1742 beatus
2437 1690 2693 1754 Joannes,
2725 1690 2870 1745 mille
2902 1690 3107 1744 timoris
3151 1704 3461 1760 argumenta
3495 1694 3548 1746 in

1960 1777 2127 1845 ipsius
2176 1781 2425 1846 passione
2466 1779 2746 1833 confessus
2791 1788 2905 1845 est;
2952 1790 3043 1833 aut
3090 1779 3284 1834 alicubi
3325 1782 3392 1836 ab
3436 1783 3547 1847 eis,

252 1878 501 1923 naturam
544 1880 628 1925 est
667 1871 972 1940 imperavit,
1007 1880 1064 1926 ut
1105 1871 1392 1925 humanam
1438 1880 1669 1927 mentem
1709 1871 1855 1928 nulla
1886 1876 1936 1936 B
1962 1868 2411 1939 quemadmodum
2458 1871 2557 1924 iste
2605 1870 2892 1939 prmelarus
2933 1871 3122 1926 doctor
3166 1872 3444 1937 Ecclesiie,
3474 1874 3551 1928 sic

250 1964 449 2017 mortis
494 1962 780 2032 trepidatio
812 1973 1077 2033 tangeret,
1122 1964 1359 2033 alioquin
1388 1980 1542 2019 suum
1584 1964 1856 2020 diceretur

253 2058 603 2126 impugnasse
638 2066 987 2126 praeceptum,
1021 2073 1141 2112 cum
1173 2058 1286 2127 ipse
1312 2058 1466 2113 daret
1490 2058 1559 2113 de
1584 2058 1704 2128 fuga
1726 2071 1857 2113 con—

251 2153 477 2217 silium;
503 2150 618 2220 sed,
647 2163 703 2207 ut
733 2152 893 2206 timor
919 2151 1111 2208 timore
1140 2152 1467 2217 vinceretur,
1492 2152 1658 2207 dixit:
1682 2151 1858 2206 Nolite

252 2262 342 2299 eos
382 2246 560 2298 timere
600 2244 685 2313 qui
727 2243 962 2297 occidunt
991 2259 1199 2311 corpus.
1228 2242 1353 2298 Ideo
1390 2252 1607 2298 secutus
1632 2240 1849 2311 adjecit,

254 2339 347 2391 sed
370 2339 541 2407 potius
562 2354 677 2393 eum
707 2337 870 2391 timete
892 2337 979 2407 qui
1011 2344 1171 2406 potest
1200 2336 1425 2390 animam
1453 2345 1499 2389 et
1524 2351 1713 2403 corpus
1743 2351 1857 2406 per-

257 2428 381 2480 dere
408 2430 459 2480 in
490 2428 793 2497 gehennam.
826 2424 963 2492 Quid
996 2433 1176 2481 autem
1216 2426 1344 2480 hinc
1383 2426 1545 2480 etiam
1582 2422 1850 2480 condisci-

256 2522 420 2590 pulus
451 2519 688 2588 pranlicti
718 2518 1078 2587 MOpsuesteni
1110 2517 1403 2585 Theodori,
1437 2527 1653 2572 sanctus
1682 2518 1845 2573 Joan-

262 2630 363 2669 nes
418 2614 1040 2683 Constantinopolitanus
1080 2611 1275 2668 dixerit
1330 2611 1692 2667 advertamus.
1749 2610 1852 2677 Qui

258 2719 538 2773 exponens
578 2704 825 2761 eumdem
866 2705 1040 2759 locum
1088 2703 1361 2773 Evangelii
1397 2701 1693 2760 secundum
1719 2701 1859 2758 Mat-

263 2800 500 2862 thxum,
560 2797 639 2851 sic
694 2796 770 2849 ait
811 2813 824 2849 :
871 2814 889 2847 ι
934 2795 1055 2864 Ipse
1113 2795 1328 2865 quidem
1387 2794 1642 2850 intentius
1701 2802 1857 2858 orat,

258 2906 333 2946 ne
387 2890 631 2947 videatur
683 2891 955 2945 simulatio
1002 2905 1123 2947 esse
1180 2889 1490 2960 negotium,
1536 2897 1592 2943 et
1633 2887 1862 2944 sudores

259 2980 510 3036 deﬂuunt
538 2989 757 3049 propter
782 2980 1027 3036 eamdem
1060 2982 1254 3035 iterum
1284 2993 1500 3034 causam
1534 2986 1630 3035 :et
1662 2994 1731 3035 ne
1761 2977 1864 3033 hoc

256 3072 449 3131 dicant
475 3072 736 3138 haeretici,
770 3073 1021 3142 quoniam
1046 3071 1331 3126 simulabat
1362 3070 1632 3141 agoniam,
1661 3069 1785 3127 ideo
1811 3080 1866 3127 et

256 3163 493 3219 sudores
523 3165 662 3219 sicut
691 3175 855 3235 guttae
885 3163 1181 3235 sanguinis,
1209 3174 1262 3220 et
1290 3165 1512 3236 angelus
1552 3164 1864 3219 confortans

1964 1961 2230 2017 turbatum
2274 1978 2335 2017 ac
2379 1964 2747 2033 perturbatum
2788 1966 2838 2018 in
2887 1966 3137 2033 passione
3165 1966 3433 2023 Christum
3465 1972 3551 2023 di-

1964 2052 2113 2108 xisse
2145 2054 2399 2122 probatus
2425 2063 2527 2121 est,
2562 2066 2616 2108 ut
2656 2055 2817 2109 etiam
2858 2055 3230 2112 liberationem
3261 2071 3548 2128 quareret,

1962 2144 2007 2198 si
2040 2145 2256 2215 quidem
2284 2155 2426 2201 esset
2454 2145 2721 2216 effugere;
2746 2156 2800 2203 et
2829 2148 2931 2201 alia
2964 2148 3129 2203 multa
3157 2165 3275 2219 qua:
3308 2161 3551 2206 naturam

1961 2235 2079 2305 ejus
2124 2236 2409 2292 humanam
2453 2253 2562 2293 non
2610 2238 2875 2295 volentem
2927 2241 3084 2305 mori,
3126 2243 3219 2295 sed
3272 2244 3554 2311 praesentis

1962 2328 2171 2383 avidam
2223 2329 2347 2385 vitae
2391 2330 2625 2386 Joannes
2675 2332 2949 2389 insinuare
3000 2345 3266 2391 testatur:
3299 2341 3553 2407 quoniam

1962 2420 2103 2476 sicut
2129 2430 2316 2491 potare
2345 2422 2548 2478 crimen
2583 2440 2687 2477 non
2721 2432 2823 2493 est,
2857 2440 3031 2496 neque
3067 2426 3323 2496 dormire,
3356 2431 3425 2484 ita
3457 2446 3556 2487 nec

1963 2509 2289 2566 desiderium
2339 2511 2536 2567 habere
2581 2514 2703 2567 vitae
2754 2516 3069 2583 prtesenlis?
3098 2517 3357 2588 Quodque
3387 2520 3557 2590 majus

1962 2613 2072 2669 est,
2106 2612 2160 2659 et
2191 2605 2546 2673 quorumdam
2577 2605 2736 2660 modo
2768 2606 2924 2677 [forte
2952 2606 3369 2678 quodammodo]
3400 2614 3553 2663 novi-

1966 2694 2052 2749 tize
2083 2695 2341 2751 doctrina:
2374 2698 2817 2766 peremptorium,
2850 2699 2901 2753 in
2933 2698 3035 2754 hoc
3055 2714 3204 2754 suam
3235 2703 3555 2757 sententiam

1964 2782 2167 2839 claudit
2191 2785 2480 2851 :Quoniam
2507 2786 2619 2841 haec
2640 2787 2978 2856 passionibus
2997 2789 3195 2844 Christi
3218 2790 3552 2861 subtrahere,

1916 2910 1919 2913 -
1965 2876 2098 2933 nihil
2130 2887 2212 2933 est
2238 2878 2379 2932 aliud
2408 2893 2566 2948 quam
2596 2880 2763 2947 ipsam
2800 2881 3044 2950 corporis
3070 2882 3420 2939 substantiam
3444 2884 3559 2953 ejus

1965 2970 2254 3042 denegare,
2285 2986 2406 3026 cum
2436 2972 2562 3027 dicit
2594 2990 2605 3025 :
2637 2990 2654 3024 ι
2693 2972 2938 3027 Christus
2966 2983 3143 3029 autem
3172 2989 3364 3045 corpus
3406 2992 3560 3032 mun-

1968 3063 2093 3119 dum
2120 3078 2150 3117 a
2182 3064 2416 3133 peccatis
2446 3065 2651 3134 habuit,
2686 3079 2792 3119 non
2821 3080 2851 3119 a
2879 3066 3184 3122 carnalibus
3229 3070 3560 3123 necessitati-

1967 3157 2067 3213 bus
2104 3157 2441 3225 expeditum,
2482 3157 2718 3226 alioquin
2764 3173 2938 3229 neque
2982 3174 3178 3229 corpus
3217 3159 3340 3216 fuit.
3369 3180 3386 3212 ι
3422 3159 3561 3229 Quid

254 3270 387 3312 eum
417 3257 686 3325 apparuit,
710 3266 765 3312 et
786 3256 935 3312 mille
958 3256 1165 3310 timoris
1194 3264 1531 3324 argumenta.
1566 3255 1633 3309 Et
1658 3270 1725 3309 ne
1746 3256 1866 3325 quis
1895 3264 1943 3328 ρ
1972 3258 2151 3305 autem
2185 3264 2285 3319 ego
2315 3250 2416 3303 alia
2445 3250 2512 3317 de
2538 3248 2638 3303 bac
2663 3264 2741 3315 re,
2773 3249 2856 3305 vel
2888 3250 3286 3319 prmdictorum,
3314 3253 3399 3308 vel
3425 3254 3560 3309 alio-

258 3346 411 3402 dicat
440 3347 725 3402 verborum
755 3362 877 3402 esse
912 3346 1245 3418 ﬁgmentum,
1279 3356 1561 3415 propterea
1587 3355 1640 3399 et
1666 3346 1861 3409 oratio,

259 3450 317 3496 et
348 3438 535 3493 dicere
561 3440 777 3508 quidem
804 3457 819 3495 :
844 3439 902 3495 Si
932 3440 1185 3510 possibile
1216 3448 1319 3504 est,
1347 3448 1604 3506 transeat,
1630 3438 1866 3495 ostendit

262 3532 694 3598 humanitatem;
736 3533 915 3587 dicere
953 3547 1079 3587 vero
1113 3551 1124 3584 :
1163 3532 1546 3586 Verumtamen
1589 3545 1694 3586 non
1729 3530 1868 3585 sicut

258 3639 366 3695 ego
404 3624 541 3691 volo,
574 3623 668 3678 sed
701 3625 839 3678 sicut
866 3635 943 3689 tu,
975 3624 1209 3678 ostendit
1236 3622 1505 3693 quomodo
1533 3636 1627 3691 per
1655 3621 1867 3677 virtutis

196 3716 197 3719 “
259 3715 503 3770 studium
537 3724 592 3769 et
623 3714 929 3782 patientiam
965 3715 1277 3780 doceamur,
1317 3722 1374 3770 et
1408 3715 1718 3769 retrahente
1767 3727 1865 3768 nos

260 3816 481 3872 natura,
526 3805 780 3875 subsequi
826 3806 1013 3861 Deum.
1061 3825 1078 3857 ›
1115 3807 1215 3873 Qui
1271 3806 1434 3861 etiam
1472 3805 1523 3859 in
1562 3814 1868 3860 commento

261 3897 413 3969 quod
446 3897 499 3951 in
530 3896 752 3952 Joannis
783 3896 1130 3965 Evangelinm
1171 3897 1314 3962 fecit,
1346 3896 1582 3967 capitulo
1609 3896 1868 3966 vigesimo

263 4005 454 4056 sexto,
499 3990 653 4061 cujus
692 4002 775 4048 est
814 3992 1023 4046 initium
1057 4010 1069 4044 :
1104 3992 1203 4060 Qui
1252 4003 1396 4047 amat
1440 3993 1672 4046 animam
1717 4006 1867 4047 suam

260 4084 460 4155 perdet
499 4098 639 4150 eam,
684 4083 756 4138 ita
794 4083 1005 4139 locutus
1042 4094 1167 4139 est:
1205 4102 1222 4136 ι
1264 4084 1331 4138 Ct
1367 4100 1471 4137 non
1510 4083 1690 4138 dicant
1731 4096 1868 4152 quo-

264 4180 415 4232 niam
467 4178 617 4247 ipse,
656 4177 867 4232 alienus
904 4192 933 4231 a
973 4176 1248 4232 doloribus
1297 4176 1543 4231 humanis
1593 4178 1866 4238 existens,

266 4272 431 4327 facile
461 4270 529 4326 de
554 4281 729 4326 morte
763 4272 1191 4341 philosophatur,
1218 4279 1270 4323 el
1300 4270 1519 4338 periculi
1550 4283 1743 4336 expers
1773 4282 1870 4321 nos

265 4364 547 4430 admonet,
582 4363 821 4417 ostendit
860 4364 981 4432 quia
1020 4372 1073 4416 et
1123 4362 1370 4431 agoniam
1421 4369 1638 4427 propter
1670 4358 1872 4413 utilita-

267 4468 378 4512 tem
432 4471 534 4508 non
588 4465 846 4511 recusat:
884 4459 997 4508 hate
1039 4462 1217 4508 autem
1263 4450 1679 4521 dispensationis
1722 4458 1869 4515 sunt,

267 4563 379 4602 non
413 4547 746 4611 divinitatis;
777 4556 1059 4616 propterea
1090 4546 1163 4599 ait
1190 4562 1203 4598 :
1234 4543 1391 4597 Nunc
1417 4543 1590 4595 anima
1622 4557 1735 4595 mea
1765 4551 1875 4595 tur-

1970 3361 2086 3400 rum
2120 3344 2504 3400 venerabilium
2535 3344 2753 3399 Patrum
2788 3346 3094 3400 testimonia
3124 3347 3413 3415 proferam,
3438 3363 3561 3404 cum

1964 3439 2076 3509 jam
2118 3438 2218 3493 sibi
2260 3438 2590 3493 sufficienter
2620 3438 2671 3492 in
2702 3437 2892 3493 eodem
2916 3452 3013 3493 suo
3046 3440 3181 3494 libro
3213 3440 3313 3509 ipsi
3341 3455 3563 3510 respon-

1968 3533 2165 3599 derint,
2189 3532 2358 3587 sancti
2382 3531 2657 3587 Athanasii
2675 3530 3037 3585 testimonium
3059 3540 3245 3586 contra
3268 3547 3347 3597 se,
3374 3548 3561 3599 quem-

1968 3625 2253 3681 admodum
2304 3640 2465 3695 supra
2515 3624 2888 3688 meminimus,
2943 3626 3305 3694 proferentes,
3356 3626 3409 3679 in
3456 3641 3564 3695 quo

1970 3718 2083 3773 ait:
2119 3734 2138 3768 ι
2174 3715 2385 3771 Etenim
2419 3714 2719 3785 perturbari
2751 3715 2930 3769 carnis
2957 3714 3230 3784 proprium
3263 3726 3378 3781 est;
3415 3726 3564 3784 pote-

1972 3818 2167 3865 statem
2213 3818 2391 3863 autem
2434 3808 2633 3863 habere
2669 3807 2899 3876 ponendi
2946 3817 2998 3861 et
3040 3808 3311 3875 sumendi,
3354 3810 3567 3876 quando

1971 3902 2103 3967 vult,
2144 3900 2400 3970 animam,
2450 3914 2557 3955 non
2607 3908 2687 3955 est
2739 3899 2842 3953 hoc
2882 3898 3152 3967 proprium
3182 3900 3437 3965 hominis,
3470 3901 3564 3955 sed

1978 3994 2134 4051 Verbi
2162 3995 2371 4050 virtutis
2393 4003 2496 4051 est.
2534 4012 2554 4047 ι
2587 3994 2723 4060 Quid
2752 3993 2913 4062 igitur
2942 3993 3015 4048 ibi
3041 4008 3072 4048 e
3096 3995 3388 4058 contrario,
3414 3996 3566 4061 quasi

1972 4087 2172 4158 aliquid
2217 4102 2490 4158 magnum,
2522 4087 2708 4142 dicunt
2752 4086 2968 4142 beatum
3016 4086 3366 4142 Athanasium
3396 4088 3447 4140 in
3476 4101 3568 4141 eo-

1974 4180 2094 4235 dem
2124 4181 2283 4235 tertio
2310 4177 2807 4234 adversusArianos
2832 4177 2989 4243 libro,
3006 4176 3072 4232 de
3092 4176 3308 4231 Christo
3324 4177 3525 4230 dixisse
3552 4193 3567 4229 :

1980 4287 1999 4320 ί
2038 4269 2207 4335 Quem
2252 4269 2394 4322 Deus
2435 4269 2677 4323 existens
2726 4267 3061 4334 formidaret,
3096 4276 3186 4321 aut
3214 4280 3312 4321 cur
3339 4276 3565 4321 mortem

1978 4361 2401 4429 pertimesceret,
2426 4359 2553 4415 dum
2583 4368 2726 4416 esset
2753 4360 2866 4429 ipse
2897 4362 3026 4425 vita,
3057 4368 3111 4413 et
3141 4360 3274 4413 alios
3299 4374 3365 4413 ex
3399 4370 3570 4412 morte

1979 4452 2243 4519 liberans;
2287 4462 2377 4506 aut
2416 4452 2685 4521 quomodo
2723 4451 2908 4506 dicens
2943 4468 2955 4504 :
2987 4451 3163 4505 Nolite
3206 4452 3397 4504 timere
3423 4451 3569 4504 orci-

1979 4545 2193 4599 dentem
2237 4557 2457 4613 corpus,
2509 4542 2624 4610 ipse
2663 4542 3007 4596 formidaret?
3055 4560 3073 4593 s
3123 4541 3422 4609 intelligant
3470 4542 3570 4594 hoc

268 4640 391 4692 bata
430 4650 504 4691 est
549 4637 728 4708 (Joan.
758 4654 852 4704 sn,
878 4638 993 4708 27).
1025 4635 1297 4704 Alioquin,
1332 4634 1429 4688 nisi
1462 4633 1561 4688 hoc
1586 4642 1688 4697 est,
1715 4648 1872 4701 quam
1901 4648 1956 4709 ι)
1980 4651 2100 4691 eum
2152 4635 2444 4689 secundum
2495 4633 2611 4703 ejus
2667 4632 3000 4687 divinitatem
3054 4632 3256 4686 dixisse
3313 4631 3571 4685 adversus

267 4734 713 4801 consequentiam
763 4731 919 4786 habet
969 4730 1109 4797 quod
1152 4728 1353 4783 dictum
1397 4736 1501 4791 est,
1548 4736 1600 4781 et
1646 4727 1872 4781 dicere:

272 4822 459 4885 Pa'er,
502 4824 727 4891 salvi/ica
764 4839 843 4875 me
872 4838 936 4875 ex
965 4821 1060 4873 hac
1092 4821 1255 4873 hora?
1280 4820 1359 4873 sic
1386 4818 1707 4884 perturbari,
1739 4825 1795 4870 ut
1823 4825 1875 4871 et

277 4918 657 4973 lberationem
705 4928 1002 4986 quareret,
1055 4916 1095 4968 si
1148 4912 1362 4981 quidem
1410 4919 1554 4965 esset
1601 4909 1875 4980 effugere?

273 5010 405 5063 Ila'c
454 5020 657 5062 natura:
705 5009 952 5062 humana:
986 5004 1310 5059 infirmitatis
1335 5012 1480 5067 sunt,
1511 5002 1604 5055 sed
1640 5017 1746 5056 non
1780 5002 1875 5055 ba-

268 5100 380 5154 beo
419 5101 540 5168 quid
587 5101 775 5164 dicam,
816 5100 1008 5169 inquit,
1058 5096 1426 5152 liberationem
1461 5108 1725 5161 poscens:
1755 5109 1873 5163 pro-

269 5202 387 5261 pter
413 5194 506 5243 hoc
534 5192 555 5223 ¹
587 5192 697 5244 veni
744 5193 794 5244 in
842 5193 1020 5243 horam
1049 5190 1216 5252 hanc;
1240 5185 1390 5255 quasi
1420 5184 1623 5238 diceret
1652 5200 1668 5238 :
1705 5183 1796 5237 Vel
1828 5184 1874 5237 si

270 5284 557 5336 turbamur
598 5298 662 5337 ac
709 5282 1113 5351 perturbamnr,
1166 5293 1269 5333 non
1318 5274 1584 5346 fugiamus
1625 5283 1873 5331 mortem.

266 5375 410 5429 Nam
439 5389 491 5429 eL
535 5390 633 5444 ego
669 5390 810 5429 nunc
843 5373 1207 5441 perturbatus,
1254 5383 1361 5421 non
1407 5367 1527 5421 dico
1558 5376 1613 5420 ut
1644 5366 1869 5435 fugiam;

266 5467 434 5521 decet
464 5467 605 5519 enim
638 5466 777 5520 ferre
810 5464 949 5535 quod
984 5462 1315 5532 supervenit.
1349 5460 1463 5512 Non
1491 5459 1609 5513 dico
1637 5476 1647 5511 τ
1682 5458 1873 5513 Libera

269 5576 362 5614 tne
408 5574 471 5611 ex
512 5556 638 5611 hora
672 5559 802 5620 hac;
836 5557 929 5613 sed
971 5554 1134 5625 quid?
1168 5551 1342 5618 Pater,
1376 5551 1611 5622 glori/ica
1636 5550 1656 5580 ³
1686 5567 1868 5605 nomen

345 5788 359 5815 '
389 5781 755 5838 Cod.\'eron..
776 5790 821 5831 et
849 5796 946 5829 non
966 5777 1095 5829 mori
1124 5774 1326 5837 nollent,
1353 5779 1395 5831 si
1419 5776 1736 5847 ﬁtripossct,
1762 5782 1866 5825 clc.

343 5858 360 5889 ⁸
390 5854 539 5908 idem
565 5854 709 5918 ciid.,
739 5860 936 5920 ίηγοιιεςι
969 5848 1061 5899 hoc
1088 5847 1236 5911 enini,
1264 5864 1367 5909 etc.

1981 4726 2229 4790 Arianos,
2257 4723 2346 4792 qui
2375 4738 2437 4777 ea
2469 4738 2589 4792 qua:
2620 4721 2967 4776 humanitatis
2996 4721 3206 4776 fuerant
3232 4719 3297 4775 ad
3323 4721 3572 4776 divinita-

1981 4818 2048 4870 tis
2082 4815 2201 4885 ejus
2238 4814 2485 4883 injuriam
2530 4813 2941 4869 transferebant.
2977 4813 3109 4867 Nam
3153 4813 3425 4883 quomodo
3462 4829 3571 4869 non

1979 4906 2148 4960 solum
2183 4908 2232 4959 in
2274 4904 2461 4961 eodem
2507 4920 2689 4975 opere,
2737 4905 2832 4959 sed
2883 4905 2935 4958 in
2983 4904 3171 4960 eodem
3224 4909 3386 4960 etiam
3435 4907 3572 4960 libro

1979 5007 2265 5065 utrumque
2294 4997 2530 5051 diceret?
2569 4997 2670 5050 nisi
2712 4995 2851 5051 forte
2895 4998 3127 5052 similem
3172 4999 3291 5053 istis
3329 4999 3571 5053 Athana-

1984 5092 2120 5145 sium
2148 5090 2437 5153 credimus,
2471 5098 2529 5144 ut
2558 5091 2590 5157 i,
2613 5104 2672 5144 se
2701 5106 2915 5160 quoque
2937 5092 3143 5147 dicatur
3171 5094 3242 5147 ita
3276 5094 3377 5148 sibi
3408 5092 3571 5148 fuisse

1986 5182 2304 5237 contrarius.
2348 5181 2462 5234 Hoc
2502 5192 2556 5235 et
2597 5181 2663 5237 de
2708 5184 2934 5238 aliorum
2985 5184 3304 5239 testimoniis
3353 5184 3571 5239 Patrum

1985 5275 2212 5330 dixerim
2249 5289 2369 5345 qua:
2413 5275 2482 5328 ibi
2520 5290 2578 5329 se
2617 5277 2955 5346 congessisse
2990 5288 3177 5333 contra
3204 5280 3572 5349 evangelicam

1985 5369 2309 5424 sententiam
2339 5370 2653 5440 gloriantur.
2678 5372 2811 5427 Sunt
2842 5381 2894 5427 et
2932 5373 3032 5427 alia
3066 5375 3228 5428 multa
3257 5372 3310 5429 in
3334 5373 3453 5441 ipso
3475 5386 3573 5427 eo-

1983 5474 2099 5513 rum
2127 5460 2264 5517 libro
2284 5461 2475 5531 quibus
2504 5464 2821 5533 senietipSos
2853 5464 3183 5533 impugnant,
3216 5463 3439 5517 adversa
3469 5460 3568 5516 sibi

1988 5554 2279 5624 loquentes,
2312 5571 2433 5624 qua:
2468 5571 2606 5609 nunc
2639 5556 2884 5624 persequi
2927 5557 3139 5625 longum
3165 5562 3266 5619 est,
3295 5564 3347 5609 et
3385 5552 3573 5611 melius

2057 5775 2071 5803 ³
2117 5774 2258 5831 Idem
2287 5774 2433 5839 ωδ..
2466 5776 2711 5842 clariﬁt'tt.
