3974 6330
440 325 497 377 3ξῖ
508 322 539 373 5

1476 315 1774 374 FACUNDI
1815 314 2020 370 erzsc.
2054 296 2559 366 uenulassssrs

3606 300 3711 355 ‘3')"

439 436 587 490 vobis
618 435 962 503 relinquimus
991 432 1279 502 arguendo,
1320 431 1571 501 quoniam
1624 429 1725 483 hoc
1768 429 2020 481 facillime
2059 431 2101 486 Α
2135 440 2249 477 ram
2291 422 2693 485 subsistentem,
2744 428 2795 475 et
2847 420 3082 474 omnium
3130 434 3247 489 qua:
3289 428 3411 473 sunt
3440 419 3709 489 cpifieem,

440 526 550 580 fieri
584 535 759 596 potest
784 544 799 581 :
830 534 887 580 et
916 524 1039 578 illud
1070 538 1202 593 opus
1232 537 1258 575 a
1290 521 1529 591 quolibet
1558 520 1884 575 elaboratum
1912 535 2022 570 tua-

437 618 517 685 gis
545 619 721 673 ornari
749 616 908 670 debet
937 615 1089 668 titulo
1118 613 1346 667 nominis
1377 612 1557 675 vestri,
1604 626 1699 679 per
1737 608 1876 679 quod
1910 609 2024 661 cal-

443 710 545 763 lide
566 708 862 777 excogitata
890 707 940 759 in
972 705 1340 775 prmjudiciutn
1374 716 1576 771 magum
1609 702 1797 770 synodi
1823 698 2027 753 falsitas

443 798 727 854 refellitur.

1048 885 1275 941 CAPUT
1318 885 1404 938 IV.

442 1002 593 1075 Quod
645 1003 975 1057 Theodorum
1024 1002 1278 1056 immerito
1318 1002 1712 1075 calumniatur,
1778 998 1923 1067 quasi
1975 999 2025 1046 in

508 1077 826 1145 expositione
879 1076 1107 1127 historia:
1156 1076 1463 1127 centurioms
1514 1070 1776 1125 Christum
1837 1084 2026 1137 purum

512 1148 770 1201 hominem
790 1161 899 1199 esse
924 1146 1173 1198 docuerit.

514 1258 665 1312 Nunc
685 1256 828 1311 aliud
861 1257 1182 1324 aperiamus,
1217 1255 1266 1308 in
1297 1268 1402 1323 quo
1443 1253 1633 1307 iterum
1662 1266 1761 1306 suo
1787 1251 2027 1305 testimo-

444 1351 533 1406 nio
560 1350 970 1423 convincuntur,
1005 1346 1144 1402 beati
1188 1346 1396 1414 Cyrilli,
1427 1344 1568 1414 quod
1615 1354 1825 1397 secutos
1855 1355 1915 1397 se
1939 1341 2024 1410 ja-

442 1451 609 1505 ctant,
658 1442 998 1511 impugnasse
1036 1436 1317 1507 judicium,
1358 1448 1501 1497 cum,
1543 1434 1609 1488 ad
1655 1432 2025 1503 prtejudicium

445 1549 650 1604 stagna:
676 1532 886 1603 synodi,
919 1531 1170 1585 similiter
1201 1528 1445 1583 eumdem
1474 1527 1815 1583 Theodorum
1840 1525 2028 1579 crimi-

444 1636 637 1681 nantur
682 1626 1123 1693 interpretantem
1164 1619 1508 1690 Evangelium
1549 1617 1841 1673 secundum
1892 1615 2024 1669 Mat-

446 1719 643 1773 tbzeum
674 1717 873 1773 dixisse
905 1734 922 1768 t
956 1715 1079 1785 quia
1104 1711 1399 1775 Christum,
1431 1726 1537 1766 non
1565 1722 1811 1778 tanquam
1836 1706 2025 1763 Filium

2128 514 2331 569 adierat
2372 509 2639 567 centurio.
2690 509 2813 563 llaec
2845 526 2909 563 ex
2955 525 3140 564 eorum
3190 510 3322 564 libro
3373 509 3426 561 in
3470 518 3712 563 nostrum

2131 604 2520 660 transtulimus.
2569 601 2633 656 Et
2676 601 2803 655 licet
2828 599 2877 652 in
2928 599 3009 654 his
3053 600 3211 653 etiam
3258 599 3579 667 verbisque
3619 613 3714 666 pro

2128 711 2227 751 suo
2257 694 2409 750 libitu
2438 703 2877 761 composuerunt,
2927 706 3030 744 non
3065 690 3277 759 penitus
3301 690 3575 743 obscurari
3621 705 3715 758 po-

2130 786 2291 840 tuerit
2322 783 2550 838 diCt'ﬂliS
2588 784 2838 848 intentio,
2884 784 3162 851 quoniam,
3202 783 3341 835 sicut
3369 782 3571 834 dictum
3604 790 3711 847 est,

2132 891 2237 931 non
2270 889 2421 927 suam
2454 871 2631 937 fidem,
2664 870 2759 925 sed
2788 870 3237 925 existimationem
3272 871 3321 922 in
3361 869 3439 923 eis
3468 869 3718 940 ignorau-

2131 972 2197 1023 tis
2233 966 2565 1023 centnrionis
2604 964 2891 1033 expressit,
2942 972 3117 1016 tamen
3165 970 3221 1016 ut
3271 963 3372 1015 hoc
3416 962 3719 1016 evideut‘ns

2130 1070 2409 1131 appareat,
2440 1059 2645 1127 integra
2697 1056 2863 1123 ipsius
2912 1054 3180 1107 Theodori
3223 1054 3383 1107 verba
3433 1068 3716 1119 ponamus.

2136 1172 2155 1204 ι
2185 1150 2528 1221 Supplicabat
2565 1158 2745 1204 autem
2792 1148 2864 1211 ei,
2897 1146 3091 1215 inquit,
3125 1157 3178 1199 ut
3228 1155 3437 1201 curaret
3471 1161 3715 1214 puerum.

2133 1248 2210 1302 Ad
2253 1261 2412 1317 quem
2443 1242 2699 1298 Dominus
2727 1241 2894 1296 dicit:
2924 1240 3033 1311 Ego
3066 1239 3281 1293 venicm
3322 1240 3522 1293 curabo
3565 1254 3715 1293 eum.

2134 1339 2418 1407 Propterea
2462 1334 2696 1389 maxime
2745 1333 2858 1399 ipse
2903 1333 3197 1400 promptius
3239 1331 3317 1385 ire
3360 1330 3624 1399 promisit,
3659 1338 3721 1383 ut

2133 1432 2303 1485 virtus
2338 1427 2667 1483 centurionis
2715 1441 2836 1480 cum
2886 1425 3080 1505 refugit
3132 1435 3436 1492 app'rerct.
3484 1424 3715 1485 Etenim,

2133 1540 2235 1576 non
2267 1539 2383 1577 sum
2414 1521 2626 1591 dignus,
2656 1518 2804 1582 dicit,
2841 1526 2897 1572 ut
2928 1518 3093 1571 intres
3140 1518 3240 1571 snb
3278 1526 3473 1571 tectum
3506 1531 3718 1580 meum;

2132 1617 2289 1683 igitur
2334 1612 2501 1668 verbo
2540 1621 2743 1666 tantum
2793 1609 2899 1672 dic,
2946 1619 3000 1663 ct
3058 1608 3158 1663 hoc
3201 1622 3392 1663 curre
3427 1609 3431 1619 ‘
3464 1607 3715 1662 sufﬁciet.

2135 1709 2370 1762 Primum
2405 1705 2569 1777 igitur
2594 1702 2952 1760 reverentiam
2996 1701 3240 1765 multam,
3276 1700 3514 1755 secundo
3539 1708 3719 1754 autem

449 1812 538 1865 Dei
570 1820 617 1877 ⁸,
651 1818 703 1862 ct
730 1818 853 1863 ante
882 1820 1094 1861 onmem
1126 1808 1446 1860 existentem
1491 1811 1813 1865 creaturam,
1845 1811 1897 1855 et
1937 1816 2030 1855 eo-
2062 1818 2107 1876 Β
2138 1802 2422 1855 maximam
2466 1797 2623 1853 fidem
2651 1794 2905 1852 ostendit.
2943 1790 3146 1849 Deinde
3187 1804 3243 1849 et
3282 1808 3403 1848 eum
3435 1793 3719 1863 prudentia

446 1914 562 1952 rum
592 1913 709 1967 qua:
738 1905 861 1951 sunt
890 1897 1158 1966 opificem,
1191 1896 1326 1949 adiit
1364 1893 1606 1947 centurio
1639 1902 1735 1960 pro
1767 1890 1912 1959 pueri
1942 1890 2022 1943 sui

447 1991 639 2048 salute.
680 2007 700 2041 ι
738 1988 790 2043 In
833 1989 935 2043 hoc
973 1998 1152 2042 autem
1203 1987 1437 2055 capitulo
1484 1986 1643 2039 etiam
1692 1981 2027 2037 fraudulenta

448 2080 649 2134 falsitas
684 2092 871 2134 eorum
901 2079 1031 2132 satis
1065 2085 1306 2147 apparet.
1341 2075 1471 2129 Nam
1502 2073 1626 2129 inde
1654 2073 1720 2127 ab
1748 2074 1825 2127 eis
1854 2070 2029 2127 Theu-

446 2172 612 2224 dorus
641 2177 942 2234 accusatur,
970 2168 1113 2223 unde
1154 2169 1323 2237 magis
1359 2168 1518 2221 debet
1552 2167 1621 2219 ab
1659 2179 1844 2221 eorum
1869 2178 2027 2219 accu-

447 2263 654 2317 satione
679 2260 914 2315 defendi.
956 2261 1071 2315 Non
1118 2259 1281 2325 enim,
1317 2257 1458 2313 sicut
1500 2257 1724 2327 fingunt,
1752 2271 2030 2325 exponens

449 2354 589 2407 hunc
618 2351 795 2408 locum
836 2350 1130 2421 Evangelii,
1161 2349 1285 2420 quid
1321 2351 1437 2420 ipse
1466 2350 1533 2405 de
1561 2350 1776 2404 Christo
1804 2348 2037 2404 sentiret

447 2443 701 2507 ostendit,
728 2443 821 2497 sed
854 2444 1029 2511 potius
1057 2441 1183 2513 quid
1228 2443 1473 2498 centurio
1516 2442 1585 2497 de
1617 2442 1712 2497 illo
1745 2442 2027 2511 putaverit.

448 2533 560 2589 lino
599 2542 651 2589 et
690 2535 817 2605 quid
864 2536 978 2604 ipse
1014 2534 1244 2590 sentiret
1278 2533 1529 2589 ostendit.
1576 2532 1708 2588 Nam
1766 2534 1855 2603 qui
1906 2546 2032 2589 cen-

450 2625 715 2680 turionem
753 2625 906 2693 dixit,
946 2624 1085 2695 quod
1130 2624 1429 2694 ignorantia
1461 2625 1476 2655 ¹
1513 2638 1616 2679 non
1663 2634 1718 2678 ut
1762 2625 1951 2688 Deum,
1979 2632 2035 2677 ct

449 2726 573 2769 ante
606 2731 818 2770 onmem
858 2717 1177 2770 existentem
1227 2726 1559 2779 creaturam,
1589 2724 1642 2769 et
1682 2728 1869 2769 eorum
1914 2726 2033 2783 quae

448 2818 572 2862 sunt
616 2808 887 2876 upiliccm,
926 2806 1199 2865 Christum
1248 2806 1458 2875 adierit,
1504 2807 1688 2876 procul
1728 2808 1887 2862 dubio
1920 2808 2034 2875 ipse

448 2914 553 2953 non
604 2898 876 2954 hominem
927 2897 1335 2965 tantummodo,
1386 2899 1525 2954 sicut
1574 2898 1883 2965 Nestorius,
1938 2900 2033 2956 sed

448 2992 610 3047 etiam
662 2991 872 3059 Deum,
913 3000 969 3046 et
1014 2999 1141 3046 ante
1198 3005 1411 3046 onmem
1459 2991 1778 3046 existentem
1825 2996 2034 3047 creatu-

448 3096 567 3139 ram
591 3122 607 3150 ,
637 3095 689 3137 ct
730 3098 916 3138 eorum
956 3098 1074 3151 qua:
1122 3091 1247 3136 sunt
1292 3080 1571 3151 Opiﬁcem,
1603 3081 1875 3138 Christum
1914 3095 2034 3138 esse

448 3177 720 3247 cognovit.
763 3175 1043 3243 Quomodo
1089 3182 1268 3228 autem
1306 3174 1403 3243 ipsi
1445 3182 1724 3241 consuete,
1761 3184 1916 3242 prout
1943 3186 2036 3227 vo-

452 3271 688 3331 luerunt,
742 3273 1047 3334 corruptam
1101 3264 1367 3320 Titi-odori
1417 3266 1735 3320 sententiam
1788 3266 1840 3319 in
1899 3264 2036 3321 libro

452 3374 550 3414 suo
599 3357 892 3426 posuerint,
931 3356 1296 3421 Ostendemus,
1339 3372 1403 3412 ac
1447 3357 1644 3413 deinde
1683 3358 1950 3428 quomodo
1979 3372 2038 3412 se

453 3452 684 3507 habeant
706 3449 821 3519 ejus
843 3450 1001 3505 verba
1024 3449 1317 3505 secundum
1340 3451 1660 3520 scriptorum
1691 3460 2035 3506 monumenta

457 3543 796 3607 docebimus,
854 3552 907 3595 ut
958 3543 1012 3596 in
1070 3543 1173 3597 hac
1229 3558 1329 3597 una
1384 3555 1708 3612 cognoscere
1750 3544 1773 3573 ¹
1812 3542 2039 3597 valeatis

454 3646 646 3705 quanta
680 3653 775 3705 per
805 3637 936 3691 alias
977 3636 1094 3706 ejus
1142 3637 1439 3692 scutetttias
1470 3635 1792 3691 immiserint
1842 3638 2040 3704 impor-

454 3743 583 3785 tuna
614 3745 731 3800 qua:
762 3730 850 3785 ille
881 3746 988 3784 non
1018 3730 1169 3794 dixit,
1204 3738 1401 3799 quanta
1444 3728 1806 3782 snbtraxerint
1836 3738 2036 3796 appor-

456 3833 584 3875 tuna
609 3836 728 3889 qua:
757 3821 913 3874 dixit.
946 3820 1035 3874 Sic
1063 3821 1207 3873 enim
1231 3818 1479 3873 dixerunt
1506 3836 1517 3868 :
1551 3836 1569 3869 ι
1600 3815 1703 3871 Sed
1725 3827 1779 3871 et
1803 3817 2042 3871 residuas

457 3912 723 3966 Theodori
750 3910 1113 3980 blaspltemias
1136 3911 1298 3964 simili
1326 3913 1709 3963 coovincatnus
1737 3909 1915 3962 modo.
1954 3908 2042 3963 Di-

458 4003 531 4056 cit
559 4004 699 4056 enim
735 4003 847 4070 ipse
888 4002 1085 4069 impius
1116 4000 1456 4062 Theodorus,
1489 3999 1745 4052 adversus
1776 3997 2041 4053 Christum

458 4092 759 4155 insaniens,
802 4100 856 4144 et
888 4104 1063 4157 neque
1088 4089 1157 4141 ab
1185 4101 1249 4141 eo
1273 4087 1410 4141 facta
1436 4086 1703 4141 mirabilia
1736 4094 1987 4155 tanquam
2014 4102 2043 4141 a

462 4184 572 4236 Deo
605 4182 745 4234 laeta
773 4181 929 4244 dans,
966 4179 1297 4234 centurionis
1341 4192 1524 4233 vocem
1556 4191 1715 4247 quam
1759 4179 1824 4231 ad
1868 4178 2043 4232 Domi-

460 4284 586 4325 num
623 4268 791 4338 dixit,
840 4269 892 4322 in
933 4270 1082 4339 pueri
1125 4267 1425 4333 curatione,
1465 4268 1735 4321 contrarie
1781 4268 2045 4337 in'erpre-

461 4372 582 4425 tatis
610 4360 663 4415 in
702 4360 991 4430 Evangelia
1036 4360 1329 4414 secundum
1376 4357 1638 4413 Joannem
1666 4358 1837 4414 'dicit
1885 4357 2040 4413 lucc:

464 4456 608 4510 Bene
653 4454 851 4523 adjecit
893 4452 1021 4508 illud
1056 4453 1224 4508 :Nam
1261 4462 1317 4507 et
1361 4468 1459 4521 ego
1490 4455 1649 4508 homo
1685 4466 1825 4521 sum,
1855 4455 2044 4523 quasi:

2133 1892 2292 1946 fidem
2325 1890 2596 1961 propriam
2630 1895 2938 1942 monstrans
2964 1900 2978 1938 :
3003 1883 3136 1939 Nam
3173 1892 3229 1937 et
3266 1897 3368 1953 ego
3399 1882 3559 1937 homo
3596 1897 3717 1935 sum

2130 1985 2231 2038 sub
2262 1989 2545 2051 potestate,
2578 1977 2785 2034 habens
2815 1975 2915 2031 sub
2941 1991 3026 2030 me
3054 1972 3271 2035 milites,
3308 1985 3360 2028 et
3388 1974 3507 2028 dico
3552 1972 3674 2025 huic
3701 1992 3717 2026 :

2132 2070 2298 2133 Vade,
2340 2080 2394 2124 et
2447 2068 2625 2135 vadit;
2659 2076 2716 2123 et
2767 2068 2911 2121 alio:
2942 2065 3096 2129 Veni,
3144 2076 3198 2118 et
3246 2064 3419 2126 venit;
3465 2072 3518 2118 et
3557 2075 3721 2117 servo

2134 2176 2253 2219 meo
2285 2183 2297 2219 :
2324 2161 2429 2218 Fac
2454 2161 2578 2229 hoc,
2617 2170 2673 2218 et
2714 2159 2861 2216 facit.
2914 2156 3219 2214 Prudentia:
3256 2158 3402 2212 enim
3440 2166 3577 2223 erat,
3625 2170 3719 2210 se-

2134 2253 2368 2310 cundum
2399 2254 2664 2307 rationem
2694 2264 2811 2318 quae
2845 2250 2891 2305 ei
2924 2248 3226 2313 videbatur,
3258 2248 3380 2302 talia
3408 2246 3627 2301 credere
3648 2245 3721 2299 dc

2133 2342 2373 2399 Christo.
2421 2338 2591 2397 Homo
2617 2340 2761 2396 enim
2800 2350 2853 2395 et
2883 2352 3015 2409 ego;
3042 2339 3136 2394 sed
3170 2348 3345 2392 tamen
3374 2352 3597 2408 quorum
3627 2351 3724 2390 ac-

2137 2438 2257 2508 cepl
2283 2444 2625 2507 potestatem,
2657 2433 2848 2488 horum
2876 2448 2994 2487 sum
3020 2431 3269 2487 dominus
3296 2448 3307 2483 :
3332 2443 3451 2500 qua:
3484 2428 3607 2483 mihi
3638 2428 3722 2483 vi-

2134 2529 2350 2596 dentur,
2382 2543 2443 2583 ea
2474 2527 2606 2581 ﬁunt
2647 2542 2677 2581 a
2709 2526 2847 2581 meis
2889 2523 3163 2592 subjectis.
3197 2522 3337 2594 Ergo
3369 2520 3501 2576 nihil
3545 2520 3612 2575 ab
3658 2536 3725 2575 re

2136 2629 2239 2690 est,
2263 2631 2315 2676 et
2346 2630 2396 2678 te
2425 2620 2562 2674 hanc
2577 2627 2824 2674 sumente
2850 2632 2880 2670 a
2902 2617 3010 2670 Deo
3033 2623 3372 2684 poteStatem,
3403 2613 3567 2667 verbo
3596 2622 3723 2666 tan—

2137 2720 2247 2767 tum
2266 2706 2490 2779 jubente
2525 2708 2719 2777 expelli
2750 2708 3045 2777 passiones.
3076 2705 3257 2774 Neque
3296 2706 3437 2759 enim
3474 2714 3727 2773 tanquam

2140 2803 2231 2857 Del
2260 2800 2482 2865 Filium,
2513 2807 2568 2855 ct
2601 2810 2725 2854 ante
2750 2811 2965 2853 omnem
2990 2806 3290 2852 creaturam
3316 2795 3728 2857 subsistentem,

2138 2902 2195 2952 ct
2225 2896 2464 2950 omnium
2493 2908 2610 2962 quae
2638 2901 2758 2947 sunt
2783 2890 3051 2961 opificem,
3082 2887 3286 2943 adierat
3312 2888 3576 2942 centurio.
3602 2885 3731 2941 Haec

2138 2988 2280 3043 enim
2314 2997 2489 3054 neque
2527 2984 2913 3051 discipulorum
2957 2990 3073 3034 erat
3104 2987 3229 3033 tunc
3270 2977 3410 3031 scire
3438 2985 3566 3031 ante
3599 2991 3731 3031 cru-

2139 3092 2282 3145 cem,
2331 3076 2468 3133 sicut
2513 3076 2567 3131 in
2608 3075 2828 3144 reliquis
2876 3071 3242 3135 ostendemus,
3291 3068 3520 3124 Domino
3569 3067 3728 3136 adju-

2075 3195 2107 3237 π
2140 3182 2319 3237 vante,
2352 3169 2617 3232 subtilius,
2654 3166 2747 3223 sed
2774 3176 3022 3235 tanquam
3053 3165 3319 3218 hominem
3353 3177 3445 3230 per
3475 3161 3732 3215 virtutem

2142 3264 2391 3333 adeptum
2424 3276 2455 3317 a
2479 3261 2591 3316 Deo
2627 3260 2883 3328 majorem
2913 3270 3070 3328 quam
3104 3264 3186 3310 est
3229 3255 3458 3308 hominis
3492 3260 3731 3320 potesta~

2144 3365 2272 3410 tem.
2326 3352 2479 3409 Unde
2523 3353 2573 3407 ei
2621 3352 2790 3407 dixit:
2816 3349 2947 3405 Nam
2985 3357 3039 3405 et
3073 3362 3173 3419 ego
3204 3346 3362 3400 homo
3392 3360 3533 3398 sum.
3566 3362 3584 3395 ι
3623 3344 3733 3398 Hoc

2142 3446 2303 3501 modo
2331 3458 2392 3501 se
2431 3444 2633 3500 habent
2676 3443 2838 3500 verba
2869 3441 3158 3498 Theodori.
3206 3438 3321 3493 iam
3364 3452 3508 3493 nunc
3545 3433 3732 3491 confer

2142 3537 2471 3608 utrumque“
2496 3536 2635 3592 sicut
2664 3544 2716 3591 te
2756 3534 2975 3605 dignum
3013 3541 3116 3599 est,
3151 3531 3467 3601 imperator,
3499 3537 3558 3583 et
3586 3528 3735 3582 inve-

2145 3628 2267 3684 nies
2296 3638 2490 3697 quanta
2517 3626 2584 3680 ab
2626 3626 2706 3680 eis
2733 3623 2927 3679 fttrrint
2959 3624 3259 3691 supposita,
3287 3630 3340 3674 et
3370 3628 3572 3689 quanta
3610 3617 3733 3670 sub-

2145 3727 2330 3783 tracta,
2358 3733 2425 3773 ne
2447 3718 2647 3772 veritas
2668 3720 2971 3786 appareret.
3003 3714 3231 3768 Maxime
3252 3719 3452 3774 autem,
3477 3709 3601 3776 quis
3630 3722 3732 3760 non

2146 3809 2322 3865 Videat
2360 3809 2483 3879 quia
2516 3821 2619 3862 non
2650 3806 2720 3861 ob
2760 3806 2902 3860 aliud
2952 3804 3337 3858 subtraxerunt
3364 3799 3504 3869 quod
3554 3798 3623 3852 ibi
3649 3796 3735 3851 di-

2147 3910 2291 3956 ctum
2338 3908 2459 3958 est:
2492 3918 2510 3952 ε
2538 3900 2840 3955 Prudentia:
2873 3900 3012 3951 enim
3052 3907 3188 3961 erat,
3235 3893 3529 3950 secundum
3573 3892 3732 3947 ratio-

2149 3976 2269 4047 nem
2301 4007 2421 4063 qua:
2459 3993 2509 4046 ei
2538 3991 2841 4056 videbatur,
2874 3990 2943 4043 tal
2969 4003 2996 4041 a
3045 3986 3269 4042 credere
3315 3986 3381 4040 de
3412 3981 3675 4049 Christo;
3707 4000 3728 4035 ι

2147 4083 2249 4138 nisi
2289 4090 2347 4137 ut
2377 4081 2430 4137 in
2471 4081 2574 4136 illis
2619 4081 2795 4136 verbis
2822 4076 3152 4133 centurioois
3178 4077 3198 4108 ‘
3224 4078 3525 4145 ignorantis
3557 4072 3743 4129 existi-

2148 4180 2460 4238 mationem,
2501 4189 2657 4241 quam
2700 4188 2848 4227 suam
2879 4171 3056 4238 fidem,
3106 4170 3379 4224 videretur
3415 4165 3739 4221 Theodorus

2149 4270 2741 4343 magis'expressisse;
2771 4267 2853 4319 vel
2902 4264 3029 4318 illud
3078 4272 3376 4318 extremum
3425 4261 3565 4330 quod
3619 4272 3739 4328 per-

2150 4366 2358 4434 tingere
2381 4362 2690 4424 noluerunt,
2727 4358 2813 4413 ubi
2846 4361 2921 4412 ait
2950 4376 2961 4410 :
2995 4377 3012 4407 ι
3044 4355 3166 4409 llaac
3197 4356 3339 4410 enim
3382 4367 3559 4423 neque
3587 4352 3745 4406 disci—

2150 4457 2398 4524 pulorum
2432 4463 2548 4507 erat
2596 4462 2721 4505 tunc
2752 4452 2891 4504 scire
2916 4459 3037 4501 ante
3061 4461 3295 4509 crucem,
3338 4444 3475 4499 sicut
3519 4444 3744 4497 inferius

464 4545 605 4600 Nihil
638 4546 902 4612 mirabile,
936 4547 979 4599 si
1020 4546 1162 4599 istud
1196 4558 1353 4613 posse
1379 4546 1565 4609 habes,
1596 4545 1780 4611 homo,
1812 4558 1931 4599 cum
1972 4546 2047 4599 sis
2075 4574 2125 4635 υ
2153 4544 2525 4608 ostendemus,
2574 4540 2798 4594 Domino
2829 4540 3135 4608 adiuvante,
3180 4536 3465 4591 subtilius?
3493 4552 3513 4587 ι
3540 4533 3742 4602 Collige

462 4640 729 4709 accipiens
751 4655 779 4692 a
805 4640 945 4705 Deo;
978 4639 1229 4707 quoniam
1272 4652 1371 4708 ego
1400 4653 1521 4692 cum
1553 4638 1653 4691 sim
1688 4638 1868 4703 homo,
1905 4638 2045 4691 acci—

464 4731 549 4797 pio
569 4730 905 4794 obetlientes,
942 4732 1107 4784 semel
1141 4732 1344 4785 balteos
1366 4729 1593 4799 jubendi
1634 4737 1955 4797 potestatem
1988 4738 2045 4784 ut

463 4825 706 4889 voluero,
740 4838 833 4891 per
856 4826 1033 4878 dantis
1056 4822 1503 4876 munificentiam.
1534 4821 1762 4890 Propter
1788 4823 1926 4890 quod
1960 4821 2043 4876 ni-

467 4915 539 4967 bii
561 4914 630 4967 ab
654 4928 715 4966 re
745 4923 847 4978 est,
874 4924 925 4968 te
950 4924 1005 4967 et
1042 4915 1178 4969 hanc
1212 4921 1459 4968 sumente
1491 4927 1519 4964 a
1561 4913 1671 4966 Deo
1704 4920 2040 4980 potestatem,

464 5005 632 5061 verbo
672 5013 885 5059 tantum
934 5006 1160 5076 jubente
1209 5005 1403 5073 expelli
1457 5005 1752 5071 passiones.
1788 5022 1804 5054 ι
1863 5003 2045 5073 Neque

464 5098 606 5153 enim
636 5105 888 5168 tanquam
940 5098 1033 5153 Dei
1070 5098 1287 5163 Filium,
1335 5104 1388 5150 et
1417 5104 1541 5151 ante
1580 5108 1794 5150 omnem
1840 5102 2051 5148 creatu-

540 5293 568 5323 ι
607 5281 703 5337 Hic
732 5283 891 5338 etiam
923 5284 1070 5338 locus
1101 5285 1239 5337 inter
1270 5292 1463 5338 caetera
1513 5280 1785 5336 Theodori
1822 5279 2052 5332 reiectus

469 5365 552 5411 est
582 5356 634 5409 in
665 5354 854 5425 synodi
888 5370 915 5406 v
941 5355 1151 5409 actione
1178 5355 1233 5417 4,
1263 5369 1410 5408 num.
1443 5356 1508 5417 ὃς
1535 5352 1627 5407 sed
1655 5353 1754 5404 alia
1782 5350 2053 5425 estinter-

472 5418 718 5499 pretatio',
750 5426 884 5480 sicut
917 5435 969 5479 et
1010 5425 1061 5479 in
1103 5425 1276 5494 Vigilit
1307 5424 1631 5487 Constituto,
1677 5435 1797 5489 cap.
1844 5419 1932 5483 55,
1971 5418 2050 5469 his

545 5622 559 5651 ⁸
602 5614 734 5672 Cod.
768 5611 984 5671 Verum,
1016 5625 1104 5680 per
1126 5604 1484 5679 ignorantiam.

542 5693 561 5719 ’
594 5688 735 5740 Idem
760 5682 906 5748 cod.,
941 5681 1092 5748 facile
1122 5692 1443 5749 cognoscere.

543 5751 561 5784 ³
594 5758 733 5810 ltlcttt
764 5753 909 5815 cod.,
942 5749 1265 5808 Mattlttrttm,
1300 5748 1505 5801 scilicet
1530 5759 1647 5812 cap.
1679 5756 1767 5793 Vill
1792 5749 1841 5793 ct
1866 5756 1937 5793 ts.

546 5828 567 5858 ⁸
593 5827 730 5885 idem
756 5823 903 5891 cod.,
931 5836 1081 5876 (τίσω,

2156 4639 2337 4706 itaque
2367 4636 2568 4705 pariter
2598 4648 2718 4687 cum
2754 4632 2833 4686 his
2863 4636 3041 4685 verbis
3065 4634 3224 4684 tinem
3247 4628 3550 4693 sententiae,
3582 4636 3636 4681 et
3662 4627 3742 4680 in-

2154 4731 2336 4784 venies
2367 4727 2733 4793 Tltcodorum,
2767 4726 2852 4794 qui
2887 4724 3181 4781 Christum.
3221 4736 3325 4775 non
3362 4730 3613 4789 tanquam
3649 4720 3743 4773 bo-

2156 4824 2351 4875 mincm
2374 4835 2466 4887 per
2499 4820 2746 4872 virtutem
2780 4818 3028 4885 adeptum
3062 4830 3091 4867 a
3122 4815 3232 4868 Deo
3273 4814 3554 4881 majorem,
3587 4826 3744 4881 quam

2155 4921 2237 4965 est
2271 4912 2449 4965 homin
2479 4927 2525 4976 s,
2562 4918 2900 4977 potestatem,
2932 4906 3023 4961 sed
3054 4920 3236 4959 verum
3272 4904 3362 4957 Dei
3394 4903 3587 4957 Filium
3628 4916 3745 4956 cre-

2154 5001 2312 5066 didit,
2370 5011 2421 5053 et
2472 5011 2595 5053 ante
2635 5012 2846 5052 omnem
2898 5005 3198 5052 creaturam
3251 4994 3659 5058 subsistentem,
3693 4999 3747 5045 et

2164 5093 2403 5147 omnium
2430 5107 2546 5161 qum
2577 5100 2701 5144 sunt
2745 5090 3010 5158 opificem.
3044 5087 3173 5141 Nam
3205 5085 3477 5156 quomodo
3504 5085 3743 5139 diceret:

2161 5273 2342 5327 verbis
2370 5289 2385 5328 ε
2418 5272 2529 5327 Nec
2559 5273 2692 5325 enim
2722 5279 2967 5339 tanquam
3012 5267 3150 5322 Filio
3179 5264 3289 5330 Dei,
3319 5277 3365 5320 et
3396 5273 3520 5320 ante
3553 5266 3747 5319 univer-

2157 5360 2267 5398 sam
2296 5354 2591 5425 creaturam
2617 5342 2880 5405 existenti,
2914 5346 2960 5391 et
2998 5339 3215 5392 creatori
3244 5353 3423 5391 eorum
3463 5353 3580 5408 qua
3606 5342 3747 5401 sunt,

2159 5424 2365 5471 accessit
2396 5424 2645 5469 centurio.

2238 5595 2259 5625 ⁵
2281 5593 2419 5647 Idem
2446 5592 2590 5656 cud.,
2621 5604 2853 5658 utraque.

2236 5666 2257 5696 ‘
2281 5664 2421 5717 Idem
2454 5663 2596 5727 cod.,
2630 5679 2728 5714 non
2755 5673 2853 5713 tam
2882 5660 3206 5713 centurionis.

2236 5738 2252 5765 ⁷
2281 5738 2331 5789 ltt
2366 5735 2552 5788 eodem
2586 5734 2727 5797 cod.,
2764 5732 2911 5786 deest
2944 5732 2999 5785 τὸ
3031 5734 3210 5799 inagis.
