3974 6330
206 401 301 459 597
1091 389 1225 448 PRO
1265 385 1695 446 DEFENSIONE
1729 385 1940 444 TRlUM
1982 384 2295 443 CAPITUL.
2341 386 2466 442 LIB.
2510 386 2592 442 lli.

3385 389 3495 449 598

206 511 315 568 Nec
340 505 725 576 discipulorum
778 510 892 557 erat
918 508 1048 557 tunc
1089 502 1229 558 scire
1260 510 1383 555 ante
1411 516 1650 565 crucem,
1701 498 1801 552 nisi
1836 501 1878 557 A
1911 504 2190 571 epistolam
2215 504 2535 559 venerabilis
2563 503 2685 570 lbar,
2712 517 2867 573 quam
2888 507 3126 576 synodus
3150 510 3485 580 approbavit,

206 600 322 654 haec
363 598 480 667 ipse
519 596 703 661 sciret,
748 604 803 647 et
842 591 1136 660 discipulos
1163 606 1374 661 quoque
1414 601 1534 660 post
1579 602 1793 644 crucem

206 690 455 747 crederet
481 683 838 754 cognovisse?
864 681 995 749 Quis
1021 696 1180 751 porro
1212 683 1434 737 istorum
1462 688 1631 735 tantas
1656 680 1799 733 frau-

208 784 306 841 des
332 776 719 845 mendaciaque
757 788 862 828 non
895 773 1145 829 horreat?
1175 772 1230 828 Si
1279 787 1384 826 non
1427 770 1800 825 consideratur

207 872 352 943 quod
383 869 646 938 sciiptum
675 877 778 933 est,
814 865 1005 920 Perdes
1035 880 1209 918 omnes
1237 864 1325 935 qui
1357 864 1635 929 loqutmtur
1664 878 1801 915 men-

213 964 420 1019 dacium
464 959 637 1031 (Psat.
672 974 727 1025 τ,
753 956 836 1026 7),
888 965 941 1011 et
969 958 1126 1010 timor
1154 955 1250 1011 Dei
1290 954 1674 1016 contemnitur,
1705 965 1802 1021 pro

213 1053 451 1111 humano
486 1051 675 1105 saltem
705 1048 932 1118 pudore,
976 1046 1066 1116 qui
1094 1045 1265 1125 facile
1294 1044 1624 1115 deprehendi
1655 1052 1803 1113 pote-

213 1155 359 1210 rant,
392 1142 678 1201 manifesto
728 1138 1009 1194 mendacio
1048 1138 1347 1193 debuerant
1396 1136 1709 1202 abstinere;
1751 1144 1805 1191 et

215 1247 397 1291 tamen
424 1236 493 1291 de
523 1236 639 1304 ipso
669 1231 956 1287 Theodoro
997 1230 1280 1299 loquentes
1306 1230 1525 1286 dicunt:
1557 1247 1574 1281 ι
1606 1228 1803 1283 Horre-

215 1342 338 1382 mus
364 1327 527 1383 etiam
558 1325 735 1381 solam
768 1322 1083 1377 memoriam
1113 1320 1567 1391 blasphemiarum
1589 1319 1730 1390 ejus,
1754 1328 1807 1373 et

218 1417 331 1473 Deo
360 1415 748 1487 supplicamus,
790 1422 849 1469 ut
887 1413 1044 1469 nobis
1094 1412 1183 1467 fiat
1216 1412 1477 1482 prepitius
1503 1412 1645 1482 quod
1692 1425 1808 1466 om-

220 1510 350 1566 nino
380 1509 433 1563 in
472 1508 651 1579 lingua
699 1506 820 1561 talia
866 1505 1213 1560 sustinemus.
1252 1523 1271 1557 ι
1301 1504 1511 1571 Quanta
1533 1505 1809 1560 conscien-

225 1606 315 1659 tim
338 1603 619 1667 sanctitas,
649 1610 704 1656 et
730 1606 932 1670 quanta
958 1598 1270 1655 sinceritas!
1297 1598 1577 1665 Quomodo
1602 1612 1661 1652 se
1690 1611 1810 1667 pro-

221 1696 351 1751 bant
376 1691 835 1763 blasphemiarum
863 1706 983 1762 qum
1011 1690 1080 1744 ab
1118 1689 1222 1745 alio
1250 1689 1408 1746 dicta:
1438 1698 1566 1744 sunt
1590 1688 1812 1743 horrere

219 1786 565 1852 memoriam,
608 1784 703 1855 qui
742 1792 889 1838 tanta
935 1797 1055 1851 quae
1097 1796 1203 1836 non
1251 1790 1377 1837 sunt
1428 1782 1571 1836 dicta
1615 1779 1812 1836 confin-

1914 595 2135 663 indigne
2164 609 2259 663 pro
2289 592 2441 646 laude
2472 592 2741 648 Theodori
2776 593 2938 650 fuisse
2970 580 3299 653 damnatam:

2535 816 2759 873 CAPUT
2801 818 2863 872 V.

1912 949 2067 1024 Qitgd
2125 953 2258 1021 falso
2306 950 2633 1024 Theodorum
2675 960 2936 1015 accusent,
2983 954 3130 1022 quasi
3159 970 3493 1024 personarum

1984 1020 2286 1093 Trinitatem
2332 1040 2444 1075 cum
2486 1023 2715 1079 Sabellis
2757 1020 3273 1093 negarinunanique
3319 1025 3495 1080 Patris

1982 1100 2028 1146 ct
2064 1090 2191 1147 Filii
2219 1105 2263 1145 et
2289 1094 2521 1162 Spiritus
2550 1095 2715 1147 sancti
2741 1090 3021 1163 personant
3038 1112 3148 1151 esse
3170 1095 3423 1150 docuerit.

1985 1228 2121 1295 Quid
2152 1230 2313 1282 etiam
2340 1228 2479 1297 quod
2514 1242 2665 1298 atque
2690 1226 2757 1283 ad
2790 1230 3217 1299 exaggerandam
3243 1231 3496 1287 invidiam

1914 1332 2113 1375 sanctm
2148 1321 2355 1389 synodo
2398 1319 2670 1389 injuriam,
2721 1321 2773 1372 in
2825 1335 2927 1390 qua
2975 1322 3102 1376 dum
3144 1321 3498 1378 recitarentur

1916 1412 2107 1466 laudes
2136 1412 2300 1480 ipsius
2328 1410 2620 1477 Theodori,
2646 1411 3132 1469 anathematizatus
3159 1427 3262 1467 non
3292 1422 3395 1478 est,
3420 1413 3500 1467 di-

1915 1512 2041 1558 cunt
2071 1518 2195 1557 eum
2236 1503 2554 1558 Trinitatem
2586 1516 2801 1571 quoque
2846 1517 3089 1572 negasse,
3125 1512 3179 1557 et
3204 1502 3356 1573 juxta
3406 1502 3500 1559 Sa-

1918 1596 2133 1649 bellium
2158 1611 2316 1650 unam
2342 1595 2536 1662 Patris,
2569 1604 2622 1651 et
2644 1595 2787 1659 Filii,
2820 1594 3130 1673 etSpiritus
3163 1596 3335 1651 sancti
3381 1609 3500 1651 crc-

1916 1690 2115 1744 didisse
2138 1689 2461 1759 personam?
2487 1687 2736 1759 Nunquid
2765 1697 2819 1744 et
2847 1689 2947 1742 hoc
2974 1695 3158 1742 contra
3187 1688 3201 1719 ¹
3229 1688 3371 1743 beati
3399 1687 3502 1757 Cy-

1917 1781 2023 1835 rilli
2056 1781 2378 1837 sententiam
2409 1781 2616 1849 dicunt,
2647 1782 2692 1835 si
2727 1780 2840 1850 ipse
2864 1781 2915 1835 in
2943 1779 3038 1834 illo
3067 1794 3231 1851 opere
3259 1780 3499 1849 quaedam

214 1879 389 1952 gunt‘l
441 1884 534 1931 aut
562 1874 832 1947 quomodo
878 1874 957 1929 eis
1004 1888 1112 1928 non
1164 1871 1484 1941 propitietur
1530 1870 1696 1935 Deus,
1738 1870 1806 1924 ita
1843 1888 1889 1950 Β
1918 1875 2117 1943 scripta
2170 1874 2342 1929 sancti
2386 1872 2624 1937 Diodori,
2666 1881 2720 1927 et
2765 1869 3015 1940 discipuli
3058 1870 3173 1940 ejus
3211 1869 3500 1932 Theodori,

218 1970 542 2040 simpliciter
560 1984 627 2024 ac
665 1968 929 2022 veraciter
966 1964 1287 2020 invocatus?
1310 1963 1402 2020 Isti
1444 1972 1572 2018 sunt
1600 1962 1689 2033 qui
1718 1962 1814 2019 do-

218 2073 350 2120 cent
392 2076 614 2127 novam,
646 2070 699 2114 et
728 2069 834 2114 tam
866 2058 1030 2114 Leoni
1062 2055 1330 2121 Romano,
1374 2055 1546 2111 donec
1588 2053 1812 2119 advixit,

220 2169 387 2225 quam
414 2154 513 2208 toti
548 2153 808 2207 hactenus
850 2149 1109 2206 Ecclesia:
1153 2147 1475 2216 incognitam
1506 2147 1812 2202 veritatem.

219 2246 582 2316 Abjicianlur,
611 2245 859 2312 obsecro,
907 2242 1064 2308 tales,
1098 2250 1151 2297 et
1196 2241 1548 2312 profugentur
1578 2242 1647 2296 ab
1674 2243 1819 2297 auri-

219 2340 325 2396 bus
354 2339 572 2404 vestris,
604 2353 701 2393 nec
729 2338 811 2392 eis
837 2335 974 2391 ultra
1003 2335 1073 2390 sit
1094 2334 1323 2390 liberum
1354 2332 1510 2389 titulo
1536 2333 1704 2389 vestri
1729 2350 1818 2386 no-

223 2431 388 2486 minis
409 2445 505 2485 sua
537 2429 823 2485 mendacia
864 2434 1189 2498 praenotare.
1223 2424 1357 2480 Nam
1399 2425 1446 2480 si
1478 2424 1613 2480 hanc
1653 2423 1822 2479 mani-

222 2522 419 2579 festam
442 2521 708 2579 Theodori
739 2521 805 2577 de
826 2519 1142 2577 centurione
1170 2518 1517 2585 sententiam,
1548 2533 1644 2588 per
1663 2532 1821 2587 quam

222 2617 398 2685 magis
423 2630 570 2680 eum,
599 2610 869 2683 quomodo
898 2613 1342 2680 promiseramus,
1384 2608 1718 2664 ostendimus
1748 2608 1817 2662 ab

225 2720 417 2760 eorum
458 2705 803 2760 accusatione
828 2702 1067 2770 defendi,
1097 2702 1176 2756 sic
1226 2700 1567 2772 impudenter
1597 2716 1816 2755 accusa-

222 2806 439 2863 verunt,
484 2797 563 2852 sic
592 2796 716 2850 aliis
755 2794 1049 2864 suppositis
1095 2793 1335 2863 quidem,
1378 2793 1499 2848 aliis
1529 2808 1659 2847 vero
1702 2794 1824 2848 sub-

224 2890 437 2956 tractis,
460 2888 755 2945 obscurare
785 2887 964 2944 conati
1012 2894 1157 2953 sunt,
1206 2897 1265 2942 ut
1308 2901 1369 2941 ea
1414 2888 1467 2942 in
1494 2887 1823 2942 contrarium

224 2997 447 3039 sensum
476 2996 618 3037 szeva
653 2980 1092 3051 interpretatione
1116 2987 1520 3045 converterent;
1548 2979 1674 3048 quid
1706 2979 1826 3034 illos

226 3077 279 3131 in
329 3075 542 3130 cmteris
606 3074 798 3129 fecisse
845 3072 1174 3129 credendum
1228 3079 1335 3140 est,
1389 3059 1501 3127 ubi'
1537 3069 1825 3140 przedictus

227 3166 567 3233 Theodorus,
599 3164 981 3237 Apolinaristis
1011 3163 1409 3231 contradicens,
1443 3165 1684 3233 quaedam
1709 3178 1827 3219 cer-

1916 1966 2129 2035 culpat?
2162 1965 2293 2020 Nam
2324 1964 2628 2035 quicunque
2664 1961 2754 2027 sit,
2790 1960 3103 2017 testificatur
3132 1959 3333 2016 interea
3366 1975 3501 2028 quo-

1919 2061 2060 2117 niam
2081 2059 2398 2116 Theodorus
2425 2059 2688 2114 adversus
2714 2057 3039 2112 Arianorum
3064 2068 3119 2113 et
3140 2056 3501 2112 Eunomiana-

1919 2170 2035 2209 rum
2067 2152 2302 2210 brereses
2329 2151 2516 2223 viginti
2558 2160 2612 2207 et
2642 2151 2871 2220 amplius
2900 2151 3066 2205 libros
3105 2146 3501 2217 irreprehensi-

1919 2246 2099 2300 hiliter
2128 2243 2374 2315 scripsit;
2399 2243 2539 2314 quod
2566 2257 2670 2296 non
2699 2242 2857 2296 aliter
2878 2249 3075 2311 posset,
3106 2241 3208 2294 nisi
3239 2238 3501 2295 conﬁtens

1922 2337 2238 2392 Trinitatem
2265 2352 2278 2388 :
2303 2334 2557 2403 quoniam
2588 2342 2642 2388 et
2668 2334 2979 2402 evangelica
3023 2341 3182 2401 atque
3209 2329 3503 2397 apostolica

1923 2432 2119 2499 scripta
2150 2435 2297 2481 recte
2342 2427 2728 2495 interpretatus
2776 2433 2878 2490 est,
2933 2426 2985 2478 in
3031 2424 3225 2493 quibus
3272 2433 3325 2477 et
3376 2423 3505 2477 Mat-

1926 2519 2094 2572 thasus
2146 2517 2467 2585 praecepisse
2524 2517 2805 2570 Dominum
2856 2515 3055 2570 refert:
3086 2515 3274 2569 Euntes
3334 2517 3507 2569 docete

1924 2622 2097 2662 omnes
2121 2618 2315 2678 gentes,
2346 2607 2659 2678 baptiznntes
2689 2623 2776 2659 eos
2804 2608 2855 2660 in
2888 2608 3091 2660 nomine
3124 2605 3319 2670 Patris,
3347 2619 3392 2660 et
3424 2605 3505 2659 Fr.
3546 2676 3547 2679 η

1927 2700 2006 2764 lii,
2035 2708 2082 2753 et
2115 2699 2342 2767 Spiritus
2385 2699 2549 2753 sancti
2582 2698 2795 2767 (Matth.
2845 2711 3027 2761 xxvm,
3062 2697 3177 2767 19).
3222 2698 3285 2751 Et
3314 2697 3507 2753 Paulus

1928 2791 2216 2847 Corinthiis
2246 2791 2379 2845 dixit
2408 2809 2418 2844 :
2445 2788 2627 2844 Gratia
2650 2788 2859 2843 Domini
2889 2789 3049 2843 nostri
3071 2788 3198 2843 Jcsu
3225 2789 3432 2855 Christi,
3465 2800 3507 2843 ct

1928 2883 2156 2938 charitas
2201 2882 2318 2949 Dei,
2376 2891 2421 2936 et
2470 2882 2859 2937 communicatio
2911 2883 3075 2936 sancti
3115 2880 3365 2949 Spiritus,
3395 2900 3507 2936 cum

1929 2978 2162 3031 omnibus
2187 2976 2328 3032 vobis
2362 2974 2447 3047 (ΙΙ
2473 2972 2592 3031 Cor.
2622 2991 2736 3042 xm,
2772 2976 2884 3045 l3),
2920 2986 2973 3030 et
2998 2976 3195 3031 similia
3212 2979 3253 3043 *,
3282 2993 3377 3045 per
3395 2994 3510 3045 qua)

1931 3068 2084 3123 nobis
2128 3069 2180 3123 in
2209 3067 2531 3138 evangelicis
2578 3075 2739 3138 atque
2779 3067 3089 3137 apostolicis
3118 3067 3334 3136 scriptis
3382 3066 3510 3121 insi-

1933 3169 2091 3215 nuata
2119 3167 2202 3215 est
2230 3159 2487 3215 Trinitas.
2522 3161 2651 3215 Cum
2694 3160 2854 3230 igitur
2883 3159 3018 3224 hmc,
3054 3169 3110 3214 ut
3138 3160 3340 3225 dicunt,
3384 3162 3510 3215 hea-

227 3264 394 3318 tative
427 3261 593 3331 magis
616 3276 774 3329 quam
804 3258 1048 3314 modeste
1073 3268 1335 3327 cauteque
1364 3257 1574 3312 locutus
1605 3257 1721 3312 est?
1746 3256 1821 3311 Ac
1851 3274 1897 3335 ο
1935 3259 2020 3307 tus
2070 3251 2303 3323 Cyrillus
2352 3252 2694 3306 Theodorum
2746 3251 3283 3321 irreprehcnsibilLter
3350 3268 3512 3322 espo-

227 3356 273 3407 si
306 3353 452 3409 beati
490 3351 699 3423 Cyrilli,
742 3350 1191 3422 quemadmodum
1217 3348 1445 3418 jactant,
1484 3363 1580 3403 eos
1614 3356 1823 3402 teneret

228 3444 549 3512 auctoritas,
574 3458 679 3499 non
712 3443 884 3498 solum
914 3443 1223 3513 evangeliea
1260 3440 1461 3512 scripta
1492 3441 1630 3495 male
1662 3441 1825 3496 fuisse

231 3551 260 3589 a
284 3535 580 3590 Theodoro
608 3536 956 3603 interpretata
987 3549 1092 3588 non
1124 3535 1390 3599 dicerent,
1425 3533 1476 3587 in
1510 3533 1706 3602 quibus
1735 3532 1826 3587 ille

230 3626 506 3696 perhibet,
538 3627 679 3681 sicut
715 3626 1005 3691 afﬁrmant,
1041 3624 1252 3680 labores
1280 3624 1400 3693 ejus
1428 3623 1631 3677 nullum
1662 3621 1826 3678 fuisse

229 3734 428 3774 ausum
468 3717 769 3787 increpare,
803 3717 896 3772 sed
942 3717 1131 3771 dextro
1159 3716 1378 3771 decreto
1407 3715 1674 3769 honorare
1716 3727 1827 3769 sm.

229 3811 384 3866 dium
433 3820 705 3865 rectorum
752 3809 1057 3878 dogmatum
1085 3809 1227 3878 quod
1279 3808 1331 3861 in
1363 3807 1442 3861 eis
1477 3816 1595 3871 est;
1645 3822 1825 3861 verum

233 3903 405 3957 etiam
441 3915 776 3971 qumcunque
811 3902 861 3955 in
888 3902 1010 3955 aliis
1040 3900 1281 3968 ejusdem
1313 3898 1584 3954 Theodori
1615 3899 1830 3967 scriptis

232 3992 434 4048 similia
459 4008 565 4047 non
598 3994 894 4062 culparent,
929 3992 1022 4047 sed
1059 3991 1234 4061 potius
1254 4005 1313 4045 se
1344 3991 1629 4045 crederent
1655 3990 1831 4045 minus

230 4100 426 4142 eorum
455 4086 718 4141 rationem
753 4085 989 4153 potuisse
1016 4097 1376 4154 cognoscere;
1408 4096 1496 4147 ne,
1527 4081 1719 4135 talibus
1752 4091 1833 4136 te-

232 4194 388 4233 mere
423 4178 757 4246 improbatis,
791 4184 1188 4246 consequenter
1228 4186 1281 4229 et
1312 4175 1403 4228 illa
1432 4166 1552 4245 quae
1584 4173 1637 4227 in
1684 4171 1829 4226 labo-

234 4272 387 4326 ribus
421 4270 541 4339 ejus
571 4286 598 4323 a
634 4271 789 4325 beato
825 4268 1028 4339 Cyrillo
1059 4267 1351 4336 approbata
1380 4280 1502 4321 esse
1536 4280 1638 4319 non
1671 4265 1834 4320 dene-

233 4374 386 4435 gant,
438 4365 661 4434 culpare
718 4378 815 4433 pro
858 4360 1213 4416 similitudine
1256 4361 1585 4415 viderentur.
1639 4358 1694 4413 Si
1741 4372 1833 4411 au-

236 4467 345 4513 tem
374 4459 498 4527 quia
528 4457 873 4512 Nestorianus
907 4471 1062 4510 error
1090 4454 1389 4520 Christum,
1425 4469 1529 4509 non
1579 4464 1829 4521 tanquam

236 4549 336 4607 Dei
370 4550 589 4617 Filium,
630 4558 686 4605 et
714 4560 837 4604 ante
880 4562 1094 4603 omnem
1142 4557 1441 4601 creaturam
1488 4544 1831 4605 existentezn,

1931 3343 2104 3399 suisse
2133 3341 2433 3412 perhibeat,
2464 3342 2735 3412 quomodo
2767 3357 2871 3394 non
2916 3351 3101 3395 contra
3131 3342 3247 3411 ejus
3278 3343 3513 3398 testina-

1932 3437 2076 3489 nium
2130 3434 2429 3489 afﬁrmatur
2484 3434 2623 3503 quod
2685 3433 2825 3488 idem
2873 3433 3188 3487 Theodorus
3240 3434 3513 3502 negaverit

1930 3525 2268 3589 Trinitatem,
2298 3535 2351 3577 et
2376 3537 2533 3578 unam
2567 3524 2725 3578 trium
2757 3522 3003 3577 docuerit
3034 3536 3154 3577 esse
3197 3524 3514 3591 personam?

1939 3636 1957 3669 t
1992 3617 2249 3671 Dixerunt
2270 3616 2414 3670 enim
2435 3634 2445 3667 :
2470 3615 2872 3679 Verumtamen,
2905 3624 2960 3667 ut
2991 3631 3176 3669 omnes
3203 3614 3514 3680 Christiani,

1932 3708 2208 3763 Theodori
2238 3708 2496 3761 insaniam
2529 3716 2937 3776 cognoscentes,
2988 3722 3092 3760 non
3137 3705 3516 3760 circumferan-

1935 3810 2019 3855 tur
2047 3800 2221 3870 impiis
2254 3799 2396 3853 illius
2425 3798 2708 3860 doctrinis,
2745 3814 2901 3866 parva
2934 3814 2996 3852 ex
3025 3800 3142 3867 ejus
3170 3798 3517 3869 bla<phemiis

1935 3889 2278 3957 conscriptis,
2314 3889 2365 3941 in
2399 3888 2629 3941 conficto
2660 3886 2727 3941 ab
2759 3903 2823 3941 eo
2852 3888 3121 3957 symbolo,
3153 3889 3403 3957 praesenti
3428 3905 3518 3943 no-

1936 3990 2050 4035 stro
2082 3980 2371 4033 indidimus
2404 3980 2560 4043 libro,
2585 3993 2704 4047 quae
2732 3987 2979 4033 constant
3010 3979 3060 4032 in
3086 3979 3213 4048 ipsis
3251 3962 3519 4033 sermoni-

1936 4075 2035 4128 bus
2061 4090 2073 4126 :
2099 4072 2426 4129 Confitemur
2458 4071 2667 4125 Patrem
2697 4080 2719 4107 δ
2751 4072 3045 4140 perfectum
3079 4088 3331 4141 persona,
3357 4084 3408 4126 et
3436 4072 3522 4125 Fi-

1939 4167 2066 4221 lium
2120 4166 2384 4231 similiter,
2442 4175 2492 4217 et
2553 4164 2809 4232 Spiritum
2860 4175 3101 4218 sanctum
3155 4163 3416 4218 ibidem’.
3463 4162 3524 4220 Et

1942 4260 2057 4312 hmc
2084 4258 2295 4328 quidem
2327 4257 2641 4310 Theodorus
2672 4254 2885 4325 impius.
2918 4256 3142 4321 Oportet
3180 4263 3355 4308 autem
3385 4253 3524 4307 audi-

1942 4359 2110 4407 torem
2141 4350 2409 4417 insriicere
2437 4348 2556 4417 quia
2582 4349 2632 4400 in
2661 4356 2844 4402 sancta
2875 4347 3151 4401 Trinitatis
3183 4361 3409 4415 persona
3442 4346 3527 4399 di-

1942 4459 2068 4499 cens
2097 4442 2345 4497 similiter
2389 4450 2442 4495 et
2474 4440 2670 4495 ibidem
2697 4438 2739 4505 ’⁵,
2764 4454 2925 4493 unam
2968 4453 3249 4507 personam
3283 4438 3527 4491 ostendi-

1946 4546 2031 4590 tttr
2062 4535 2243 4589 dicere
2276 4532 2436 4587 trium
2468 4532 2743 4585 nominum
2777 4538 2975 4584 sancta:
3007 4529 3305 4592 Trinitatis,
3336 4542 3527 4582 secun-

238 4652 296 4697 et
337 4641 577 4697 omnium
614 4654 734 4709 qum
762 4650 884 4694 sunt
930 4640 1177 4708 opificem
1206 4636 1402 4703 credit,
1434 4636 1556 4691 ideo
1586 4634 1832 4690 Theodo-
1865 4655 1914 4715 ι)
1944 4628 2068 4681 dum
2119 4625 2334 4681 Sabellii
2385 4624 2665 4676 insaniam.
2702 4640 2718 4671 ι
2755 4621 3015 4687 Quoniam
3056 4635 3188 4685 ergo
3233 4619 3526 4679 dixerunt;

238 4749 361 4788 rum
406 4734 926 4796 eondemnaverunt,
960 4733 1107 4785 velut
1145 4732 1339 4787 similia
1372 4732 1691 4800 sapientem,
1737 4745 1834 4785 ne-

239 4826 479 4880 cessario
508 4829 745 4895 sequitur
780 4835 835 4879 ut
857 4828 977 4895 quia
1007 4828 1260 4894 probatus
1290 4834 1373 4879 est
1412 4825 1554 4879 idem
1588 4826 1835 4880 Theodo—

242 4932 358 4983 rus,
392 4917 663 4972 Christum
696 4916 787 4972 Dei
819 4917 1031 4980 Fi'ium,
1067 4926 1119 4971 et
1144 4926 1267 4972 ante
1290 4932 1501 4972 omnem
1531 4926 1831 4973 Creaturam

240 5011 650 5075 subsistentem,
691 5020 745 5063 et
784 5014 1021 5063 omnium
1064 5024 1183 5079 quae
1213 5019 1336 5063 sunt
1379 5009 1625 5077 opificem
1657 5008 1836 5063 credi-

242 5099 412 5164 disse,
446 5101 625 5170 inique
652 5100 810 5155 fuerit
853 5100 1263 5161 condemnatus,
1305 5098 1455 5165 quasi
1486 5097 1713 5152 Nestorii
1737 5097 1837 5151 do-

242 5202 382 5256 ctor,
409 5191 562 5261 cujus
597 5195 766 5247 errori
795 5194 1018 5247 multum
1060 5192 1273 5247 videtur
1304 5189 1470 5244 fuisse
1510 5189 1832 5244 contrarius.

241 5287 439 5342 Cernis
466 5287 659 5357 itaque,
711 5287 794 5355 pie
839 5288 1107 5354 princeps,
1139 5283 1432 5353 quomodo,
1467 5282 1512 5337 si
1543 5282 1695 5336 nobis
1734 5280 1836 5335 alia

242 5377 571 5441 defuissent,
616 5379 715 5432 hoc
746 5392 851 5432 uno
896 5376 1028 5430 satis
1060 5376 1254 5431 idonee
1294 5375 1633 5437 doceremus,
1673 5374 1834 5428 etiam

320 5552 344 5580 ⁸
375 5544 434 5597 1η
479 5544 685 5613 synodo
724 5544 1015 5611 Ephesiua,
1067 5544 1158 5598 uhi
1199 5552 1413 5597 exstare
1452 5543 1687 5597 diximus
1740 5540 1842 5594 hoc

243 5614 553 5687 symbolum
579 5632 593 5666 :
623 5617 988 5686 Ὅμοὶογσῦμεν
1009 5614 1295 5687 δέᾃΙῐατέρα
1337 5616 1521 5669 τέλεινιν
1550 5616 1841 5687 προσώπῳ,

244 5690 333 5740 καὶ
354 5687 464 5741 Ῑὲὁν
493 5685 697 5755 ὁμοίως.
731 5685 819 5739 καῖ
840 5693 1037 5755 Πνεῦμα
1067 5685 1117 5739 δὲ
1148 5685 1283 5757 ἂνμὲν
1308 5689 1577 5745 ὡσαύτως.
1616 5686 1716 5737 1⁵ιό
1742 5685 1833 5736 ῡιήυ

327 5848 339 5875 ¹
367 5847 497 5899 Cod.
537 5847 751 5908 Veron,
788 5866 883 5898 non
915 5861 1105 5897 contra.

327 5920 343 5948 ’
368 5917 521 5977 idem
548 5918 688 5980 (ML,
726 5922 881 5971 muito
912 5919 1117 5971 sitttiita.

1940 4721 2164 4788 Oportet
2203 4725 2381 4771 autem
2414 4714 2708 4767 auditorem
2742 4710 3027 4780 inspicere,
3075 4725 3180 4764 non
3232 4709 3359 4763 mihi
3401 4724 3531 4764 eon-

1944 4809 2219 4865 temnendi
2252 4808 2519 4872 videntur,
2558 4806 2675 4873 sed,
2705 4816 2762 4861 ut
2804 4813 3145 4872 monuerunt,
3196 4804 3529 4875 inSpicienda

1942 4901 2095 4956 nobis
2124 4911 2285 4969 atque
2312 4898 2600 4968 aperienda
2631 4904 2756 4951 sunt
2784 4903 2840 4950 et
2882 4895 2969 4949 illa
3001 4895 3163 4950 verba
3194 4910 3312 4967 qua:
3350 4895 3535 4950 dicunt

1943 5008 2063 5050 esse
2088 4992 2356 5047 Theodori
2390 5000 2444 5045 et
2473 4990 2709 5060 ipsorum
2742 4987 2936 5058 quibus
2967 5001 3028 5043 ea
3060 4986 3309 5043 refellere
3341 4987 3531 5042 Voluc-

1946 5094 2091 5151 runt,
2146 5092 2206 5137 ut
2234 5083 2476 5153 dignosci
2507 5081 2757 5136 facillime
2797 5088 2955 5149 queat
2987 5078 3082 5149 qui
3112 5080 3284 5150 magis
3314 5079 3537 5135 videan-

1945 5189 2033 5233 tur
2062 5178 2208 5247 loqui
2240 5177 2533 5232 secundum
2580 5175 2909 5231 Sabellium:
2942 5184 3121 5229 utrum
3151 5175 3261 5241 ille,
3292 5175 3535 5245 quisquis

1944 5282 2044 5336 est,
2075 5272 2162 5340 qui
2197 5269 2369 5323 dixit:
2402 5287 2420 5320 ι
2449 5268 2787 5324 Confitemur
2834 5268 3046 5321 Patrem
3088 5268 3382 5336 perfectum
3417 5283 3537 5337 per-

1946 5386 2098 5433 sono,
2128 5376 2182 5422 et
2216 5365 2403 5421 Filium
2458 5363 2728 5429 similiter,
2774 5372 2829 5417 et
2873 5362 3129 5433 Spiritum
3163 5370 3402 5416 sanctum
3436 5361 3537 5415 ibi-

1953 5541 2087 5599 dem,
2118 5536 2257 5605 quod
2288 5531 2532 5605 estapnd
2561 5528 2904 5605 Facundum,
2930 5524 3379 5605 suspicariﬂliceat
3406 5520 3539 5603 scri-

1956 5590 2102 5679 ptum
2134 5590 2701 5679 iuisseitidéngquod
2742 5606 2824 5654 est
2873 5590 3143 5657 ὡσαύοξως.
3176 5590 3377 5665 Synodl
3405 5607 3434 5647 ν
3462 5594 3542 5647 in-

1958 5674 2190 5748 ierprrs,
2223 5678 2400 5731 eodem
2429 5674 2601 5725 modo.

2029 5846 2043 5859 ’³
2074 5840 2144 5889 Itit
2168 5858 2215 5891 ill
2250 5837 2391 5896 “HL,
2426 5835 2615 5889 itidem.

2028 5914 2043 5941 ’ν
2070 5910 2139 5961 ld-
2168 5929 2216 5963 ιιι
2249 5908 2391 5969 (τινά,
2425 5905 2618 5957 itidem.
