3974 6330
418 369 521 429 ὕελθ

1490 370 1780 428 FACUNDI
1817 371 2024 430 EPISC.
2068 371 2577 433 [IERMIANENSIS

3588 380 3692 436 600

419 484 539 539 dem
563 484 610 549 ¹;
648 502 666 535 ι
701 498 765 538 an
799 483 906 551 isti,
943 484 1031 553 qui
1061 483 1284 539 dicunt:
1316 483 1541 554 Oportet
1578 495 1756 541 autem
1795 486 2002 541 audito-
2031 490 2079 549 Α
2109 499 2413 542 asseruerat
2442 488 2665 544 alterius
2695 502 2815 543 esse
2847 488 3184 555 substantia,
3216 498 3273 545 et
3303 504 3409 545 non
3449 492 3690 561 ejusdem

422 587 534 627 rem
570 572 832 643 inspicere
860 574 983 644 quia
1034 574 1088 628 in
1120 586 1319 630 sanetae
1358 576 1635 632 Trinitatis
1664 592 1891 646 persona
1922 578 2003 632 di-

424 679 552 718 cens
581 665 828 719 similiter
858 673 913 719 et
960 665 1157 722 ibidem
1181 669 1225 721 ’.
1258 666 1323 721 lli
1364 667 1506 722 enim
1541 669 1709 738 magis
1752 668 2006 724 videntur

425 754 572 820 juxta
603 753 823 809 Sabellii
854 770 1130 823 errorem,
1162 772 1319 826 quem
1350 758 1503 827 quasi
1534 759 1885 828 redarguunt,
1922 759 2003 814 lo-

425 846 542 915 qui,
577 847 665 917 qui
705 848 890 903 dicunt
917 848 968 903 in
999 861 1183 904 sancta
1212 850 1491 905 Trinitatis
1528 867 1775 920 persona,
1820 861 1874 907 et
1902 866 2006 907 non

425 940 563 995 sicut
603 941 802 996 veritas
861 942 1041 1008 habet,
1068 943 1121 998 in
1168 953 1366 998 sancta:
1420 945 1695 1000 Trinitatis
1742 945 2007 1015 personis.

428 1029 554 1087 llaec
581 1042 757 1087 autem
785 1033 932 1103 prius
963 1033 1361 1089 inconsiderate
1395 1034 1692 1104 loquentes,
1725 1044 1909 1103 postea
1936 1035 2013 1089 la-

428 1125 622 1177 borant
647 1124 955 1190 ostendere,
974 1133 1027 1179 et
1055 1124 1229 1189 nobis,
1261 1135 1510 1195 tanquam
1535 1125 1658 1180 hinc
1679 1126 2008 1194 dubitemus,

430 1217 664 1283 probare
695 1226 957 1271 conantur
995 1218 1137 1285 quod
1168 1226 1277 1272 tres
1311 1231 1555 1286 personae
1585 1217 1712 1282 sint,
1746 1216 1928 1283 Pater,
1960 1225 2015 1272 et

432 1308 473 1362 F
480 1307 622 1374 ilius,
653 1317 707 1362 et
735 1306 965 1376 Spiritus
994 1316 1229 1362 sanctus.
1267 1307 1471 1374 Quibus
1499 1308 1603 1361 hoc
1630 1321 1730 1376 ego
1757 1319 2015 1374 compen-

432 1396 584 1452 diose
613 1397 935 1466 respondeo,
977 1397 1119 1467 quod
1158 1397 1296 1451 istud
1344 1396 1669 1467 symbolum,
1700 1396 1752 1450 in
1785 1411 1888 1465 quo
1915 1411 2013 1450 ne-

432 1496 611 1556 gatam
641 1486 924 1556 perhibent
953 1487 1293 1552 Trinitatem,
1327 1488 1563 1557 priorum
1595 1486 1901 1540 testimonio
1933 1484 2013 1538 af-

434 1576 677 1633 ﬁrmetur
706 1592 812 1631 non
835 1592 957 1633 esse
980 1577 1252 1632 Theodori
1281 1595 1293 1629 :
1320 1578 1445 1645 quia
1474 1575 1788 1630 Trinitatem
1820 1589 2019 1644 negare

434 1684 541 1725 non
572 1678 774 1740 posset,
808 1685 966 1740 quem
996 1670 1185 1725 beatus
1208 1669 1464 1741 Cyrillus,
1495 1678 1553 1723 ut
1591 1668 1790 1735 ferunt,
1824 1666 2019 1722 adver-

434 1778 531 1817 sus
570 1762 892 1817 Arianorum
941 1771 994 1817 et
1038 1761 1495 1816 Eunomianorum
1547 1758 1785 1814 hzereses
1832 1756 2017 1828 viginti

2110 579 2265 648 cujus
2295 590 2377 636 est
2398 580 2594 645 deitas,
2624 589 2683 635 ut
2710 592 2884 634 tamen
2916 595 3034 636 eam
3076 580 3245 636 solam
3286 590 3476 637 contra
3506 583 3693 641 Nestoo

2111 675 2249 728 rium
2283 682 2461 744 neget,
2493 672 2640 727 velut
2669 673 2723 727 in
2754 673 2971 742 propria
3003 687 3252 742 persona,
3281 688 3402 730 esse
3436 675 3695 743 divisam,

2110 774 2365 837 tanquam
2395 768 2572 823 sciens
2615 767 2680 821 ad
2712 782 2871 821 unam
2903 782 2970 822 ex
2999 768 3267 824 Trinitate
3294 770 3695 825 subsistentiam

2114 860 2407 927 pertinere.
2439 858 2590 924 Quod
2614 858 2659 912 si
2692 868 2745 913 et
2777 857 2892 914 haec
2920 859 3076 915 nobis
3113 874 3179 915 ex
3208 859 3294 915 his
3321 875 3441 930 quae
3480 863 3702 931 scripsit

2113 949 2417 1005 testimonia
2448 949 2765 1016 defuissent,
2798 958 2855 1005 et
2896 950 3001 1004 alia
3030 951 3195 1006 multa
3222 967 3341 1021 quae
3360 963 3547 1021 postea
3578 969 3700 1023 pro-

2116 1042 2372 1104 feremus,
2423 1040 2627 1110 pudere
2672 1040 2861 1109 debuit
2908 1041 3026 1112 ejus
3068 1054 3409 1100 accusatores
3453 1055 3558 1101 tam
3606 1046 3701 1100 ab-

2115 1132 2280 1187 surda
2331 1132 2544 1203 sibique
2590 1134 2860 1191 contraria
2911 1132 2978 1188 de
3004 1149 3325 1206 quocunque
3366 1136 3700 1206 conﬁngere.

2118 1226 2249 1280 Nam
2293 1239 2415 1280 cum
2472 1227 2575 1297 ipsi
2618 1227 2798 1282 dicant
2844 1228 2987 1298 quod
3033 1228 3351 1284 Trinitatem
3404 1229 3703 1297 negaverit,

2120 1326 2369 1386 tanquam
2420 1318 2563 1374 Deus
2610 1319 2904 1386 solitarius,
2956 1334 3053 1374 nec
3095 1318 3287 1373 Filium
3339 1319 3553 1383 habeat,
3602 1333 3705 1375 nec

2120 1409 2375 1481 Spiritum
2416 1419 2679 1477 sanctum,
2726 1420 2912 1467 contra
2963 1412 3156 1467 iterum
3206 1412 3306 1481 ipsi
3346 1412 3532 1469 dicunt
3558 1413 3704 1483 quod

2120 1502 2255 1556 duos
2280 1500 2651 1571 przeilicaverit
2681 1502 2840 1557 ﬁlios.
2870 1502 2980 1558 Sed
3013 1505 3282 1573 quomodo
3322 1514 3376 1558 et
3417 1519 3580 1559 unum
3611 1520 3705 1558 ne-

2124 1607 2303 1663 gasse,
2335 1602 2390 1648 et
2431 1594 2565 1648 duos
2597 1592 2920 1662 praedicasse
2963 1593 3193 1657 dicatur,
3229 1593 3435 1662 ignoro.
3486 1593 3711 1649 Ridicu-

2125 1685 2259 1748 lum,
2294 1686 2379 1754 pie
2401 1684 2712 1754 imperator,
2735 1684 3047 1754 ridiculum,
3083 1684 3176 1741 sed
3206 1684 3516 1740 dolendum.
3572 1685 3712 1741 Ecce

2127 1777 2313 1846 quales
2344 1791 2501 1847 nega:
2530 1786 2677 1843 sunt,
2706 1778 2899 1847 quibus
2925 1776 3269 1833 subscribere
3301 1788 3566 1845 coguntur
3588 1779 3709 1846 epi-

435 1852 574 1907 ίοΐίθ
612 1863 665 1906 ει
706 1851 882 1907 adhuc
928 1852 1162 1920 amplius
1214 1852 1381 1907 libros
1427 1859 1483 1906 ει
1524 1851 1626 1905 ³¹ί³
1681 1858 1877 1920 Prw-‘9'
1904 1848 2020 1905 haec
2049 1865 2095 1925 Β
2123 1869 2289 1937 scopi,
2322 1878 2378 1923 et
2402 1866 2502 1923 nisi
2531 1867 2776 1933 fecerint,
2806 1868 2949 1938 digni
2992 1868 3181 1924 exsilio
3205 1868 3533 1938 judicantur.
3570 1869 3713 1926 Ecce

437 1940 740 2011 evangelica
784 1950 839 1996 et
866 1942 1159 2013 apostolica
1213 1941 1414 2010 scripta
1460 1940 1869 2009 interpretatum
1901 1951 2023 1994 esse

439 2034 658 2099 indicat,
688 2044 738 2089 et
766 2033 866 2091 hos
892 2033 1106 2103 quidem
1134 2033 1348 2089 labores
1374 2034 1490 2097 ejus
1514 2032 1715 2087 nullum
1740 2030 1902 2086 fuisse
1928 2045 2023 2085 au-

440 2139 558 2182 sum
590 2124 888 2194 increpare,
921 2126 1017 2180 sed
1044 2126 1232 2181 dextro
1255 2125 1471 2179 decreto
1495 2124 1761 2180 honorare
1788 2123 2023 2178 studium

443 2224 711 2270 rectorum
744 2216 1052 2286 dogmatum
1084 2215 1226 2282 quod
1259 2216 1311 2270 in
1357 2216 1435 2270 eis
1464 2225 1566 2270 est.
1614 2214 1854 2284 Denique
1882 2213 2023 2267 idem

444 2305 767 2363 Theodorus
797 2307 849 2361 in
897 2307 1121 2377 epistola
1152 2306 1220 2363 ad
1261 2306 1560 2363 Artemium
1605 2304 2025 2360 Alexandrinum

444 2398 823 2469 presbyterum
845 2398 1195 2466 secunda,'sie
1220 2398 1380 2453 dicit:
1413 2417 1431 2449 ι
1463 2399 1608 2464 Quos
1625 2395 1861 2467 oportuit
1887 2396 2029 2451 scire

444 2489 570 2557 quia
600 2489 830 2553 Patrem,
861 2498 915 2543 et
945 2489 1162 2553 Filium,
1194 2498 1248 2543 et
1268 2489 1522 2558 Spiritum
1553 2496 1799 2543 sanctum
1830 2485 2026 2541 adora-

446 2593 587 2645 mus,
616 2578 670 2632 in
700 2579 818 2633 istis
847 2580 1081 2635 divinam
1113 2590 1169 2636 et
1202 2589 1456 2635 azteruam
1478 2586 1534 2634 et
1561 2580 1851 2633 increatam
1882 2592 2031 2633 com-

452 2671 584 2741 pleri
613 2671 857 2727 dicentes
889 2672 1226 2728 Trinitatem.
1260 2673 1520 2739 Quoniam
1559 2671 1798 2740 ejusdem
1843 2685 2029 2727 essen-

449 2765 537 2823 tia:
566 2775 649 2819 est
676 2765 1094 2834 unumquodque
1143 2765 1356 2827 horum,
1400 2764 1502 2818 hoc
1544 2770 1629 2817 est
1671 2773 1885 2817 ceterum
1915 2776 2032 2816 om-

450 2862 597 2913 nium
647 2858 908 2913 factorum
952 2872 1147 2923 causa},
1201 2868 1256 2912 et
1285 2870 1472 2912 revera
1512 2854 1724 2910 divinae.
1761 2854 1826 2910 Et
1870 2854 2029 2911 Pater

451 2965 559 3004 non
594 2957 813 3019 propter
854 2948 1023 3014 aliud,
1054 2946 1149 3002 sed
1188 2954 1409 3017 propter
1437 2943 1705 3015 propriam
1739 2946 2027 2999 essentiam

450 3040 757 3095 adorandus
790 3050 889 3094 est.
927 3038 1002 3093 lta
1031 3039 1193 3093 etiam
1216 3045 1271 3093 et
1306 3036 1492 3101 Filius,
1525 3049 1630 3089 non
1661 3048 1759 3103 pro
1786 3034 1891 3089 alio
1932 3033 2034 3089 hoc

452 3131 745 3201 accipiens,
778 3130 876 3187 sed
902 3130 1023 3196 quia
1056 3129 1199 3184 illius
1237 3136 1293 3184 et
1322 3127 1443 3182 talis
1471 3124 1719 3182 essentia:
1755 3133 1856 3192 est,
1891 3126 2031 3182 circa

2125 1957 2193 2013 ad
2221 1959 2361 2028 quod
2421 1960 2845 2016 confirmandum
2900 1959 3182 2015 adducitur
3227 1960 3387 2015 etiam
3439 1960 3713 2018 Romanus

2124 2050 2430 2119 episcopus,
2466 2065 2533 2107 ne
2560 2050 2687 2121 quid
2717 2052 2960 2105 inausum
2993 2050 3263 2107 videretur
3290 2050 3571 2107 ambitiosa
3599 2052 3717 2108 lia-

2128 2141 2419 2197 reticorum
2451 2141 2731 2212 subreptio
2756 2142 3056 2213 reliquisse.

2739 2297 2965 2354 CAPUT
3004 2299 3090 2355 Vl.

2132 2409 2297 2490 Quod.
2316 2409 2615 2490 Theodorus
2643 2414 2942 2490 praphetias
2963 2418 3026 2468 de
3052 2414 3258 2490 Christo
3284 2431 3385 2470 non
3429 2420 3718 2482 evacuarr’l,

2201 2484 2297 2535 etsi
2330 2484 2536 2558 aliquas
2582 2485 2839 2558 interdum
2870 2486 3024 2540 etiam
3072 2487 3337 2558 moraliter
3358 2500 3614 2558 exponat;
3668 2499 3722 2545 er

2202 2553 2341 2622 quod
2364 2562 2653 2609 constanter
2681 2571 2712 2608 a
2740 2556 2937 2627 Cyrillo
2969 2556 3212 2613 laudatus
3235 2560 3320 2613 sit.

2210 2666 2404 2723 Verum
2437 2668 2596 2723 etiam
2636 2676 2691 2723 et
2731 2667 2875 2723 aliud
2906 2669 3088 2739 accipe
3110 2708 3126 2734 ,
3157 2670 3208 2723 in
3238 2683 3345 2739 quo
3389 2669 3631 2725 similiter
3664 2680 3728 2725 ut

2133 2762 2367 2831 amplius
2397 2762 2687 2817 notabilem
2719 2760 2959 2816 facerent
3002 2776 3244 2832 magnam
3276 2762 3569 2831 synodum,
3602 2772 3730 2817 tan-

2135 2868 2295 2924 quam
2326 2869 2432 2907 non
2464 2853 2619 2907 unius
2651 2860 2853 2908 tantum
2882 2851 3126 2917 haresis,
3156 2861 3245 2907 aut
3267 2852 3514 2916 duarum,
3540 2852 3731 2908 crimi-

2137 2943 2293 2999 nibus
2337 2943 2632 2999 involutum
2660 2942 3003 2999 Theodorum
3040 2943 3243 2998 laudari
3289 2943 3565 3012 pertulerit
3592 2942 3639 3010 ³,
3672 2951 3735 2999 et

2137 3033 2272 3099 sibi,
2318 3044 2370 3088 et
2396 3033 2602 3103 judicio
2630 3033 2772 3090 beati
2803 3034 3007 3107 Cyrilli,
3037 3049 3134 3089 suo
3164 3033 3470 3089 testimonio
3497 3034 3737 3089 convin~

2139 3134 2334 3180 cuntur
2364 3140 2483 3182 esse
2510 3126 2786 3192 contrarii,
2839 3126 3078 3183 dicentes
3107 3126 3351 3181 eumdem
3380 3125 3735 3181 Theodorum

451 3238 611 3293 quam
661 3223 988 3295 congruebat
1036 3222 1151 3277 hmc
1192 3219 1427 3291 impleri.
1479 3218 1738 3275 Similiter
1775 3217 1936 3273 etiam
1981 3227 2036 3274 et
2064 3235 2111 3297 ο
2142 3226 2418 3286 amputare
2448 3232 2660 3287 quoque
2704 3233 2894 3274 omnes
2924 3219 2977 3274 in
3014 3218 3230 3275 Christo
3278 3217 3445 3274 factas
3490 3220 3734 3288 prophe-

453 3315 713 3384 Spiritnm
763 3327 1005 3370 sanctum
1049 3314 1288 3383 ejusdem
1335 3311 1581 3366 essentia
1621 3319 2032 3380 cognoscentes,

456 3419 677 3477 propter
708 3407 976 3477 prepriam
1009 3407 1297 3462 essentiam
1348 3404 1656 3459 adoramus.
1707 3403 1796 3459 Sic
1842 3412 1897 3458 ct
1929 3411 2038 3459 tres

456 3513 712 3566 personas
743 3500 992 3566 dicimus,
1020 3511 1450 3567 unamquamque
1476 3494 1789 3566 perfectam,
1824 3504 1877 3551 et
1897 3496 2038 3563 ejus-

454 3592 574 3645 dem
607 3589 875 3653 essentne,
909 3600 1124 3643 aeternae
1151 3603 1214 3642 ac
1241 3587 1455 3656 divinae,
1486 3596 1540 3641 et
1570 3602 1757 3641 eorum
1803 3602 1920 3655 qua:
1952 3586 2041 3643 fa-

455 3689 537 3732 cta
568 3688 692 3731 sunt
734 3693 947 3732 causam
979 3677 1304 3733 arbitrantes
1346 3692 1488 3743 esse,
1521 3686 1573 3733 et
1607 3685 1716 3731 tres
1755 3676 2041 3730 adoramus

459 3782 738 3834 personas,
776 3768 931 3822 unius
960 3781 1053 3822 eas
1100 3768 1345 3822 essentia
1376 3766 1655 3822 credentes
1684 3779 1871 3820 revera
1902 3765 2040 3819 divi—

459 3875 560 3913 nzn.
593 3858 875 3928 Quomodo
907 3860 1084 3926 itaque
1124 3858 1377 3926 possibile
1423 3868 1506 3912 est
1552 3866 1795 3928 quartam
1848 3871 2043 3925 perso-

460 3965 579 4002 nam
610 3964 772 4020 super
806 3951 900 4004 has
930 3949 1129 4003 addere
1161 3950 1303 4003 illam
1337 3965 1455 4017 quin
1486 3959 1764 4015 assumpta
1790 3957 1872 4001 est
1899 3949 2041 4002 scrvi

457 4042 718 4096 formam?
754 4056 913 4109 quam
966 4055 1142 4109 neque
1171 4039 1413 4107 ejusdem
1454 4039 1766 4093 substantia:
1810 4038 2041 4092 arbitra-

459 4148 577 4186 mur
607 4145 747 4196 esse,
781 4133 865 4185 cui
897 4144 1071 4199 neque
1112 4138 1332 4198 propter
1375 4144 1434 4183 se
1465 4130 1642 4183 cultus
1671 4129 1916 4196 debetur,
1951 4144 2045 4185 ne-

460 4240 563 4292 σιιιε
604 4234 822 4293 pmpter
876 4224 1143 4293 propriam
1193 4222 1482 4277 essentiam
1532 4223 1729 4277 debere
1773 4222 2045 4289 smcipere

457 4315 826 4368 adorationum
879 4316 1241 4383 agnouimus,
1274 4329 1446 4383 neque
1488 4314 1655 4383 ipsam
1708 4314 1875 4369 solam
1907 4315 2045 4381 apud

458 4422 515 4463 se
546 4407 718 4462 divise
751 4408 801 4461 in
835 4408 1047 4478 propria
1077 4422 1305 4476 persona
1350 4408 1659 4473 adoramus,
1693 4407 1846 4461 sicuti
1877 4406 2039 4461 dividi

458 4518 574 4557 eam
610 4510 816 4571 putant.
852 4522 870 4553 ι
908 4500 1283 4570 Nnnquidnam
1330 4509 1449 4568 post
1498 4500 1689 4555 horum
1723 4513 2049 4554 commemo-

2143 3308 2244 3363 tias
2272 3317 2316 3363 ⁸.
2351 3308 2520 3377 Quem
2551 3324 2672 3363 cmn
2718 3308 2955 3380 indigne,
2999 3311 3144 3366 velut
3175 3325 3269 3379 pro
3294 3310 3511 3365 Judaica
3539 3312 3731 3379 impie-

2142 3407 2271 3466 tate,
2307 3400 2697 3467 damnaverint,
2727 3401 2965 3456 dicentes
2992 3401 3133 3470 quod
3163 3416 3266 3456 non
3297 3400 3463 3456 Deum
3488 3400 3738 3457 credide-

2144 3495 2216 3549 rit
2244 3493 2514 3549 Christum
2545 3493 2595 3564 ι’,
2631 3509 2817 3550 rursus
2847 3510 2911 3552 ex
2961 3495 3187 3552 adverso
3214 3496 3373 3549 etiam
3407 3496 3737 3551 Manichaeo-

2144 3601 2261 3640 rum
2305 3586 2352 3639 ei
2385 3587 2587 3641 crimen
2618 3586 2935 3658 impingunt,
2968 3602 3102 3657 quos
3146 3587 3394 3641 novimus
3427 3587 3590 3641 Vetus
3624 3604 3739 3641 non

2143 3679 2389 3746 accipere
2405 3678 2827 3734 Testamentum.
2859 3679 2989 3733 Nam
3018 3678 3192 3733 Judaei
3219 3693 3429 3749 quoque
3458 3676 3740 3733 Christum

2146 3785 2241 3839 per
2271 3770 2559 3840 prophetas
2600 3771 2972 3826 annuntiatum
3005 3785 3127 3828 esse
3156 3785 3262 3825 non
3291 3770 3558 3841 denegant
3586 3785 3601 3826 :
3637 3768 3740 3824 sed

2146 3862 2319 3916 adhuc
2358 3877 2479 3916 eum
2508 3870 2791 3917 venturum
2834 3869 3177 3931 exspectant,
3210 3876 3367 3931 quem
3390 3862 3602 3915 venisse
3635 3875 3741 3915 nos

2144 3954 2436 4008 credimus.
2459 3954 2556 4008 Cui
2583 3969 2711 4009 vero
2731 3955 2802 4008 sit
2824 3952 2904 4007 vel
2926 3967 3113 4022 parum
3139 3951 3450 4020 intelligenti
3474 3949 3742 4005 credibile

2147 4053 2205 4098 ut
2236 4045 2448 4099 dicatur
2473 4046 2758 4115 episcopus
2788 4046 2839 4098 in
2868 4042 3107 4099 Ecclesia
3150 4042 3411 4097 catholica
3438 4039 3743 4096 credidisse

2146 4152 2210 4194 ac
2245 4135 2491 4192 docuisse
2520 4136 2661 4206 quod
2703 4134 2839 4190 nihil
2883 4133 3363 4205 prienuntiaverint
3410 4131 3476 4186 de
3519 4130 3745 4185 Christo

2149 4233 2456 4299 prophetae,
2489 4240 2544 4285 et
2588 4231 2638 4284 in
2667 4230 2781 4299 ejus
2811 4228 3186 4284 communione
3217 4225 3516 4282 mansisse?
3549 4224 3747 4293 Neque

2149 4323 2313 4392 enim,
2342 4324 2482 4377 sicut
2512 4323 2799 4376 multorum
2832 4321 3228 4387 hmreticorum,
3261 4319 3502 4373 occultus
3533 4317 3622 4372 hic
3651 4333 3746 4373 er-

2149 4434 2236 4473 ror
2263 4427 2364 4481 est,
2396 4426 2487 4471 aut
2514 4416 2689 4485 aliqua
2720 4414 3184 4470 verisimilitudine
3209 4412 3500 4472 coloratus,
3534 4419 3587 4462 ut
3630 4424 3748 4465 non

2152 4510 2324 4578 primo
2354 4508 2629 4577 religiosas
2656 4521 2809 4560 aures
2840 4505 3077 4559 oll‘endat
3105 4504 3321 4569 auditu,
3362 4517 3484 4557 cum
3516 4500 3747 4567 dicitur,

460 4602 718 4655 rationem
747 4602 951 4669 jactare
982 4600 1201 4670 debent,
1228 4615 1255 4653 a
1285 4600 1571 4653 Theodoro
1600 4598 1899 4669 symbolum
1924 4613 2045 4652 esse
2076 4601 2126 4660 D
2154 4601 2283 4654 nihil
2328 4598 2395 4652 de
2424 4598 2637 4652 Christo
2668 4596 3019 4666 prophetasse
3054 4595 3365 4664 prophetas.
3400 4594 3513 4648 lloc
3537 4593 3752 4661 quippe

459 4695 741 4746 rontietuut
783 4696 833 4747 in
866 4707 973 4762 quo
1006 4701 1246 4761 negatam
1277 4702 1523 4745 asserunt
1548 4690 1905 4744 Trinitatem?
1939 4689 2043 4742 Ant

460 4787 539 4838 vel
576 4802 670 4841 nos
706 4787 949 4841 dubitare
978 4787 1238 4842 debemus
1268 4787 1472 4841 sanctis
1512 4783 1762 4841 I’atribus
1798 4784 2040 4845 credere,

460 4884 599 4943 quot
637 4879 843 4931 alienus
872 4878 1028 4933 fuerit
1054 4893 1080 4930 a
1110 4893 1269 4931 sensu
1300 4876 1568 4931 Nestorii?
1593 4876 1722 4929 Nam
1755 4876 1806 4928 in
1843 4875 1942 4928 hoc
1966 4885 2044 4928 te-

460 4971 711 5024 stimonio
744 4986 846 5021 non
880 4971 1050 5024 solum
1085 4980 1192 5023 tres
1217 4984 1472 5038 personas
1496 4978 1550 5024 et
1577 4969 1890 5023 Trinitatem
1915 4982 2043 5022 con-

460 5064 665 5127 fitetur,
718 5060 949 5125 latrem,
1004 5071 1057 5114 et
1090 5060 1304 5124 Filium,
1353 5068 1409 5115 et
1456 5059 1712 5128 Spiritutn
1759 5068 2040 5119 sanctum;

460 5154 552 5207 sed
584 5156 742 5207 etiam
778 5162 1074 5223 negatesse
1108 5153 1363 5222 possibile
1405 5152 1547 5205 velut
1577 5160 1819 5220 quartam
1856 5165 2040 5217 perso-

376 5274 397 5282 -
461 5260 583 5307 nam
614 5259 773 5312 super
804 5246 897 5297 has
931 5244 1129 5298 addere
1156 5244 1300 5297 illam
1334 5258 1452 5313 qua:
1488 5252 1760 5307 assumpta
1791 5250 1873 5294 est
1903 5241 2044 5294 servi

460 5339 680 5405 formant
709 5356 720 5391 :
749 5355 904 5408 quam
948 5339 1023 5391 sic
1053 5348 1239 5392 contra
1270 5336 1611 5406 Apolinaretn
1649 5346 1701 5390 et
1753 5336 2043 5407 Eutychem

532 5528 554 5555 ³
594 5520 673 5574 Ad
721 5520 820 5573 hoc
853 5530 1017 5588 caput
1072 5522 1340 5587 pertinent
1370 5533 1484 5587 qua:
1532 5517 1581 5568 in
1614 5516 1801 5569 eadem
1831 5512 2042 5566 actione

458 5592 645 5660 synodi
675 5590 935 5644 habentur
967 5607 1110 5644 num.
1135 5592 1207 5646 20
1236 5602 1287 5643 et
1314 5588 1681 5660 sequentibus.

532 5657 556 5696 ³³
599 5661 653 5715 In
686 5661 860 5716 Cdlt'll)
890 5661 1192 5723 Justiniani,
1226 5676 1371 5712 num.
1394 5652 1457 5711 ἸΙ
1492 5674 1501 5707 :
1536 5655 1662 5710 0ὺῖῑέ
1694 5660 1788 5731 γὰρ
1822 5652 1941 5709 εἶναι
1963 5655 2044 5709 τὸν

535 5820 548 5851 ²
576 5819 706 5871 Cod.
743 5820 961 5883 Verum,
987 5820 1177 5871 itidem.

536 5892 553 5921 '
574 5890 717 5945 idem
748 5891 893 5959 cod.,
923 5891 1111 5947 itidem.

2152 4700 2236 4744 est
2278 4704 2540 4743 evacuare
2588 4702 2777 4741 omnes
2820 4687 2872 4740 in
2921 4685 3137 4739 Christo
3188 4685 3355 4739 factas
3401 4681 3750 4751 prophetias,

2153 4781 2293 4849 quod
2319 4780 2551 4848 jactatnr
2577 4779 2765 4832 fecisse
2794 4776 3134 4830 Theodorus.
3164 4772 3416 4839 Quamvis
3441 4774 3619 4840 itaque
3648 4788 3753 4827 sua

2154 4881 2344 4939 sponte
2385 4871 2521 4939 quod
2556 4869 2641 4922 hic
2669 4869 2736 4923 dc
2770 4868 2859 4921 illo
2883 4866 3172 4921 conﬁctum
3204 4874 3286 4919 est
3316 4861 3637 4918 incredibile
3671 4864 3757 4917 vi-

2154 4964 2362 5028 deatur,
2406 4972 2582 5016 tamen
2613 4970 2669 5015 et
2712 4960 2813 5015 hoc
2840 4959 3135 5014 secundmn
3179 4957 3323 5026 ipsos
3367 4964 3548 5010 contra
3597 4955 3754 5012 beati

2156 5053 2338 5123 Cyrilli
2370 5053 2690 5107 sententiam
2712 5050 2922 5106 dicitur.
2954 5052 3083 5104 Nam
3108 5051 3149 5102 si
3175 5063 3361 5102 omnes
3385 5047 3436 5104 in
3467 5047 3753 5103 Christum

2158 5148 2324 5199 l'actas
2374 5144 2679 5212 prophetias
2731 5142 3044 5196 Theodorus
3092 5139 3417 5209 amputavit,
3453 5153 3557 5193 non
3594 5150 3757 5195 recte

2155 5237 2459 5306 evangeliea
2484 5235 2678 5303 scripta
2711 5234 3089 5303 interpretatus
3115 5241 3228 5297 est,
3259 5232 3310 5284 in
3340 5229 3536 5298 quibus
3565 5226 3757 5284 Lucas

2159 5328 2439 5384 Dominum
2470 5326 2669 5382 dixisse
2694 5331 3080 5379 commemorat
3110 5339 3121 5374 :
3157 5321 3284 5375 Ilwc
3308 5329 3424 5374 sunt
3452 5318 3603 5372 verba
3634 5337 3759 5390 qua:

2152 5515 2330 5637 lat/31mm:
2360 5511 2503 5568 Θεόν.
2550 5510 2664 5567 Nec
2711 5509 2845 5565 enim
2898 5509 3018 5563 dicit
3073 5507 3368 5563 Theodorus
3420 5504 3586 5563 Deum
3646 5523 3763 5565 esse

2183 5586 2193 5597 “
2231 5585 2430 5637 ristum.

2183 5585 2407 5641 .‘lt'rt'stum
2417 5621 2430 5635 .

2228 5810 2243 5839 ³
2288 5808 2426 5863 Idem
2462 5805 2607 5867 cod.,
2634 5803 2950 5875 pertulerint.
