3974 6330
269 262 365 319 601

1111 263 1244 320 PRO
1284 259 1709 318 DEFENSIONE
1759 256 1978 313 TRIUM
2017 255 2333 313 CAPITUL.
2376 257 2504 312 LIB.
2536 258 2619 312 111.

3412 260 3519 318 60?.

267 381 467 433 locutus
496 394 606 433 sum
634 378 704 431 ad
745 393 853 445 vos,
886 394 999 432 cum
1026 377 1199 433 adhuc
1224 396 1377 435 essent
1410 379 1702 434 vobiscum:
1729 392 1851 446 quo-
1884 377 1928 435 A
1960 376 2012 429 in
2042 381 2273 446 utroque
2303 374 2617 430 Theodorus
2662 383 2716 430 et
2762 388 2866 429 non
2915 374 3175 444 alterum,
3214 391 3335 433 esse
3381 375 3539 429 docet

267 473 407 526 niam
430 487 630 525 necesse
649 482 718 525 est
739 470 938 542 impieri
964 473 1135 525 omnia
1161 488 1272 543 qua:
1295 473 1484 541 scripta
1505 480 1624 526 sunt
1648 474 1700 527 in
1725 472 1853 523 libro

271 562 463 633 Moysi,
488 572 533 616 et
558 560 850 632 Prop/teris,
878 571 924 615 et
951 561 1261 635 Psalmisﬁe
1284 580 1361 618 me
1386 562 1537 633 (Luc.
1561 578 1710 628 xstv,
1735 562 1848 630 «14).

270 656 379 712 Sed
404 672 577 726 neque
602 655 915 726 Apostolum
943 668 1088 714 recte
1108 661 1378 728 exposuit,
1401 675 1433 729 q
1449 659 1490 714 .ti
1519 660 1571 713 in
1592 659 1854 729 Epistola-

271 762 387 802 rum
428 761 647 802 suarum
690 748 953 817 principio
995 748 1125 804 dicit
1163 767 1177 803 :
1224 749 1422 804 Paulus
1464 766 1635 805 servus
1666 750 1853 806 Christi

264 840 416 910 Iesu,
447 852 651 895 vocatus
667 843 948 912 apostolus,
978 852 1271 914 segregatus
1292 846 1345 898 in
1373 844 1708 917 Evangclt’um
1735 844 1850 911 Dei,

263 935 404 1006 quod
431 945 549 988 ante
571 937 873 1001 promiserat
902 952 994 1005 per
1013 938 1283 1007 praphetas
1306 952 1424 991 suos
1441 978 1454 1001 ,
1482 938 1535 991 in
1566 937 1853 1006 Scriptor-is

263 1025 456 1078 sancis
484 1026 546 1078 de
577 1023 715 1079 Filio
741 1042 868 1091 suo,
909 1032 994 1096 qui
1022 1028 1188 1096 factus
1213 1038 1283 1081 est
1306 1028 1352 1081 ei
1377 1044 1441 1081 ea:
1477 1029 1666 1083 semine
1690 1029 1853 1081 David

262 1115 541 1169 secundum
566 1130 773 1169 carnem
796 1115 973 1185 (Rom.
996 1132 1035 1181 ι,
1063 1117 1147 1187 1);
1181 1126 1237 1172 et
1261 1117 1365 1172 alia
1391 1127 1640 1172 sexcenta
1670 1118 1854 1185 hujus-

261 1206 448 1273 modi,
497 1206 693 1276 quibus
742 1206 899 1276 plena
942 1216 1069 1262 sunt
1111 1207 1415 1275 evangelica
1462 1216 1518 1263 et
1559 1210 1853 1278 apostolica

262 1300 483 1367 scripta.
515 1296 655 1366 Quid
698 1306 877 1352 autem
925 1298 1065 1353 idem
1103 1298 1418 1354 Theodorus
1463 1300 1516 1354 in
1546 1310 1852 1357 commento

262 1388 522 1458 Epistolas
544 1389 609 1443 ad
634 1388 905 1444 Romanos
928 1389 1240 1459 praedictum
1262 1391 1552 1461 capitulum
1577 1405 1852 1460 exponens

262 1480 486 1550 dixerit,
517 1480 857 1534 attendamus
886 1498 898 1534 :
936 1500 953 1532 ι
987 1482 1050 1536 Ει
1081 1482 1331 1551 quoniam
1362 1497 1556 1536 novum
1588 1498 1695 1551 quo
1714 1483 1851 1536 iam-

260 1571 425 1625 modo
445 1585 570 1626 esse
588 1570 866 1626 videbatur
886 1572 1027 1641 quod
1045 1572 1114 1626 ab
1132 1572 1212 1627 eis
1228 1572 1293 1627 de
1312 1572 1527 1628 Christo
1549 1572 1848 1639 dicebatur,

261 1659 529 1733 adjungit,
561 1662 699 1733 quod
726 1672 845 1717 ante
871 1663 1171 1734 promiserat
1202 1681 1291 1734 per
1315 1664 1588 1735 prophetas
1616 1680 1757 1731 suos,
1784 1680 1849 1718 ex

1960 466 2149 520 Fi'ium
2182 466 2294 521 Dei.
2326 466 2438 520 Non
2464 466 2622 536 igitur
2646 467 2871 521 alterunt
2898 481 3018 521 esse
3048 481 3271 535 persona
3303 466 3385 520 vel
3414 468 3539 520 sub-

1956 557 2220 627 sistentia,
2250 558 2386 612 sicut
2407 558 2713 625 Nestorins,
2745 560 2967 614 credidit
2996 558 3291 617 scenttdutn
3321 573 3535 614 carnem

1955 666 2020 707 ex
2051 654 2256 707 semine
2286 653 2450 707 David
2482 653 2678 709 factum
2700 696 2714 721 ,
2760 663 2817 709 et
2844 655 3067 709 alterum
3112 655 3405 709 secundum
3429 653 3535 706 dei-

1959 753 2116 796 tatem
2152 744 2338 798 Filium
2374 746 2495 810 Dei,
2528 745 2618 814 qui
2664 756 2715 799 et
2757 745 3046 800 secundum
3077 759 3324 811 carnem,
3369 752 3425 799 et
3455 760 3534 800 so-

1956 837 2189 892 cundum
2219 838 2501 903 deitatem,
2552 839 2800 893 eumdem
2842 838 3033 892 Filium
3065 838 3193 893 dicit
3225 839 3535 909 Apostolum

1956 932 2290 999 cognovisse.
2318 932 2471 988 Unde
2498 943 2715 989 secutus
2735 934 2965 1002 adjecit:
2996 934 3119 988 Duae
3142 936 3284 989 enim
3309 945 3534 1001 natum,

1955 1039 2121 1078 unum
2154 1034 2331 1079 autem
2375 1025 2627 1093 quiddam
2675 1026 3009 1081 connexione
3056 1026 3438 1095 intelliguntur.
3476 1028 3539 1083 Et

1956 1115 2200 1183 quamvis
2229 1117 2396 1170 altera
2439 1117 2508 1169 sit
2549 1118 2815 1184 hominis,
2868 1118 3036 1173 altera
3073 1134 3203 1172 vero
3251 1118 3343 1172 Dei
3382 1119 3540 1173 Verbi

1958 1217 2176 1273 natura,
2203 1219 2531 1264 concurrunt
2576 1220 2751 1265 tamen
2794 1212 2846 1265 in
2879 1227 3041 1265 unum
3087 1212 3288 1281 anibm,
3321 1222 3540 1282 propter
3601 1210 3610 1219 '

1955 1299 2372 1366 assumptionem
2404 1309 2459 1354 et
2505 1309 2723 1369 propter
2765 1302 3141 1357 adunationem
3180 1319 3297 1371 quin
3343 1318 3407 1357 ev
3455 1317 3543 1356 as-

1955 1391 2263 1459 sumptione
2290 1390 2429 1446 facta
2459 1403 2557 1446 est.
2598 1394 2812 1447 Fatetur
2842 1404 3042 1458 autem,
3074 1394 3367 1449 secundum
3399 1394 3541 1461 Apo-

1955 1480 2186 1545 stoium,
2218 1483 2359 1552 quod
2398 1492 2523 1539 ante
2566 1483 2706 1537 Deus
2756 1500 2848 1553 [er
2898 1485 3186 1555 prophetas
3234 1488 3541 1554 promiserit

1956 1567 2249 1638 Chrismm,
2277 1581 2331 1627 et
2359 1574 2479 1642 quia
2509 1573 2576 1627 de
2609 1572 2744 1628 Filio
2771 1575 2888 1644 i-jns
2913 1577 3185 1646 propheta:
3206 1577 3539 1632 locuti-sunt.

1957 1663 2072 1719 Non
2103 1680 2233 1735 ergo
2265 1678 2491 1722 evacuat
2534 1669 2636 1723 iste
2664 1682 2852 1723 omnes
2879 1668 3048 1724 factas
3094 1671 3147 1724 in
3178 1670 3394 1725 Christo
3421 1684 3543 1739 pro-

261 1752 547 1825 prophetia
590 1755 778 1810 volens
817 1755 1077 1811 doctrina:
1126 1757 1494 1827 antiquitatem
1542 1757 1848 1811 ostendere.
1884 1745 1926 1803 Β
1958 1755 2188 1825 phetias.
2242 1758 2382 1812 Sane
2412 1763 2532 1827 quia
2562 1775 2744 1813 verum
2776 1769 2858 1814 est
2899 1761 3296 1830 impugnatOres
3342 1767 3544 1815 sancta:

264 1843 419 1902 Unde
443 1855 499 1901 et
522 1847 868 1915 magniﬁcans
919 1846 1253 1918 prophetiam
1274 1888 1288 1913 ,
1339 1848 1476 1903 bene
1504 1848 1768 1919 adjunxit,
1798 1848 1852 1901 in

260 1936 549 2007 Scripturis
573 1939 779 1992 sanrtis.
813 1938 996 2008 Neque
1018 1941 1159 1995 enim
1186 1940 1437 2004 litteram,
1466 1942 1546 1997 vel
1577 1941 1853 1998 characte-

260 2042 379 2083 rem
412 2039 654 2086 sanctum
686 2030 901 2086 volebat
927 2031 1134 2099 dicere;
1167 2033 1261 2089 sed
1292 2034 1625 2103 prophetiam
1658 2034 1849 2101 ipsam,

258 2135 385 2189 quae
426 2128 545 2175 erat
580 2120 781 2190 Spiritu
825 2131 1012 2177 saneto
1054 2124 1436 2180 revelatiouem
1465 2126 1545 2180 eis
1594 2126 1850 2180 donante.

257 2211 438 2281 ipsam
480 2228 608 2283 ergo
636 2214 971 2283 prophetiam
1002 2223 1152 2270 recte
1177 2216 1256 2271 sic
1297 2215 1606 2285 appellavit.
1639 2215 1729 2271 Sic
1752 2217 1769 2247 ί
1800 2224 1855 2269 et

258 2304 386 2361 alibi
413 2303 547 2360 dixit
573 2323 586 2358 :
623 2305 803 2361 Omnis
832 2305 1105 2376 Scriptura
1132 2307 1375 2361 divinitus
1416 2307 1673 2376 inspirata
1711 2307 1853 2361 utilis

259 2404 333 2448 rst
365 2392 456 2464 (11
485 2394 617 2449 Tim.
656 2395 758 2465 nt).
800 2394 939 2462 Quid
990 2397 1170 2466 itaque
1214 2397 1331 2451 ista:
1359 2396 1585 2451 dicunt?
1612 2397 1675 2450 de
1711 2394 1853 2449 Filio

258 2489 399 2557 ejus.
434 2486 497 2541 Et
522 2488 775 2557 quoniam
803 2501 1091 2544 commune
1134 2497 1218 2543 est
1256 2488 1346 2542 ﬁlii
1375 2502 1609 2553 nomen,
1639 2497 1693 2541 et
1731 2502 1851 2542 cum

258 2580 332 2634 de
355 2578 635 2634 divinitate
662 2579 882 2649 dicitur,
912 2579 1074 2635 etiam
1100 2579 1167 2634 de
1192 2578 1525 2634 humanitate
1549 2577 1810 2648 accipitur
1835 2595 1851 2635 :

258 2669 603 2726 manifestius
636 2671 848 2740 aperire
874 2671 1060 2728 volens
1088 2672 1233 2727 unde
1258 2673 1307 2727 ei
1339 2687 1479 2725 nunc
1508 2672 1691 2728 dicere
1729 2687 1854 2742 pro-

259 2762 497 2831 positum
528 2762 634 2827 sit,
661 2762 745 2817 vel
771 2762 925 2831 cujus
969 2762 1045 2817 rei
1074 2763 1246 2832 gratia
1292 2762 1672 2833 prophetarum
1705 2764 1855 2817 testi~

258 2853 502 2909 monium
530 2854 812 2924 adjunxit:
845 2850 946 2917 Qui
988 2854 1153 2923 factus
1195 2862 1268 2907 est
1295 2854 1340 2906 ei
1365 2869 1428 2907 ea:
1458 2850 1646 2908 semine
1685 2852 1854 2906 David

259 2945 542 3000 secundum
571 2962 793 3011 carnem,
821 2954 1006 3014 aperte
1032 2944 1245 3015 quidem
1282 2945 1574 3000 ostendens
1600 2945 1852 3016 quoniam

261 3037 336 3093 de
363 3048 639 3109 assumpto
682 3038 896 3094 homine
936 3054 1242 3095 sermonem
1272 3040 1503 3107 inducit;
1535 3051 1711 3095 tamen
1755 3054 1854 3095 nec

1956 1849 2145 1918 synodi
2174 1851 2243 1904 ob
2272 1850 2374 1905 hoc
2402 1851 2471 1906 de
2500 1852 2589 1905 illo
2618 1852 2716 1907 ista
2743 1852 2978 1922 jactare,
3010 1854 3151 1923 quod
3197 1856 3249 1908 in
3283 1855 3545 1923 interpre-

1958 1952 2006 1995 ta
2025 1943 2158 2024 ioue
2191 1943 2517 1998 Psalmorum
2544 1946 2786 2014 quaedam
2816 1947 3090 2002 moraliter
3121 1948 3436 2015 exposuisse
3464 1947 3545 2001 di-

1957 2048 2129 2105 catur,
2162 2054 2279 2109 quae
2310 2040 2362 2093 in
2390 2040 2658 2095 Christum
2691 2043 2860 2113 magis
2900 2042 3041 2096 dicta
3071 2041 3269 2096 debent
3296 2041 3544 2112 intelligi,

1958 2142 2014 2185 ut
2063 2148 2165 2185 non
2217 2133 2566 2188 discutiamus
2610 2136 2879 2203 quomodo
2918 2133 3021 2202 ipsi
3050 2149 3109 2188 ea
3141 2135 3449 2202 posuerint,
3493 2143 3546 2189 et

1958 2224 2228 2290 quomodo
2254 2226 2323 2276 ab
2352 2225 2443 2279 illo
2472 2234 2597 2278 sunt
2626 2224 2648 2255 ⁸
2679 2226 2847 2293 posita
2871 2242 2884 2290 ;
2914 2240 3087 2293 neque
3110 2224 3218 2294 jam
3258 2222 3546 2292 probemus

1955 2314 2098 2381 quod
2133 2316 2229 2368 ista
2260 2328 2348 2368 res
2376 2314 2687 2369 hmreticum
2729 2330 2835 2368 non
2876 2314 3067 2391 faciat,
3108 2330 3228 2369 cum
3260 2330 3405 2383 saepe
3436 2315 3548 2368 lau-

1957 2403 2133 2458 dabile
2158 2403 2448 2473 judicetur,
2489 2404 2533 2458 si
2564 2405 2724 2458 etiam
2757 2403 3030 2459 moraliter
3060 2413 3397 2471 exponantur
3426 2420 3547 2472 qua:

1958 2496 2275 2566 prophetico
2303 2496 2443 2549 dicta
2473 2507 2597 2551 sunt
2626 2512 2640 2550 :
2674 2494 2758 2549 his
2796 2496 3081 2551 terminum
3110 2496 3548 2551 contentionibus

1958 2589 2085 2642 dant
2112 2604 2231 2658 qua:
2257 2588 2278 2619 ⁸
2310 2587 2449 2641 idem
2495 2586 2811 2640 Theodorus
2852 2586 2904 2641 in
2933 2586 3071 2641 libro
3108 2586 3177 2641 de
3214 2585 3466 2653 allegoria
3495 2592 3549 2638 et

1960 2677 2181 2732 historia
2234 2693 2392 2745 quem
2445 2685 2629 2731 contra
2678 2676 2962 2745 Drigenem
3012 2675 3225 2743 scripsit
3272 2674 3446 2744 (unde
3496 2683 3549 2728 et

1963 2770 2142 2824 odium
2185 2768 2630 2838 Origenianorum
2662 2765 2907 2835 incurrit)
2935 2765 3064 2820 dicit
3103 2764 3167 2819 ad
3198 2763 3496 2819 Cerdonem
3532 2781 3547 2817 :

1962 2879 1985 2911 ι
2024 2859 2137 2928 Ego
2159 2858 2374 2926 quidem
2398 2896 2412 2922 ,
2441 2856 2583 2925 quod
2614 2866 2794 2911 nostra
2820 2856 2899 2911 sic
2928 2855 3110 2910 Iaudes
3131 2899 3145 2923 ,
3184 2868 3288 2907 non
3317 2852 3403 2907 atii
3434 2855 3547 2908 cui-

1958 2952 2101 3020 piam
2130 2949 2356 3019 imputo,
2387 2965 2545 3019 quam
2570 2948 2819 3002 amicitiae
2849 2962 3005 3015 quam
3049 2946 3186 3000 circa
3219 2960 3317 3000 nos
3350 2944 3545 3011 habes,

1959 3059 2117 3115 quam
2150 3044 2310 3098 etiam
2341 3043 2392 3096 in
2417 3041 2597 3096 multis
2624 3049 2677 3095 et
2707 3040 2914 3110 magnis
2944 3038 3105 3093 rebus
3129 3053 3346 3109 semper
3368 3047 3551 3093 osten-

258 3130 562 3186 divinitatis
606 3132 858 3187 indicium
900 3147 1005 3187 non
1046 3131 1399 3200 signiﬁcatum
1433 3132 1666 3202 reliquit.
1701 3131 1757 3185 in
1786 3146 1852 3186 eo
1878 3119 1924 3181 C
1957 3135 2119 3200 disti;
2163 3143 2218 3189 et
2253 3134 2486 3188 maxime
2512 3134 2763 3202 quoniam
2791 3132 2813 3162 ⁸
2843 3146 2905 3186 ea
2948 3146 3067 3199 qua:
3104 3128 3297 3200 scripta
3330 3140 3457 3185 sunt
3495 3130 3551 3184 in

260 3225 411 3280 enim
450 3226 593 3293 quod
640 3224 878 3291 addidit,
924 3227 1200 3282 secundum
1244 3242 1476 3291 carnem,
1524 3224 1856 3280 sufﬁcienter

256 3318 501 3373 ostendit
528 3318 653 3388 quia
678 3329 729 3372 et
760 3318 915 3374 aliter
946 3319 1041 3373 ﬁlii
1071 3317 1512 3388 signiﬁcationem
1542 3319 1691 3371 novit
1710 3318 1856 3372 acci-

262 3422 427 3477 pere,
455 3408 717 3477 siquidem
764 3410 1056 3463 secundum
1099 3409 1201 3464 hoc
1239 3410 1345 3464 scit
1382 3423 1503 3463 eum
1547 3423 1609 3463 es
1654 3408 1856 3462 semine

266 3501 437 3555 David
466 3501 685 3567 factum,
722 3511 967 3572 tanquam
998 3501 1289 3557 secundum
1324 3500 1466 3555 aliud
1499 3516 1602 3553 non
1633 3501 1701 3553 ita
1733 3514 1854 3553 eum

263 3605 621 3660 cognoscens.
642 3593 770 3646 Dnze
794 3592 935 3648 enim
961 3603 1184 3661 naturm,
1210 3609 1374 3647 unum
1397 3602 1573 3647 autem
1603 3590 1854 3662 quiddam

260 3684 600 3738 connexione
631 3684 938 3753 intelligunt
968 3687 1010 3739 ³.
1036 3686 1219 3739 Altera
1247 3684 1458 3752 quidem
1487 3691 1572 3738 est
1597 3682 1853 3749 assumpti

262 3773 525 3840 hominis,
553 3774 720 3831 altera
745 3791 871 3830 vero
896 3775 990 3830 Dei
1017 3775 1197 3830 Verbi.
1228 3776 1565 3829 Concurrunt
1595 3781 1772 3827 autem
1802 3773 1854 3825 in

262 3881 432 3922 unum
462 3866 634 3920 ambae
662 3876 880 3936 prepter
910 3867 1365 3936 as~umptionem,
1399 3874 1455 3920 et
1482 3873 1695 3935 propter
1724 3863 1857 3917 adu-

260 3958 561 4024 nationem,
592 3973 711 4027 quae
740 3974 804 4014 ex
836 3958 1202 4028 assumptione
1230 3958 1367 4013 facta
1417 3966 1533 4022 est,
1583 3972 1740 4027 quam
1788 3957 1855 4011 ad

261 4051 437 4105 Deum
468 4049 489 4082 ³
543 4046 703 4105 habet
739 4051 880 4106 servi
931 4050 1119 4105 forma.
1155 4071 1173 4102 ι
1226 4051 1362 4106 Ecce
1405 4050 1754 4114 Theodorus,
1803 4057 1857 4103 ct

257 4141 561 4212 prophetas
588 4142 655 4197 de
686 4140 911 4196 Domino
942 4142 1160 4196 Christo
1193 4142 1428 4206 locutos,
1463 4152 1513 4196 et
1542 4142 1715 4210 ipsum
1750 4141 1856 4194 Do-

259 4233 471 4287 minum
519 4232 792 4286 Christum
824 4234 1094 4287 hominem
1129 4235 1412 4288 conﬁtetur
1442 4243 1496 4288 et
1532 4234 1697 4288 Deum
1725 4252 1737 4290 :
1766 4234 1855 4302 qui

256 4326 343 4377 sic
374 4323 691 4391 Apostolum
729 4323 857 4377 dicit
887 4324 1143 4378 doctrina:
1188 4338 1298 4377 sua:
1341 4325 1708 4393 antiquitatem
1757 4340 1857 4394 per

256 4414 600 4483 prephetiam
651 4413 705 4467 in
735 4413 949 4467 Christo
998 4410 1191 4467 factam
1240 4413 1557 4482 ostendere,
1608 4406 1851 4468 utetiam

252 4507 411 4560 dicat
436 4509 576 4574 quod
608 4506 695 4559 ﬁlii
737 4522 963 4571 nomen,
994 4522 1111 4561 cum
1142 4506 1207 4562 de
1230 4507 1513 4561 divinitate
1539 4507 1754 4572 dicitur,
1788 4508 1854 4561 de

250 4596 598 4651 humanitate
643 4612 854 4667 quoque
898 4596 1220 4666 accipiatur;
1251 4607 1305 4649 et
1345 4597 1463 4664 quia
1505 4612 1625 4649 cum
1668 4596 1736 4651 de
1761 4612 1853 4651 as-

247 4697 479 4755 8ttmpto
518 4686 735 4741 homine
783 4703 1087 4743 sermonem
1149 4688 1383 4757 inducit,
1433 4703 1530 4741 nec
1560 4687 1855 4742 divinitatis

250 4779 526 4834 indicium
551 4796 657 4833 non
698 4779 1051 4849 signitiCatum
1083 4779 1331 4844 reliquit;
1360 4780 1608 4848 quodque
1635 4789 1716 4833 cst
1745 4779 1855 4833 evi-

241 4872 503 4931 dentius,
531 4882 579 4923 et
611 4872 749 4941 quod
780 4873 921 4924 nulla
948 4882 1127 4940 poSset
1170 4873 1219 4924 in
1249 4870 1459 4924 drvimn
1492 4886 1706 4925 sensum
1741 4885 1855 4923 nta-

244 4967 408 5034 ligna
452 4962 895 5032 interpretatione
924 4965 1193 5028 converti,
1228 4964 1357 5018 dicit
1384 4964 1523 5033 quod
1569 4964 1856 5032 Apostolus

240 5057 459 5114 Filium
490 5056 583 5110 Dei
633 5058 925 5112 secundum
970 5073 1184 5112 carnem
1219 5057 1431 5125 quidem
1461 5056 1594 5111 sciat
1637 5074 1758 5111 cum
1789 5072 1853 5112 ex

236 5150 475 5207 semine
505 5149 666 5203 David
694 5148 928 5215 factum,
961 5160 1208 5221 tanquam
1238 5151 1529 5205 secundum
1560 5151 1701 5204 aliud
1749 5166 1852 5205 non

236 5247 328 5300 ita
366 5257 488 5296 cum
538 5256 904 5311 cognoscens,
957 5244 1006 5296 id
1055 5253 1174 5307 est,
1222 5243 1515 5297 secundum
1573 5242 1851 5297 deitatem.

234 5332 520 5403 Quamvis
551 5332 727 5403 itaque
754 5333 1046 5389 secundum
1079 5332 1223 5387 aliud
1252 5345 1303 5389 et
1328 5332 1492 5399 aliud,
1522 5350 1643 5390 cum
1671 5343 1853 5390 tamen

330 5542 349 5572 ⁸
401 5538 512 5591 Cod
548 5540 772 5600 ναΐου..
800 5540 951 5593 sicut.

326 5610 353 5643 ⁸
407 5610 547 5679 Idem
573 5611 717 5673 coil.,
750 5611 1120 5679 intelliguntur.

326 5681 352 5710 ³
410 5678 548 5732 litmn
578 5680 723 5743 cod.,
753 5678 925 5732 Denm’
950 5679 1061 5733 l’er.’
1082 5697 1181 5733 um.

323 5752 350 5783 ⁸
410 5749 549 5807 idem
573 5750 717 5806 cod.
748 5752 869 5805 :in'.

1960 3227 2203 3283 Psalmos
2262 3225 2518 3291 miraris,
2581 3239 2698 3296 quae
2765 3225 2928 3279 etiam
2998 3225 3169 3291 prima
3230 3232 3549 3279 caeteromm

1959 3319 2197 3375 omnium
2224 3315 2556 3387 scripsimus.
2596 3316 2709 3370 Non
2740 3325 2919 3369 autem
2949 3323 3202 3384 quantam
3230 3320 3552 3382 oportuerat

1961 3411 2246 3467 habuimus
2271 3410 2417 3464 circa
2462 3410 2615 3463 istam
2665 3423 2779 3461 rem
2827 3407 3191 3477 diligentiam;
3234 3405 3373 3473 passi
3404 3406 3547 3458 enim

1959 3518 2146 3561 sumus
2170 3516 2504 3573 quaecunque
2530 3500 2869 3569 incipientes,
2899 3508 2953 3553 ut
2978 3498 3175 3563 evenit,
3206 3498 3256 3550 in
3285 3497 3548 3566 imperitia

1961 3596 2231 3653 scribendi
2262 3593 2559 3650 constituti.
2594 3592 2866 3661 Siquidem
2899 3600 2952 3645 et
2983 3590 3178 3644 multas
3224 3589 3551 3643 immutatio-

1960 3706 2059 3747 nes
2088 3692 2178 3746 illo
2207 3699 2447 3757 tempore
2489 3702 2607 3754 qua:
2638 3693 2821 3739 nostra
2862 3691 2987 3737 sunt
3015 3692 3384 3751 susceperunt,
3417 3696 3552 3751 quas

1962 3800 2069 3838 non
2099 3792 2180 3837 est
2210 3778 2491 3851 praesentis
2533 3777 2788 3847 temporis
2817 3789 3104 3838 enarrare;
3145 3790 3212 3827 ex
3242 3788 3345 3841 qua
3391 3787 3549 3827 causa

1961 3874 2128 3943 magis
2157 3871 2488 3941 negligenter
2511 3885 2539 3923 a
2568 3868 2720 3921 nobis
2748 3864 3042 3934 composita
3073 3872 3197 3918 sunt
3226 3863 3471 3933 plurima,
3495 3872 3551 3917 et

1960 3964 2193 4020 maxime
2223 3962 2312 4017 illa
2354 3976 2471 4031 quae
2522 3960 2691 4029 prima
2738 3968 2883 4014 sunt.
2918 3977 2935 4008 s
2973 3956 3049 4011 Ec
3084 3972 3115 4011 e
3144 3955 3226 4011 vel
3257 3956 3300 4009 si
3334 3956 3549 4009 lucreti-

1960 4069 2082 4107 cum
2114 4052 2354 4106 facerent
2397 4066 2458 4105 ea
2502 4065 2621 4119 qua:
2653 4049 2705 4102 iu
2748 4049 2837 4103 illo
2870 4046 3326 4118 reprehenderunt
3372 4046 3552 4100 inter-

1961 4152 2205 4215 pretante
2236 4143 2551 4196 Psalterium
2573 4183 2585 4203 ,
2622 4143 2737 4209 ipse
2766 4149 2937 4194 semet
2980 4149 3276 4193 retractans
3305 4138 3548 4193 eamdem

1961 4235 2456 4304 interpretationem
2489 4249 2636 4285 suam
2669 4232 2955 4300 displicere
2980 4231 3080 4285 sibi
3108 4231 3322 4295 fatetur,
3342 4238 3395 4284 ct
3420 4228 3552 4282 levia

1961 4328 2277 4383 conﬁdentis
2305 4326 2684 4381 adolescentiae
2715 4325 2856 4380 dicta
2897 4325 3202 4377 maturioris
3232 4328 3400 4375 relatis
3430 4337 3554 4390 gra-

1963 4421 2125 4473 vitate
2173 4418 2414 4486 castigat.
2450 4416 2614 4483 Magis
2647 4418 2805 4485 igitur
2849 4416 3009 4469 etiam
3048 4414 3100 4466 in
3150 4415 3249 4467 hoc
3282 4413 3396 4480 ipso
3431 4427 3545 4478 pro-

1885 4490 1936 4550 D
1962 4512 2200 4576 bandus,
2237 4524 2334 4563 nec
2364 4516 2567 4561 tantum
2601 4507 2886 4574 vituperari
2932 4520 3025 4572 pro
3058 4519 3263 4567 errore,
3294 4510 3552 4570 quantum

1962 4604 2124 4658 debet
2166 4618 2260 4670 pro
2292 4599 2628 4655 correctione
2655 4597 2895 4663 laudari,
2939 4596 3121 4649 divina
3164 4594 3435 4663 Scriptura
3467 4594 3553 4647 di-

1963 4707 2152 4751 cente:
2187 4695 2285 4759 Qui
2316 4694 2527 4749 labitur.
2560 4692 2647 4744 sed
2676 4706 2773 4742 non
2804 4704 2867 4741 ca:
2896 4687 3102 4751 animo;
3146 4696 3193 4737 ct
3230 4684 3340 4753 quis
3371 4694 3442 4737 est
3466 4684 3554 4752 qui

1963 4806 2065 4842 non
2116 4774 2335 4855 peccarit
2384 4787 2437 4837 in
2487 4785 2664 4853 lingua
2695 4782 2827 4836 sua?
2858 4781 2923 4833 Et
2972 4780 3057 4833 ltic
3107 4782 3285 4849 itaque
3334 4794 3438 4832 non
3488 4794 3554 4834 ex

1964 4880 2144 4933 animo
2175 4893 2233 4932 se
2265 4879 2469 4945 lapsum
2502 4886 2793 4943 spontaneo
2829 4873 2908 4927 sui
2952 4871 3368 4941 reprehensione
3399 4886 3555 4923 mon-

1961 4971 2169 5032 stravit,
2193 4976 2247 5021 et
2269 4968 2408 5037 quod
2434 4976 2515 5020 est
2539 4965 2790 5033 amplius,
2820 4965 2869 5017 in
2899 4978 3065 5034 opere
3093 4964 3143 5016 in
3167 4978 3274 5032 quo
3296 4963 3364 5016 ab
3384 4963 3557 5016 amico

1962 5062 2205 5115 laudatus
2245 5070 2351 5114 est.
2409 5060 2618 5113 Utinam
2670 5058 2811 5112 hunc
2845 5057 3043 5111 imitari
3076 5056 3159 5109 vel
3207 5058 3274 5110 ab
3304 5057 3421 5109 aliis
3471 5072 3555 5108 te-

1962 5152 2213 5221 prelteusi
2254 5152 2561 5219 dignentur,
2606 5152 2695 5219 qui
2739 5150 2972 5205 scientes
2998 5164 3059 5202 ac
3091 5150 3335 5204 volentes
3370 5148 3556 5203 ticcle-

1958 5241 2092 5295 siam
2129 5242 2504 5308 prodiderunt!
2544 5242 2609 5295 Et
2648 5241 2763 5297 hate
2809 5240 3026 5311 quidem
3056 5241 3327 5296 Theodori
3363 5256 3556 5311 purga-

1962 5335 2090 5390 tioni
2122 5335 2417 5391 sufﬁciunt.
2465 5336 2571 5390 Sed
2624 5335 2745 5401 isti,
2796 5336 2886 5404 qui
2942 5333 3137 5389 haeresi
3195 5329 3559 5402 deputant,si

2032 5537 2055 5571 ⁵
2093 5538 2235 5593 idem
2266 5538 2415 5606 cod.,
2448 5539 2579 5592 hunc
2611 5540 2881 5592 terminum
2912 5535 3313 5593 contentionibus
3354 5536 3562 5603 damus,

1964 5609 2258 5680 quodiident
2275 5654 2289 5677 ,
2320 5620 2422 5662 etc.

2039 5680 2058 5708 ⁶
2102 5679 2247 5736 Idem
2276 5683 2419 5745 cod,
2453 5682 2675 5747 quando.
