3974 6330
409 291 508 349 6J3

1468 269 1752 331 FACUNDI
1783 264 1990 324 EPISC.
2026 260 2517 320 HEMHANENSIS

3566 256 3679 312 ’σθ-ι

413 403 654 475 «pandam
687 399 997 472 prophetice
1029 395 1078 448 in
1107 391 1379 447 Christum
1412 387 1549 442 dicta
1582 385 1739 440 etiam
1773 379 1990 436 morali-
2026 378 2077 437 Α
2103 374 2328 475 titiciose
2357 375 2520 442 magis
2564 387 2721 443 quam
2766 369 3476 475 veraciternaliquotiesad
3518 370 3683 474 maui-

413 515 494 555 ter
541 504 893 567 cxponantur,
944 490 1184 560 cogitare
1224 487 1422 540 debent
1468 479 1737 551 quomodo
1782 476 1993 567 beatum

412 564 671 658 Cyrillum
699 588 899 658 possint
924 580 1237 638 defendere.
1266 578 1320 631 In
1352 576 1441 630 illo
1470 574 1615 629 enim
1643 583 1825 639 opere,
1857 564 1996 635 quod

413 655 537 740 eum
562 655 839 749 scripsisse
864 677 1047 731 dicunt
1070 674 1119 727 in
1149 669 1619 740 reprehensionem
1644 659 1996 731 quorumdam

413 777 675 830 dictorum
709 768 924 824 Diodori
965 773 1124 834 atque
1153 758 1443 821 Theodori,
1476 756 1581 811 tale
1611 751 1812 821 aliquid
1844 750 1997 803 inve-

415 870 577 932 nitur,
610 875 668 919 ut
697 866 742 919 si
764 862 937 916 adhuc
965 859 1033 913 ab
1065 859 1181 926 ipso
1206 853 1558 921 compositum
1590 848 1793 909 dicant,
1829 846 1993 899 hatre-

416 961 577 1013 ticum
602 970 722 1011 eum
748 955 910 1008 fuisse
931 952 1266 1005 conﬁrment.
1288 946 1527 1010 Namque
1549 948 1737 995 auctor
1758 935 1998 1006 ejusdem

416 1053 593 1119 operis
626 1054 817 1103 tractat
843 1046 910 1098 ibi
939 1040 1248 1110 capitulum,
1279 1038 1330 1089 in
1361 1049 1467 1101 quo
1497 1031 1561 1086 ad
1592 1030 1846 1084 Hebraeos
1872 1024 1999 1080 dicit

416 1144 703 1212 Apostolus
729 1159 743 1195 :
778 1138 897 1193 Non
924 1137 1059 1190 enim
1086 1133 1274 1203 angelis
1301 1127 1513 1198 subjecit
1543 1126 1710 1177 orbem
1735 1134 1878 1176 terra!
1909 1123 1999 1212 fu-

418 1211 611 1299 turum,
636 1238 698 1285 de
718 1246 816 1297 quo
836 1228 1110 1297 loquimur.
1138 1223 1371 1277 Testatus
1397 1228 1465 1271 est
1497 1228 1667 1269 autem
1696 1215 1747 1266 in
1779 1211 2001 1277 quodam

418 1328 528 1379 loco
571 1324 685 1393 quis
730 1322 897 1373 dicens
958 1316 1156 1387 (Hebr.
1190 1330 1257 1379 tt,
1291 1314 1343 1377 ii,
1376 1311 1441 1380 9)
1476 1326 1490 1362 :
1529 1308 1661 1374 Quid
1710 1314 1781 1359 est
1824 1303 2001 1368 homo,

418 1416 553 1485 quod
592 1429 780 1467 meumr
808 1428 861 1465 es
888 1413 1025 1481 ejus,
1056 1418 1145 1461 aut
1173 1406 1308 1474 [ilius
1336 1402 1578 1464 hominis,
1607 1398 1850 1469 quoniam
1881 1395 2002 1448 visi-

420 1518 496 1559 tas
524 1506 678 1560 cuin?
706 1503 759 1557 Μ
767 1503 939 1555 inuisti
959 1516 1072 1553 eum
1105 1498 1257 1568 paulo
1290 1496 1459 1547 minus
1487 1492 1549 1546 ab
1578 1489 1772 1561 angelis
1793 1526 1809 1555 ,
1840 1487 2005 1557 gloria

418 1608 464 1650 et
497 1597 689 1649 honore
708 1592 962 1647 coronasti
984 1606 1120 1654 eum,
1145 1598 1189 1642 et
1210 1585 1516 1641 constituisti
1541 1598 1655 1637 eum
1674 1594 1828 1645 super
1849 1594 2005 1650 opera

419 1702 665 1739 manuum
708 1695 910 1738 tuarum
947 1699 966 1737 :
999 1681 1169 1735 omnia
1204 1676 1465 1749 subjecisti
1508 1675 1598 1729 sub
1638 1671 1851 1741 pedibus
1891 1670 2004 1739 ejus

2102 466 2400 521 festandum
2428 473 2819 521 sacramentum
2850 463 2965 532 cjus
2995 461 3211 517 induci?
3247 461 3407 529 Quasi
3440 471 3585 515 tanta
3614 464 3707 535 εἱικ

2100 557 2389 625 Scriptum:
2438 558 2635 611 divina:
2678 555 2935 626 penuria,
2967 554 3053 608 vel
3098 561 3241 607 tanta
3284 551 3447 607 fuerit
3478 554 3682 623 ignavia

2101 653 2267 719 ipsius
2298 652 2444 706 Pauli
2469 652 2694 720 apostoli
2722 652 2786 705 ad
2820 649 3266 705 manifestandum
3288 661 3681 705 sacramentum

2099 744 2330 811 Christi,
2383 753 2441 797 ut
2470 745 2573 798 tale
2619 745 2987 800 testimonium
3035 746 3310 799 invenisse
3340 760 3447 799 non
3480 754 3678 814 posset,

2101 836 2241 905 quod
2273 836 2342 891 de
2369 835 2484 904 ipso
2504 851 2632 890 vere
2657 835 2725 889 sit
2752 835 3032 904 scriptum,
3061 846 3114 890 et
3140 833 3291 904 cujus
3316 850 3423 890 non
3452 835 3686 905 aliquam

2101 936 2308 995 partem
2338 927 2612 980 minimam
2635 968 2649 989 ,
2697 926 2983 995 aliquoties
3032 926 3358 991 artiﬁciose,
3389 928 3505 983 sine
3545 930 3689 997 peri.

2103 1020 2241 1081 culo,
2270 1018 2719 1087 quemadmodum
2762 1018 2927 1083 dicit,
2960 1018 3051 1073 Sed
3085 1010 3348 1088 integrum
3384 1030 3543 1089 atque
3572 1024 3685 1075 sin-

2103 1124 2309 1176 cerum,
2340 1107 2477 1162 sicut
2505 1108 2751 1170 habetur,
2787 1109 3103 1177 simpliciter
3132 1126 3192 1163 ac
3220 1125 3410 1165 secure
3436 1111 3500 1164 ad
3531 1125 3686 1165 suum

2104 1200 2305 1257 referre
2336 1202 2667 1273 propositum
2692 1212 2893 1271 posset.
2921 1203 3051 1256 Cum
3075 1218 3200 1258 vero
3223 1203 3365 1258 dicat
3386 1204 3525 1257 idem
3549 1205 3688 1273 Apo-

2105 1294 2274 1348 stolus
2304 1310 2316 1346 :
2352 1294 2430 1346 An
2464 1294 2868 1360 erperimcnlum
2896 1294 3120 1362 quamius
3148 1296 3259 1365 ejus
3286 1295 3375 1364 qui
3405 1295 3460 1347 in
3490 1312 3565 1349 me
3608 1296 3689 1348 Ιοο

2103 1387 2280 1457 quitur
2311 1384 2540 1440 Christus
2592 1384 2678 1455 (II
2711 1385 2829 1440 Cor.
2860 1402 2986 1451 stu,
3020 1385 3113 1457 5)?
3160 1388 3205 1441 si
3247 1404 3351 1441 non
3400 1388 3691 1445 artiﬁciose

2107 1476 2282 1547 potius
2327 1492 2487 1546 quam
2520 1479 2783 1534 veraciter
2823 1479 2992 1546 dixit,
3034 1480 3370 1547 omnipotens
3410 1480 3689 1549 Christus,

2108 1568 2199 1639 qui
2226 1569 2386 1623 etiam
2418 1579 2599 1623 nostra
2625 1576 2710 1625 est
2736 1572 2935 1626 veritas
2955 1610 2969 1635 ,
3004 1570 3303 1626 afﬁrmatur
3330 1573 3473 1643 quod
3504 1583 3561 1628 ut
3602 1588 3692 1628 sa-

2108 1668 2441 1715 cramentum
2480 1675 2634 1716 suum
2661 1660 3060 1727 manifestaret,
3094 1663 3145 1716 in
3174 1678 3267 1718 sua
3297 1663 3569 1733 Scriptura
3601 1681 3694 1719 vc-

421 1776 595 1846 (l’sal.
627 1791 739 1839 vm,
770 1776 847 1842 5).
883 1771 951 1827 In
974 1789 1031 1828 eo
1056 1772 1192 1825 enim
1216 1743 1354 1840 quod
1376 1768 1544 1822 omnia
1577 1766 1591 1796 ¹
1615 1765 1849 1836 subjecit,
1873 1760 2003 1815 nihil
2031 1743 2078 1804 Β
2111 1766 2232 1846 “litt
2264 1750 2629 1846 leflimoniltm
2659 1752 2899 1808 invenire
2922 1768 3026 1846 non
3052 1754 3247 1846 potuit.
3268 1752 3505 1846 Yideant
3533 1755 3692 1826 igitur

422 1868 614 1922 dimisit
645 1883 745 1920 non
765 1867 1048 1936 subjectum
1070 1864 1133 1918 ei.
1162 1861 1316 1916 Nunc
1342 1867 1509 1913 autem
1536 1857 1749 1911 necdum
1778 1855 2006 1909 videmus

424 1959 596 2013 omnia
622 1960 849 2029 subjecta
875 1957 941 2011 ei.
974 1955 1109 2008 Eum
1129 1955 1216 2024 qui
1246 1952 1444 2006 modico
1471 1966 1624 2017 quam
1653 1947 1820 2013 angeli
1845 1946 2009 1999 mino-

423 2059 562 2103 ratus
612 2058 719 2116 est,
763 2049 989 2102 uidemus
1027 2044 1209 2099 Iesum
1255 2052 1463 2115 propter
1507 2042 1792 2112 passionem
1830 2036 2007 2091 mortis

427 2138 593 2209 gloria
617 2147 665 2193 et
691 2138 884 2192 honore
912 2144 1235 2200 coronatum,
1263 2120 1319 2188 ut
1340 2133 1507 2205 gratia
1533 2132 1630 2187 Dei
1658 2148 1751 2202 pro
1775 2128 2008 2185 omnibus

424 2240 648 2300 gustaret
677 2239 911 2284 mortem.
942 2229 1201 2284 Tractans
1223 2241 1352 2296 ergo
1382 2225 1665 2281 memorati
1709 2224 1890 2294 operis
1916 2237 2011 2277 auo

427 2336 544 2377 ctor
570 2324 670 2378 hoc
700 2321 1093 2385 testimonium,
1124 2334 1187 2375 ea
1217 2334 1336 2388 quae
1376 2317 1665 2386 Apostolus
1691 2314 2008 2385 prophetam

424 2414 495 2468 de
537 2413 747 2469 Christo
791 2412 1105 2482 praedixisse
1149 2419 1396 2475 testatur,
1442 2406 1511 2463 de
1559 2405 1678 2462 aliis
1723 2402 2014 2461 afﬁrmavit

428 2507 629 2575 scripta
657 2520 776 2561 esse
803 2505 1046 2575 personis
1081 2522 1093 2558 :
1142 2502 1236 2557 sed
1264 2502 1331 2555 ab
1358 2499 1543 2555 eodem
1573 2498 1816 2569 apostolo
1845 2496 2015 2552 artiﬁ-

427 2599 574 2653 close
626 2598 692 2650 ad
748 2594 1189 2651 manifestandum
1265 2591 1465 2647 Christi
1517 2589 1835 2659 mysterium
1891 2601 2014 2644 esse

430 2689 705 2743 translata.
752 2688 841 2741 Ait
881 2688 1066 2742 enim:
1106 2703 1125 2737 ι
1156 2685 1351 2739 Paulus
1393 2690 1569 2737 autem
1600 2679 1757 2735 valde
1802 2679 2014 2749 sapiens

428 2778 641 2843 artifex,
673 2779 737 2833 ad
769 2777 1210 2833 introducendum
1237 2775 1417 2830 divina
1442 2771 1717 2843 mysteria,
1741 2771 1902 2826 etiam
1924 2771 2013 2826 illa

428 2886 550 2939 quae
578 2870 645 2926 de
674 2868 937 2939 aliquibus
960 2867 1084 2923 aliis
1107 2866 1249 2921 dicta
1280 2873 1402 2919 sunt
1430 2864 1485 2919 in
1509 2863 1783 2932 Scriptura
1809 2862 2010 2929 divina,

433 2963 714 3031 aliquoties
757 2961 824 3015 ad
869 2956 1315 3015 manifestandum
1353 2954 1551 3010 Christi
1593 2962 2010 3022 sacramentum,

432 3055 654 3109 inducit.
686 3053 1062 3107 Verumtamen
1088 3064 1195 3104 non
1222 3063 1283 3103 ea
1310 3057 1520 3117 separat
1544 3046 1611 3102 ab
1631 3046 1737 3101 illis
1764 3046 2009 3115 personis

433 3148 487 3201 in
518 3160 649 3215 quas
680 3146 818 3199 dicta
845 3158 965 3199 esse
995 3142 1386 3213 cognoscimus,
1416 3138 1509 3195 sed
1541 3153 1714 3208 neque
1740 3137 1920 3192 omnia
1950 3136 2013 3191 il~
2044 3104 2087 3161 δ

436 3241 606 3295 lorum
651 3237 715 3291 ad
744 3236 1012 3290 Christum
1040 3234 1262 3303 redigit;
1302 3247 1486 3287 verum
1530 3230 1759 3300 aliquam
1806 3236 2013 3298 partem

438 3334 711 3388 minimam
754 3330 1034 3398 ntiquoties
1074 3328 1327 3397 suscipit,
1369 3340 1523 3395 quam
1557 3325 1669 3393 ipse
1701 3313 1869 3392 possit
1898 3320 2015 3376 sine

439 3426 546 3480 ullo
576 3423 807 3492 periculo
827 3421 1112 3476 artiﬁciose
1135 3420 1198 3473 ad
1221 3434 1373 3472 suum
1398 3415 1599 3473 referre
1621 3416 1974 3485 propositum.
1990 3430 2009 3466 s

440 3517 565 3571 llmc
589 3526 764 3571 utrum
796 3515 932 3569 beati
962 3513 1144 3585 Cyrilii
1174 3527 1239 3566 an
1267 3510 1487 3565 alterius
1514 3523 1635 3564 esse
1664 3509 1847 3573 velint,
1873 3508 2017 3576 ipso-

439 3624 558 3662 rum
587 3608 804 3661 arbitrio
849 3596 1205 3675 permittimus
1233 3603 1557 3672 eligendum.
1603 3601 1734 3655 Nam
1782 3601 1826 3655 si
1873 3600 2013 3656 beati

437 3700 618 3771 Cyrilli
667 3707 824 3764 sunt,
872 3706 927 3753 et.
969 3697 1014 3751 si
1062 3696 1152 3767 qui
1192 3695 1503 3765 prophetica
1541 3693 1680 3749 dicta
1732 3693 2018 3748 moraliter

440 3806 652 3862 quoque
698 3788 1034 3858 tractaverit,
1068 3788 1353 3843 haereticus
1398 3795 1479 3842 est
1506 3786 1793 3851 dicendus;
1845 3786 2014 3838 multo

440 3883 608 3951 magis
628 3879 800 3958 ipsum
830 3880 1138 3935 lucreticum
1164 3878 1329 3933 fuisse
1368 3884 1703 3940 asseverant,
1734 3876 1824 3945 qui
1854 3890 2015 3945 supe-

442 3972 552 4027 rius
581 3979 875 4025 memorata
901 3980 1085 4023 contra
1117 3966 1473 4022 testimonium
1506 3965 1740 4035 Apostoli
1766 3981 1869 4019 non
1894 3980 2017 4033 pro-

438 4062 653 4131 pltetice
678 4060 744 4113 de
768 4059 966 4112 Christi
1008 4064 1363 4120 sacramento,
1392 4057 1484 4111 sed
1515 4057 1580 4110 de
1609 4056 1875 4124 aliquibus
1898 4056 2018 4112 aliis

445 4152 687 4220 personis
709 4152 847 4205 dicta
876 4164 995 4204 esse
1023 4146 1320 4203 conﬁrmat.
1352 4148 1408 4201 Si
1440 4163 1566 4202 vero
1594 4149 1761 4217 magis
1792 4147 1892 4202 hoc
1922 4148 2018 4203 eli-

436 4250 631 4311 gerent
662 4240 875 4305 dicere,
905 4238 1047 4309 quod
1076 4239 1205 4294 illud
1243 4255 1376 4307 opus
1407 4254 1511 4293 non
1544 4240 1679 4293 beati
1712 4240 1893 4308 Cyrilﬁ
1927 4240 2015 4306 sit,

440 4332 913 4404 .prmsumptionem
965 4346 1153 4397 suam,
1202 4347 1301 4402 qua
1354 4331 1693 4386 Theodorum
1736 4347 1853 4386 cum
1906 4332 2020 4387 suis

443 4424 778 4494 dogmatibus
798 4423 1203 4489 damnaverunt,
1225 4423 1341 4493 ejus
1364 4423 1613 4491 exemplo
1635 4438 1890 4478 excusare
1912 4439 2019 4477 non

2108 1841 2235 1911 quid
2265 1842 2523 1897 adversus
2562 1842 2661 1898 ista
2712 1844 3107 1913 respondeant,
3148 1844 3238 1913 qui
3265 1844 3606 1900 Theodorum
3639 1848 3693 1901 in

2111 1933 2567 1991 Chalcedonensis
2596 1935 2808 1991 concilii
2853 1935 3217 2006 prejudiclum
3248 1937 3691 2003 condemnantes,

2109 2034 2163 2080 ut
2195 2034 2663 2098 semetexcusent.
2689 2026 2951 2096 objiciunt
2974 2027 3073 2081 hoc
3102 2026 3222 2084 ideo
3243 2041 3302 2082 se
3328 2025 3538 2093 fecisse,
3564 2043 3698 2098 quo-

2111 2115 2255 2170 niam
2282 2118 2335 2170 in
2350 2097 2458 2171 ἷῙιο
2478 2133 2642 2187 opere
2666 2119 2852 2173 beatus
2877 2118 3107 2190 Cyrillus
3134 2118 3250 2188 ejus
3270 2119 3413 2174 dicta
3437 2097 3694 2191 culpavit.

2110 2205 2243 2261 Nam
2286 2222 2389 2262 nec
2417 2207 2620 2263 Judaais
2669 2208 2938 2278 quomodo
2976 2208 3335 2278 persuadeant
3376 2209 3602 2275 habent,
3648 2210 3698 2267 si

2112 2299 2323 2355 dicatur
2350 2301 2442 2357 ille
2468 2301 2549 2355 vir
2578 2304 2632 2357 in
2662 2317 2767 2372 quo
2792 2301 3041 2357 Christus
3069 2303 3385 2372 loquebatur
3424 2301 3611 2358 falsum
3639 2313 3700 2359 et

2112 2392 2180 2449 de
2217 2392 2339 2452 aliis
2365 2395 2609 2465 personis
2637 2393 2838 2450 dictum
2867 2394 3230 2450 testimonium
3256 2396 3323 2450 ad
3352 2392 3700 2450 manifestan-

2114 2487 2241 2543 dum
2279 2499 2672 2543 sacramentum
2702 2486 3056 2543 artiﬁcialiter
3095 2486 3387 2542 induxisse.
3418 2476 3702 2542 Postremo

2114 2594 2213 2636 nec
2245 2580 2377 2651 ipsis
2415 2581 2696 2636 catholicis
2721 2582 2861 2636 scire
2894 2578 3261 2648 qumrentibus
3287 2592 3386 2633 cur
3408 2578 3703 2647 Apostolus

2114 2684 2235 2739 qua
2263 2669 2331 2726 de
2360 2669 2477 2725 aliis
2499 2670 2638 2725 dicta
2666 2679 2793 2724 sunt
2821 2668 2886 2723 ad
2916 2667 3361 2724 manifestandum
3390 2667 3585 2723 Christi
3614 2683 3704 2721 sa.

2115 2772 2448 2818 cramentum
2490 2762 2761 2819 induxerit
2790 2761 3101 2818 satisfacere
3130 2769 3376 2831 possunt,
3423 2769 3479 2814 et
3518 2760 3707 2815 dicere

2114 2855 2257 2925 quod
2304 2855 2476 2925 aliqua
2508 2856 2704 2911 saltem
2745 2855 2849 2911 hoc
2877 2854 2991 2910 ﬁeri
3023 2853 3227 2909 utilitas
3274 2853 3545 2918 invitavit;
3578 2854 3707 2921 quia

2115 2959 2278 3016 super
2324 2947 2465 3018 quod
2512 2962 2542 3002 a
2597 2956 2795 3003 nostra:
2846 2946 2969 3001 ﬁdei
3017 2948 3243 3000 veritate
3291 2945 3447 3015 longe
3493 2951 3608 3009 est,
3660 2944 3707 3000 si

2114 3037 2419 3095 Christiana
2446 3039 2647 3095 utilitas
2669 3054 2827 3095 verax
2858 3053 2964 3094 non
2992 3053 3113 3094 esse
3141 3038 3370 3104 dicatur,
3401 3038 3561 3093 etiam
3588 3040 3711 3095 sine

2117 3128 2515 3199 adjudicatione
2542 3129 2683 3185 beati
2712 3129 2903 3201 Cyrilli
2934 3146 3037 3185 non
3068 3131 3284 3187 dicitur.
3326 3131 3460 3187 Nam
3488 3132 3533 3187 si
3566 3134 3711 3187 utili-

2115 3230 2197 3278 ter
2243 3223 2371 3279 illud
2428 3223 2798 3293 propheticum
2846 3224 2913 3279 de
2960 3225 3177 3280 Christo
3230 3224 3397 3282 fuisse
3447 3228 3710 3296 scriptum

2116 3318 2405 3388 Apostolus
2432 3317 2585 3385 dixit,
2621 3319 2782 3374 noxie
2810 3328 2994 3374 contra
3024 3319 3223 3375 dictum
3248 3329 3328 3373 est
3358 3336 3385 3373 a
3420 3320 3581 3375 beato
3608 3319 3711 3390 Cy-

2117 3408 2257 3473 rillo,
2290 3408 2431 3479 quod
2455 3408 2523 3465 de
2548 3408 2761 3465 Christo
2786 3399 3051 3480 scriptum
3098 3426 3201 3465 non
3236 3409 3425 3478 fuerit;
3458 3427 3559 3466 nec
3592 3428 3713 3481 pro-

2116 3501 2246 3558 dere
2286 3501 2472 3558 debuit
2510 3502 2650 3571 quod
2678 3501 2877 3558 Paulus
2920 3504 3088 3557 voluit
3116 3516 3237 3558 esse
3265 3503 3516 3558 celatum.
3571 3506 3713 3558 Prte-

2116 3594 2302 3649 sertim
2353 3595 2476 3663 quia
2529 3594 2760 3649 inaniter
2808 3594 2912 3649 hoc
2965 3596 3196 3651 suadere
3254 3596 3566 3665 quaerebat,
3624 3596 3713 3666 qui

2118 3686 2317 3741 docens
2359 3701 2428 3741 ne
2469 3686 2600 3743 ﬁdes
2649 3686 2940 3742 haberetur
2986 3687 3281 3757 Apostolo,
3329 3688 3498 3742 multo
3543 3689 3714 3760 magis

2117 3779 2345 3835 docebat
2372 3779 2470 3834 sibi
2519 3794 2628 3834 non
2676 3793 2795 3835 esse
2833 3780 3182 3836 credendum.
3229 3780 3487 3835 Noveriut
3536 3790 3713 3836 autem

2117 3868 2205 3924 isti
2232 3870 2372 3939 quod
2396 3884 2732 3939 consequens
2761 3885 2865 3925 non
2896 3871 2965 3924 sit
2990 3880 3046 3924 ut
3075 3882 3295 3926 cvacuet
3317 3885 3505 3925 omnes
3533 3870 3704 3925 factas

2119 3964 2171 4018 in
2202 3962 2471 4017 Christum
2504 3962 2811 4031 prophetias
2832 4002 2848 4029 ,
2880 3962 2973 4032 qui
3022 3962 3197 4030 aliqua
3236 3962 3457 4031 mystice
3503 3961 3561 4016 in
3594 3977 3714 4017 cum

2119 4054 2259 4109 dicta
2282 4054 2554 4109 moraliter
2577 4069 2790 4124 quoque
2811 4064 2959 4110 recte
2986 4054 3313 4110 tractaverit.
3341 4053 3473 4107 Nam
3497 4056 3716 4109 audiant

2119 4146 2436 4213 Apostolum
2493 4146 2818 4200 scribentem
2888 4145 3136 4214 Ephesiis
3188 4154 3343 4214 atque
3394 4144 3713 4199 dicentem:

2122 4222 2345 4309 PiOpter
2377 4239 2471 4292 hoc
2516 4238 2765 4307 relinquet
2796 4241 2947 4293 homo
2993 4249 3183 4307 patrem
3229 4246 3276 4292 et
3306 4247 3520 4291 matrem
3551 4256 3715 4303 suam,

2120 4342 2167 4385 et
2198 4330 2473 4385 adhwrebit
2523 4332 2675 4384 uxori
2716 4346 2853 4392 sum,
2901 4338 2949 4384 et
2991 4341 3133 4383 erunt
3168 4332 3270 4383 duo
3301 4331 3351 4382 in
3394 4346 3554 4382 carne
3593 4348 3716 4384 una.

2133 4422 2432 4491 Mysterium
2493 4421 2590 4475 hoc
2653 4437 2894 4490 magnum
2942 4430 3013 4475 est
3056 4437 3074 4474 :
3119 4437 3207 4490 ego
3273 4432 3439 4473 autem
3498 4422 3617 4474 dico
3667 4423 3720 4474 in

438 4492 685 4585 possunt.
711 4516 859 4572 Licet
886 4518 1187 4587 quicunque
1207 4492 1392 4570 auctor
1418 4515 1557 4573 illius
1586 4516 1763 4583 operis
1792 4529 1913 4569 esse
1942 4515 2022 4568 di-
2051 4492 2105 4553 Ῑ)
2129 4512 2328 4568 Christo
2379 4522 2427 4567 et
2476 4515 2527 4567 in
2577 4512 2809 4567 Ecclesia
2836 4512 3071 4585 (Ep/tes.
3117 4528 3168 4575 ν,
3209 4512 3321 4581 3t).
3375 4513 3489 4566 Iloc
3538 4522 3718 4566 autem

436 4621 614 4677 catur,
648 4610 780 4664 nihil
820 4610 943 4665 huic
974 4609 1167 4679 poterit
1195 4622 1378 4663 corum
1411 4606 1706 4662 defensioni
1741 4608 2023 4675 proﬁcere,

444 4700 566 4769 quia
596 4716 692 4754 nec
715 4700 1000 4762 Theodoro
1041 4701 1321 4754 anathema
1356 4700 1581 4765 dixisse,
1616 4715 1714 4754 nec
1741 4701 1857 4769 ejus
1896 4701 2026 4769 dog-

444 4792 676 4847 matibus
707 4791 997 4847 invenitur.
1040 4792 1395 4848 Considerare
1426 4792 1584 4862 igitur
1613 4792 1809 4847 debent
1848 4802 2023 4846 utrum

388 4878 391 4879 ⁷
444 4881 773 4947 afﬁrmantes
817 4881 943 4934 illttd
978 4895 1112 4951 opus
1151 4896 1177 4933 a
1209 4882 1364 4936 beato
1403 4882 1605 4953 Cyrillo
1634 4882 1888 4950 scriptum
1930 4881 2024 4935 ha-

444 4969 607 5031 beant
628 4970 767 5039 quod
796 4984 891 5039 pro
920 4971 1007 5024 illo
1030 4972 1407 5038 respondeant,
1431 4972 1473 5026 si
1502 4971 1578 5027 cis
1600 4972 1807 5026 dicatur
1836 4989 1848 5024 :
1880 4972 2022 5038 Quo-

444 5063 588 5123 niatu
620 5071 951 5115 mortuorum
994 5060 1199 5129 judices
1250 5079 1401 5127 esse,
1434 5072 1487 5115 ct
1514 5062 1565 5116 iu
1603 5062 1852 5117 lfcclesitc
1896 5079 2026 5133 pace

443 5160 607 5220 atque
658 5152 862 5207 honore
913 5151 1192 5208 defunctos
1246 5154 1393 5209 velut
1439 5154 1719 5208 luereticos
1769 5154 2025 5211 damnare

446 5248 800 5319 pra'sumitis,
836 5246 962 5317 quid
1011 5247 1076 5301 de
1105 5246 1303 5317 Cyrillo
1341 5245 1593 5316 episcopo
1618 5246 1867 5315 judicatis
1888 5286 1902 5311 ,
1936 5247 2025 5315 qui

440 5339 674 5407 dedocet.
702 5338 843 5410 quod
877 5339 1070 5393 Paulus
1112 5340 1399 5406 Apostolus
1430 5338 1580 5394 docet
1608 5380 1622 5406 ,
1656 5346 1711 5393 ct
1741 5338 1932 5392 asserit
1961 5353 2024 5393 ea

442 5448 562 5497 qua:
602 5431 914 5499 Dropheticc
942 5433 992 5485 in
1022 5428 1292 5485 Christum
1325 5430 1521 5499 scripta
1557 5438 1682 5483 sunt
1712 5430 1779 5483 de
1810 5430 2026 5497 quibus-

442 5522 565 5576 dam
591 5523 707 5578 aliis
729 5522 871 5577 dicta
892 5535 1010 5575 csse
1034 5523 1310 5591 personis;
1339 5522 1406 5577 ab
1430 5520 1687 5589 Apostolo
1713 5531 1910 5586 autem,
1941 5535 2025 5575 ar~

521 5759 533 5785 '
576 5756 706 5813 Cod.
741 5759 959 5825 Veron,
994 5763 1038 5814 ci
1061 5764 1247 5817 omnia.

2126 4606 2267 4676 quod
2313 4605 2386 4659 ait
2432 4620 2679 4674 magnum
2729 4618 2848 4659 esse
2896 4604 3250 4674 mysterium,
3307 4604 3474 4657 Erunt
3515 4603 3624 4658 duo
3668 4604 3719 4657 iu

2127 4711 2288 4751 carne
2332 4710 2433 4750 una
2456 4736 2472 4761 ,
2505 4695 2746 4750 scribens
2773 4695 3066 4751 Corinthiis
3114 4695 3270 4749 aliter
3309 4694 3719 4762 interpretatur,

2129 4802 2191 4842 ac
2240 4787 2418 4842 dicit:
2469 4786 2699 4840 Nescitis
2752 4788 2993 4855 quoniam
3032 4802 3249 4857 corpora
3286 4794 3453 4838 vestra
3500 4786 3725 4838 membra

2131 4878 2323 4933 Christi
2378 4880 2544 4932 sunt?
2595 4877 2801 4931 Tollens
2846 4895 2963 4948 ergo
3025 4877 3250 4930 membra
3301 4875 3494 4929 Christi
3537 4879 3721 4945 {nciam

2129 4970 2351 5023 membra
2397 4970 2718 5023 meretricis?
2769 4969 2922 5023 absit.
2968 4970 3045 5021 An
3094 4968 3299 5021 nescitis
3338 4969 3583 5034 quoniam
3635 4967 3724 5035 qui

2128 5062 2352 5115 adoleret
2383 5061 2655 5126 mtretrici,
2689 5076 2844 5112 unum
2873 5074 3054 5127 corpus
3084 5059 3338 5128 e/lit’itur?
3366 5058 3535 5111 Erunt
3566 5059 3723 5123 enim,

2130 5154 2313 5219 inquit,
2338 5152 2440 5205 duo
2469 5154 2521 5205 in
2552 5168 2705 5205 carne
2726 5169 2826 5204 una
2852 5150 2904 5222 (I
2937 5152 3056 5206 Cor.
3082 5167 3153 5217 Vl,
3188 5151 3274 5215 l5,
3301 5151 3411 5222 lb').
3445 5150 3587 5207 Ecce
3608 5166 3723 5205 ma-

2129 5260 2290 5313 gnum
2333 5243 2461 5298 illud
2506 5243 3042 5313 commendatumque
3091 5243 3439 5314 mysterium,
3473 5243 3617 5311 quod
3666 5244 3722 5296 in

2132 5333 2344 5388 Christo
2375 5343 2429 5388 ot
2466 5335 2519 5388 in
2550 5334 2787 5388 Ecclesia
2831 5348 2953 5389 esse
2998 5334 3251 5400 insinuat,
3281 5334 3444 5389 etiam
3486 5333 3724 5387 fornica-

2135 5426 2238 5479 tori
2283 5440 2345 5479 ac
2388 5425 2651 5479 meretrici
2683 5425 2879 5480 Paulus
2910 5425 3194 5493 Apostolus
3225 5426 3345 5480 sine
3386 5423 3721 5493 blaSphemia

2136 5526 2366 5588 coaptat.
2398 5517 2505 5573 Nec
2537 5516 2735 5573 alicubi
2788 5517 3065 5585 mentitur,
3092 5525 3185 5571 aut
3213 5515 3436 5582 fallitur,
3460 5516 3547 5571 vel
3572 5514 3721 5570 'talis
