3974 6330
225 249 329 307 605
813 247 846 277 ‘

1123 248 1252 304 PRO
1294 246 1718 304 DEFENSIONE
1750 244 1961 302 Tillil.“
2001 243 2313 300 CAPITUL.
2345 243 2473 300 LIB.
2527 246 2612 300 lli.

3396 247 3500 300 6'06

225 367 515 422 scribendo
539 362 706 418 factas
731 361 781 417 in
806 351 1075 416 Christum
1105 362 1408 432 prophetias
1429 371 1672 424 evacuat,
1692 373 1814 413 cum
1846 360 1893 417 Α
1921 354 2061 408 beati
2082 352 2262 424 Cyrilli
2309 353 2625 408 sententiam
2681 351 2844 407 fuisse
2900 353 3145 408 damnata
3179 370 3195 410 :
3227 357 3346 425 quia
3377 371 3498 410 eum

225 459 544 524 plerumque
587 467 768 509 sermo
798 447 1046 518 divinus,
1077 465 1134 506 ut
1165 454 1355 508 similis
1382 453 1681 520 margarita:
1713 467 1808 504 un-

225 546 384 616 dque
432 543 800 616 penetrabilis,
830 544 1126 598 rectissimo
1173 553 1374 598 tantum
1417 553 1473 596 et
1517 543 1710 597 librato
1750 553 1810 595 ac

225 635 402 689 medio
451 634 650 704 aperiri
702 631 894 688 debeat
941 633 1232 688 intellectu.
1257 632 1492 686 Audiaut
1537 639 1597 686 ct
1637 632 1809 699 ipsum

225 727 494 781 Christum
538 725 590 778 in
623 722 912 792 Evangelio
944 721 1108 778 factas
1161 722 1214 776 in
1263 737 1321 778 se
1351 721 1659 792 pr0phetias
1705 735 1812 775 non

225 823 604 879 evatuantem,
626 812 912 867 Pharisaris
935 813 1258 866 tentantihus
1297 822 1457 880 atque
1480 811 1810 865 dicentibus:

228 907 364 962 Licet
420 905 614 960 homini
658 901 914 959 dimittere
954 922 1164 958 uxorem
1216 922 1362 959 suam
1409 921 1710 974 quacunque
1751 921 1816 960 et:

225 1019 386 1056 causa
411 1003 434 1057 ξ)
465 1001 641 1056 taliter
669 998 1014 1067 respondisse
1045 1017 1057 1052 :
1095 998 1213 1052 Non
1242 999 1454 1065 legistis,
1478 1000 1596 1068 quia
1627 999 1714 1067 qui
1742 997 1814 1066 fe-

226 1096 290 1148 cit
320 1094 384 1148 ab
416 1095 584 1160 initio,
625 1092 908 1146 masculum
930 1102 974 1145 et
1005 1091 1245 1160 feminam
1269 1092 1386 1159 fecit
1415 1107 1520 1152 eos,
1546 1099 1594 1144 et
1624 1091 1752 1142 dixit
1776 1104 1795 1142 :

231 1186 452 1253 PrOpter
481 1184 574 1238 hoc
599 1183 818 1238 dimittet
840 1183 990 1235 homo
1020 1191 1211 1252 patrem
1236 1190 1285 1237 et
1313 1189 1545 1245 matrem,
1572 1193 1616 1234 et
1645 1180 1819 1234 adluc-

227 1275 354 1331 rebit
378 1275 529 1328 uxori
551 1290 678 1339 ante,
703 1282 746 1327 et
774 1284 922 1327 erunt
949 1273 1051 1325 duo
1075 1273 1128 1326 in
1153 1288 1304 1326 carne
1331 1272 1470 1325 una?
1500 1269 1685 1340 Itaque
1703 1273 1820 1342 jam

227 1385 325 1425 non
344 1378 464 1422 sunt
484 1370 607 1432 duo,
631 1367 719 1420 sed
742 1383 846 1420 una
873 1382 1011 1418 caro.
1038 1365 1186 1431 Quod
1215 1381 1337 1435 ergo
1368 1363 1502 1418 Deus
1525 1364 1816 1427 coniunxit,

227 1462 377 1516 homo
399 1475 501 1514 non
527 1468 725 1528 separet
771 1456 988 1526 (Matth.
1012 1472 1120 1522 xu,
1149 1455 1203 1521 5,
1237 1456 1312 1527 6).
1344 1459 1515 1525 Atque
1547 1455 1674 1511 illud
1709 1471 1819 1509 ma-

227 1567 390 1622 gnum
420 1561 472 1606 et
497 1549 767 1621 singulare
797 1548 1131 1620 mysterium,
1157 1548 1297 1617 quod
1328 1549 1379 1602 in
1413 1550 1529 1616 ipso
1558 1557 1609 1600 et
1634 1547 1687 1601 in
1721 1549 1820 1602 Ec-

233 1646 400 1702 clesia
431 1660 598 1701 verax
627 1644 746 1715 ejus
774 1645 909 1700 dixit
934 1640 1247 1714 Apostolus,
1272 1640 1384 1708 ipse
1414 1639 1503 1709 qui
1531 1646 1706 1693 nostra
1739 1647 1823 1692 est

1916 461 2018 500 non
2048 454 2133 499 est
2164 446 2212 496 in
2243 452 2493 512 promptu
2534 457 2762 512 persona
2793 458 2911 510 quae
2949 445 3120 511 culpa:
3149 452 3497 512 supponatur,

1914 539 2265 606 eapitu'orum
2296 535 2600 605 redargutio
2631 536 2898 590 invenitur
2943 535 3168 590 incerta.
3203 534 3395 588 Verum
3446 545 3500 589 et

1918 630 2021 685 hoc
2049 629 2327 684 attendere
2374 629 2545 697 pietas
2587 637 2765 683 vestra
2795 627 3064 698 dignetur,
3091 628 3216 697 quia
3249 642 3353 682 non
3381 629 3505 683 illos

1914 724 2050 780 dicit
2076 723 2332 779 obsessos
2360 723 2548 777 morbo
2573 723 2824 784 Nestorii,
2857 724 2949 792 qui
2977 724 3276 786 certabant,
3307 739 3376 778 ne
3404 725 3503 778 viri

1915 817 2247 872 admirabilis
2276 827 2329 870 et
2361 817 2648 869 maximam
2676 814 2899 882 gloriam
2929 817 3205 879 merentis,
3237 814 3504 869 Theodori

1915 907 2160 976 quaedam
2200 906 2431 975 capitula
2461 906 2842 961 damnarentur
2869 923 2884 962 :
2911 906 3004 961 sed
3045 908 3192 975 ipsos
3222 909 3396 975 potius
3425 907 3505 960 di-

1919 998 1996 1052 cit
2029 997 2167 1066 quod
2191 997 2530 1052 occasionem
2557 997 2795 1052 facerent
2823 997 3096 1050 contrario
3124 997 3372 1066 dogmate
3401 1015 3506 1063 quo

1922 1089 2259 1150 tenebantur,
2291 1088 2379 1156 qui
2427 1102 2487 1143 se
2512 1088 2654 1142 circa
2697 1088 3039 1143 Theodorum
3085 1089 3291 1163 infense
3342 1090 3506 1143 habe-

1920 1179 2067 1234 bant.
2123 1179 2267 1246 Quos
2297 1181 2459 1235 etiam
2510 1180 2798 1250 objurgans
2842 1181 2984 1250 quod
3035 1193 3183 1235 recte
3235 1184 3510 1237 ambulare

1921 1270 2209 1335 nescirent,
2241 1271 2489 1325 admonet
2519 1280 2576 1325 ut
2603 1286 2695 1326 eos
2724 1273 2812 1340 qui
2855 1274 2923 1324 ita
2956 1276 3214 1340 sentiunt,
3244 1285 3505 1340 quantum

1922 1375 2225 1428 possumus,
2257 1361 2563 1428 longissime
2610 1364 2993 1432 relinquamus,
3025 1379 3126 1419 nec
3171 1370 3503 1420 assumamus

1924 1449 1977 1503 in
2023 1460 2257 1504 nostram
2289 1460 2522 1504 mentem
2553 1452 2692 1520 quod
2728 1454 3052 1508 concinnare
3080 1456 3407 1521 qumrebaut,
3451 1467 3508 1509 ut

1924 1554 2045 1594 cum
2082 1555 2189 1593 non
2220 1532 2474 1596 existeret
2527 1552 2672 1596 certa
2703 1556 2953 1610 persona,
2986 1559 3105 1612 qua:
3133 1555 3225 1599 aut
3251 1546 3387 1600 bene
3431 1548 3505 1600 in-

1923 1638 2309 1698 terpretaretur
2332 1645 2394 1685 ea
2421 1647 2539 1700 qua:
2565 1632 2796 1699 dixerat,
2827 1633 2967 1688 sicut
2997 1635 3112 1703 ipse
3133 1635 3318 1691 beatus
3341 1639 3507 1707 Cyril-

231 1740 451 1806 veritas,
474 1737 636 1791 etiam
661 1751 758 1805 pro
781 1735 1108 1792 reservando
1129 1729 1451 1805 generaliter
1479 1727 1682 1785 imitere
1701 1741 1828 1782 con-
1858 1731 1907 1792 Β
1934 1724 2015 1778 lus
2042 1725 2110 1778 de
2133 1724 2245 1778 suis
2272 1725 2518 1793 capitulis
2548 1724 2692 1787 fecit,
2721 1737 2816 1780 aut
2842 1729 2886 1781 si
2936 1743 3040 1782 non
3088 1727 3289 1784 faceret
3341 1731 3509 1798 culpm

229 1829 397 1899 jugali
422 1831 681 1897 scriptum
714 1826 876 1883 fuisse
905 1827 1232 1897 pronuntiat.
1263 1826 1326 1880 Et
1357 1825 1440 1878 liis
1465 1825 1676 1894 quidem
1709 1818 1818 1878 Stti-

231 1920 378 1974 liciat
403 1918 660 1988 probasse
677 1917 815 1988 quod
838 1931 982 1986 saepe
1005 1915 1272 1972 laui'abile
1291 1915 1636 1985 judicatur,si
1659 1918 1820 1971 etiam

231 2012 516 2068 moraliter
541 2020 878 2081 exponentur
905 2025 1024 2080 qua:
1054 2009 1366 2080 prophetico
1395 2010 1534 2064 dicta
1565 2018 1710 2064 sunt.
1746 2009 1822 2064 ln-

238 2112 386 2160 terea
413 2117 542 2160 vero
569 2103 853 2175 perspicis,
882 2102 1194 2171 imperator,
1221 2110 1277 2157 et
1303 2102 1421 2172 ipsa
1451 2101 1820 2171 multiplicium

231 2194 680 2250 documentorum
716 2193 979 2248 evidentia
1018 2191 1186 2262 magis
1225 2207 1288 2246 ac
1331 2191 1501 2259 magis
1543 2194 1823 2259 cognoscis

231 2283 381 2353 quod
424 2283 650 2349 epistola
682 2283 786 2338 lbte
829 2282 1143 2338 Nestoriaua
1189 2282 1435 2339 convinci
1484 2290 1714 2352 nequeat
1755 2298 1819 2338 ex

233 2371 393 2429 laude
420 2372 707 2428 Theodori.
743 2373 945 2428 Idcirco
995 2384 1192 2440 autem,
1221 2373 1359 2428 sicut
1399 2373 1512 2442 jam
1565 2373 1820 2439 diximus,

230 2464 558 2534 quaesierunt
587 2463 846 2528 haeretici,
863 2471 923 2518 ut
942 2473 1224 2534 negaretur
1244 2479 1275 2520 a
1297 2464 1504 2534 synodo
1519 2463 1684 2520 fuisse
1705 2479 1823 2518 sus-

231 2563 408 2622 cepta,
443 2551 582 2622 quod
609 2553 783 2621 palam
810 2553 999 2607 falsum
1027 2560 1130 2619 est,
1150 2561 1209 2607 ut
1227 2555 1479 2623 primum,
1511 2554 1668 2609 nobis
1689 2553 1822 2607 nihil

232 2642 638 2712 resistentibus,
668 2643 776 2697 imo
805 2642 1216 2710 affirmantibus,
1246 2659 1574 2714 quotcunque
1604 2644 1823 2698 crimina

236 2735 438 2790 vellent
471 2735 522 2790 in
553 2749 672 2791 eam
703 2744 1087 2806 congererent;
1131 2737 1324 2792 deinde
1372 2747 1426 2791 ut
1478 2738 1590 2805 ipsa
1642 2745 1824 2790 nostra

231 2827 524 2894 negatione
551 2825 820 2896 suscipien
842 2830 946 2880 tam
975 2841 1082 2880 non
1111 2827 1277 2882 inisse
1306 2835 1689 2881 monstrarent.
1725 2825 1824 2881 Ve-

233 2935 355 2975 rum
386 2922 573 2990 accipe
594 2920 700 2987 jam
726 2919 996 2990 quomodo
1025 2934 1130 2974 non
1159 2920 1331 2973 solum
1363 2920 1416 2974 in
1449 2919 1534 2973 his
1560 2933 1677 2988 quae
1707 2932 1822 2973 me-

231 3013 589 3078 moravimus,
630 3011 724 3067 sed
754 3013 809 3066 in
835 3011 1084 3066 omnibus
1113 3011 1332 3066 omnino
1357 3021 1452 3082 pro
1491 3009 1685 3078 quibus
1714 3008 1824 3063 Mo—

1927 1824 2352 1884 suppoueretur,
2401 1830 2536 1869 vana
2579 1818 2935 1886 capitulorum
2985 1818 3288 1888 redargutio
3342 1822 3510 1876 fleret.

1925 1909 2247 1968 liumanitus
2297 1907 2476 1975 itaque
2520 1921 2619 1962 suo
2669 1908 3308 1980 admenebat'exemplo
3366 1915 3513 1981 quod

1926 2009 2092 2059 multa
2127 2006 2276 2059 recte
2306 1998 2583 2068 proposito
2612 1998 2923 2053 dicerentur
2963 2014 3082 2068 qua:
3125 2001 3282 2056 aliter
3311 2005 3512 2070 possint

1924 2095 2169 2162 intelligi.
2219 2096 2470 2152 Sciamus
2509 2102 2674 2154 ergo,
2729 2088 3145 2144 dementissime
3202 2092 3509 2160 imperatur,

1919 2186 2075 2256 juxta
2107 2186 2296 2257 Cyrilli
2320 2188 2665 2252 sententiam,
2695 2180 2836 2258 quod
2881 2182 2968 2250 qui
2999 2183 3114 2237 haec
3138 2191 3319 2251 agunt,
3352 2187 3402 2237 in
3436 2186 3508 2240 in-

1925 2287 2132 2333 certum
2159 2287 2464 2342 currentes,
2483 2287 2540 2333 et
2567 2293 2746 2333 aerem
2775 2277 3124 2332 verberantes
3152 2273 3508 2331 inveniantur.

1923 2366 2152 2435 Ideoque
2181 2381 2369 2422 rursus
2413 2385 2467 2422 in
2499 2367 2797 2437 fine-ipsius
2839 2371 3080 2438 epistola:
3108 2367 3177 2422 de
3206 2366 3399 2420 talibus
3425 2366 3509 2420 di-

1926 2458 2004 2513 cit
2031 2475 2045 2512 :
2083 2477 2104 2510 ι
2137 2459 2242 2516 Sed
2259 2457 2406 2528 juste
2427 2459 2643 2514 audient
2667 2461 2874 2514 tametsi
2898 2462 3083 2526 nolint,
3102 2463 3193 2530 qui
3213 2455 3516 2532 hujusmodi

1928 2565 2119 2607 causas
2147 2553 2386 2619 praebent
2407 2552 2820 2606 :Obliviscimini
2853 2568 2948 2606 vos
2979 2553 3145 2622 ipsos,
3177 2555 3393 2618 quando
3417 2550 3515 2610 ad-

1926 2657 2111 2698 versus
2134 2641 2383 2710 pulveres
2403 2655 2558 2696 arcus
2579 2642 2886 2699 extenditis.
2918 2643 3033 2698 Non
3072 2645 3215 2698 enim
3245 2656 3512 2715 superest.

1925 2736 2014 2803 qui
2042 2737 2178 2801 apud
2210 2748 2308 2789 vos
2357 2734 2643 2802 inscriptus
2669 2744 2780 2800 e:t;
2813 2745 2866 2788 et
2896 2750 2982 2790 me
3009 2737 3186 2790 nullus
3239 2739 3418 2807 culpet
3460 2741 3512 2793 in

1931 2830 2045 2882 lure
2089 2827 2251 2882 verba
2300 2841 2660 2896 progressum,
2695 2827 2789 2881 sed
2839 2829 2994 2883 cedat
3042 2830 3248 2883 famoso
3293 2832 3512 2888 nimium

1929 2919 2258 2990 praecessori.
2288 2917 2462 2974 Grave
2507 2898 2660 2973 enini
2701 2929 2785 2973 est
2812 2921 3072 2976 insultare
3129 2923 3513 2990 defuncris,vel

1929 3013 1973 3067 si
1994 3010 2112 3066 laici
2146 3011 2360 3076 fuerint,
2383 3010 2578 3064 nedum
2607 3010 2714 3064 illis
2736 3010 2823 3080 qui
2856 3011 2906 3065 in
2935 3012 3244 3082 episcopatu
3277 3017 3412 3071 hanc
3442 3017 3512 3071 vi-

231 3120 580 3177 psuestenum
631 3109 647 3139 ¹
695 3107 1118 3174 damnaverunt,
1164 3107 1420 3176 judicium
1471 3107 1609 3162 beati
1639 3104 1823 3178 Cyrilli
1852 3103 1898 3167 C
1929 3112 2036 3158 tam
2059 3101 2440 3171 deposuerunt.
2475 3100 2835 3188 Justissimum
2859 3103 3003 3156 enim
3033 3114 3255 3173 apparet
3287 3109 3512 3177 pruden-

231 3200 583 3261 caicaverint,
614 3198 703 3268 qui
750 3199 1006 3254 resistens
1047 3198 1314 3253 haereticis
1341 3197 1712 3252 accusantibus
1740 3196 1823 3251 did

235 3299 323 3344 cta
353 3287 641 3342 memorati
673 3285 945 3342 Theodori
973 3285 1052 3341 sic
1079 3284 1237 3341 beato
1265 3284 1460 3341 Joanni
1487 3284 1824 3340 Antiocheno

233 3387 290 3434 et
316 3377 588 3434 universa:
611 3376 868 3434 Orientali
893 3377 1099 3449 synodo
1137 3375 1344 3431 scribit.
1379 3393 1398 3427 ι
1431 3374 1668 3430 Audacia
1695 3387 1830 3430 vero

233 3477 291 3526 et
317 3476 596 3524 certamen
627 3467 768 3536 quod
796 3483 982 3524 omnes
1015 3468 1214 3537 pariter
1241 3466 1556 3536 suscepistis
1584 3478 1684 3534 pro
1708 3467 1829 3520 viro

234 3558 566 3625 adniirabill,
598 3568 656 3616 et
692 3559 983 3614 maximam
1012 3559 1234 3628 gleriam
1279 3566 1518 3613 merente
1541 3556 1678 3626 apud
1705 3571 1826 3622 vos,

237 3651 534 3707 Theodoro
557 3649 698 3718 dico,
725 3650 1077 3705 reclamantes
1097 3649 1359 3704 adversus
1377 3649 1607 3718 aliquos,
1630 3649 1720 3718 qui
1745 3663 1824 3714 se,

232 3753 292 3803 ut
319 3749 570 3811 apparet,
596 3741 738 3798 circa
760 3741 909 3796 illum
937 3739 1146 3796 infense
1172 3741 1390 3806 habent,
1413 3750 1466 3794 et
1492 3741 1826 3794 occasionem

233 3834 498 3890 facientes
538 3833 808 3888 contrario
837 3833 1088 3901 dogmate
1128 3848 1238 3902 quo
1283 3841 1548 3899 tenent-ur,
1581 3841 1638 3886 ut
1681 3829 1830 3902 capi-

233 3923 348 3980 tula
372 3922 618 3993 quadam
648 3938 751 3977 non
778 3938 842 3978 ex
876 3923 1186 3978 melioribus
1217 3923 1512 3989 intellecta,
1544 3925 1686 3978 sicut
1712 3925 1832 3992 qui-

233 4016 362 4070 dam
390 4015 672 4074 dixerunt.
695 4014 760 4067 de
784 4014 978 4082 quibus
1005 4021 1059 4069 et
1089 4023 1318 4067 vestram
1344 4012 1680 4068 sanctitatem
1711 4029 1829 4080 per-

233 4107 610 4168 turbaverunt,
626 4105 897 4174 exigerent
913 4102 1582 4159 comlemnari.lloeautem
1603 4112 1654 4158 et
1666 4119 1832 4170 nunc,

231 4196 393 4251 sicuti
409 4204 600 4250 vestrae
623 4195 815 4250 littera:
844 4203 1167 4260 monstrant,
1187 4193 1251 4247 ad
1278 4195 1478 4265 regiam
1499 4196 1686 4250 urbem
1715 4209 1835 4264 per-

231 4294 423 4357 gentes
436 4296 670 4348 movent,
687 4287 732 4340 si
750 4301 852 4356 quo
872 4286 1030 4340 modo
1045 4287 1363 4355 prrevaleant
1385 4287 1607 4354 persuad
1615 4303 1702 4342 ere
1717 4302 1838 4340 cou-

233 4393 398 4434 cursu
423 4378 812 4447 aliquorum,ut
837 4379 1338 4447 perimperatoriam
1368 4377 1592 4432 formam
1615 4379 1837 4434 anathe-

1925 3197 2070 3250 tibas
2094 3195 2220 3249 viris
2249 3194 2442 3248 cedere
2471 3191 2772 3262 przescienti
2813 3194 3230 3266 uniuscujusque
3271 3201 3512 3254 volunta-

1927 3295 2060 3350 tctn,
2089 3294 2144 3342 et
2172 3285 2516 3353 cognoscenti
2548 3283 2719 3352 Qualis
2747 3285 3112 3355 unusquisque
3160 3299 3400 3343 nostrum
3437 3293 3513 3344 fu-

1929 3387 2078 3432 turus
2101 3378 2192 3431 sit.
2230 3392 2249 3426 ι
2284 3374 2543 3444 Apparuit
2571 3389 2636 3429 ex
2662 3375 2743 3429 his
2771 3389 2890 3444 quae
2922 3387 3211 3432 memorata
3241 3389 3381 3444 sunt,
3412 3383 3515 3437 cie--

1931 3467 2262 3523 mentissime
2286 3467 2592 3534 imperator,
2621 3464 2759 3534 quod
2789 3462 3019 3535 Cyrillus
3052 3469 3333 3537 cpiscopus
3357 3485 3514 3539 grave

1926 3562 2135 3631 judicet
2163 3560 2421 3613 insultare
2452 3556 2736 3620 defunctis,
2761 3557 2922 3610 etiam
2951 3557 3099 3610 1ςιὶ‹·ἰε
3132 3576 3144 3612 :
3175 3570 3374 3628 quanto
3404 3577 3515 3617 ma-

1928 3655 2008 3724 gis
2035 3655 2086 3707 in
2116 3652 2425 3720 episcopatu
2457 3650 2618 3703 vitam
2659 3649 2962 3704 tinientibus
2993 3651 3282 3707 anahema
3315 3654 3514 3718 dicere,

1930 3755 1984 3800 et
2012 3756 2195 3799 eorum
2235 3753 2411 3796 csuste
2445 3738 2702 3810 judicium
2739 3739 2848 3793 Deo
2878 3742 3185 3809 praeripere,
3217 3744 3518 3812 praescienti

1931 3833 2342 3901 uniuscujusque
2369 3831 2723 3895 voluntatem,
2743 3845 2846 3899 qna
2873 3833 3170 3886 intentione
3197 3835 3320 3902 quid
3346 3835 3513 3902 dicat,

1930 3923 2020 3992 qui
2047 3921 2205 3978 etiam
2239 3923 2385 3976 novit
2415 3921 2581 3990 qualis
2613 3921 2974 3991 unusquisque
3018 3933 3258 3978 nostrum
3308 3925 3516 3982 iuturus

1931 4013 2022 4082 sit,
2049 4021 2103 4067 et
2133 4012 2317 4080 quales
2347 4012 2686 4067 inveniuntur
2709 4011 2730 4042 ⁸
2762 4016 2812 4066 in
2845 4014 2936 4067 illo
2961 4013 3182 4082 judicio,
3210 4017 3294 4070 ubi
3324 4032 3513 4074 omnes

1935 4105 2266 4161 adstahimus
2288 4114 2413 4160 ante
2440 4105 2667 4160 tribunal
2692 4106 2911 4172 Christi,
2934 4120 2990 4160 ut
3020 4110 3217 4163 referat
3243 4113 3518 4181 uuuSquis-

1935 4211 2036 4266 que
2061 4199 2275 4266 prOpria
2304 4198 2548 4266 corporis
2590 4209 2751 4267 prout
2791 4200 2975 4267 gessit,
3011 4201 3126 4255 sive
3157 4205 3379 4270 malum,
3410 4209 3520 4262 sive

1935 4287 2176 4342 bonum?
2207 4287 2374 4357 Cujus
2421 4303 2546 4341 vero
2573 4289 2820 4342 catholici
2865 4290 3100 4342 animum
3132 4309 3235 4347 non
3265 4295 3520 4360 offendat,

1937 4377 2076 4446 quod
2106 4377 2191 4430 isti
2217 4376 2424 4446 judices
2467 4388 2797 4431 mortuorum
2830 4377 3012 4433 dicunt
3038 4383 3284 4436 eumdem
3309 4386 3517 4438 beatum

239 4468 674 4523 matisubdantur
699 4469 787 4521 illa
806 4470 1002 4537 quaeab
1025 4471 1100 4523 ei~
1120 4469 1841 4537 proferuntur,cumaccusa-
1872 4471 1923 4529 D
1947 4467 2201 4536 Cyrillum
2241 4467 2342 4520 sibi
2386 4467 2654 4521 exstitisse
2701 4468 3048 4533 contrarium,
3079 4479 3134 4524 et
3159 4473 3311 4526 aliter
3338 4487 3519 4541 postea

237 4560 389 4615 tione
410 4559 700 4614 volentium
718 4575 778 4613 ea
797 4560 1104 4616 defendere.
1135 4562 1211 4614 Ad
1229 4564 1326 4614 hoc
1352 4570 1528 4614 autem
1546 4560 1686 4626 dico,
1703 4561 1838 4614 sicut

240 4651 370 4706 mihi
401 4649 631 4716 videtur,
648 4662 700 4705 et
723 4650 869 4704 omni
896 4661 1132 4705 mentem
1157 4649 1394 4715 habenti,
1416 4651 1666 4720 quoniam
1692 4652 1836 4704 nefas

237 4749 321 4794 est
344 4749 599 4810 reputare
629 4740 708 4796 vel
731 4741 965 4809 graviter
993 4740 1132 4795 ferre
1159 4755 1250 4795 eos
1273 4741 1356 4809 qui
1399 4755 1538 4797 recte
1565 4741 1838 4795 ambulare

237 4831 510 4895 nesciunt,
526 4829 618 4884 sed
638 4831 798 4886 etiam
823 4840 1072 4898 quantum
1092 4841 1261 4900 potest
1288 4832 1593 4900 longissime
1609 4833 1836 4886 dcrclin-

233 4937 407 4988 cluere
430 4921 524 4991 qui
550 4927 618 4974 ita
641 4923 901 4978 sentiunt.
925 4921 1034 4976 Nisi
1060 4921 1196 4978 forte
1220 4923 1272 4976 in
1300 4933 1532 4978 mentem
1558 4939 1806 4978 assnuen

229 5013 367 5067 dum
416 5020 508 5069 est
551 5012 692 5082 quod
743 5014 1067 5068 cnncinnare
1097 5015 1361 5078 ’volunt;
1413 5029 1534 5068 cum
1594 5017 1834 5070 maxime

233 5121 419 5175 neque
440 5105 495 5160 in
519 5114 768 5174 promptu
788 5116 870 5160 eat
893 5120 1114 5174 persona
1139 5120 1296 5175 quam
1321 5105 1490 5173 culpa:
1509 5116 1833 5176 supponunt,

229 5206 296 5252 et
322 5197 689 5266 capitulorum
724 5197 1031 5267 redargutio
1075 5199 1295 5262 incerta,
1325 5209 1377 5253 et
1409 5202 1496 5267 qui
1530 5198 1644 5254 [nec
1675 5211 1834 5268 agunt

229 5289 296 5340 in
324 5289 594 5342 incertum
643 5297 942 5354 currentes,
977 5295 1029 5343 et
1069 5303 1246 5343 aerem
1295 5288 1638 5345 verberantes
1683 5291 1832 5343 iuve-

230 5379 480 5432 s-ientur.
519 5396 537 5430 ι
583 5377 718 5434 Ecce
742 5378 1080 5448 probavimus
1105 5394 1209 5433 non
1235 5379 1498 5448 qumtlam,
1529 5380 1625 5434 sed
1654 5381 1830 5436 omnia

221 5483 360 5536 qua
386 5478 646 5524 accusant
673 5471 723 5522 in
751 5469 911 5524 dictis
940 5469 1297 5538 M'ipsuesteni
1345 5469 1613 5526 Theodori
1647 5481 1829 5526 contra

311 5648 329 5678 ‘
362 5646 497 5699 le.
529 5647 748 5708 Veron,
776 5649 1179 5716 .ilopsucstemtm
1207 5649 1544 5708 Throdorum.

313 5720 334 5750 ⁸
370 5717 519 5780 ldum
549 5721 689 5781 cod.,
724 5722 1037 5772 continuare.

1918 4559 2008 4615 “de
2037 4558 2351 4626 quihusdam
2385 4557 2593 4624 s-«riptis
2625 4559 2902 4612 memorati
2933 4559 3196 4614 Theodori
3223 4562 3517 4631 jmlicasse.

1940 4649 2171 4719 atquein
2202 4648 2302 4702 hoc
2327 4648 2595 4711 incidisse,
2615 4648 2754 4716 quod
2782 4648 2830 4700 in
2859 4649 3082 4702 aliorum
3115 4650 3349 4720 inquieta
3384 4671 3521 4724 prm-

1940 4741 2241 4810 sumptione
2274 4739 2546 4806 culpavit?
2593 4753 2713 4792 cum
2744 4738 2884 4793 dicat
2933 4743 3218 4809 Apostolus
3253 4762 3264 4795 :
3299 4745 3360 4800 Si
3390 4749 3523 4800 enim

1940 4849 2054 4900 qua:
2083 4834 2334 4896 deitruxi,
2361 4833 2467 4885 hate
2506 4832 2689 4883 iterum
2729 4831 2950 4899 rudi/ica,
2984 4835 3417 4900 prmuaricutorcm
3447 4857 3534 4903 me.

1942 4925 2193 4978 constituo
2233 4923 2374 4990 (Gal.
2423 4939 2480 4986 It,
2519 4920 2627 4992 18).
2669 4922 2905 4992 Namque
2950 4939 3070 4979 eum
3129 4927 3241 4996 ipse
3283 4929 3522 4988 docuerit

1940 5017 2079 5086 quod
2112 5016 2185 5070 illi
2213 5016 2298 5084 qui
2327 5031 2384 5068 se
2413 5016 2618 5070 infense
2645 5015 2898 5069 haberent
2925 5018 3064 5071 circa
3093 5020 3260 5074 virum
3293 5022 3520 5078 admiro-

1939 5109 2097 5162 bilem
2135 5121 2188 5162 ct
2235 5113 2521 5160 tuax'mam
2563 5108 2785 5177 gloriam
2835 5119 3126 5166 merentem
3158 5112 3520 5184 Theodotum,

1939 5210 2238 5268 qutun-entes
2283 5197 2525 5268 quaedam
2571 5198 2686 5267 ejus
2718 5200 2946 5268 capitula
2980 5220 3084 5256 non
3117 5219 3180 5258 ex
3215 5207 3526 5263 melioribus

1940 5291 2210 5344 iutelleea
2239 5290 2498 5353 datnuari,
2528 5292 2861 5349 occasionem
2909 5296 3082 5362 potius
3110 5295 3348 5352 facerent
3391 5314 3526 5352 con-

1945 5384 2108 5436 trario
2132 5382 2378 5451 dogmate
2400 5396 2506 5451 quo
2530 5383 2866 5450 tenebantur,
2891 5399 3092 5454 eosque
3115 5403 3217 5440 non
3242 5397 3389 5441 recte
3409 5403 3525 5450 am-

1945 5473 2130 5526 bulare
2163 5473 2492 5540 pronuntiet,
2524 5472 2793 5542 quomodo
2821 5486 2881 5528 se
2921 5474 3383 5544 praevaricatorem
3418 5493 3528 5532 non

2020 5653 2037 5684 ³
2081 5652 2218 5703 ΙιΙριιι
2263 5651 2406 5708 rml..
2437 5653 2817 5704 admonebatur.

2019 5730 2033 5748 ‘
2081 5725 2220 5777 ΙιΙι·ιι1
2252 5740 2280 5777 c
2303 5729 2395 5783 ul.,
2434 5741 2494 5785 qu
2520 5726 2594 5774 iis
2627 5723 2922 5776 ittt‘ruiutur.
