3974 6330
443 342 538 396 ῧΟῚ

1542 339 1838 398 FACUNDI
1881 339 2093 396 EPISC.
2130 340 2635 400 HERMIANENSIS

3621 343 3730 402 603

433 442 804 518 constitueret,
829 463 884 508 et
905 453 957 508 in
985 467 1044 508 se
1065 458 1409 506 converteret
1436 452 1614 504 omnia
1640 467 1760 520 quae
1781 452 2022 505 invectus
2054 455 2100 515 Α
2133 451 2394 504 voluerint
2426 469 2530 505 non
2557 453 2782 506 alienam
2816 465 3128 521 provocare,
3162 449 3256 505 sed
3287 465 3436 505 suam
3469 466 3730 512 revocare

439 545 491 600 in
512 545 648 599 alios
665 545 819 610 dixit,
838 545 882 598 si
914 545 1027 612 ipse
1048 555 1262 611 quoque
1286 550 1466 609 postea
1485 541 1645 596 vellet
1663 541 1841 611 aliqua
1857 541 2026 596 Theo-

437 635 554 688 dori
581 635 808 703 capitula
837 631 1226 688 condemnari?
1253 631 1361 685 Aut
1389 632 1661 701 quomodo
1707 648 1811 686 non
1841 633 2034 701 depre-

441 727 762 782 henderetur
788 725 888 780 sibi
913 739 1035 779 esse
1060 725 1391 787 contrarius,
1417 726 1508 793 qui
1536 738 1656 777 cum
1686 738 1784 777 nos
1811 737 2036 778 monue-

440 819 509 872 rit
532 828 609 880 ul,
626 819 729 871 alia
748 825 1072 887 qumrenles,
1091 823 1350 885 quantum
1371 814 1483 870 fieri
1509 823 1703 882 potest,
1726 814 2036 884 longissime

444 908 827 976 relinquamus,
862 906 1199 975 postmodum
1229 905 1279 958 in
1306 916 1539 960 mentem
1570 913 1869 959 assumeret
1890 906 2035 974 quod

440 1001 764 1056 concinnare
795 1000 869 1054 illi
903 1000 1172 1068 volebant,
1204 1007 1263 1053 ut
1293 1014 1412 1053 cum
1446 1013 1673 1067 persona
1703 999 1757 1053 in
1787 1005 2036 1068 promptu

446 1107 551 1144 non
596 1103 738 1146 esset
779 1107 939 1162 quam
971 1092 1142 1161 culpa:
1173 1099 1557 1159 supponerent,
1587 1090 1866 1155 incertam,
1900 1090 2038 1142 sicut

444 1182 558 1249 ipse
591 1182 849 1247 definivit,
877 1181 1233 1250 capitulorum
1262 1180 1526 1234 Theodori
1559 1180 1755 1233 facere:
1787 1178 2038 1247 redargu-

452 1275 674 1340 tionem,
699 1275 752 1328 in
780 1275 1039 1328 incertum
1061 1274 1212 1344 juxta
1245 1289 1394 1328 suam
1435 1273 1755 1328 sententiam
1786 1285 2031 1336 currens,

362 1403 370 1416 .
455 1373 508 1417 et
528 1380 706 1419 aerem
739 1367 1063 1421 verberans?
1091 1367 1285 1420 Durum
1316 1367 1472 1419 nimis
1501 1375 1582 1418 est
1618 1376 1674 1418 ut
1707 1366 1808 1418 hoc
1837 1373 2038 1418 temere

448 1459 514 1510 de
539 1456 738 1527 Cyrillo
782 1468 1016 1525 putetur.
1047 1459 1191 1529 quod
1233 1458 1558 1512 obliviscens
1583 1458 1951 1525 semetipsum,
1985 1463 2040 1510 et

449 1563 552 1599 non
578 1563 638 1602 se
667 1548 908 1617 cogitans
935 1563 1056 1602 cs~e
1086 1549 1388 1615 mortalem,
1418 1548 1673 1602 adversus
1699 1546 1963 1616 pulveres,
1988 1546 2038 1600 id

439 1655 470 1691 e
502 1649 522 1692 t
550 1640 800 1694 adversus
834 1650 1099 1694 mortuum
1148 1652 1202 1696 et
1248 1642 1300 1694 in
1333 1639 1574 1709 pulveres
1603 1639 1897 1703 redactum,
1947 1651 2038 1691 ar-

439 1743 560 1782 cum
591 1726 904 1784 extenderet
935 1746 950 1783 :
984 1745 1104 1784 cum
1139 1728 1469 1798 impossibile
1502 1742 1607 1781 non
1648 1737 1794 1782 esset
1838 1735 1894 1780 ut
1936 1725 2038 1779 hoc

2135 546 2490 599 sententiam?
2516 544 2664 611 Quod
2705 545 2848 599 enim
2887 544 2954 598 de
2983 543 3074 598 illo
3106 542 3330 597 forsitan
3373 543 3513 598 alius
3548 543 3732 605 dicere

2137 651 2240 689 non
2273 637 2512 701 auderet,
2547 637 2660 706 ipse
2685 637 2795 707 jam
2824 637 2953 690 dixit
2987 655 2998 688 :
3033 636 3293 702 Quoniam
3317 635 3431 691 haec
3462 638 3606 707 juste
3633 655 3731 694 au-

2137 727 2309 791 dient,
2337 728 2548 781 tametsi
2579 727 2768 794 nolint,
2796 727 2882 796 qui
2912 727 3218 799 huiusmodi
3249 741 3439 783 causas
3465 730 3730 798 praebent.

2138 819 2205 874 Et
2238 819 2356 873 ideo
2385 834 2490 873 non
2522 829 2723 874 temere
2753 806 3052 875 credendus
3082 827 3164 876 est
3194 830 3378 876 c0ntra
3431 836 3581 876 suam
3609 837 3736 877 sen-

2138 910 2359 965 tentiam
2386 924 2573 964 causas
2604 910 2908 978 hujusmodi
2940 911 3252 980 praebuisse.
3288 911 3392 967 Sed
3414 912 3527 982 jam
3552 913 3738 968 multi-

2138 1001 2364 1071 pliciter,
2411 1001 2548 1056 sicut
2579 1003 2941 1071 promisimus,
2985 1012 3286 1069 ostensum,
3334 1003 3594 1075 Auguste,
3638 1021 3737 1061 co-

2137 1093 2372 1162 gnoscis,
2389 1095 2640 1164 quoniam
2663 1093 3033 1148 haereticorum
3054 1109 3170 1148 com
3179 1094 3342 1163 plices
3359 1095 3411 1148 in
3426 1100 3738 1151 evacuatio-

2141 1201 2263 1240 uem
2298 1201 2505 1255 magna:
2537 1187 2726 1256 synodi
2757 1187 3206 1241 Chalcedonensis
3230 1197 3388 1258 atque
3413 1197 3734 1245 statutorum

2141 1275 2282 1330 beati
2311 1275 2530 1342 Leonis,
2558 1275 2898 1331 Theodorum
2929 1291 3141 1344 quoque
3167 1277 3595 1346 Mopsuesteuum
3621 1280 3737 1348 cpi-

2137 1377 2356 1433 scopum
2381 1364 2539 1418 nimis
2561 1366 2818 1420 audacter
2837 1365 2936 1419 sub
2959 1365 3300 1420 anathemate
3321 1367 3746 1433 damnaverunt,-

2141 1466 2194 1512 et
2222 1457 2365 1527 quod
2395 1457 2660 1512 incassum
2700 1457 2940 1512 nituntur
2971 1457 3322 1513 temeritatem
3365 1473 3515 1513 suam
3547 1460 3733 1516 nescio

2140 1563 2246 1618 quo
2274 1547 2569 1619 patrocinio
2601 1547 2741 1603 beati
2769 1531 3293 1618 Cyrilli'defendere.
3323 1549 3424 1604 Ubi
3453 1551 3609 1604 simul
3638 1551 3736 1604 ait-

2141 1647 2352 1693 vertere
2370 1638 2542 1707 potuit
2563 1639 2826 1694 serenitas
2849 1649 2934 1692 tua
2957 1639 3209 1707 quoniam
3225 1637 3338 1693 haec
3358 1639 3668 1694 demonstra
3679 1655 3737 1696 re

2143 1739 2463 1798 quaerentes,
2501 1729 2590 1783 illa
2622 1730 2782 1783 etiam
2813 1730 2931 1796 tria,
2963 1730 3087 1784 licet
3130 1745 3194 1783 ex
3229 1728 3512 1784 occasione
3553 1739 3606 1784 et
3631 1732 3737 1786 a'io

447 1830 717 1886 pateretur
732 1832 785 1874 et
813 1821 926 1889 ipse
950 1831 1068 1889 post
1089 1831 1337 1884 mortem,
1357 1819 1565 1889 quando
1585 1817 1695 1887 jam
1723 1815 2028 1885 defendere,
2065 1827 2112 1887 Β
2138 1818 2350 1883 intenti,
2386 1817 2519 1872 falsa
2561 1832 2682 1873 esse
2713 1819 2993 1872 docuimus
3024 1836 3037 1870 :
3072 1819 3326 1873 videlicet
3353 1820 3491 1886 quod
3521 1821 3590 1873 de
3616 1822 3736 1889 ipso

451 1909 534 1961 vel
585 1909 778 1963 melius
832 1911 1168 1979 inttrpretari
1216 1925 1312 1964 sua
1358 1909 1494 1963 dicta
1540 1924 1644 1962 non
1693 1915 1889 1976 posset.
1922 1907 2037 1976 ipse

447 1998 712 2052 Theodori
743 2000 964 2055 aemulos
995 2015 1227 2071 arguens
1255 2001 1388 2054 dixit
1415 2017 1428 2054 :
1457 1999 1637 2054 Grave
1666 2007 1746 2052 est
1774 1998 1915 2052 enim
1947 1997 2032 2052 in-

439 2089 635 2142 sultare
660 2088 946 2156 defunctis,
962 2090 1042 2145 vel
1070 2091 1115 2144 si
1142 2090 1260 2144 laiei
1287 2089 1500 2154 fuerint,
1521 2089 1713 2143 nedum
1738 2088 1847 2143 illis
1868 2088 1953 2158 qui
1977 2088 2028 2142 in

438 2178 748 2244 episcopatu
769 2179 906 2233 hanc
918 2180 1079 2233 vitam
1094 2179 1483 2247 deposuerunt:
1500 2190 1551 2234 et
1571 2179 1687 2246 ipse
1700 2186 1902 2232 temere
1913 2192 2032 2230 cre-

440 2269 648 2323 ili-nllus
674 2279 754 2324 est
783 2270 924 2338 quod
950 2278 1133 2338 postea
1162 2269 1446 2324 Theodoro
1472 2270 1526 2323 itt
1554 2269 1859 2338 episcopatu
1887 2283 2030 2322 mor-

440 2373 542 2417 tein
569 2361 782 2416 obeunti
812 2362 1045 2430 potuerit
1072 2361 1349 2424 insultare,
1378 2371 1433 2414 et
1463 2375 1591 2426 non,
1619 2361 1760 2414 sicut
1796 2368 1980 2415 oratus
2010 2359 2026 2391 ¹

442 2453 759 2519 e5t,cedere
790 2452 899 2506 Deo
928 2452 1224 2520 pra-scienti
1250 2451 1661 2518 uniuscujusque
1687 2449 2036 2516 voluntatem,

441 2556 487 2597 et
509 2543 850 2612 cognoscenti
870 2543 1044 2609 qualis
1067 2542 1428 2610 unusquisque
1447 2547 1682 2594 nostrum
1708 2539 1913 2594 futurus
1936 2539 2040 2595 sit?

441 2633 569 2700 Quis
603 2636 704 2688 hoc
749 2631 817 2686 de
849 2631 1048 2700 Cj‘l‘iilo
1077 2631 1256 2684 dicere
1305 2631 1518 2695 audeat,
1564 2629 1667 2684 nisi
1699 2628 1784 2698 qui
1832 2628 1884 2681 in
1913 2642 2036 2682 eum

517 2772 536 2806 ⁸
572 2767 706 2825 Cod.
739 2769 963 2835 Veron,.
996 2771 1243 2823 hortatus.
1265 2825 1280 2838 ,

2139 1908 2425 1965 Theodoro
2448 1909 2717 1976 dixerunt,
2747 1912 2866 1980 quia
2891 1910 3162 1965 Christum
3193 1909 3465 1965 hominem
3497 1919 3735 1965 tantum-

2138 2001 2319 2068 modo,
2349 2019 2453 2056 non
2485 2004 2643 2057 etiam
2678 2003 2843 2058 Deum
2875 2002 3126 2070 credidit,
3158 2012 3212 2057 et
3260 2008 3382 2073 quia
3412 2005 3733 2059 Trinitatem

2131 2091 2286 2162 juxta
2319 2093 2612 2148 Sabellium
2642 2095 2947 2163 denegavit,
2993 2104 3048 2149 et
3073 2095 3196 2163 quia
3226 2095 3508 2149 evacuavit
3538 2111 3734 2150 omnes

2136 2182 2190 2236 in
2217 2182 2490 2248 Christum
2519 2183 2686 2239 factas
2713 2184 3038 2254 prophetias.
3073 2184 3140 2239 Et
3183 2183 3300 2238 haec
3339 2185 3553 2254 quidem
3585 2185 3736 2239 sum.

2133 2287 2258 2328 cere
2278 2273 2577 2343 iudicamus
2619 2276 2697 2330 eis
2719 2278 2806 2344 qui
2853 2277 2993 2332 fideli
3019 2291 3081 2330 ac
3126 2277 3206 2345 pia
3233 2277 3523 2331 intentione
3549 2279 3734 2333 volunt

2146 2382 2471 2438 cognoscere
2499 2372 2800 2424 veritatem.
2825 2371 2929 2425 Sed
2963 2380 3243 2441 propterea
3273 2370 3507 2424 dicemus
3525 2379 3580 2425 et
3605 2371 3734 2435 alia,

2145 2462 2394 2530 quoniam
2425 2462 2555 2516 satis
2584 2477 2688 2518 non
2718 2472 2800 2519 est
2829 2463 2894 2518 ad
2935 2464 3351 2529 contentionem,
3385 2462 3524 2533 qttod
3565 2465 3733 2519 abun-

2147 2552 2237 2608 dat
2265 2554 2332 2610 ad
2365 2555 2542 2611 fidem.

443 2901 3724 2940 FW

1582 3030 1931 3114 LIBER
1984 3029 2596 3138 QUARTUS.

959 3261 1187 3318 CAPUT
1227 3259 1514 3319 PRIMUM.

447 3380 595 3447 Quod
613 3377 866 3448 Cyrillum
893 3377 1033 3446 sequi
1061 3391 1162 3430 non
1214 3375 1449 3442 debeant,
1483 3375 1526 3448 si
1572 3373 1901 3448 Theodorum
1935 3372 2040 3427 ali-

512 3445 716 3520 quando
747 3445 978 3516 culpasse
992 3448 1323 3520 concedatur,
1351 3463 1468 3499 cum
1508 3446 1561 3520 in
1598 3445 1662 3520 iis
1687 3460 1789 3499 non
1819 3461 2042 3514 sequan-

515 3516 598 3575 tur
631 3536 744 3589 qua
771 3529 951 3574 contra
977 3517 1393 3587 Chrysostomum
1427 3516 1656 3585 scripsit.

516 3632 586 3689 Ut
608 3632 855 3686 noverint
881 3630 1174 3685 adversarii
1197 3637 1394 3699 quanta
1417 3629 1487 3684 sit
1508 3627 1742 3683 efficacia
1768 3628 2038 3693 veritatis,

448 3740 608 3796 quam
647 3723 796 3793 sequi
829 3737 987 3779 nemo
1019 3722 1206 3776 nolens
1237 3720 1411 3790 potuit
1453 3719 1689 3789 eﬂ‘ugere
1719 3734 2042 3788 persequen-

448 3827 580 3880 tem,
609 3813 971 3870 concedamus
996 3815 1048 3868 ei
1077 3811 1418 3866 Theodorum
1467 3809 1900 3879 Mopsuestenum
1930 3807 2040 3876 epi-

449 3922 667 3976 scopum
691 3907 744 3960 in
770 3903 1082 3976 quibusdam
1115 3903 1258 3971 scrip
1283 3914 1438 3954 orum
1468 3913 1687 3954 suorum
1717 3898 1964 3967 capitulis
2007 3912 2038 3952 a

450 4001 608 4056 beato
635 3997 834 4068 Cyrillo
878 4010 998 4051 esse
1042 3994 1312 4062 culpatum
1347 4009 1359 4046 :
1395 3991 1658 4061 nunquid,
1685 3991 1730 4045 si
1771 3990 1932 4044 etiam
1975 3988 2044 4043 ab

452 4090 581 4156 ipsis
619 4091 862 4156 culpatus
897 4093 1041 4140 esset
1065 4081 1450 4146 tantummodo,
1491 4089 1546 4136 et
1572 4097 1675 4136 non
1705 4081 1805 4136 sub
1832 4080 2044 4135 anathe-

447 4190 591 4236 mate
613 4179 1022 4245 condemnatus,
1042 4183 1258 4250 possent
1279 4174 1525 4248 exemplo
1539 4172 1723 4249 Cyrilli
1750 4173 2017 4230 convictio
2031 4203 2044 4214 -

453 4295 572 4334 tem
616 4278 851 4331 veritatis
881 4275 1132 4329 eludere?
1168 4273 1296 4326 Nam
1326 4287 1446 4325 cum
1491 4272 1604 4338 ipse
1646 4271 1895 4324 definiret
1922 4269 2044 4338 quia

453 4388 572 4426 eum
619 4385 721 4424 non
753 4371 819 4422 sit
852 4369 902 4422 in
937 4376 1182 4438 promptu
1216 4380 1441 4436 persona
1487 4380 1603 4435 quin
1633 4365 1804 4433 culpa:
1833 4377 2045 4432 suppo-

453 4470 641 4529 natur,
678 4461 1030 4529 capitulorum
1077 4458 1379 4527 redargutio
1423 4449 1494 4512 sit
1532 4461 1769 4520 incerta,
1803 4466 1857 4510 et
1901 4455 2042 4524 quod

453 4571 610 4622 prave
629 4555 698 4609 sit
721 4553 971 4606 insultare
995 4550 1282 4613 defunctis,
1301 4550 1380 4602 vel
1409 4551 1450 4601 si
1477 4549 1593 4602 laici
1617 4547 1831 4613 fuerint,
1848 4547 2041 4601 nedum

2062 3261 2112 3324 C
2142 3259 2378 3338 confidat
2407 3260 2500 3315 illo
2525 3259 2706 3329 judice
2752 3260 2836 3316 vel
2882 3269 3017 3316 teste
3047 3260 3278 3332 purgari,
3309 3276 3337 3316 a
3381 3276 3486 3332 quo
3538 3263 3590 3316 in
3637 3277 3752 3318 uno

2143 3351 2442 3421 eodemque
2465 3350 2626 3417 facto,
2651 3365 2757 3404 non
2786 3349 2856 3404 ob
2881 3349 3025 3405 aliud
3049 3359 3209 3421 atque
3230 3350 3396 3415 aliud,
3419 3352 3516 3407 sed
3547 3354 3618 3406 ob
3643 3356 3744 3408 hoc

2141 3443 2340 3514 ipsum,
2366 3451 2420 3496 et
2457 3441 2767 3498 defenditur
2791 3451 2847 3497 et
2886 3442 3158 3512 culpatur.
3190 3442 3305 3496 Non
3338 3442 3502 3511 igitur
3530 3442 3748 3499 etiamsi

2143 3534 2334 3589 beatus
2359 3532 2593 3604 Cyrillus
2628 3532 2774 3588 aliud
2808 3542 2988 3602 postea
3019 3542 3205 3587 contra
3235 3531 3579 3587 Theodorum
3614 3534 3744 3586 srri-

2142 3625 2360 3695 psisset,
2395 3625 2479 3680 isti
2522 3632 2670 3680 recte
2714 3621 3064 3680 crederentur
3093 3623 3210 3692 ejus
3240 3624 3414 3679 secuti
3451 3622 3744 3694 judicium,

2143 3716 2238 3772 sed
2267 3717 2444 3786 potius
2470 3714 2927 3771 Chalcedonensis
2953 3715 3167 3769 concilii
3197 3714 3455 3784 quaesisse
3485 3713 3746 3782 praejudi-

2143 3809 2283 3864 cium
2312 3807 2645 3863 viderentur.
2673 3807 2787 3861 Nisi
2805 3806 2943 3861 forte
2964 3805 3079 3861 sine
3106 3805 3215 3860 ulla
3243 3805 3601 3860 humanitatis
3621 3823 3744 3862 con-

2144 3900 2470 3956 sideratione
2491 3897 2853 3969 reapondeant
2870 3896 3014 3968 quod
3036 3896 3368 3952 aversandus
3394 3897 3740 3967 sitCyrillus,

2144 4008 2263 4047 cum
2293 3993 2552 4047 insultare
2583 3990 2852 4061 prohibet,
2888 4005 2991 4044 non
3024 3989 3195 4042 dicam
3225 3987 3640 4043 admirabilibus
3665 3988 3744 4042 vi-

2144 4088 2220 4141 ris
2248 4095 2303 4140 et
2328 4085 2611 4139 maximam
2641 4084 2863 4154 gloriam
2891 4082 3241 4143 merentibus,
3265 4080 3407 4149 quod
3434 4082 3555 4144 ipse
3585 4080 3742 4141 dixit.

2148 4176 2264 4248 sed,
2299 4177 2441 4250 quod
2468 4175 2641 4233 solum
2665 4173 2884 4241 sufﬁcit,
2911 4173 2962 4230 in
2997 4171 3251 4229 Ecclesiae
3279 4185 3406 4241 pace
3434 4170 3744 4238 defunctis;

2147 4273 2452 4342 sequendus
2496 4281 2699 4331 autem,
2730 4285 2850 4323 cum
2892 4282 2984 4322 eos
3033 4264 3397 4320 criminandos
3443 4263 3745 4318 existimat.

2146 4363 2296 4428 Quod
2341 4362 2383 4416 si
2416 4368 2470 4416 et
2519 4360 2619 4412 hoc
2653 4357 2945 4426 impudenti
2980 4355 3333 4411 obStiuatione
3376 4353 3581 4416 dicant,
3617 4352 3745 4419 quid

2146 4452 2338 4507 dicturi
2373 4461 2495 4505 sunt
2523 4449 2665 4518 quod
2712 4463 2833 4502 eum
2863 4462 2968 4499 non
2996 4454 3294 4513 sequuntur
3320 4443 3374 4496 in
3404 4444 3740 4498 condetnua-

2150 4545 2294 4599 tione
2341 4544 2512 4598 sancti
2567 4528 2789 4596 Joannis
2829 4537 3438 4605 Conslantiuopolitani,
3490 4537 3739 4607 ejusdem

455 4645 555 4700 illis
585 4645 672 4709 qui
724 4644 772 4696 in
806 4642 1114 4709 episcopatu
1164 4640 1300 4694 hanc
1342 4641 1501 4692 vitam
1550 4639 1931 4707 deposuerunt,
1974 4651 2040 4691 eo
2067 4654 2120 4714 ι)
2148 4633 2415 4688 Theodori
2454 4628 2823 4697 condiscipuli,
2850 4627 2918 4681 de
2961 4641 3068 4696 quo
3113 4634 3256 4679 tanta
3280 4637 3330 4680 et
3362 4627 3485 4680 talia
3529 4628 3742 4680 locutus

454 4733 592 4800 quod
619 4732 973 4800 justissimum
1007 4741 1260 4798 appareat
1297 4727 1642 4795 prudentibus
1688 4728 1817 4781 viris
1848 4726 2038 4781 cedere

455 4825 748 4895 prmscienti
787 4825 1198 4893 uuiu~cujusque
1231 4821 1578 4886 voluntatem,
1613 4830 1664 4874 et
1691 4819 2037 4888 cognoscenti

454 4917 625 4986 qualis
661 4917 1025 4983 unusquisrpie
1066 4923 1303 4967 nostrum
1355 4911 1562 4965 futurus
1606 4910 1697 4974 sit,
1747 4908 2036 4977 quomodo,

454 5009 502 5061 si
530 5007 723 5075 aliquid
758 5019 937 5074 postea
985 5007 1311 5060 contrarium
1359 5004 1583 5066 diceret,
1611 5001 1727 5070 ejus
1759 5001 1858 5068 ipsi
1893 5008 2042 5069 puta-

455 5113 642 5154 rentur
666 5098 834 5153 secuti
863 5098 1202 5160 sententiam,
1233 5095 1446 5164 quando
1477 5095 1527 5148 in
1558 5091 1887 5147 contrarium
1921 5105 2042 5144 cur-

456 5191 624 5246 rentia
657 5192 804 5261 sequi
834 5189 1091 5260 possibile
1125 5188 1255 5242 nulli
1297 5187 1385 5254 sit,
1420 5193 1474 5240 et
1506 5185 1700 5240 frustra
1731 5199 1790 5239 se
1816 5183 2041 5254 quisque

529 5343 555 5371 "
593 5332 815 5388 Joannis
839 5329 1205 5399 Chrysostomi
1248 5342 1440 5381 nomen
1474 5325 1677 5399 primus
1707 5323 1948 5377 omnium
1988 5319 2042 5374 in

456 5419 636 5461 sacras
665 5402 869 5457 tabulas
903 5394 1082 5454 tetulit
1125 5399 1434 5453 Alexander
1465 5394 1850 5458 Autiochcnus,
1883 5400 2043 5460 atque

460 5488 516 5530 ttt
548 5476 686 5531 idem
719 5473 806 5527 alii
832 5471 1087 5535 facerent,
1116 5470 1183 5524 ad
1214 5471 1913 5543 imperatoremnomnesque
1943 5461 2044 5543 Ec:

457 5549 737 5602 etesiarum
768 5543 1054 5614 episcopos,
1075 5531 1335 5614 scripsit:
1353 5538 1555 5614 atticus
1584 5531 2042 5614 Constantinopoli

459 5631 510 5671 et
535 5621 648 5684 ipse
677 5604 889 5668 [aitdi'llt
923 5604 1269 5684 ast:r_ipsit,'et
1298 5609 1550 5684 Cyrillum
1580 5604 1667 5682 qui
1697 5604 2042 5684 vehementer

461 5674 800 5741 olm-itvbatur
833 5696 888 5737 ut
915 5685 966 5737 in
998 5674 1231 5750 Aiuypto
1261 5674 1452 5752 ascrili
1483 5677 1830 5752 praeciperet,
1851 5674 2041 5752 litteris

467 5761 563 5810 Ιιηι-
587 5770 703 5809 alus
732 5765 815 5811 est
844 5772 856 5819 ;
899 5755 990 5807 sed
1035 5744 1248 5812 frustra,
1285 5762 1338 5799 ιιι
1370 5747 1482 5800 Ita-c
1529 5744 2036 5819 ejus_ad_AAtlicum

463 5830 684 5896 cpistola
727 5813 972 5880 det-iurat.
1015 5823 1178 5878 Cczsit
1221 5830 1391 5876 autem
1427 5825 1606 5888 postea
1642 5813 1886 5885 f‘yt‘illus,
1919 5828 2035 5885 par-

2143 4731 2245 4789 est,
2264 4731 2324 4775 ut
2346 4720 2486 4790 quod
2512 4730 2998 4775 commemoramus
3021 4715 3133 4768 sola
3158 4730 3257 4770 nos
3279 4729 3548 4770 excusare
3565 4729 3747 4772 causa:

2146 4812 2442 4868 necessitas
2495 4809 2698 4880 possit?
2726 4806 3051 4861 Rescribens
3090 4805 3287 4873 quippe
3334 4804 3490 4859 beato
3537 4805 3741 4874 Attico,

2145 4903 2305 4973 huius
2355 4903 2516 4972 regis:
2562 4898 2792 4955 civitatis
2821 4897 3094 4963 episeopo,
3143 4895 3318 4948 dicit:
3357 4914 3376 4945 ι
3417 4895 3744 4964 Legenslit-

2147 5006 2288 5051 teras
2333 5010 2362 5048 a
2406 5007 2582 5047 vestra
2613 4990 2917 5046 reverentia
2949 4989 3159 5051 missas,
3193 4988 3421 5056 cognovi
3471 4997 3497 5024 ι
3539 5004 3741 5045 nomen

2145 5086 2365 5144 Joannis
2394 5087 2446 5140 in
2479 5086 2649 5138 sacris
2673 5082 2936 5152 diptychis
2981 5080 3238 5146 scriptum
3293 5077 3345 5134 δ.
3397 5080 3743 5151 Interrogans

2149 5189 2329 5235 autem
2397 5175 2521 5231 inde
2577 5174 2853 5228 venientes
2897 5213 2910 5237 ,
2966 5169 3188 5239 cognovi
3259 5183 3366 5223 non
3435 5170 3486 5224 in
3551 5171 3742 5227 ordine

2154 5317 2250 5371 tim
2283 5313 2468 5371 lsidori
2501 5311 2783 5369 Pelusiota:
2827 5323 3007 5372 suasu,
3037 5305 3224 5374 partim
3252 5305 3456 5370 divino,
3479 5321 3540 5362 ut
3570 5311 3740 5376 aiunt,

2152 5388 2268 5441 visu
2291 5387 2616 5447 admonitus,
2643 5381 2963 5448 Joannisque
2991 5392 3184 5448 nomen
3211 5379 3419 5446 synodo
3444 5392 3740 5436 convocata

2150 5456 2418 5526 diptychis
2465 5453 2731 5526 apposuit,
2766 5462 2824 5504 ut
2871 5447 2934 5526 ea
2965 5447 3146 5526 Niceta
3189 5448 3741 5526 philosophqparrat

2151 5519 2513 5594 Nicephorus,
2538 5519 2673 5592 apud
2705 5536 2861 5594 quem
2891 5519 3052 5573 Attici
3073 5533 3283 5594 quoque
3321 5520 3588 5594 et‘Cyrilli
3618 5538 3738 5576 mu-

2153 5607 2255 5651 tua:
2276 5588 2465 5650 litterae
2491 5588 2738 5660 leguntur
2766 5592 2856 5645 lib.
2883 5605 2992 5649 xtv.
3023 5604 3142 5660 cap.
3173 5588 3243 5642 9.6
3272 5598 3328 5643 et
3356 5588 3448 5660 27.

2221 5666 2248 5706 δ
2276 5667 2456 5720 Graeca
2476 5658 2679 5734 (ly—fini,
2711 5664 2760 5716 ἓν
2779 5670 2892 5736 frui;
2920 5663 3082 5736 iapygis
3103 5658 3308 5736 δέλτοις.
3341 5659 3550 5736 Atticus
3578 5662 3738 5736 etiam

2146 5740 2398 5810 μυστικὰς
2423 5729 2626 5795 auios;
2649 5729 3314 5810 appellatat.:Ni-cephorus
3341 5731 3741 5810 ἐκκλησιασῖικὲ

2146 5749 2398 5810 μυστικὰς
2423 5749 2626 5795 δέλτους
2649 5749 2968 5856 aptieltatat,
2987 5749 3314 5795 mcepuurus
3341 5749 3734 5786 cammarus-az.

2145 5810 2341 5882 δίθυργ,
2392 5808 2457 5862 de
2511 5806 2814 5862 Alcxuutro
2851 5803 3179 5863 Annaei-tene
3231 5801 3450 5870 loquens
3481 5816 3602 5872 cap.
3631 5803 3734 5858 ἑὸς
