3974 6330
279 434 382 492 609

1172 424 1303 482 PRO
1342 417 1770 481 DEFENSIONE
1809 416 2027 473 TRIUM
2066 415 2382 471 CAPITUL.
2427 414 2550 469 LIB.
2596 412 2679 466 IV.

3453 410 3554 467 6|0

282 552 541 605 laicorum
570 589 583 612 ,
634 546 732 603 sed
785 546 834 597 in
899 542 1272 613 episcoporum
1334 540 1521 594 laxari.
1573 534 1867 591 Praesciens
1898 532 1944 592 A
1971 530 2134 598 elegit
2176 527 2578 582 consultissime
2605 567 2618 589 ,
2649 534 2704 581 et
2732 524 3019 579 admodum
3062 523 3291 578 mirabili
3326 522 3551 591 pietate,

281 652 499 703 autem,
548 646 603 694 et
653 636 793 704 apud
863 652 946 689 me
1001 635 1173 703 ipsum
1229 634 1511 703 cogitans,
1567 630 1611 683 si
1665 626 1864 696 regulis

280 738 592 786 sanctorum
680 727 941 791 Patrum,
1012 724 1103 793 qui
1172 722 1399 777 Nicazam
1476 724 1862 777 convenerunt,

282 823 609 878 concinnant
653 819 741 890 qui
801 819 914 872 hrrc
962 818 1240 881 fecerunt,
1287 824 1340 869 et
1394 813 1662 881 paululum
1713 824 1865 863 men-

281 914 348 969 tis
377 914 592 967 oculum
622 912 683 965 ad
711 924 953 978 magnam
984 909 1123 963 illam
1145 905 1614 975 congregationem
1646 916 1867 957 eorum-

285 1006 409 1060 dem
459 1012 767 1059 sanctorum
820 1002 1033 1055 Patrum
1082 999 1415 1059 extendens,
1448 997 1602 1050 video
1646 1005 1863 1048 omnem

279 1097 429 1151 illam
482 1094 950 1165 congregationem
1002 1092 1141 1147 velut
1185 1090 1500 1159 quibusdam
1549 1086 1719 1140 oculis
1768 1084 1866 1137 ab-

278 1200 555 1249 nuentem,
580 1196 629 1240 et
660 1187 804 1239 omni
827 1186 1019 1238 virtute
1037 1183 1404 1253 prohibentem
1429 1194 1524 1232 nos
1545 1189 1868 1232 concurrere

282 1280 337 1334 in
358 1279 655 1351 huiusmodi
680 1292 1021 1332 consensum.
1046 1276 1283 1343 Qualiter
1311 1283 1487 1326 autem
1505 1268 1868 1324 sacerdotibus

282 1372 379 1428 Dei
411 1382 851 1435 connumeretur,
879 1381 935 1424 et
964 1370 1212 1423 induatur
1252 1368 1465 1421 illorum
1511 1375 1708 1419 sortem
1731 1404 1743 1427 ,
1778 1363 1867 1430 qui

278 1462 348 1521 de
378 1465 676 1521 sacerdotio
717 1465 898 1533 pulsus
926 1473 1006 1517 est
1023 1463 1045 1513 Ἰ
1074 1464 1157 1515 Vel
1206 1462 1430 1529 qualiter
1460 1459 1511 1512 in
1551 1458 1739 1511 ordine
1770 1456 1871 1510 erit

284 1556 620 1627 pontificum,
655 1557 742 1625 qui
774 1556 841 1610 ab
871 1552 1246 1608 ecclesiasticis
1278 1550 1444 1605 muris
1470 1550 1723 1603 exclusus
1753 1547 1868 1599 est?

285 1651 386 1716 Qui
410 1664 594 1703 rursus
618 1648 669 1701 in
699 1645 1153 1715 eopsequentibus
1181 1644 1419 1712 ejusdem
1443 1640 1680 1709 epistolzc
1701 1638 1828 1689 dicit
1856 1654 1868 1688 :

280 1740 417 1795 Jube
440 1756 501 1793 ex
524 1740 766 1809 catalogo
787 1743 1159 1807 episc0porum
1185 1734 1405 1789 Joannis
1436 1748 1626 1785 nomen
1651 1728 1865 1782 auferri.

279 1831 333 1887 Si
366 1833 508 1886 enim
554 1831 686 1884 nihil
730 1832 831 1883 hoc
876 1844 997 1883 esse
1044 1828 1387 1889 arbitramur,
1440 1838 1543 1877 non
1588 1822 1872 1875 contristet

1970 621 2277 675 cathedram
2307 619 2645 687 episcopatus
2676 618 2755 671 sui
2803 618 3143 685 relinquere;
3176 632 3335 686 quam
3368 627 3424 669 ut
3463 631 3555 684 per

1970 711 2086 781 ejus
2114 711 2485 767 defensionem
2529 713 2684 766 unica
2726 711 2927 765 Christi
2972 710 3300 765 divideretur
3332 710 3555 764 haeredi-

1974 813 2074 858 tas.
2107 804 2212 857 Sed
2237 820 2317 856 vae
2340 805 2538 857 mundo
2570 819 2598 856 a
2624 803 2913 866 scandalis,
2948 820 3039 869 per
3061 818 3179 869 quae
3202 800 3436 854 Joannes
3461 816 3559 868 pro

1975 898 2167 951 talibus
2195 898 2432 960 meritis,
2465 896 2662 960 Jndas,
2696 895 2981 951 Jechonias
3004 935 3017 958 ,
3050 910 3111 947 ac
3142 894 3392 962 profanus
3424 892 3558 945 dici-

1972 998 2079 1057 tur,
2113 1000 2167 1044 et
2196 990 2441 1044 Eudoxio
2468 989 2668 1043 Ariano
2698 990 2952 1056 episcopo
2994 996 3348 1055 comparatur.
3390 984 3560 1048 Quale

1973 1098 2133 1152 porro
2168 1082 2300 1137 illud
2327 1092 2429 1148 est,
2463 1083 2601 1152 quod
2635 1082 2822 1136 beatus
2852 1080 3059 1133 Atticus
3089 1092 3283 1133 nomen
3311 1078 3560 1130 decesso-

1974 1176 2048 1229 ris
2078 1174 2161 1228 sui
2191 1174 2431 1235 Joannis,
2466 1190 2569 1226 non
2604 1175 2653 1225 in
2684 1172 2874 1227 ordine
2922 1162 3223 1233 laicorum,
3244 1168 3334 1221 sed
3366 1168 3417 1219 in
3450 1166 3559 1232 epi-

1973 1282 2259 1335 scoporum
2281 1304 2295 1329 ,
2325 1265 2474 1334 quasi
2524 1273 2713 1316 contra
2760 1262 2972 1331 regulas
3004 1268 3310 1313 sanctorum
3344 1256 3558 1309 Pnll‘llttt

1973 1361 2064 1431 qui
2096 1361 2147 1413 in
2176 1360 2350 1413 Nicaaa
2374 1367 2756 1418 convenerant,
2797 1365 3013 1408 laxasse
3036 1350 3319 1419 culpatur?
3349 1348 3414 1402 Et
3440 1347 3561 1399 hinc

1974 1454 2234 1507 asseritur
2264 1451 2405 1504 inter
2448 1450 2607 1502 laicos
2637 1464 2757 1503 eum
2808 1446 3072 1500 ascribere
3102 1443 3349 1497 debuisse
3373 1483 3387 1507 ,
3418 1440 3559 1508 quod

1974 1559 2078 1598 non
2112 1544 2266 1596 liceat
2290 1541 2357 1594 ab
2381 1539 2759 1595 ecclesiasticis
2783 1539 2950 1591 muris
2975 1535 3253 1588 exclusum
3286 1534 3336 1584 in
3360 1531 3549 1583 ordine.

1978 1638 2174 1692 habere
2206 1634 2545 1704 pontiﬁcum;
2581 1646 2755 1701 neque
2796 1630 2944 1684 Judae
2976 1623 3252 1681 traditoris
3283 1640 3476 1679 nomen
3511 1624 3560 1674 in

1975 1726 2343 1795 apestolurum
2377 1727 2549 1777 choro
2582 1722 2939 1782 introducere,
2966 1720 3080 1773 sive
3110 1717 3417 1772 Jechoniam
3441 1730 3559 1766 cum

1981 1818 2147 1871 David
2200 1826 2254 1870 ct
2294 1814 2507 1869 Samuel
2539 1824 2593 1868 et
2635 1812 2912 1880 prOphetis
2956 1821 3365 1863 connumerare.
3401 1804 3560 1869 Quasi

279 1924 445 1977 etiam
477 1923 840 1990 apostolorum
873 1920 1096 1975 chorum
1141 1918 1365 1971 traditur
1396 1916 1475 1970 eis
1506 1928 1864 1969 coonumera-
1904 1904 1948 1961 B
1979 1930 2128 1982 vero,
2158 1913 2201 1967 si
2230 1912 2464 1965 Joannes
2488 1908 2555 1962 ab
2591 1905 2969 1962 ecclesiasticis
3001 1901 3166 1954 niuris
3208 1906 3351 1954 esset
3382 1897 3563 1950 exclu—

280 2020 400 2077 tus;
435 2013 739 2067 introducto
765 2020 941 2065 autem
974 2010 1188 2064 nomine
1216 2008 1390 2072 Judze,
1424 2006 1512 2059 ubi
1562 2004 1716 2058 nobis
1752 2002 1864 2056 Ma-

281 2100 426 2157 tbias
465 2103 718 2171 ponitur?
766 2102 821 2156 Si
865 2117 993 2171 ergo
1036 2115 1216 2166 nemo,
1249 2098 1539 2152 excludens
1574 2094 1821 2149 Mathiam
1848 2132 1865 2158 ,

279 2192 472 2247 scribit
500 2191 689 2247 Judam
721 2193 775 2246 in
812 2191 1175 2261 apostolorum
1206 2188 1395 2254 choro,
1426 2196 1638 2240 maneat
1677 2193 1731 2238 et
1756 2198 1869 2237 ser-

283 2293 446 2339 vetor
476 2300 603 2354 rogo
635 2293 751 2353 post
781 2283 949 2338 beatae
975 2280 1246 2337 nemoris?
1274 2279 1575 2334 Nectarium
1603 2274 1868 2330 secundus

277 2376 478 2445 gradus
524 2377 664 2431 beati
710 2376 946 2440 Arsacii,
979 2383 1036 2429 ut
1077 2390 1180 2428 non
1216 2388 1309 2440 per
1337 2371 1647 2425 violentiam
1696 2371 1870 2423 iuer-

279 2469 499 2523 ductum
531 2469 690 2538 hujus
713 2484 906 2523 nomen
932 2467 1185 2524 excludat
1208 2466 1345 2521 beati
1372 2464 1707 2519 memoriam.
1736 2464 1868 2520 Item

281 2562 506 2616 inferius
553 2562 681 2621 dicit
725 2579 737 2614 :
776 2561 893 2615 Non
946 2560 1107 2630 igitur
1154 2566 1571 2614 connumeretur
1616 2556 1869 2627 depulsus

278 2653 564 2709 JechOnias
593 2670 711 2708 cum
748 2653 933 2717 David,
960 2662 1012 2706 et
1039 2650 1308 2715 Samnele,
1342 2659 1397 2703 et
1426 2649 1702 2716 pmphetis
1728 2666 1742 2713 ;
1776 2663 1870 2701 ne-

280 2762 387 2816 que
408 2747 530 2816 quia
563 2747 739 2817 inepte
766 2746 964 2815 placuit
1006 2745 1233 2799 Eudoxii
1267 2743 1495 2797 cadaver
1521 2751 1543 2776 ⁸
1570 2742 1621 2795 in
1667 2741 1868 2795 sanctis

281 2838 417 2892 locis
457 2839 747 2906 deponere,
781 2838 901 2891 ideo
930 2845 983 2891 et
1025 2850 1122 2890 nos
1158 2835 1438 2905 profanum
1482 2836 1701 2889 sicut-et
1727 2850 1857 2888 san-

278 2946 423 2986 etum
455 2933 871 2986 introducamus.
923 2949 941 2981 »
979 2929 1101 2984 Haec
1130 2928 1464 2982 amarissima
1498 2923 1637 2981 beati
1680 2924 1868 2997 Cyrilli

280 3022 472 3088 verba,
507 3021 826 3076 Christianis
876 3021 1149 3075 mentibus
1180 3018 1504 3083 aversanda,
1534 3033 1655 3088 qua:
1683 3028 1872 3073 contra

276 3114 657 3169 suavissimum
694 3111 949 3167 Ecclesiae
986 3122 1222 3181 patrem,
1255 3110 1413 3165 melle
1442 3109 1619 3164 Attico
1663 3110 1871 3163 dulcio-

278 3220 419 3268 rem,
460 3203 543 3258 sui
584 3204 779 3258 oblitus
821 3204 1052 3274 Cyrillus
1092 3203 1312 3267 effudit,
1342 3218 1449 3257 non
1492 3203 1611 3256 sine
1658 3203 1869 3256 tristitia

1974 2022 2087 2069 sus,
2120 2014 2171 2057 et
2198 2003 2362 2059 Judas
2411 2012 2572 2069 atque
2612 2000 2899 2055 Jecliouias
2967 1993 3281 2055 habcnslus,
3325 1991 3560 2059 ipsorum

1974 2096 2193 2148 Patrum
2231 2093 2429 2163 regulis
2456 2090 2767 2145 conveniret
2795 2097 2851 2141 ut
2882 2094 3155 2139 laxaretur
3181 2082 3263 2137 vel
3295 2082 3346 2135 in
3375 2079 3562 2133 ordine

1974 2188 2254 2244 laicorum.
2280 2186 2415 2254 Quia
2442 2200 2572 2240 vero
2602 2200 2705 2238 non
2740 2191 2965 2251 negatur
2985 2179 3223 2234 Joannes
3244 2186 3561 2245 quocunque

1970 2280 2163 2335 ordine
2210 2280 2263 2333 in
2313 2279 2481 2333 sacris
2512 2276 2780 2348 diptychis
2821 2273 3039 2327 interim
3072 2270 3322 2342 debuisse
3355 2264 3519 2318 laxari
3549 2303 3561 2323 ,

1972 2374 2305 2428 sufficienter
2331 2384 2384 2426 et
2413 2372 2579 2439 ipsius
2599 2369 2967 2425 criminatoris
2997 2366 3078 2419 sui
3107 2361 3412 2417 testimonio
3441 2372 3564 2425 prn-

1972 2464 2133 2518 batur.
2153 2464 2291 2533 quod
2320 2478 2418 2517 nec
2442 2463 2510 2516 ab
2538 2459 2913 2516 ecclesiasticis
2940 2456 3106 2511 muris
3131 2454 3379 2509 exclusus
3409 2490 3427 2518 ,
3463 2462 3563 2501 nec

1966 2556 2135 2613 Judas
2163 2555 2244 2609 vel
2278 2552 2560 2610 Jechonias
2589 2551 2694 2606 dici
2725 2549 2988 2612 debuerit,
3025 2555 3080 2601 et
3111 2545 3388 2610 profanus.
3425 2539 3558 2591 Cum

1981 2658 2186 2709 autem,
2214 2648 2350 2699 sicut
2376 2645 2628 2705 diximus,
2665 2642 2749 2695 isti
2790 2639 2939 2692 nimii
2971 2637 3259 2690 dilectores
3284 2671 3299 2695 ,
3328 2640 3383 2684 et
3425 2628 3559 2683 ultra

1974 2741 2187 2795 modum
2220 2738 2411 2809 Cyrilli‘
2449 2750 2733 2803 sequaces,
2769 2748 2873 2786 non
2904 2737 3194 2796 sequantur
3226 2724 3344 2794 ejus
3376 2738 3559 2777 exmn.

1982 2834 2123 2901 plum
2156 2834 2206 2885 in
2235 2845 2395 2885 causa
2425 2822 2999 2892 Constantinopolitani
3031 2818 3275 2884 Joannis,
3298 2816 3567 2885 quomodo

1990 2928 2041 2979 in
2069 2921 2438 2991 condiscipulo
2486 2920 2603 2988 ejus
2630 2916 2915 2972 Theodoro
2939 2912 3202 2984 Cyrillum
3245 2907 3414 2963 secuti
3452 2905 3564 2960 exi-

1988 3015 2314 3073 stimentur?
2346 3011 2599 3081 intelligis
2629 3011 2809 3080 igitur,
2843 3010 3100 3076 Augustv,
3133 3006 3273 3073 quod
3308 3000 3565 3055 Ecclesia:

1987 3107 2395 3164 conturbatores
2424 3102 2881 3159 evidentissimum
2928 3095 3328 3153 conniventiam
3375 3106 3562 3153 suam,

1977 3217 2136 3269 quam
2180 3197 2529 3268 Eutychianis
2568 3204 2757 3250 contra
2802 3200 3048 3246 sanctum
3099 3186 3388 3243 concilium
3424 3201 3561 3252 pra:-

283 3296 459 3352 coacti
494 3297 808 3366 ri-petimus,
837 3296 1086 3365 quon7am
1118 3309 1307 3350 causas
1347 3310 1467 3350 cum
1498 3294 1610 3348 suis
1643 3293 1877 3347 auctori-
1902 3273 1946 3335 (ἶ
1980 3302 2146 3353 Statil,
2177 3289 2536 3359 nequidquam
2569 3284 2819 3352 exemplo
2853 3282 2992 3336 beati
3028 3279 3213 3351 Cyr-illi
3244 3278 3568 3331 obumbrare

288 3389 391 3443 bus
415 3388 526 3459 jam
554 3388 789 3457 sepultas
814 3388 863 3441 in
891 3387 1259 3457 prmjudicium
1281 3386 1734 3441 Chalcedonensis
1754 3401 1875 3441 con-

280 3483 431 3548 cilii,
466 3484 788 3537 resnscitare
831 3482 1049 3550 quidam
1098 3492 1151 3536 et
1183 3482 1249 3535 ad
1295 3483 1669 3538 contentiones
1714 3482 1874 3537 redu-

283 3588 413 3628 cere
457 3573 764 3627 volucruut.
822 3574 952 3625 Nam
1002 3572 1121 3640 quis
1172 3585 1475 3627 memorare
1504 3587 1607 3626 non
1661 3574 1876 3627 horreat

282 3666 428 3736 quod
457 3666 693 3737 Cyrillus
722 3665 1007 3727 Joannem,
1038 3672 1110 3729 et,
1143 3663 1285 3733 quod
1316 3670 1403 3718 est
1424 3664 1720 3732 crudelius,
1759 3664 1871 3733 jam

284 3758 622 3821 defunctum,
656 3757 789 3826 proh
834 3756 1013 3811 nefasl
1042 3754 1256 3821 Judam,
1307 3754 1620 3809 Jechoniam
1645 3796 1659 3819 ,
1693 3756 1873 3823 prola-

284 3864 523 3918 numque
552 3862 747 3903 vocare
775 3863 879 3901 non
912 3847 1169 3916 trepidat,
1197 3857 1252 3901 ct
1281 3862 1404 3900 eum
1450 3846 1737 3902 conferens
1767 3847 1874 3902 Eu-

283 3941 449 3996 doxio
479 3942 639 4013 hujus
666 3942 813 3997 urbis
846 3943 1067 4009 Ariano,
1097 3943 1237 3996 sicut
1280 3941 1470 4005 fertur,
1503 3941 1776 4011 episcopo,
1808 3942 1875 3997 ab

282 4034 671 4090 ecclesiasticis
712 4034 884 4087 muris
914 4034 1045 4087 dicit
1074 4033 1386 4089 exclusum?
1413 4033 1512 4101 Qui
1544 4048 1638 4103 pro
1669 4034 1872 4089 unitate

281 4126 548 4182 servanda
581 4124 836 4180 Ecclesia:
865 4140 1022 4194 quam
1069 4123 1276 4188 dilexit,
1326 4123 1517 4178 maluit
1558 4139 1670 4178 suae
1695 4139 1874 4178 causa:

285 4221 428 4274 ferre
469 4219 755 4286 jacturam.
804 4216 936 4271 Nam
983 4215 1029 4270 si
1058 4230 1179 4270 eam
1220 4215 1380 4271 vellet
1416 4230 1661 4271 asserere
1687 4256 1702 4280 ,
1734 4215 1876 4271 sicut

283 4318 403 4366 erat
432 4310 556 4365 vitae
596 4309 882 4377 Probabilis
936 4316 990 4362 et
1034 4306 1295 4362 facundia:
1330 4306 1639 4374 singularis,
1673 4304 1875 4362 habens

286 4403 455 4456 etiam
510 4413 756 4469 magnam
804 4399 1030 4467 gratiam
1077 4397 1255 4466 populi
1295 4397 1617 4461 Christiani,
1647 4398 1731 4452 cui
1781 4412 1876 4466 pro

285 4493 582 4562 majoribus
606 4491 718 4545 suis
740 4490 946 4545 meritis
973 4497 1087 4544 erat
1112 4496 1387 4556 acceptus,
1418 4498 1472 4541 et
1499 4487 1870 4542 defensionem

285 4584 435 4653 sedis
462 4582 799 4651 apostolicae,
829 4580 947 4635 sine
979 4580 1131 4650 cujus
1172 4588 1288 4633 erat
1319 4578 1524 4647 judicio
1552 4578 1878 4633 condemna-

1985 3384 2249 3436 nitantur.
2282 3380 2412 3433 Nam
2442 3392 2563 3433 cum
2602 3376 2691 3430 ille
2729 3372 2991 3428 Joannem
3022 3370 3164 3424 dicat
3208 3369 3482 3437 profanum
3517 3378 3569 3420 et

1977 3475 2046 3529 ab
2075 3470 2453 3529 ecclesiasticis
2501 3468 2670 3522 muris
2713 3466 3025 3525 exclusum,
3059 3461 3145 3515 isti
3183 3475 3304 3515 eum
3350 3458 3568 3518 habent,

1976 3567 2119 3623 sicut
2152 3562 2427 3619 habendus
2457 3567 2560 3626 est,
2595 3558 2769 3614 virum
2796 3554 3172 3611 admirabilem
3201 3565 3251 3607 et
3278 3551 3570 3605 maximam

1978 3660 2205 3731 gloriam
2232 3664 2566 3717 merentem;
2596 3651 2638 3705 Τ
2646 3649 2941 3705 hcodorum
2967 3662 3094 3701 vero
3118 3660 3239 3700 cum
3263 3643 3402 3697 idem
3425 3641 3570 3697 dicat

1980 3753 2154 3807 virum
2183 3746 2558 3803 admirabilem
2585 3753 2641 3799 et
2670 3742 2959 3797 maximam
2989 3738 3212 3810 gloriam
3244 3744 3568 3797 merentem,

1984 3847 2075 3901 isti
2104 3859 2225 3899 eum
2250 3839 2453 3895 habere
2481 3838 2670 3894 volunt
2706 3833 2985 3906 profanant
3019 3841 3074 3887 et
3100 3830 3166 3886 ab
3192 3826 3568 3885 ecclesiasticis

1980 3938 2149 3995 muris
2178 3934 2474 3992 exclusum.

2614 4057 2843 4115 CAPUT
2880 4055 2946 4112 11.

1982 4182 2133 4249 Quod
2158 4182 2209 4235 in
2251 4174 2510 4249 Theodori
2536 4166 3146 4249 doinuotioneCyrilluui
3173 4164 3317 4236 sequi
3358 4180 3457 4249 non
3483 4162 3573 4216 de-

2053 4236 2218 4314 beant,
2242 4265 2356 4302 cum
2396 4248 2540 4301 illum
2582 4247 2635 4297 in
2668 4241 2882 4296 Diodori
2911 4236 3237 4314 coniuratione
3265 4236 3446 4314 merito
3474 4250 3573 4286 non

2049 4307 2348 4394 sequantur,
2371 4333 2530 4394 quem
2548 4316 2731 4394 Patres
2757 4322 2814 4394 ,ει
2849 4311 3102 4394 principes
3127 4307 3407 4394 orthodoaii
3431 4320 3573 4394 coni-

2050 4375 2447 4456 inendant,'soli
2498 4375 2862 4455 Apoliuaristaé
2908 4375 3134 4435 Itwretici
3190 4395 3307 4432 cum
3360 4375 3573 4430 Iuliano

2050 4468 2303 4534 Apostata
2329 4462 2639 4528 vituperant.

2055 4580 2193 4646 Quid
2222 4576 2385 4632 etiam
2410 4573 2571 4643 quod,
2606 4571 2744 4624 sicut
2764 4569 2871 4635 jam
2899 4564 3316 4621 memoravimus
3335 4601 3350 4625 ,
3384 4560 3454 4614 ita
3484 4558 3570 4613 di-

286 4685 395 4735 tus,
423 4648 576 4727 facile
597 4683 774 4741 posset
798 4648 1373 4736 obtinerevvictoriam,
1399 4685 1514 4739 quae
1538 4669 1689 4723 illum
1715 4670 1874 4723 etiam
1910 4655 1959 4715 ί)
1984 4684 2110 4731 cum
2138 4672 2206 4726 ab
2226 4648 2417 4725 eodem
2430 4664 2633 4735 Cyrillo
2653 4659 3037 4729 reprehensum
3059 4670 3181 4710 esse
3206 4653 3572 4715 Theodorum,

285 4766 584 4837 fugientem
614 4774 695 4820 est
723 4773 1005 4833 persecuta
1053 4772 1172 4829 post
1212 4769 1461 4816 mortem.
1497 4761 1602 4817 Sed
1634 4770 1877 4816 metuens

284 4873 353 4912 ne
377 4897 395 4921 ,
428 4857 707 4911 absolutus
765 4855 991 4910 aliorum
1034 4853 1237 4923 judicio
1266 4894 1279 4916 ,
1330 4868 1423 4921 per
1461 4853 1876 4909 obstinationem

283 4948 719 5005 adversariorum
740 4963 958 5003 suorum
984 4963 1091 5003 non
1112 4947 1446 5015 reciperetur
1466 4948 1536 5003 ab
1553 4948 1694 5010 aliis,
1718 4958 1878 5017 atque

286 5044 359 5095 ita
393 5041 715 5110 quibusdam
743 5041 792 5096 ei
815 5041 1364 5103 communicantibus,
1396 5042 1717 5109 quibusdam
1752 5059 1880 5098 vero

284 5135 663 5191 aversantibus
690 5137 807 5205 ejus
835 5136 1270 5191 communionem
1290 5172 1306 5198 ,
1339 5131 1577 5187 Ecclesia
1610 5134 1881 5191 scindere-

286 5240 400 5290 tur,
437 5242 533 5298 pro
562 5229 714 5298 cujus
742 5228 972 5283 utilitate
1002 5227 1208 5282 sciebat
1237 5238 1295 5280 se
1325 5224 1631 5292 episc0pum
1657 5225 1875 5293 factum,

286 5367 597 5441 [lpérocjrrh
616 5361 837 5441 'lua'wuou
861 5362 1203 5441 rrpormyopiav
1219 5366 1301 5415 τοῖ
1303 5380 1327 5420 ς
1348 5359 1776 5441 ἐκκλησιασςτικοῖς
1800 5362 1876 5419 δι-

285 5433 461 5507 Θύροις
493 5435 735 5507 ἔνὶταττς.
762 5433 993 5507 Cyrillus
1228 5439 1433 5507 postea,
1474 5433 1745 5502 κατάλογον
1774 5442 1873 5487 τῶν

287 5501 600 5571 (tineam,
630 5505 753 5572 quia
799 5506 850 5557 in
881 5501 1147 5574 diptychis
1190 5501 1441 5569 inscripta
1481 5513 1633 5556 erant
1662 5501 1874 5557 nomina

287 5575 689 5645 episcoporum.

366 5656 390 5679 ³
431 5643 651 5708 Ariani,
684 5643 915 5712 episcopi
939 5642 1536 5708 Constantinopolitaui.
1570 5644 1736 5711 llnjus
1787 5660 1873 5699 rc-

292 5716 489 5782 liquias
530 5714 579 5767 in
625 5718 988 5782 apostolorum
1033 5714 1229 5780 templo
1259 5713 1507 5767 conditas
1540 5713 1705 5767 fuisse
1738 5718 1873 5769 scri-

291 5795 476 5856 pserat
507 5784 709 5839 Atticus
734 5800 746 5836 :
777 5785 901 5840 Οὒδέ
930 5785 1029 5858 γάρ
1064 5805 1115 5835 τι
1142 5785 1224 5837 τὸν
1250 5786 1405 5845 Δαϐὶδ
1433 5784 1655 5855 ἔϐλαψεν
1684 5788 1714 5843 ἡ
1738 5784 1873 5843 ἕντι-

370 5926 391 5957 ⁸
431 5923 563 5980 Cod.
600 5924 821 5989 V'eron.,
849 5925 1169 5977 damnarent.

1985 4779 2045 4823 ut
2092 4774 2340 4823 sanctum
2394 4773 2609 4831 quoque
2668 4754 2996 4817 Diodorum,
3035 4750 3349 4819 magistrum
3413 4745 3576 4815 ipsius

1986 4857 2290 4922 Theodori,
2337 4855 2537 4924 pariter
2576 4849 2643 4903 ab
2680 4862 2745 4901 eo
2774 4854 2827 4901 et
2870 4846 2923 4897 in
2980 4845 3169 4898 eadem
3209 4855 3369 4895 causa
3396 4839 3576 4893 dicant

1986 4953 2154 5009 fuisse
2182 4948 2485 5020 culpatum?
2516 4944 2571 4999 Si
2603 4945 2763 5013 igitur
2790 4936 3160 4992 auctoritatem
3186 4933 3372 5005 Cyrilli
3403 4933 3575 4987 secuti

1985 5055 2128 5111 sunt,
2162 5044 2503 5098 Theodorum
2527 5032 2890 5095 damnantes‘,
2916 5044 3214 5098 quanquam
3245 5027 3428 5080 dicere
3462 5039 3570 5077 non

1988 5141 2227 5193 audeant
2252 5134 2393 5205 quod
2419 5132 2510 5186 ille
2538 5126 2822 5182 Theodoro
2848 5124 3132 5177 anathema
3164 5119 3381 5181 dixerit,
3412 5117 3568 5187 cujus

1984 5234 2143 5287 etiam
2169 5228 2364 5297 scripta
2388 5220 2843 5278 anathematizare
2872 5213 3164 5287 prohibuit,
3183 5226 3348 5282 quare
3373 5219 3572 5270 tamen,

1982 5374 2197 5452 (recte!)
2226 5365 2383 5420 Σαοὺλ
2411 5361 2605 5452 κηδείας
2634 5358 2771 5452 οὔτε(⁴
2788 5359 2911 5447 γοὺς
2941 5353 3261 5409 ἀποστόλους
3289 5349 3440 5452 (ἐπ-τῆς
3490 5357 3575 5400 τοῦ

2012 5448 2020 5452 .
2102 5441 2110 5452 ι
2208 5440 2219 5452 .
2300 5438 2327 5452 Ω
2362 5441 2369 5452 1
2462 5436 2473 5449 ς
2599 5433 2610 5447 ι
2675 5434 2733 5452 ..ν
2786 5432 2871 5452 γε.-
2891 5449 2905 5452 _
2956 5426 3048 5452 ,'l_£
3077 5425 3192 5452 ...ἱ-ὲ
3216 5420 3271 5452 -ζ
3348 5425 3575 5452 .-.κισ-..έ-

1998 5441 2172 5512 Λρεὶου
2195 5438 2439 5512 ἀσεϐείας.
2455 5432 2646 5491 ὀπαδὸς
2675 5427 2927 5512 Εὐξόξιρςι,
3216 5420 3272 5474 τὸ
3298 5424 3576 5512 Οἷσιαετή-
3620 5436 3651 5461 ι

2114 5490 2358 5577 κεὸμένος.
2393 5490 2541 5557 Nihil
2568 5490 2702 5555 enim
2733 5490 2920 5584 ‘Dar‘idi
2945 5495 3106 5578 obfuit
3134 5490 3419 5584 honorian
3447 5490 3573 5584 Slau-

1985 5557 2049 5632 his
2375 5592 2529 5642 neque
2552 5571 2797 5641 apostolis
2812 5569 2917 5644 Arii
2947 5557 3218 5644 impietatis
3245 5568 3468 5644 sectator,
3483 5557 3574 5610 lfu-

1984 5628 2170 5703 rloxiiis
2205 5651 2293 5703 sub
2326 5628 2489 5716 ipsum
2536 5628 2697 5697 lallare
2723 5636 3114 5716 condit_us.'lloc
3146 5646 3270 5716 ergo
3290 5637 3359 5716 (ut
3385 5628 3571 5716 ég‘l’tm

1984 5698 2511 5777 efferunturtaliones
2544 5718 2735 5770 factum
2772 5708 2962 5762 merito
2995 5701 3259 5770 improbat
3289 5698 3549 5770 Cyrinus.
