3974 6330
422 424 518 478 till

1484 414 1809 472 .FACUNDI
1851 414 2061 470 EPISC.
2096 414 2599 472 lliiliMlANENSlS

3601 421 3703 476 liii

426 557 533 596 non
566 537 849 594 Diodorum
880 548 1089 607 quoque
1136 530 1563 585 damnaverunt?
1594 533 1675 584 An
1719 532 1840 600 quia
1894 531 2008 597 ipse
2044 532 2275 589 Aausos
2318 530 2482 586 fuisse
2527 530 2888 586 condemnare
2944 531 3155 586 beatum
3203 528 3522 597 Diodorum,
3568 550 3705 602 qun-

426 647 533 685 non
565 639 647 683 est
678 627 918 682 laudatus
947 626 997 678 in
1027 622 1447 678 Clialcedonensi
1469 623 1718 686 concilio,
1756 637 1861 677 non
1887 636 2010 678 eum

424 722 796 793 iudicaverunt
851 730 973 771 esse
1020 715 1422 779 damnandum;
1478 714 1817 768 Theodorum
1879 729 2012 769 vero

426 819 833 876 damnaverunt,
865 808 987 879 quia
1016 820 1069 863 et
1099 810 1150 862 in
1181 807 1406 877 epistola
1438 806 1543 862 lbaa
1571 820 1733 875 quam
1775 822 2013 875 pronun-

423 907 574 961 tiavit
613 905 1007 969 orthodoxam,
1040 913 1095 957 et
1136 903 1189 955 in
1224 903 1457 957 decretis
1498 901 1687 973 synodi
1720 900 2014 955 Orientalis

422 1013 542 1066 qua:
572 996 887 1065 approbavit
932 994 1071 1049 idem
1105 993 1542 1047 Chalcedoneuse
1566 991 1852 1046 concilium
1877 1033 1891 1056 ,
1931 992 2015 1045 in-

423 1091 633 1143 venitur
660 1088 927 1152 laudatus,
961 1097 1017 1139 ut
1043 1085 1415 1142 auctoritatem
1461 1085 1629 1153 ipsius
1663 1085 1874 1139 concilii
1907 1085 2011 1138 hu-

434 1180 857 1234 usdamuatione
875 1179 1179 1233 enlcarent?
1209 1179 1281 1231 lta
1307 1179 1463 1246 plane
1488 1187 1590 1240 est,
1614 1186 1667 1231 ct
1688 1177 1790 1231 hoc
1812 1190 2013 1243 negare

426 1273 601 1325 nullus
639 1272 855 1341 sapiens
903 1281 1098 1338 potest.
1131 1270 1264 1323 Nam
1299 1271 1444 1338 prius
1476 1270 1658 1337 utique
1684 1277 1741 1323 et
1774 1268 2006 1338 amplius

429 1369 739 1437 magistrum
789 1367 905 1433 ejus
950 1365 1238 1418 Diodorum
1283 1364 1636 1426 damnarent,
1668 1362 1821 1416 velut
1860 1377 2013 1415 cont-

427 1458 602 1510 tnnnis
651 1458 849 1509 erroris
888 1467 1179 1510 auctorem.
1240 1456 1432 1509 Verum
1480 1471 1578 1521 ego
1618 1469 1865 1525 promere
1906 1470 2011 1507 non

424 1551 706 1613 omittam,
758 1550 1126 1617 qualecunque
1171 1546 1298 1600 illud
1345 1556 1459 1611 est,
1518 1546 1659 1615 quod
1717 1546 1800 1598 hic
1843 1545 2011 1598 videri

427 1652 602 1712 potest
646 1657 830 1696 eorum
880 1640 1180 1695 defensioni
1218 1650 1547 1709 competere.
1581 1639 1844 1693 Fortassis
1872 1640 2014 1691 enim

424 1737 665 1788 dicentes
705 1750 718 1785 :
766 1733 819 1787 Si
881 1735 997 1799 quis
1059 1748 1164 1785 non
1202 1730 1619 1784 anathematizat
1672 1728 2015 1782 Theodorum

428 1828 761 1896 Mopsuestia
785 1835 839 1881 et
868 1826 986 1893 ejus
1011 1826 1281 1893 dogmata.
1316 1825 1369 1877 in
1415 1838 1481 1877 eo
1507 1824 1649 1890 quod
1680 1822 2013 1889 adjecerunt,

2119 623 2294 690 niam,
2345 622 2483 676 sicut
2530 633 2584 676 et
2631 621 2854 677 inferius
2903 622 3281 690 ostendemus,
3342 624 3603 692 Optimum
3655 634 3708 680 et

2117 712 2406 767 maximum
2456 714 2822 768 testimonium
2868 713 3026 769 habet
3074 715 3243 770 sancti
3281 713 3598 784 Athanasii,
3655 732 3707 775 et

2120 808 2259 862 Petri
2300 818 2459 877 atque
2485 808 2751 862 Timothei
2782 808 3265 864 Alexandrinorum
3294 811 3626 877 antistitum,
3656 823 3711 868 et

2119 899 2295 952 Basilii
2320 898 2754 963 Ctesariensis,et
2786 898 3004 954 Joannis
3032 900 3628 970 Constantinopolitani,
3656 914 3710 960 et

2126 990 2406 1057 Epiphanii
2434 990 2651 1057 Cyprii,
2681 1001 2733 1044 et
2760 991 3137 1059 episcoporum
3168 990 3542 1062 [Egyptiorum
3569 1036 3586 1060 ,
3618 997 3708 1063 qui

2119 1082 2172 1134 in
2198 1082 2443 1136 exsilium
2474 1082 2690 1151 relegati
2720 1097 2747 1135 a
2782 1081 3004 1135 Valente
3026 1081 3352 1149 imperatore
3383 1084 3616 1149 fuerant,
3647 1099 3707 1141 et

2118 1188 2146 1226 c
2172 1173 2329 1227 .ncilii
2357 1184 2572 1228 centum
2621 1175 3003 1243 quinquaginta
3047 1173 3383 1230 sacerdotum
3412 1220 3424 1243 ,
3464 1179 3557 1245 qui
3587 1194 3708 1234 eum

2117 1267 2233 1337 ipso
2258 1269 2489 1323 Diodoro
2517 1272 2567 1324 in
2596 1271 2731 1325 hanc
2765 1273 2949 1327 urbem
2979 1284 3163 1328 contra
3191 1274 3557 1331 Macedonium
3582 1290 3714 1329 con-

2118 1372 2396 1425 venerant,
2428 1362 2622 1432 quibus
2655 1363 2816 1416 tantis
2844 1380 2907 1417 ac
2948 1364 3142 1419 talibus
3181 1366 3414 1433 Cyrillus
3458 1381 3564 1420 non
3594 1376 3708 1421 erat

2122 1452 2482 1521 prasferendus
2508 1495 2522 1517 ,
2553 1456 2744 1508 omitto
2790 1470 2929 1509 nunc
2974 1456 3325 1521 respondere,
3351 1458 3493 1527 quod
3527 1476 3628 1515 nec
3658 1460 3709 1515 in

2120 1557 2276 1595 causa
2309 1542 2576 1597 Theodori
2606 1546 2756 1598 solus
2784 1544 3017 1616 Cyrillus
3052 1547 3211 1600 tantis
3255 1547 3532 1611 Patribus,
3567 1567 3713 1617 quo-

2122 1646 2238 1684 rum
2288 1642 2342 1687 et
2379 1633 2467 1687 ille
2506 1634 2816 1689 testimonio
2855 1637 3299 1701 commendatur,
3348 1641 3590 1705 ρηιεῖθηὶ
3619 1645 3705 1696 «ἔο-

2123 1722 2318 1809 ιηιῑετὶιζ
2369 1724 2481 1778 Hoc
2520 1741 2682 1780 unum
2735 1726 2948 1781 interim
2990 1739 3177 1793 teneo,
3225 1732 3478 1797 quoniam
3509 1744 3562 1786 et
3614 1734 3715 1801 ipsi

2123 1812 2346 1878 docent,
2377 1814 2521 1883 justa
2565 1817 2776 1871 ratione
2803 1819 3068 1883 dictante,
3099 1820 3239 1875 beati
3270 1820 3451 1891 Cyrilli
3484 1838 3544 1878 se
3570 1825 3713 1894 jiidi-

422 1935 625 1989 eosque
656 1921 743 1988 qui
787 1927 877 1972 aut
904 1918 1100 1971 similia
1132 1919 1179 1971 ei
1227 1927 1520 1986 Sapueruut
1543 1955 1558 1979 ,
1589 1928 1832 1969 sanctum
1884 1914 2010 1968 Dio-
2051 1903 2100 1962 Β
2128 1905 2273 1958 Cium
2306 1908 2604 1975 reliquisse.
2644 1909 2967 1977 Incipiamus
2994 1911 3179 1980 itaque
3202 1914 3308 1981 jam
3337 1915 3714 1983 praadictorum

420 2014 609 2066 dorum
642 2011 860 2080 intelligi
895 2010 1126 2063 voluisse
1172 2008 1441 2063 dicentur.
1474 2008 1583 2062 Sed
1614 2023 1728 2073 cur,
1754 2007 2005 2073 obsecro,

432 2106 479 2160 si
523 2106 896 2158 auctoritatem
927 2105 941 2133 ³
972 2102 1141 2156 secuti
1173 2113 1298 2155 sunt
1338 2101 1481 2155 beati
1521 2099 1737 2171 Cyrilli,
1771 2100 1939 2169 magis
1968 2108 2024 2155 et

421 2198 569 2266 prius
604 2196 868 2250 Diodorus
898 2194 1154 2263 magister
1198 2193 1316 2262 ejus
1358 2195 1662 2247 nominatus
1710 2206 1817 2247 non
1841 2194 1861 2225 ’
1900 2202 2019 2257 est,

428 2298 486 2343 ut
516 2291 583 2341 ita
628 2288 818 2343 saltem
877 2287 1288 2349 decerneretur;
1321 2287 1365 2340 si
1395 2286 1517 2355 quis
1545 2300 1651 2339 non
1698 2284 2019 2339 anathema-

423 2386 553 2436 tizat
584 2380 873 2435 Diodorum
904 2390 957 2433 et
984 2380 1104 2448 ejus
1133 2378 1402 2446 dogmata,
1428 2378 1711 2431 anathema
1739 2376 1839 2442 sit,
1871 2375 2021 2430 velut

422 2472 616 2541 quibus
650 2471 789 2525 male
818 2469 1164 2523 Theodorum
1191 2468 1391 2522 dicitur
1420 2468 1711 2533 imbuisse;
1742 2476 1796 2521 et
1815 2466 2012 2522 deinde

421 2574 755 2635 sequeretur,
785 2577 986 2633 eosque
1017 2563 1111 2629 qui
1142 2572 1237 2615 aut
1262 2561 1456 2615 similia
1487 2562 1536 2615 ei
1565 2570 1892 2629 sapuerunt,
1925 2569 2019 2617 aut

420 2658 655 2727 sapiunt.
688 2656 838 2710 Nunc
866 2667 1045 2710 autem
1074 2655 1125 2708 in
1157 2654 1445 2708 Theodoro
1474 2653 1591 2723 ejus
1620 2652 1885 2722 discipulo
1915 2654 1999 2708 in-

422 2748 591 2804 tentio
630 2757 815 2818 aperta
853 2757 907 2800 et
949 2745 1231 2801 manifesta
1276 2746 1557 2813 dirigitur,
1591 2744 1853 2799 Diodorus
1880 2758 2010 2799 vero

423 2855 529 2894 non
559 2837 956 2900 dinumeratur,
989 2836 1073 2890 vel
1106 2836 1152 2889 si
1196 2846 1249 2888 et
1288 2835 1401 2904 ipse
1424 2834 1842 2904 subintelligitur
1864 2834 2021 2889 abdi-

424 2932 649 2986 candus.
684 2929 886 2985 Deinde
924 2929 1002 2982 sic
1031 2927 1218 2981 beatus
1249 2926 1480 2996 Cyrillus
1527 2926 1577 2979 in
1621 2927 2020 2981 accusationem

423 3022 589 3077 sancti
639 3020 851 3075 Diodori
897 3019 1098 3089 aliquid
1138 3019 1422 3087 scripsisse
1450 3018 1667 3085 dicitur,
1711 3028 1770 3073 ut
1799 3019 1933 3073 nihil
1966 3022 2017 3075 in

428 3116 545 3183 ejus
599 3112 972 3169 defensionem
1017 3111 1300 3179 srripsisse
1327 3110 1570 3175 dicatur;
1625 3112 1676 3165 in
1724 3110 2021 3167 accusatio-

424 3218 549 3258 nem
572 3218 699 3258 vero
725 3200 993 3257 Theodori
1033 3201 1112 3257 sic
1156 3200 1354 3268 aliquid
1402 3199 1684 3270 scripsisse
1718 3202 1935 3269 dicitur,
1960 3211 2019 3256 ut

2127 1996 2515 2051 venerabilitnn
2567 1997 2781 2054 Parum
2815 2000 3120 2056 testimonia
3166 2018 3485 2073 recensere,
3517 2008 3713 2075 quibus

2126 2086 2529 2141 commendatur
2555 2088 2837 2155 Diodorus,
2862 2105 3020 2158 quem
3047 2107 3170 2146 cum
3200 2093 3491 2150 Theodoro
3515 2100 3714 2165 pariter

2126 2191 2181 2234 et
2207 2181 2259 2233 in
2290 2180 2479 2234 eadem
2508 2197 2670 2237 causa
2716 2184 2990 2250 culpatum
3020 2184 3208 2239 dicunt
3234 2201 3266 2240 a
3306 2188 3542 2259 Cyrillo,
3568 2192 3717 2246 velut

2125 2286 2189 2326 ea
2216 2271 2498 2327 docentem
2531 2288 2651 2342 qua:
2673 2271 2950 2331 Nestorius
2977 2273 3156 2330 docuit
3182 2292 3198 2332 :
3224 2286 3281 2332 ut
3303 2280 3426 2347 quia
3454 2281 3571 2335 sine
3598 2298 3714 2336 ma-

2124 2367 2300 2435 gistro
2344 2380 2442 2421 suo
2487 2381 2608 2420 cum
2653 2382 2760 2434 quo
2801 2367 2879 2421 illi
2922 2383 3081 2425 causa
3120 2372 3417 2427 communis
3452 2382 3564 2436 est,
3605 2389 3715 2429 non

2128 2459 2297 2527 potuit
2314 2458 2461 2527 justo
2488 2458 2803 2513 Theodorus
2829 2458 3179 2515 condemnari
3205 2503 3221 2529 ,
3251 2477 3373 2517 cum
3407 2464 3717 2531 probaveri-

2125 2565 2248 2603 mus
2276 2548 2567 2604 Diodorum
2621 2564 2729 2604 non
2778 2565 2900 2607 esse
2945 2551 3306 2607 damnandum
3334 2594 3351 2617 ,
3402 2554 3572 2608 multo
3598 2570 3717 2610 am-

2125 2641 2263 2712 plius
2291 2640 2631 2696 manifestum
2674 2642 2768 2698 liat
2805 2644 3055 2699 omnibus
3096 2659 3192 2713 pro
3237 2645 3357 2700 solo
3405 2647 3720 2715 prmjudieio

2134 2730 2325 2803 synodi
2379 2730 2876 2801 Chalcedonensis,
2926 2733 3107 2803 inique
3154 2734 3498 2791 Theodorum
3548 2738 3722 2794 fuisse

2137 2826 2465 2880 damnatum.
2504 2827 2698 2881 Beatus
2732 2828 2891 2897 igitur
2922 2828 3244 2884 Athanasius
3291 2829 3363 2883 ita
3413 2844 3719 2887 memorato

2130 2929 2315 2973 sancto
2343 2918 2575 2973 Diodoro
2597 2919 2781 2974 seribit
2809 2936 2825 2973 :
2859 2938 2879 2970 r
2914 2919 3138 2974 Domino
3164 2937 3281 2975 tneo
3314 2922 3422 2974 lilio
3443 2931 3498 2977 et
3517 2940 3708 2977 aman-

2126 3013 2334 3067 tissimo
2357 3013 2763 3079 consacerdoti,
2795 3013 3048 3082 episcopo
3073 3013 3223 3068 Tarsi
3250 3015 3512 3080 Diodoro,
3546 3018 3719 3070 Atha-

2132 3103 2315 3158 nasius
2343 3104 2393 3157 in
2424 3103 2653 3157 Domino
2682 3104 2934 3160 salutem.
2956 3104 3167 3160 Gratias
3206 3105 3430 3159 Domino
3464 3122 3602 3171 nco,
3623 3110 3723 3177 qui

2127 3194 2430 3263 ubicunque
2458 3208 2611 3248 suam
2656 3195 2957 3251 doctrinam
3003 3195 3207 3265 fundat,
3254 3206 3310 3252 et
3352 3198 3589 3252 maxime
3620 3216 3721 3267 per

424 3297 588 3349 etiam
639 3294 691 3348 in
741 3293 857 3364 ejus
906 3292 1274 3348 defensionem
1321 3293 1602 3361 scripsisse
1658 3303 2009 3349 monstretur.
2050 3279 2095 3343 C
2128 3284 2264 3339 ﬁlius
2289 3284 2556 3353 proprios.
2589 3287 2805 3354 qualem
2840 3294 2897 3340 et
2926 3296 2977 3340 te
3022 3286 3193 3355 ipsum
3237 3302 3323 3342 res
3357 3289 3465 3356 ipsa
3497 3289 3723 3342 ili-mo...

423 3387 639 3439 Clarum
687 3395 768 3440 est
808 3385 1021 3454 itaque,
1059 3385 1102 3438 si
1141 3384 1326 3438 videre
1370 3384 1663 3447 velimus’,
1703 3384 1844 3453 quod
1894 3398 2017 3454 pro-

431 3491 633 3549 pterea,
678 3493 783 3531 non
828 3477 1175 3531 denominato
1218 3476 1454 3530 Diodoro
1479 3517 1493 3540 ,
1527 3476 1866 3531 Theodorum
1893 3491 2015 3532 cum

420 3574 535 3625 suis
566 3570 925 3639 dogmatibus,
957 3578 1012 3625 et
1038 3582 1132 3624 eos
1158 3570 1248 3638 qui
1270 3569 1322 3624 ei
1356 3584 1461 3624 non
1492 3569 1675 3624 dicunt
1699 3569 2008 3635 anathema,

419 3661 831 3726 damnaverunt,
863 3661 985 3731 quia
1015 3659 1264 3715 laudatus
1311 3670 1395 3715 est
1418 3670 1474 3714 et
1516 3663 1567 3716 in
1598 3662 1823 3730 epistola
1853 3678 2016 3718 vene-

432 3752 619 3806 rabilis
651 3751 755 3807 lba:
783 3766 940 3821 quam
972 3750 1212 3822 synodus
1244 3750 1609 3822 pronuntiavit
1636 3754 2018 3824 ozthodoxam,

428 3852 483 3897 et
516 3842 569 3897 in
603 3843 842 3910 epistolis
868 3842 1225 3898 Orientalium
1255 3844 1475 3900 Patrum
1506 3844 1701 3914 quibus
1729 3847 2020 3901 auctorita-

433 3944 540 3990 tem
571 3935 893 4004 prtecipuatn
926 3933 1137 3989 detulit.
1191 3934 1441 4004 Alioquin
1461 3976 1475 4000 ,
1507 3937 1551 3990 si
1585 3951 1741 3990 error
1770 3938 2021 3993 consido-

428 4038 580 4099 retur
606 4026 694 4096 qui
722 4029 884 4081 fuisse
909 4026 1149 4095 jactatur
1175 4026 1480 4093 amborum,
1513 4029 1651 4081 idem
1688 4027 1901 4083 Diodori
1930 4031 2019 4099 qui

424 4117 696 4173 Theodori
746 4118 966 4171 dicitur.
1003 4117 1058 4172 Si
1094 4132 1324 4185 persona
1379 4117 1623 4184 magistri
1661 4127 1821 4186 atque
1851 4113 2016 4173 disci-

434 4211 574 4279 puli,
606 4218 698 4262 aut
728 4209 897 4276 solus,
935 4223 1025 4261 aut
1059 4208 1204 4277 prius
1236 4207 1553 4262 nominatim
1579 4209 2018 4266 condemnandus

424 4307 547 4353 erat
565 4312 754 4353 anetor
783 4300 1006 4353 erroris.
1037 4300 1091 4354 Si
1124 4302 1423 4354 auctoritas
1465 4302 1603 4355 beati
1643 4301 1866 4372 Cyrilli,
1895 4303 2019 4358 D.o-

430 4389 595 4443 dorus
626 4389 904 4443 evidenter
927 4398 978 4443 et
1007 4388 1126 4443 sine
1151 4390 1495 4459 ambiguitate
1528 4391 1854 4461 culpandus;
1889 4410 2019 4449 eon-

432 4493 509 4534 tra
539 4496 701 4551 quem
750 4496 828 4535 sc
872 4481 1052 4535 invehi
1099 4481 1314 4547 dicitur,
1347 4495 1402 4535 ut
1434 4499 1529 4551 pro
1578 4483 1672 4538 illo
1729 4502 1833 4540 non
1866 4486 2041 4543 inve?

430 4573 606 4628 niatur
659 4573 761 4628 alia
812 4572 997 4645 Cyrilli
1047 4576 1337 4630 scmtentia.
1390 4577 1496 4631 Cur
1542 4577 1725 4649 igitur
1757 4580 2015 4639 adversus

2139 3385 2295 3430 strat.
2328 3375 2540 3431 Etenim
2565 3384 2851 3445 antequam
2894 3378 3157 3432 scriberet
3186 3387 3366 3433 vestra
3393 3382 3721 3447 reverentia,

2127 3469 2475 3536 cognovimus
2528 3478 2727 3538 quanta
2776 3469 2947 3539 gratia
2995 3466 3135 3524 facta
3184 3482 3266 3525 est
3318 3470 3372 3524 in
3419 3470 3565 3542 Tyro
3612 3488 3712 3540 per

2127 3568 2273 3615 tuam
2321 3562 2814 3628 perseverantiam;
2867 3571 2921 3616 ct
2963 3562 3363 3631 congaudemus
3416 3563 3542 3631 tibi,
3590 3569 3721 3636 quia

2126 3669 2223 3724 per
2251 3662 2304 3709 te
2332 3652 2583 3723 cognovit
2612 3664 2665 3709 et
2691 3652 2867 3724 Tyrus
2898 3665 3103 3709 rectum
3127 3655 3347 3711 verbum
3376 3656 3614 3726 pietatis.
3655 3659 3724 3712 Et

2124 3762 2226 3816 ego
2247 3748 2462 3817 quidem
2490 3748 2830 3803 occasionem
2868 3763 3157 3809 assumens
3186 3746 3391 3819 scripsi
3426 3752 3557 3820 tibi,
3586 3756 3724 3810 dile-

2129 3847 2378 3903 ctissime
2400 3857 2455 3902 et
2484 3846 2871 3901 amantissime.
2904 3845 2987 3901 Tu
3012 3861 3142 3902 vero
3168 3850 3440 3915 quomodo
3466 3864 3557 3905 me
3581 3853 3725 3905 scri-

2126 3938 2289 3995 bente
2310 3953 2418 3993 non
2450 3938 2777 4007 rescripsisti
2798 3981 2811 4003 ,
2857 3939 3080 3991 miratus
3109 3954 3250 3993 sunt.
3283 3939 3468 4010 Itaque
3511 3957 3620 3995 non
3646 3943 3719 3998 sis

2128 4031 2309 4102 segnis
2340 4030 2579 4086 scribere
2618 4029 2900 4095 continue;
2928 4029 3106 4085 sciens
3134 4029 3259 4099 quia
3294 4031 3435 4085 sicut
3466 4031 3610 4087 ﬁlios
3640 4050 3723 4089 res

2123 4124 2402 4193 quiescere
2432 4137 2519 4177 nte
2550 4123 2677 4177 facis
2708 4132 2913 4193 patrem
2940 4162 2954 4186 ,
2986 4132 3041 4178 et
3084 4122 3223 4176 sicut
3265 4134 3441 4191 prmco
3466 4126 3712 4180 veritatis

2122 4216 2526 4285 superlaetilicas
2551 4230 2653 4269 ne.
2683 4214 2745 4269 Et
2773 4214 2905 4269 nihil
2930 4216 3224 4271 contendas
3250 4215 3510 4273 adversus
3543 4218 3718 4275 haere-

2124 4310 2279 4375 ticos,
2306 4307 2401 4363 sed
2423 4308 2640 4362 silentio
2664 4307 3041 4362 verbositatem
3077 4307 3286 4362 illorum
3314 4322 3537 4377 supera,
3565 4326 3725 4365 uian-

2122 4400 2404 4453 suetudine
2431 4398 2705 4450 ΙιιιιΙίιὶθῐη.
2730 4396 2820 4452 Sic
2840 4397 2982 4451 enim
3008 4411 3187 4452 sermo
3218 4407 3364 4463 tuus,
3391 4398 3511 4453 sale
3535 4402 3724 4455 condi-

2123 4503 2229 4555 tus,
2263 4491 2481 4545 habebit
2506 4491 2729 4560 gratiam
2756 4507 2770 4544 :
2798 4491 2869 4544 illi
2914 4500 3091 4544 autem
3134 4491 3273 4560 apud
3304 4494 3553 4545 omnium
3593 4508 3724 4547 con-

2124 4585 2403 4639 scientiam
2436 4584 2810 4652 cnlpabuntur.
2846 4601 2865 4634 ι
2900 4582 3033 4649 Quid
3066 4581 3151 4635 hic
3172 4580 3416 4637 decernit
3438 4593 3617 4637 vestra
3642 4584 3721 4653 ju-

429 4665 770 4721 Thcodurum
797 4664 976 4730 uiinis,
1001 4667 1257 4722 adversus
1282 4668 1571 4723 Diodorum
1601 4670 1777 4725 nihil?
1806 4673 1938 4738 Quis
1964 4674 2013 4726 in
2045 4661 2095 4723 D
2122 4678 2265 4733 stitia
2286 4720 2299 4744 ,
2345 4678 2694 4733 serenissimc
2751 4677 3080 4745 imperator?
3134 4676 3446 4746 Equumne
3484 4679 3725 4733 censetis

427 4758 543 4811 haec
576 4758 846 4827 paululum
873 4759 1126 4813 cordatus
1161 4761 1442 4815 attendens
1480 4778 1585 4817 non
1625 4764 1801 4817 statim
1832 4765 2017 4819 laetio-

426 4852 514 4906 nis
539 4850 805 4906 hmrctieze
834 4852 987 4907 dolos
1018 4853 1306 4924 intelligat,
1337 4854 1481 4925 quod
1523 4858 1669 4912 solus
1698 4859 2017 4913 denomina-

434 4956 519 4999 tus
572 4955 651 4999 est
698 4948 746 4998 in
782 4960 941 4999 causa
972 4949 1241 4999 connnuni
1280 4947 1633 5013 Theodorus;
1663 4965 1782 5004 cum
1823 4952 1868 5005 si
1911 4968 2016 5005 non

423 5049 651 5107 uterque
696 5036 738 5099 ⁸,
791 5036 884 5091 sed
938 5038 1073 5093 alter
1127 5054 1314 5094 eorum
1367 5041 1801 5097 denominandus
1851 5053 2015 5109 esset,

428 5131 719 5185 Diodorum
776 5132 954 5199 potius
1010 5133 1345 5187 denominari
1391 5132 1659 5188 deceret?
1701 5135 1766 5189 Et
1814 5135 2017 5189 idcirco

424 5224 623 5275 frustra
659 5232 902 5290 negatur,
929 5224 1069 5292 quod
1103 5224 1248 5279 lucet
1279 5226 1550 5289 omnibus,
1572 5237 1626 5279 ct
1654 5228 1774 5283 luce
1797 5228 2014 5293 clarius,

428 5316 513 5369 γει
545 5316 588 5370 si
621 5316 884 5380 nolimus,
916 5325 1174 5387 apparet,
1209 5318 1463 5387 quoniam
1496 5329 1550 5373 ut
1591 5318 1703 5375 haec
1732 5333 2020 5390 agerentur

332 5442 345 5453 ς
424 5416 615 5462 contra
640 5405 1005 5472 Theodorum,
1041 5423 1144 5462 non
1181 5408 1440 5463 Ecclesia:
1472 5426 1605 5479 opus
1634 5422 1747 5465 erat
1768 5412 2018 5479 judicare

428 5502 499 5555 de
530 5510 771 5563 mortuo;
805 5498 899 5553 sed
926 5500 1193 5554 haereticis
1227 5500 1405 5569 potius
1435 5498 1861 5555 Chalcedoueusi
1884 5518 2021 5571 pra:-

424 5593 665 5662 judicarc
696 5592 940 5646 Concilio.
982 5591 1134 5659 Quod
1169 5593 1213 5645 si
1265 5593 1449 5647 dicunt
1495 5603 1777 5661 propterea
1827 5610 1884 5649 se
1918 5611 2021 5650 non

506 5773 521 5802 ²
562 5774 695 5825 (Iud.
747 5771 981 5837 Veron.,
1048 5775 1434 5837 auctoritatem,
1481 5777 1611 5831 sicut
1656 5787 1798 5837 acta,
1856 5780 2016 5835 scculi

422 5856 569 5906 sunt,
606 5853 710 5895 ite.

506 5915 524 5944 ¹
571 5918 622 5966 tu
651 5912 839 5968 eodem
864 5915 985 5968 cod.
1020 5916 1170 5970 deest
1200 5917 1259 5972 τὸ
1289 5934 1410 5972 non.

2126 4782 2182 4826 ut
2206 4773 2304 4826 iste
2330 4771 2570 4824 veritatis
2590 4784 2766 4838 pra-eo
2784 4768 3067 4835 Diodorus,
3083 4770 3166 4822 cui
3188 4777 3393 4823 tantum
3419 4770 3729 4835 congaudet

2124 4866 2205 4919 vir
2225 4865 2411 4918 doctus
2440 4871 2494 4916 et
2516 4864 2688 4916 bonus
2718 4861 3061 4927 Athanasius,
3097 4861 3281 4916 livoris
3303 4870 3355 4916 et
3390 4862 3609 4916 invidia
3636 4878 3735 4917 ne-

2124 4956 2286 5019 scius,
2323 4952 2574 5022 quoniam
2607 4967 2703 5021 per
2732 4950 2848 5019 ejus
2881 4952 3332 5018 perseverantiam
3364 4960 3571 5005 rectum
3602 4968 3732 5005 ver-

2128 5047 2249 5100 bum
2284 5046 2495 5114 pietatis
2526 5043 2704 5113 Tyrus
2731 5057 2943 5111 quoque
2964 5043 3232 5111 cognovit,
3270 5052 3328 5096 ut
3355 5043 3519 5095 etiam
3546 5042 3731 5097 horte-

2130 5147 2215 5192 tur
2243 5151 2365 5190 eum
2391 5135 2628 5189 scribere
2659 5133 2758 5187 sibi
2791 5134 3065 5197 continue,
3104 5145 3159 5187 et
3206 5135 3552 5202 requiescere
3583 5149 3646 5188 se
3673 5137 3733 5190 in

2129 5228 2220 5282 illo
2246 5238 2497 5294 tanquam
2542 5232 2748 5293 patrem
2795 5223 2939 5278 dicat
2979 5223 3031 5277 in
3072 5224 3219 5288 lilio,
3260 5223 3547 5279 damnetur
3576 5226 3729 5279 velut

2132 5321 2449 5384 lucrticus,
2484 5320 2569 5388 qui
2604 5326 2659 5372 et
2707 5317 2823 5387 ipse
2874 5318 3118 5386 culpatus
3168 5318 3365 5373 dicitur
3395 5334 3423 5371 a
3476 5320 3730 5391 Cyrdlo?

2133 5420 2329 5473 Durum
2364 5418 2520 5471 nimis
2552 5426 2655 5479 est,
2687 5426 2741 5469 ut
2774 5416 2874 5470 hoc
2914 5415 2981 5471 de
3014 5426 3189 5469 vestra
3230 5414 3482 5484 :equitate
3524 5418 3730 5470 creda-

2129 5524 2265 5565 nius.
2301 5509 2431 5564 Nam
2458 5521 2510 5563 et
2556 5510 2655 5575 ipsi
2696 5517 3115 5575 prmsurnplores
3148 5508 3385 5576 iniquum
3422 5523 3544 5562 esse
3571 5510 3733 5561 vide—

2128 5608 2269 5653 runt.
2318 5596 2374 5651 Si
2414 5610 2540 5647 vero
2583 5594 2833 5662 magister
2875 5590 3139 5645 Diodorus
3182 5592 3531 5647 condemnari
3574 5596 3733 5649 velut

2198 5779 2217 5809 ³
2262 5776 2583 5840 ldetncod.,
2635 5777 2677 5828 si
2720 5775 3179 5840 ridere‘rclimus,
3230 5774 3308 5828 vel
3356 5773 3531 5845 potius
3568 5774 3737 5829 libere

2125 5850 2292 5902 dicere
2321 5850 2552 5907 velimus,
2584 5848 2741 5913 quod,
2771 5854 2877 5899 etc.

2198 5920 2217 5951 ⁸
2254 5919 2400 5975 ldctn
2430 5918 2574 5987 cod.,
2611 5917 2685 5971 vet
2713 5925 2848 5971 certe
2872 5914 3140 5973 adulter.
