3974 6330
263 465 365 521 815

1149 461 1282 518 PRO
1325 461 1754 521 DEFENSIUNE
1797 459 2007 514 TRIUM
2041 456 2354 513 CAPITUL.
2403 461 2529 515 LIB.
2575 460 2660 518 IV.

3455 466 3557 517 CH

265 581 549 634 haereticus
572 577 718 648 jttslc
751 594 855 629 non
886 577 1105 645 poterit,
1137 585 1322 630 contra
1356 592 1444 645 qu.
1466 592 1515 629 m
1549 577 1626 629 sic
1670 573 1852 629 invehi
1883 578 1928 635 A
1961 588 2088 628 suos
2116 575 2406 644 discipulos
2432 575 2650 640 adduxit
2680 574 2745 629 ad
2774 577 3054 631 amandum
3093 586 3234 631 tuam
3269 579 3524 647 perfectio
3585 575 3596 580 ’

265 673 480 735 dicitur,
526 682 584 724 ut
625 686 718 738 pro
751 669 844 722 illo
891 682 993 722 n0n
1027 667 1333 722 inveniatur
1363 667 1465 722 alia
1497 665 1685 735 Cyrilli
1719 681 1852 721 sen-

265 767 457 829 tentia,
490 763 764 832 quomodo
795 763 845 815 in
878 760 1062 816 eadem
1097 774 1256 814 causa
1283 801 1298 825 ,
1326 769 1386 813 ut
1417 760 1631 823 ferunt,
1660 744 1860 826 pariter

265 864 570 921 accusatus,
611 854 709 907 nisi
741 853 790 906 in
821 850 1192 921 przejudicium
1219 850 1412 920 synodi
1449 848 1858 904 Chalcedonen-

267 947 363 1009 sis,
398 945 516 1016 ejus
546 944 846 1013 discipulus
877 942 1196 998 Theodorus
1231 941 1376 995 velut
1401 940 1687 996 hat-retices
1710 940 1860 994 dam-

272 1049 512 1101 naretur,
547 1047 734 1090 contra
759 1051 916 1104 quem
945 1035 1023 1088 sic
1049 1033 1226 1088 invehi
1249 1032 1467 1097 dicitur,
1499 1043 1558 1088 ut
1583 1034 1742 1086 etiam
1768 1047 1862 1101 pro

271 1129 364 1183 illo
401 1127 703 1183 inveniatur
730 1125 832 1181 alia
857 1125 1041 1197 Cyrilli
1073 1125 1374 1178 sententia?
1405 1124 1596 1178 Petrus
1626 1137 1862 1191 quoque,

269 1233 555 1274 successor
575 1217 814 1287 ejusdem
843 1215 1015 1271 sancti
1046 1215 1360 1280 Athanasii,
1390 1216 1630 1270 scribens
1654 1216 1864 1279 episco-

270 1326 373 1378 ps,
405 1321 458 1364 et
509 1309 839 1380 presbyteris
877 1318 1038 1378 atque
1079 1307 1341 1374 diaconis,
1390 1322 1484 1376 pro
1515 1323 1638 1361 vera
1681 1307 1783 1361 fide
1810 1306 1863 1360 in

270 1403 462 1456 exsilio
507 1401 819 1456 constitutis
868 1400 996 1455 dicit
1024 1416 1037 1453 :
1069 1419 1086 1450 ι
1135 1401 1324 1465 Amor,
1366 1417 1471 1469 quo
1502 1401 1642 1455 circa
1683 1416 1780 1453 vos
1812 1402 1862 1454 in

271 1494 488 1549 Christo
537 1494 748 1562 gaudeo
783 1509 886 1545 non
937 1492 1180 1560 permisit
1226 1493 1488 1560 patienter
1537 1491 1705 1554 ferre;
1759 1491 1866 1545 imo

270 1587 430 1640 etiam
460 1583 705 1638 scribens
732 1583 890 1636 veluti
923 1599 1028 1636 non
1059 1584 1306 1638 scribens
1336 1599 1478 1650 sum,
1503 1593 1553 1636 cl
1585 1585 1774 1637 iterum
1800 1584 1865 1638 ad

270 1676 619 1731 scribendum
650 1675 962 1743 compellor.
997 1694 1016 1726 ι
1067 1675 1134 1727 Ει
1157 1674 1330 1728 infra:
1373 1693 1392 1726 α
1428 1675 1868 1730 Con~iliatoril>us

271 1771 438 1838 igitur
459 1769 612 1822 vobis
635 1769 687 1822 in
714 1768 793 1822 his
815 1784 937 1838 qua:
963 1766 1242 1823 incurrunt
1271 1780 1483 1824 utorzet
1508 1771 1630 1841 quid
1655 1779 1870 1840 Oportet

272 1876 360 1916 me
389 1862 566 1915 facere
603 1861 684 1914 sic
711 1874 926 1930 semper
968 1860 1360 1930 perturbatum.
1406 1862 1733 1916 Timotheo“
1767 1862 1871 1915 d;f-

1963 680 2106 731 nem,
2139 678 2191 720 et
2230 681 2386 721 Orare
2431 681 2462 721 a
2506 666 2616 720 Deo
2657 668 2709 721 in
2760 670 2953 722 multos
3000 683 3258 723 annorum
3303 669 3558 725 circuitus

1962 759 2277 826 praeservari
2309 767 2539 813 vestram
2570 758 2752 826 vitam,
2786 759 2850 812 ad
2882 760 3164 815 utilitatem
3197 763 3553 816 Ecelesiarnm

1963 847 2182 904 Christi.
2241 869 2258 901 ι
2325 849 2627 918 PerSpicis,
2681 860 2736 903 ut
2791 851 3085 915 existimo,
3137 853 3557 909 clementissime

1965 939 2257 1008 imperator
2304 942 2459 1011 (nam
2510 956 2598 995 res
2645 944 2864 994 omnino
2914 943 3192 1012 perspicua
3239 943 3366 1015 e-l),
3406 933 3558 1014 cujus

1965 1034 2195 1099 virtutis,
2227 1043 2281 1088 et
2315 1033 2680 1101 perfeezionis,
2713 1043 2766 1088 et
2797 1035 2894 1089 zeli
2939 1035 3079 1089 circa
3111 1046 3307 1091 rectam
3351 1047 3403 1091 et
3429 1052 3559 1106 apo-

1965 1126 2206 1181 stolicam
2250 1125 2405 1181 fidem
2457 1126 2720 1181 Diodorus
2769 1143 2980 1196 semper
3021 1128 3196 1193 fuerit,
3229 1145 3385 1198 quem
3435 1145 3556 1185 cont

1968 1219 2252 1275 Theodoro
2282 1221 2554 1288 culpatum
2597 1220 2775 1274 ferunt
2820 1236 2848 1273 a
2901 1223 3056 1276 beato
3086 1222 3309 1291 Cyrillo,
3339 1233 3392 1276 et
3420 1240 3559 1293 quo-

1969 1313 2128 1367 modo
2155 1311 2271 1380 ejus
2301 1313 2466 1381 glotia
2497 1313 2653 1366 simul
2681 1328 2801 1366 cum
2839 1324 2997 1367 mtate
3026 1314 3319 1368 crescebat.
3356 1315 3560 1369 Lauda-

1971 1417 2053 1458 tur
2081 1404 2396 1457 adolescens
2427 1405 2495 1458 ab
2526 1405 2833 1466 Athanasio,
2873 1405 3119 1458 laudatur
3165 1421 3194 1459 a
3246 1407 3402 1460 Petro
3446 1407 3558 1475 jam

1970 1495 2176 1562 gravis,
2213 1493 2457 1547 laudatur
2496 1509 2525 1546 a
2569 1494 2852 1549 Timotheo
2895 1510 3078 1549 senex.
3109 1496 3242 1550 Tota
3294 1499 3395 1551 vita
3445 1498 3558 1567 ejus

1974 1585 2070 1639 fuit
2097 1587 2146 1639 in
2182 1585 2448 1652 laudibus,
2479 1595 2534 1640 et
2566 1596 2682 1655 post
2719 1596 2942 1640 mortem
2973 1586 3042 1641 ab
3067 1588 3366 1653 Athanas'i,
3396 1589 3558 1657 Petri,

1972 1679 2235 1733 Timothei
2279 1695 2590 1734 sucrcssore
2632 1697 2751 1734 cum
2784 1680 3066 1732 Theodoro
3113 1681 3307 1734 dicitur
3346 1696 3560 1735 aecusa-

1975 1783 2076 1827 tus.
2101 1773 2231 1837 Quis
2257 1774 2354 1825 hoc
2379 1773 2546 1841 po~sit
2568 1773 2935 1842 mquanimiter
2961 1772 3133 1827 ferre?
3157 1776 3273 1842 quis
3302 1790 3333 1842 p
3352 1776 3562 1830 itienter
3637 1813 3644 1820 -

1973 1864 2191 1918 audire?
2223 1864 2326 1918 Sed
2359 1864 2425 1917 ab
2458 1865 2538 1918 his
2568 1866 2759 1918 melius
2789 1865 3098 1928 avertimur,
3130 1875 3184 1917 ιιι
3219 1868 3438 1919 meliora
3475 1882 3565 1925 30-

270 1953 506 2006 famante
533 1967 592 2006 se
626 1953 796 2020 ipsum
825 1952 1136 2022 episcopum
1165 1968 1319 2022 esse,
1354 1965 1410 2008 ut
1441 1970 1532 2020 [er
1561 1956 1664 2009 hoc
1691 1957 1859 2009 conli-
1897 1956 1940 2014 Β
1974 1958 2076 2011 tius
2108 1957 2463 2010 attendamus.
2500 1957 2737 2011 Delectat
2778 1958 2918 2011 enim
2966 1974 3050 2011 me
3082 1957 3235 2027 hujus
3263 1959 3435 2012 sancti
3466 1960 3563 2012 viri

269 2043 487 2096 dentius
521 2043 765 2111 injuriet,
796 2057 847 2098 et
896 2056 1146 2112 paternas
1179 2047 1322 2116 leges
1369 2048 1656 2115 infringat?
1689 2049 1869 2104 Voluit

270 2136 418 2190 enim
452 2152 537 2190 me
579 2136 1066 2204 anathematizare,
1099 2149 1152 2194 et
1187 2141 1440 2194 Basilium
1479 2141 1740 2198 Caesarem
1768 2185 1782 2207 ,
1815 2156 1868 2199 et

281 2237 595 2300 Paulinum,
622 2249 674 2292 et
713 2240 1091 2310 Epiphanium,
1124 2251 1176 2295 et
1217 2240 1506 2296 Diodorum
1542 2243 1822 2313 episc0pos
1847 2289 1862 2315 ,

271 2341 327 2387 et
380 2332 478 2385 soli
528 2331 683 2386 Vitali
742 2336 1161 2388 cetnutu'nirare.
1203 2353 1219 2384 ι
1265 2334 1402 2389 Ecce
1446 2337 1606 2390 etiam
1639 2338 1864 2404 νου-υς,

281 2423 571 2478 Athanasii
603 2439 906 2486 successor,
946 2442 1096 2494 asque
1145 2426 1405 2480 nefarium
1437 2427 1580 2481 ducit
1610 2427 1865 2482 Basiliam

272 2505 690 2580 Caesariensem,
724 2515 1003 2571 Paulinum
1045 2519 1437 2573 Aatiochenum
1459 2562 1474 2588 ,
1508 2519 1867 2590 Epiphanium

273 2614 329 2660 rt
362 2603 650 2660 Diodorum
680 2609 988 2677 episcopos,
1038 2618 1288 2679 tanquam
1313 2621 1736 2681 propugnatores
1765 2611 1870 2667 for-

273 2695 516 2752 tissimos
568 2699 826 2766 veritatis,
873 2702 1327 2755 anatltetnatizare
1351 2743 1367 2766 ,
1409 2713 1461 2757 et
1495 2702 1648 2758 Vitali
1681 2704 1868 2759 Antio-

273 2789 453 2843 cheno
483 2790 666 2852 alteri,
701 2807 858 2860 quem
891 2792 1200 2862 A'polinaris
1224 2795 1584 2862 ordinaverat,
1628 2811 1872 2850 commu-

277 2884 488 2936 nicare.
555 2882 686 2948 Quis
735 2884 894 2952 igitur
954 2885 1109 2937 istum
1155 2884 1491 2953 Diodorum,
1543 2901 1702 2957 quem
1746 2902 1868 2942 cum

277 2971 506 3038 Basilio,
556 2984 611 3028 et
664 2975 914 3039 Paulino,
961 2987 1010 3029 et
1053 2975 1372 3046 Epiphanio,
1415 2977 1654 3046 ejusdem
1706 2978 1871 3034 fuisse

277 3064 563 3130 doctrinae,
601 3064 1054 3135 Petrojudicanle
1081 3070 1452 3140 cognovimus,
1488 3074 1568 3127 vel
1595 3072 1676 3139 si,
1708 3082 1763 3128 ut
1789 3072 1872 3128 fe-

279 3165 424 3221 runt,
460 3170 582 3210 cum
611 3149 900 3213 Theodoro
923 3161 1170 3230 eulpatus
1192 3178 1218 3214 a
1243 3161 1448 3233 Cyri‘llo
1468 3164 1739 3226 credatur,
1772 3179 1871 3235 pro

277 3249 400 3318 ejus
428 3251 697 3304 sententia
730 3251 1000 3306 existimet
1037 3268 1155 3308 esse
1177 3253 1574 3310 damnandum?
1618 3259 1722 3310 Aut
1751 3257 1872 3330 quis

1972 2047 2237 2102 Timothei
2271 2049 2428 2103 verba
2462 2056 2721 2118 repetere,
2751 2051 3013 2119 quemada
3039 2050 3199 2106 odum
3233 2061 3287 2106 et
3313 2052 3562 2107 virtutem

1974 2141 2247 2195 Athanasii
2275 2151 2594 2196 consecutos
2617 2151 2670 2196 et
2692 2142 2895 2207 sedem,
2922 2158 3041 2196 cum
3069 2144 3297 2198 Diodoro
3318 2145 3522 2198 diceret
3550 2162 3564 2198 :

1976 2233 2137 2288 Vobis
2178 2248 2242 2288 ex
2288 2241 2438 2288 eerto
2486 2233 2741 2288 donatum
2787 2245 2889 2299 Cal,
2921 2251 3024 2288 non
3055 2235 3227 2290 solum
3259 2236 3479 2291 credere
3512 2235 3567 2290 in

1971 2326 2241 2382 Christum
2273 2329 2479 2393 Jesum,
2511 2329 2604 2382 sed
2649 2328 2809 2381 etiam
2845 2345 2939 2396 pro
2970 2329 3085 2397 ipso
3118 2329 3248 2396 pati.
3287 2329 3398 2382 Hoc
3426 2344 3564 2398 quo-

1971 2435 2074 2488 que
2107 2420 2285 2473 intulit
2325 2421 2507 2474 dicens
2554 2435 2568 2473 :
2626 2419 2772 2473 llane
2819 2428 2961 2474 tuam
3014 2430 3210 2474 rectam
3255 2431 3310 2475 et
3358 2420 3565 2474 beatam

1971 2513 2112 2566 circa
2151 2512 2320 2566 Deum
2353 2516 2705 2575 voTuntatem,
2737 2521 2792 2565 et
2819 2511 3253 2566 imlcclinabilem
3286 2512 3427 2565 circa
3457 2513 3566 2576 pie-

1974 2604 2096 2658 tatis
2129 2604 2439 2674 mysterium
2486 2603 2897 2671 conscientiam,
2931 2603 3060 2658 olim
3107 2603 3258 2658 vobis
3288 2605 3481 2667 inesse,
3513 2612 3566 2656 et

1973 2695 2185 2750 divinus
2219 2696 2297 2750 vir
2328 2710 2461 2764 rapa
2493 2703 2674 2749 noster
2703 2695 3032 2748 Athanasius
3059 2703 3340 2749 attestatus
3369 2702 3452 2748 est
3476 2709 3566 2749 no-

1971 2798 2098 2841 stra:
2125 2785 2146 2817 ³
2177 2785 2526 2856 ῐεὶὶεἰυείιηιί,
2555 2791 2610 2838 et
2645 2798 2742 2838 nos
2772 2799 2899 2838 suos
2928 2782 3224 2852 discipulos
3253 2784 3480 2838 adduxit
3504 2783 3568 2837 ad

1973 2877 2257 2932 amandam
2293 2888 2431 2931 tuan:
2462 2876 2843 2946 perfectionem
2871 2894 2884 2928 :
2915 2877 2965 2930 in
2999 2876 3100 2931 hoc
3125 2877 3340 2947 dignum
3365 2893 3423 2932 se
3449 2893 3571 2947 pro-

1973 2966 2107 3023 bans
2149 2966 2426 3023 Athana~ii
2455 2981 2852 3031 successorem,
2885 2968 3022 3034 quod
3057 2967 3170 3036 ejus
3202 2967 3566 3021 testimonium

1973 3074 2078 3114 non
2127 3060 2470 3129 impugnans,
2514 3057 2773 3112 adductus
2817 3057 2886 3111 ab
2929 3073 2994 3112 eo
3041 3068 3122 3111 est
3164 3059 3230 3112 ad
3279 3059 3565 3112 amandum

1974 3153 2362 3225 perfectionem
2411 3152 2656 3220 Diodori,
2700 3169 2854 3224 quem
2901 3164 2954 3208 et
3005 3153 3092 3208 ille
3140 3153 3357 3219 dilexit,
3400 3168 3454 3209 et
3504 3156 3571 3209 ad

1977 3245 2238 3301 orandum
2270 3246 2458 3309 Deum,
2488 3255 2543 3299 ut
2589 3246 2639 3298 in
2683 3244 2971 3299 multorum
3015 3259 3274 3299 annorum
3321 3246 3572 3300 circnitm

280 3339 626 3394 Theodorum
672 3342 788 3396 sine
826 3343 946 3412 ipso
979 3342 1234 3412 Diodoro,
1264 3361 1385 3400 cum
1421 3362 1526 3416 quo
1569 3329 1782 3412 dicitur,
1818 3357 1875 3402 υι
1903 3329 1952 3392 C
1987 3337 2148 3392 vitam
2196 3336 2314 3407 ejus
2361 3344 2722 3400 conservaret,
2765 3335 2830 3388 ad
2880 3334 3160 3390 utilitatem
3211 3336 3571 3391 Ecclesiarutn

281 3431 602 3498 dseipulus,
637 3446 667 3485 a
713 3430 918 3502 Cyrillo
964 3435 1231 3503 culpatus,
1283 3451 1378 3504 ιτο
1423 3436 1540 3506 ejus
1568 3437 1870 3506 sententia,

281 3534 330 3577 et
377 3539 489 3576 non
533 3537 628 3592 pro
654 3524 847 3594 synodi
890 3523 1233 3595 prscjudieio,
1267 3527 1541 3583 existimet
1575 3543 1694 3585 esse
1721 3531 1873 3584 dam-

280 3625 465 3667 natum
481 3613 506 3665 τ
529 3612 847 3669 Timotheus
872 3631 1105 3686 quoque,
1136 3617 1280 3673 Petri
1307 3634 1609 3686 successor,
1637 3621 1874 3691 quicum

282 3707 402 3774 ipso
425 3707 450 3741 ³-
475 3705 719 3761 Diodoro
766 3714 968 3777 pariter
995 3709 1182 3765 aderat
1206 3712 1438 3768 concilio
1470 3712 1524 3767 in
1555 3713 1693 3768 hanc
1735 3715 1875 3768 civi-

281 3807 445 3852 tatem
477 3799 680 3868 regiam
705 3808 894 3854 contra
924 3800 1294 3857 Macedoniam
1327 3815 1682 3876 congregato,
1715 3807 1797 3861 sic
1825 3807 1874 3862 ei

281 3890 474 3944 scribit
517 3909 530 3943 :
576 3909 595 3943 ι
646 3890 874 3947 Domino
911 3908 1034 3948 meo
1077 3911 1172 3964 per
1212 3907 1402 3952 cuneta
1446 3898 1780 3966 honorabili,
1825 3910 1878 3955 ct

281 3980 626 4035 sanctissimo
651 3983 906 4053 episcopo
935 3993 989 4040 et
1012 3985 1382 4042 consacerdoti
1417 3987 1665 4055 Diodoro,
1693 3989 1872 4046 Timeo

283 4076 440 4131 thetis
490 4075 544 4130 in
590 4075 805 4133 Christo
851 4079 1103 4135 salutem.
1151 4081 1409 4137 Virtutem
1457 4093 1622 4142 tuam.
1654 4093 1710 4138 et
1756 4085 1879 4140 vita:

279 4165 692 4235 perfectionem,
716 4178 768 4221 et
794 4168 966 4225 zelum
998 4180 1162 4225 recta:
1179 4181 1232 4227 et
1261 4173 1570 4241 apostolica:
1602 4183 1704 4229 tua:
1737 4175 1876 4239 tidei,

280 4271 380 4326 pro
422 4255 688 4326 dignitate
730 4259 1023 4326 praedicare
1070 4275 1404 4332 nequaquam
1438 4274 1643 4334 potero.
1672 4266 1881 4322 etiamsi

278 4350 513 4402 nimium
546 4363 910 4419 properavero
938 4369 951 4407 :
988 4367 1091 4408 non
1122 4356 1265 4409 enim
1298 4371 1576 4426 a-quantur
1606 4374 1882 4416 sermones

279 4450 335 4495 et
364 4456 476 4496 res.
511 4441 674 4497 Vobis
714 4459 780 4498 ex
811 4459 890 4499 cet
907 4454 962 4500 to
994 4448 1246 4502 donatum
1279 4461 1381 4518 est,
1417 4467 1520 4506 non
1562 4454 1733 4508 solum
1766 4469 1886 4511 cre~

283 4533 417 4586 dere
465 4533 518 4586 in
561 4532 836 4590 Christum
866 4535 1069 4602 Jcsnm,
1103 4541 1195 4595 sed
1240 4542 1398 4595 etiam
1448 4559 1542 4610 pro
1592 4545 1710 4614 ipso
1755 4546 1878 4613 pati.

286 4621 432 4675 Ilanc
460 4631 607 4677 tuam
633 4635 834 4681 rectam
863 4637 916 4682 et
939 4629 1147 4684 beatam
1178 4632 1320 4686 circa
1344 4633 1508 4688 Deum
1535 4634 1884 4700 voluntatem,

1975 3428 2206 3486 Christi;
2241 3428 2345 3484 Sed
2405 3428 2627 3482 alzarum
2678 3442 2893 3497 quoque
2954 3428 3228 3482 civitatum
3291 3428 3572 3498 episcopos

1977 3530 2336 3585 transeuntes,
2369 3520 2529 3592 quale
2572 3519 2732 3575 etiam
2780 3529 2996 3574 sanctus
3042 3520 3271 3574 Basilius
3315 3521 3574 3575 Caesareae

1977 3614 2349 3686 Cappadociae,
2383 3613 2617 3668 Diodoro
2665 3613 3024 3666 testimonium
3070 3613 3368 3681 perhibeat,
3402 3613 3569 3668 debe-

1979 3723 2098 3764 mus
2123 3709 2406 3761 advertero
2443 3723 2456 3758 :
2489 3703 2578 3773 qui
2609 3703 2852 3757 scribens
2879 3702 2944 3757 ad
2977 3702 3340 3770 Patmphilum
3368 3705 3574 3774 episco-

1978 3814 2105 3870 pum
2134 3797 2381 3866 Egensis
2422 3795 2722 3852 Ecnlesimb
2755 3794 2884 3850 dicit
2929 3812 2943 3849 :
3002 3815 3020 3848 ‹
3077 3795 3366 3852 Diodorum
3397 3813 3574 3854 auem

1979 3889 2124 3945 velut
2154 3889 2538 3944 nutrimentum
2569 3886 2710 3941 beati
2743 3885 2942 3942 Silvani
2971 3886 3038 3941 ab
3067 3887 3214 3942 initio
3243 3891 3573 3958 arci-pimus.

1980 3997 2125 4038 nunc
2152 3992 2329 4036 autem
2359 3979 2628 4049 diligimus
2652 3989 2706 4032 ct
2727 3979 3080 4048 praedicamus
3107 3990 3322 4048 propter
3350 3979 3578 4048 gratiam

1981 4074 2143 4131 Verbi
2170 4090 2288 4143 qua:
2310 4075 2356 4128 ei
2381 4073 2552 4137 adest,
2581 4087 2674 4140 per
2701 4087 2858 4141 quam
2888 4071 3098 4141 plurimi
3128 4072 3193 4125 ad
3221 4087 3344 4126 eum
3376 4087 3572 4126 convc-

1983 4168 2242 4224 nientium
2293 4167 2542 4221 meliores
2589 4167 2913 4220 efficiuntur.
2970 4184 2988 4217 ι
3041 4165 3291 4236 Idemque
3335 4167 3582 4221 scribens

1986 4261 2085 4330 ipsi
2115 4259 2348 4315 Diodoro
2375 4259 2506 4313 dicit
2534 4275 2546 4313 :
2586 4276 2604 4310 ι
2645 4257 2770 4328 Legi
2803 4258 2962 4312 libros
2987 4273 3017 4312 a
3051 4267 3136 4312 tua
3171 4257 3582 4314 honorabilitatc

1985 4351 2361 4414 transmissos,
2395 4358 2448 4402 et
2497 4347 2733 4403 secundo
2773 4348 2985 4418 quidem
3034 4349 3322 4402 admodum
3380 4351 3582 4415 insuti,

1989 4462 2094 4501 non
2125 4445 2295 4500 solum
2329 4453 2546 4511 propter
2577 4441 2925 4503 brevitatem.
2955 4453 3004 4495 ut
3040 4450 3164 4512 pote
3193 4441 3282 4510 qui
3313 4443 3357 4496 si
3384 4462 3410 4490 υ
3440 4443 3582 4495 circa

1989 4539 2167 4593 omnia
2202 4536 2420 4603 debilis,
2449 4534 2540 4588 sed
2572 4537 2732 4588 etiam
2767 4534 2891 4604 quia
2929 4535 3168 4587 variatur
3195 4532 3496 4594 sententiis,
3528 4543 3583 4586 et

1991 4629 2144 4684 facile
2167 4643 2232 4684 eo
2254 4624 2275 4656 ⁸
2303 4626 2683 4679 discernuntur
2711 4625 3013 4678 econtrario
3042 4623 3410 4691 oppositiones
3435 4634 3489 4678 ct
3518 4624 3588 4678 ad

285 4713 796 4771 etindeclinabilem
825 4721 966 4774 circa
1001 4720 1212 4789 pietatis
1254 4725 1563 4792 mysterium
1606 4729 1885 4783 conscien-
1915 4702 1965 4762 D
1991 4737 2083 4779 eas
2127 4721 2531 4791 responsiones;
2582 4729 2636 4772 et
2680 4727 2760 4771 est
2803 4718 3044 4771 oratione
3089 4717 3338 4782 simplex,
3369 4728 3419 4770 et
3469 4716 3588 4771 sine

286 4805 448 4868 tiam,
498 4806 625 4861 olim
671 4809 822 4864 vobis
871 4812 1077 4879 inesse,
1120 4823 1174 4869 et
1218 4815 1428 4871 divinus
1457 4818 1478 4848 '
1523 4833 1655 4887 papa
1702 4829 1885 4875 noster

288 4900 620 4956 Athanasius
660 4911 942 4961 attestatus
973 4917 1057 4962 est
1092 4916 1287 4962 vestra:
1321 4909 1674 4980 religiositati,
1702 4923 1756 4967 et
1787 4927 1884 4967 nos

359 5133 386 5160 ⁸
430 5124 738 5198 ῥροιίηετίε
761 5125 1048 5197 discipulo,
1079 5127 1234 5198 cujus
1279 5129 1480 5184 mentio
1522 5129 1609 5184 fiet
1640 5129 1735 5183 lib.
1774 5144 1872 5198 vu,

289 5208 409 5263 mp.
439 5195 673 5270 Snetde
694 5212 800 5264 quo
826 5195 1081 5252 Dainasos
1107 5195 1235 5269 papa
1263 5199 1313 5253 in
1342 5199 1564 5270 epistola
1595 5200 1659 5253 ad
1684 5195 1874 5255 Orico;

287 5273 427 5318 tales
449 5283 464 5319 :
493 5266 631 5333 Quid
659 5280 730 5321 est
752 5285 844 5322 cur
863 5266 1233 5324 abdicationem
1259 5266 1512 5325 Timothei
1539 5288 1570 5323 α
1593 5287 1670 5323 me
1693 5287 1873 5324 rursus

286 5340 587 5402 requirens,
620 5339 707 5412 qui
729 5341 888 5392 etiam
911 5340 997 5395 hic
1017 5340 1219 5412 judicio
1246 5343 1380 5396 sedis
1416 5343 1731 5406 apostolicae,
1766 5340 1873 5394 Pe-

285 5418 368 5460 tra
397 5424 599 5478 quoque
633 5409 960 5465 Alexandriw
1001 5409 1238 5483 episcopo
1282 5423 1562 5481 praesente,
1609 5413 1874 5466 abdicatus

287 5487 388 5553 (sz
422 5494 546 5553 uno
584 5496 698 5532 cum
744 5483 988 5553 magistro
1039 5499 1133 5536 suo
1190 5485 1503 5548 Apolinare?
1539 5485 1602 5538 Et
1653 5483 1704 5536 in
1759 5487 1874 5552 epi-

283 5551 428 5601 stola
457 5550 805 5606 Orientalium
832 5550 923 5606 'ad
955 5553 1150 5607 liufum
1187 5555 1722 5609 Thessalonicensem
1757 5550 1873 5623 epi-

279 5633 516 5702 scopum
561 5623 789 5703 imae-tis
829 5626 1018 5703 synodi
1054 5625 1335 5703 Ephesium
1361 5625 1470 5703 τρο
1507 5631 1874 5703 τρισμακῇριος

285 5693 536 5763 Δάμασος
560 5693 776 5749 καθιὶλιν
795 5696 1248 5770 ’,ιπολινάριοηκαὶ
1272 5699 1509 5764 Bisaltas,
1534 5693 1675 5753 Ξεαίτ
1699 5693 1872 5768 μόδιον

365 5894 380 5925 ³
413 5892 553 5946 Coti.
587 5894 799 5959 Verum,
826 5899 967 5951 beato
998 5897 1244 5951 Diodoro.

359 5963 377 5986 ³
431 5967 576 6020 idem
605 5967 748 6032 cod.,
775 5969 975 6022 divinus
1003 5971 1096 6030 vir,
1125 5986 1276 6029 naua.
1303 5985 1400 6036 etc.

1996 4815 2103 4869 ullo
2129 4812 2392 4866 sermonis
2425 4809 2689 4864 cothurno
2717 4825 2730 4861 :
2763 4806 2900 4876 quod
2934 4807 3227 4862 convenire
3258 4806 3385 4860 mihi
3415 4808 3584 4862 visunt

1991 4917 2073 4964 est
2113 4903 2402 4961 (Ζιιι-ἱδιίδιιί
2445 4901 2605 4973 stylo,
2636 4915 2740 4955 non
2789 4901 2854 4955 ad
2900 4900 3338 4965 ostentationem,
3374 4900 3468 4956 sed
3519 4907 3585 4955 ad

1979 5132 2100 5188 τοὺς
2139 5122 2442 5200 αἷρετικοῖς.
2489 5120 2701 5200 ρίιειιιιιτ
2747 5120 2908 5200 etiam
2957 5119 3007 5200 in
3052 5119 3258 5200 _Ec'oge
3303 5120 3585 5200 ‘Anast‘sii

1980 5185 2234 5255 i‘oletno'o
2256 5195 2475 5263 impius.
2507 5190 2806 5262 Apolinarii
2837 5191 3156 5259 discipulus,
3190 5185 3324 5247 ἑατὰ
3346 5193 3590 5259 Τιμ;6ἐου

1981 5293 2015 5326 σ
2032 5270 2318 5340 Σμμαθητρῦ
2348 5267 2527 5340 nemo.

2051 5331 2283 5408 ξ»Ἄριιίι
2346 5337 2598 5408 Βοειιίιιηι
2649 5333 2874 5408 epistola
2925 5331 2996 5388 92
3047 5340 3303 5408 corrupte
3348 5331 3584 5408 legitur:

1982 5403 2270 5483 Πατροφῖλῳ
2301 5405 2564 5483 intertrigo:
2587 5415 2677 5483 τῇς
2699 5407 2749 5460 ἐν
2770 5404 2958 5477 Ἆγίς,
2982 5419 3100 5483 1m:
3118 5405 3165 5457 ἐν
3181 5409 3380 5476 Αἰγαῖς.
3417 5403 3522 5483 ῥὶς
3541 5417 3589 5456 ιι

1984 5473 2330 5538 οιί;ιἰη’νοὸ.ιι
2362 5473 2564 5531 Plinius
2598 5479 2690 5530 ιιι).
2719 5493 2772 5542 v,
2798 5473 2915 5544 cap.
2943 5477 3027 5526 :17.
3062 5475 3157 5529 Est
3183 5473 3359 5526 an‘em
3395 5473 3582 5544 Augen-

1983 5559 2056 5608 Sis
2103 5553 2332 5606 civitatis
2375 5548 2575 5602 Cilicii-
2627 5548 2689 5602 II.
2721 5543 3020 5613 Quam.)
3066 5547 3329 5612 sequitur.
3358 5543 3593 5613 epistola

1981 5637 2059 5678 est
2115 5623 2290 5675 llasilii
2343 5619 2467 5678 £67,
2509 5620 2575 5674 ad
2623 5612 2927 5680 Diodortntt,
2963 5617 3181 5684 Scriptt,
3233 5628 3353 5666 cum
3407 5612 3589 5667 adhuc

1986 5695 2266 5763 presbyter
2293 5700 2437 5748 esset
2465 5690 2781 5744 Antiochia}.

2074 5894 2093 5924 ³
2122 5890 2268 5944 Idem
2298 5891 2440 5956 cod.,
2469 5903 2660 5946 νοεῖν-(ε.

2072 5964 2091 5995 δ
2122 5960 2275 6021 ldetu
2305 5963 2447 6020 cod..
2476 5967 2529 6014 in
2557 5984 2632 6015 ea.
