3974 6330
403 366 509 422 615

1495 361 1791 420 FACUNDI
1835 362 2044 418 EPISC.
2092 359 2600 418 llERMlA'NENSiS

3582 356 3684 414 616

402 482 683 538 utilitatem
714 484 987 538 hominum
1014 477 1420 536 ειν-ιιερτίιιρηιὶε.
1456 495 1472 527 ι
1509 476 1574 531 Et
1601 476 1730 528 intra
1765 494 1774 527 :
1809 494 1825 525 ‹
1857 476 1982 530 Cera
2024 479 2070 539 Λ
2102 490 2302 530 morem
2344 475 2621 531 mundatus
2652 485 2734 530 est
2761 475 2980 530 Joannis
3010 477 3224 544 sapiens
3253 479 3353 534 iste
3383 488 3565 536 noster
3597 497 3682 552 pa-

406 585 516 632 tum
547 579 688 632 enim
723 577 916 641 habeo,
946 575 1087 645 quod
1137 576 1224 644 qui
1275 581 1474 626 tantum
1525 573 1688 626 habes
1727 573 1996 627 scribendi

403 668 670 734 studium,
699 668 860 722 etiam
905 667 1009 720 alia
1058 667 1359 733 serit-turus
1405 677 1484 718 es.
1519 663 1649 716 Nam
1699 679 1870 732 neque
1910 664 1997 730 qui

402 757 666 811 scribendi
710 758 1022 811 occas'ones
1068 763 1327 824 gem-rent
1367 756 1562 808 desunt.
1607 756 1794 815 vobis;
1844 755 2004 810 nobis

401 858 583 902 autem
624 864 788 901 suave
816 858 869 902 et
897 847 1126 902 amabile
1171 856 1255 903 est
1296 847 1472 915 legere
1502 855 1674 900 vestri
1720 845 1937 914 scripta.
1975 863 1995 898 ι

403 940 470 993 Et
515 949 632 1007 post
677 955 840 1008 pauca
876 959 887 993 :
925 959 943 992 ι
985 939 1163 994 Direxi
1210 950 1383 993 autem
1432 954 1570 992 nunc
1609 954 1703 1005 per
1746 937 2001 992 lectorem

406 1027 668 1098 majorem
702 1030 967 1096 codict~m,
1000 1030 1230 1098 primunt
1279 1029 1639 1096 pertransieus
1683 1043 1828 1093 eum,
1865 1029 2004 1080 sicut

404 1123 536 1177 mihi
568 1121 819 1190 possibile
850 1121 968 1174 fuit.
989 1121 1248 1174 Minorem
1277 1131 1453 1172 autem
1484 1119 1847 1183 lettui,volens
1876 1132 1998 1172 eum

404 1213 650 1267 describe
684 1230 742 1275 e,
772 1222 825 1266 et
853 1227 959 1264 non
992 1211 1195 1264 habens
1225 1210 1288 1264 ad
1325 1226 1414 1276 pra
1436 1223 1558 1262 sens
1595 1209 1824 1277 aliquem
1858 1207 2004 1262 velo-

405 1308 540 1360 citer
569 1306 917 1358 scribentium
963 1319 978 1357 :
1026 1319 1145 1358 nam
1177 1319 1345 1372 neque
1375 1303 1440 1355 ad
1474 1311 1672 1356 tantam
1722 1308 2004 1370 pauperta-

409 1405 514 1450 tem
549 1405 905 1464 pervcnerunt
935 1395 1190 1447 invidiosa
1223 1392 1620 1461 Cappadocum.
1661 1412 1678 1443 ι
1711 1393 1842 1445 (lum
1876 1406 2004 1446 vero

409 1489 565 1539 i~tum
621 1487 938 1548 Diodorum,
964 1502 1264 1556 quanquatn
1297 1487 1502 1538 dicatur
1533 1499 1654 1538 cum
1683 1484 1969 1538 Theodoro
1988 1525 2002 1548 ,

415 1580 524 1631 imo
557 1594 666 1646 prae
691 1577 1000 1641 Theodoro,
1025 1578 1162 1631 sicut
1187 1577 1303 1645 ejus
1330 1576 1604 1643 magister,
1632 1577 1796 1630 fuisse
1826 1577 2007 1643 culpa-

410 1679 523 1733 tus;
562 1679 738 1722 tamen
772 1669 893 1736 quia
933 1669 1008 1721 sic
1039 1684 1159 1720 eum
1192 1667 1363 1736 diligit
1392 1681 1453 1720 ac
1485 1666 1737 1734 prmdicat
1767 1665 1851 1718 vir
1879 1679 2006 1717 sai.-

409 1771 527 1813 ctus
570 1776 624 1814 et
671 1762 858 1814 doctus
909 1761 1160 1826 Basilius,
1186 1771 1239 1814 et
1268 1760 1389 1829 quia
1422 1760 1498 1813 sic
1531 1761 1759 1812 honorat
1787 1768 2006 1828 propter

2107 573 2206 625 ter.
2242 575 2293 618 ιιι
2337 567 2671 633 cognoscatis
2715 567 2960 635 quoniam
3002 577 3053 621 et
3096 569 3504 638 apjellationem
3553 574 3687 630 illius

2100 654 2243 722 jnste
2267 655 2378 722 ipse
2385 655 2678 726 possidere
2702 657 2876 711 debet.
2908 656 3020 711 Non
3051 671 3161 711 crat
3196 658 3270 712 illi
3295 676 3500 728 mensa,
3521 679 3686 733 neque

2107 746 2308 814 lectus,
2336 761 2508 814 neque
2535 746 2726 800 domus
2759 761 2922 816 super
2952 756 3184 814 terram;
3226 750 3319 805 sed
3369 768 3539 818 neque
3572 754 3687 810 huic

2107 836 2393 906 aliquando
2425 837 2554 902 fuit;
2585 847 2638 892 et
2669 838 2822 906 hujus
2861 839 2935 894 rei
2968 855 3064 894 nos
3097 849 3260 895 testes
3290 858 3495 910 sumus,
3519 848 3682 916 quali-

2108 933 2191 979 ter
2217 941 2375 980 mone
2405 937 2610 995 tempus
2642 927 2864 992 advixit,
2889 931 3236 997 apostolicam
3265 933 3683 993 demonstravit'

2110 1017 2306 1082 vitam,
2339 1017 2467 1070 nihil
2519 1019 2785 1086 pr0prium
2837 1019 3072 1086 habens,
3105 1023 3198 1077 sed
3232 1040 3259 1076 a
3291 1027 3450 1080 sociis
3482 1043 3688 1098 semper

2112 1109 2341 1162 nutritus
2373 1125 2387 1163 :
2421 1109 2534 1176 ipse
2577 1110 2628 1163 in
2660 1111 2902 1165 oratione
2931 1121 2984 1165 et
3014 1112 3255 1168 doctrina
3290 1117 3442 1171 Verbi
3478 1134 3686 1187 perma-

2110 1216 2243 1284 nens
2290 1202 2630 1272 prmdcahat.
2683 1203 2772 1257 Ille
2818 1214 2962 1257 trans
3013 1203 3228 1259 fluvium
3278 1209 3594 1274 prmdiczihat
3639 1212 3691 1268 in

2109 1294 2336 1349 ἀεεοτιῑε
2390 1313 2400 1348 :
2446 1305 2500 1350 et
2542 1296 2643 1350 iste
2687 1305 2834 1350 trans
2862 1296 3076 1351 fluvium
3109 1299 3392 1368 aliquando
3420 1303 3690 1359 civitatem

2111 1403 2321 1442 onmem
2353 1387 2602 1451 edocens,
2635 1387 2964 1442 salutiferam
2993 1389 3288 1445 doctrinam
3316 1391 3563 1449 docebat.
3594 1395 3685 1450 lla-

2111 1479 2294 1534 bitavit
2338 1479 2427 1533 ille
2472 1480 2521 1533 in
2572 1479 2834 1545 custodia,
2867 1491 2918 1535 et
2947 1481 3120 1550 capite
3147 1481 3438 1538 diminutus
3464 1496 3545 1540 est
3576 1501 3686 1554 pro-

2111 1585 2229 1642 pter
2255 1571 2501 1625 fiduciam
2531 1589 2687 1640 quam
2720 1587 2816 1640 pro
2849 1573 2962 1642 lege
2991 1573 3218 1630 habebat
3251 1595 3262 1626 :
3291 1576 3382 1630 sed
3413 1579 3567 1632 etiam
3596 1580 3694 1634 iste

2109 1669 2304 1734 savpins
2351 1665 2440 1718 illa
2490 1665 2655 1733 patria
2705 1665 2977 1720 fraudatus
3019 1676 3132 1730 est,
3184 1679 3396 1736 prapter
3445 1668 3690 1722 fiduciam

2111 1774 2268 1827 quam
2304 1773 2397 1828 pro
2428 1758 2534 1811 fide
2576 1757 2741 1827 gerit;
2775 1758 2969 1824 smpius
2995 1758 3156 1811 etiam
3187 1759 3360 1825 capite
3404 1758 3694 1811 diminutus

408 1851 633 1919 gratiam
669 1851 781 1912 Dei,
813 1867 906 1918 per
937 1867 1095 1919 quam
1131 1852 1343 1919 plurimi
1372 1850 1438 1904 ad
1469 1866 1591 1903 eum
1623 1851 2002 1904 convenientes
2035 1855 2082 1914 B
2108 1860 2190 1903 cst.
2221 1860 2438 1918 propter
2467 1849 2710 1904 eamdem
2739 1863 2953 1903 causam
2973 1889 2986 1912 ,
3014 1849 3114 1903 etsi
3147 1863 3250 1902 non
3293 1864 3350 1902 re
3391 1849 3533 1917 ipsa,
3567 1863 3690 1916 pro-

411 1941 661 1994 meliurcs
692 1940 1096 2007 efficiebantur;
1127 1954 1178 1995 et
1206 1942 1328 2010 quia
1362 1944 1559 2009 scripta
1579 1942 1705 2015 ejus
1734 1941 1910 2010 legere
1940 1942 2006 1994 ita

411 2047 573 2084 suave
603 2032 677 2085 illi
709 2043 762 2085 et
792 2032 1020 2087 amabile
1050 2033 1165 2094 fuit,
1188 2042 1244 2086 ut
1271 2034 1438 2088 etiam
1461 2049 1520 2088 ea
1554 2033 1655 2088 sibi
1682 2033 2014 2088 describeret

413 2118 476 2173 ad
504 2120 817 2190 legendum;
847 2123 1081 2175 fautores
1106 2122 1477 2177 hazreticorum
1501 2138 1621 2176 cum
1653 2123 1765 2177 suis
1792 2122 2010 2190 dogma-

413 2209 553 2262 tibus
580 2223 912 2280 neqnaquam
943 2210 1199 2266 damnare
1232 2221 1561 2281 praesumunt
1588 2229 1600 2264 :
1634 2213 1802 2266 tnulto
1832 2213 2010 2267 minus

413 2299 781 2366 Theodorum,
815 2302 886 2354 ob
919 2317 978 2355 ea
1013 2317 1133 2372 quae
1163 2304 1408 2374 superius
1437 2305 1874 2373 memoravimus,
1905 2304 2008 2360 nisi

417 2392 468 2445 in
519 2391 883 2463 prtejudieium
934 2396 1124 2466 synodi
1183 2396 1672 2462 Chalcedonensis,
1722 2413 1844 2454 cum
1900 2399 2012 2454 suis

414 2484 751 2552 dogmatibus
787 2483 1043 2541 damnare
1085 2497 1486 2555 praesumerent.
1517 2489 1797 2560 Agendum
1830 2491 2013 2546 venia-

417 2591 534 2629 mus
553 2586 604 2628 et
623 2578 686 2629 ad
717 2576 846 2631 iliud
863 2591 923 2631 os
937 2593 1022 2632 am
1037 2594 1156 2634 eum
1176 2580 1747 2652 ConstantinOpolitani
1763 2584 2009 2648 Joannis,

418 2682 575 2738 quem
621 2667 860 2721 Domnus
900 2671 1266 2726 Antiochenus
1308 2674 1613 2741 episcopus,
1643 2674 1779 2728 sicut
1824 2673 1874 2726 in
1923 2689 2012 2730 se-

420 2761 710 2831 quentibus
737 2762 1101 2826 ostendemus,
1128 2762 1446 2831 discipulum
1482 2761 1697 2817 Diodori
1737 2762 1902 2818 fuisse
1931 2774 2012 2819 te-

421 2862 594 2908 statur
643 2872 656 2906 :
707 2855 757 2908 in
807 2871 914 2924 quo
966 2856 1301 2924 potissimum
1338 2856 1578 2911 doctrina
1615 2858 1740 2911 tanti
1774 2859 2010 2928 magistri

420 2962 531 3000 sua:
560 2947 838 3015 probitatis
868 2961 919 3003 ei
953 2948 1165 3002 virtutis
1193 2949 1336 3003 dedit
1364 2950 1642 3017 indicium,
1670 2961 1722 3005 et
1751 2953 1900 3019 cujus
1931 2950 2010 3005 fe-

423 3037 654 3091 cundum
688 3049 872 3106 pectus
914 3038 1212 3108 coplosiore
1263 3043 1375 3110 spei
1409 3042 1601 3096 saturis
1634 3044 1875 3098 ubertate
1921 3060 2010 3100 re-

427 3127 666 3195 spondit,
696 3139 748 3182 ut
780 3129 989 3198 quantis
1035 3130 1148 3200 ipse
1174 3146 1385 3202 quoque
1413 3131 1696 3188 Diodorum
1730 3136 2013 3204 prmctniis

2115 1943 2286 2010 posito
2332 1955 2528 1996 tamen.
2563 1942 2679 1996 Non
2731 1943 2872 1994 enim
2918 1941 3178 1995 sufferunt
3216 1941 3453 1996 veritatis
3493 1940 3692 1993 inimici

2112 2034 2228 2102 ejus
2260 2036 2448 2104 lingua:
2475 2035 2746 2099 virtutem,
2773 2034 2954 2086 decem
2987 2033 3150 2087 millia
3177 2047 3390 2102 semper
3413 2042 3694 2102 paesti-ue—

2111 2125 2242 2179 bant
2275 2126 2517 2189 insidias,
2544 2134 2598 2179 et
2626 2141 2690 2179 ex
2720 2125 2967 2179 omnibus
2996 2140 3117 2180 eum
3145 2124 3388 2180 liberavit
3420 2125 3694 2178 Dominus.

2111 2220 2223 2289 Age
2255 2219 2451 2288 itaque,
2473 2217 2583 2287 jam
2615 2217 2845 2287 linguam
2874 2216 2990 2286 ejus
3018 2215 3294 2272 audiamus
3321 2234 3334 2269 :
3366 2218 3502 2271 hanc
3529 2218 3696 2287 ipsam

2115 2321 2334 2381 pr0pter
2361 2325 2516 2380 quam
2564 2319 2616 2364 et
2660 2307 2986 2377 periclitatus
3025 2317 3126 2375 est,
3166 2319 3219 2363 et
3262 2308 3517 2362 salVatus.
3548 2307 3695 2362 lllam

2113 2405 2346 2472 linguam
2367 2445 2380 2466 ,
2409 2403 2475 2458 de
2504 2417 2603 2472 qua
2637 2403 2680 2455 si
2713 2401 2830 2470 quis
2875 2400 3069 2455 dixerit
3102 2401 3242 2471 quod
3272 2399 3339 2455 de
3369 2407 3508 2456 terra
3555 2416 3699 2472 pro-

2114 2497 2386 2551 missionis
2412 2494 2546 2550 dixit
2572 2494 2807 2564 Moyses,
2839 2493 3143 2548 nullatenus
3171 2501 3374 2563 peccat.
3407 2493 3539 2558 Quid
3569 2509 3702 2564 ergo

2114 2589 2180 2643 de
2203 2589 2292 2642 illa
2311 2587 2477 2641 dixit?
2499 2587 2663 2641 Terra
2690 2584 2856 2639 fluens
2883 2585 3015 2639 lacte
3037 2593 3090 2639 et
3110 2586 3269 2640 melle
3293 2603 3307 2637 :
3333 2585 3431 2639 hoc
3451 2584 3605 2640 etiam
3629 2585 3706 2644 de

2115 2682 2265 2737 istius
2289 2682 2465 2752 lingua
2483 2680 2764 2736 dicendum
2788 2688 2888 2749 est,
2905 2678 3049 2749 lingu
3068 2701 3077 2727 ι
3103 2678 3271 2734 fluens
3297 2683 3428 2733 lacte
3448 2687 3502 2732 et
3518 2678 3704 2734 uelle.

2118 2772 2186 2828 Ut
2225 2774 2385 2844 igitur
2434 2774 2570 2828 lacte
2611 2781 2666 2827 et
2713 2772 2866 2826 melle
2911 2783 3233 2837 saturcmur,
3267 2770 3352 2825 hic
3380 2781 3562 2826 noster
3585 2771 3707 2840 jam

2116 2867 2352 2934 quiescat
2379 2881 2577 2931 sermo,
2602 2874 2656 2919 et
2677 2865 2952 2920 audiamus
2983 2865 3148 2935 lyram
3177 2875 3228 2919 ct
3257 2866 3456 2938 tubam.
3474 2863 3708 2931 Quando

2117 2962 2257 3016 enim
2289 2963 2604 3016 suavitatem
2634 2963 2807 3017 sentio
2834 2961 3137 3025 verborum,
3162 2960 3329 3030 lyram
3361 2960 3573 3028 appello
3600 2960 3709 3013 bu-

2112 3054 2200 3123 jus
2232 3068 2448 3118 vacem;
2496 3052 2708 3122 quando
2755 3067 2881 3108 vero
2922 3051 3287 3108 fortitudinem
3319 3052 3709 3123 intelligentia—

2116 3160 2257 3209 rum,
2288 3144 2465 3198 tubam
2495 3143 2780 3215 quamdam
2803 3143 3066 3210 bellicam,
3093 3153 3146 3199 et
3173 3145 3328 3200 talem
3358 3144 3571 3215 qualem
3603 3143 3709 3201 ha-

419 3219 670 3274 extulerit
692 3219 1055 3276 advertatnus.
1080 3221 1208 3276 Nam
1240 3222 1316 3278 sic
1344 3222 1410 3278 de
1443 3225 1534 3279 illo
1562 3224 1614 3279 in
1645 3227 1872 3292 quodam
1898 3242 2009 3283 ser-

2121 3239 2316 3293 lzebant
2338 3237 2529 3303 Judaei,
2557 3254 2676 3294 cum
2707 3238 2923 3294 Jericho
2952 3253 3134 3294 muros
3160 3239 3517 3294 destruereot.
3547 3239 3709 3294 Sicut

420 3325 576 3366 mone
606 3311 814 3366 locatus
840 3324 920 3366 est
950 3328 966 3367 :
998 3331 1016 3364 t
1053 3312 1280 3383 Sapiens
1325 3317 1425 3370 iste
1468 3326 1521 3370 et
1549 3317 1870 3373 fortissimus
1917 3319 2016 3375 do-

421 3411 555 3467 ctor,
581 3418 749 3472 nuper
773 3403 1084 3460 infirmitate
1115 3410 1356 3476 corporis
1380 3410 1617 3479 exposita
1646 3427 1806 3481 super
1830 3415 2015 3470 sedem

421 3495 573 3550 istam
621 3497 945 3564 ascendens,
991 3500 1058 3555 de
1099 3517 1184 3555 me
1227 3504 1488 3557 sermonis
1538 3504 1662 3559 fecit
1706 3506 2014 3567 exordium.

425 3587 708 3657 baptistam
740 3606 823 3646 me
849 3590 877 3645 J
904 3607 1107 3647 annem
1139 3594 1342 3656 dicens.
1373 3605 1426 3650 et
1450 3612 1634 3652 vocem
1668 3598 1942 3669 Ecclesiaa,
1963 3610 2018 3656 et

421 3679 620 3749 virgam
651 3681 841 3753 Moysi,
868 3693 920 3738 et
947 3685 1048 3738 alia
1081 3687 1270 3740 borum
1305 3688 1532 3757 plurima
1564 3689 1632 3745 de
1663 3705 1747 3745 nte
1773 3692 1925 3746 dixit.
1949 3692 2016 3747 Et

421 3767 534 3837 ipse
583 3771 798 3840 quidem
849 3773 1103 3841 laudavit,
1141 3792 1234 3830 vos
1281 3787 1458 3834 autem
1507 3780 1870 3838 acclamastis.
1906 3783 2010 3840 Sed

425 3874 527 3930 ego
573 3864 750 3930 procul
784 3865 998 3931 sedens,
1032 3868 1367 3925 amarissime
1407 3873 1691 3945 suspiravi.
1729 3893 1746 3925 ι
1783 3874 1850 3929 Ει
1899 3887 2017 3944 [ost

421 3950 692 4019 aliquanta
719 3969 732 4006 ε
764 3972 780 4005 t
812 3954 903 4010 Sic
925 3958 1082 4010 etiam
1109 3957 1457 4027 imperatores
1482 3961 1676 4016 faciunt
1706 3965 2012 4031 aliquoties,

421 4049 480 4094 et
505 4042 602 4096 sibi
636 4053 817 4110 aptum
851 4045 1090 4100 diadema
1123 4049 1444 4116 auferentes,
1469 4052 1704 4109 filiorum
1737 4058 2014 4126 itnponuttt

429 4133 721 4199 capitibus;
754 4144 912 4204 atque
939 4137 1008 4190 ita
1039 4154 1158 4193 cum
1188 4141 1417 4196 viderint
1444 4145 1623 4200 minus
1655 4147 1894 4205 infantile
1921 4166 2014 4205 ca-

427 4229 523 4289 put
546 4237 704 4291 quam
736 4237 933 4280 corona
966 4237 1067 4295 est,
1095 4231 1313 4300 cupiunt
1341 4235 1416 4288 eis
1449 4240 1815 4294 tantummodo
1844 4240 2014 4312 impo-

423 4332 571 4383 nere,
599 4321 842 4388 quamvis
883 4324 1192 4399 incongrue,
1222 4344 1288 4385 eo
1333 4332 1446 4401 ipso
1475 4334 1647 4389 solum
1678 4338 2012 4397 satisfacien-

427 4419 508 4464 tes
535 4416 714 4468 animo
741 4430 839 4470 suo
871 4434 884 4470 :
929 4419 1228 4476 auferentes
1257 4423 1477 4492 deinde,
1509 4429 1721 4486 sibimet
1751 4431 1878 4502 ipsis
1906 4435 2010 4488 itit-

422 4513 645 4572 ponunt.
688 4506 946 4574 Quoniam
1004 4525 1130 4581 ergo
1176 4522 1232 4568 et
1279 4523 1429 4584 pater
1477 4519 1563 4573 hic
1607 4535 1864 4576 coronam
1911 4525 2012 4579 sibi

2120 3334 2258 3387 cnim
2291 3343 2416 3389 tunc
2447 3335 2690 3388 tubarum
2732 3348 2922 3398 sonus,
2958 3334 3079 3402 igne
3115 3333 3347 3389 velocior
3373 3348 3534 3402 super
3563 3333 3708 3401 lapi-

2119 3425 2217 3480 des
2244 3427 2476 3490 irruens,
2495 3427 2673 3480 omnia
2703 3427 3053 3480 consumebat
3082 3442 3094 3477 :
3127 3423 3207 3480 sic
3231 3434 3288 3480 et
3307 3425 3422 3493 ejus
3446 3440 3571 3488 vox,
3595 3440 3709 3481 non

2119 3520 2297 3573 mith
2321 3534 2482 3590 quam
2524 3519 2614 3574 illa
2653 3518 2800 3585 tuba,
2830 3532 2989 3588 super
3023 3517 3296 3571 molimina
3325 3517 3708 3572 haereticorum

2121 3611 2356 3672 irruens.
2403 3610 2507 3666 hoc
2555 3622 2658 3678 est,
2699 3610 3084 3679 disputatories
3132 3609 3342 3666 illorum
3393 3611 3611 3677 evertit,
3656 3621 3710 3666 et

2119 3722 2334 3761 onmem
2374 3705 2706 3760 altitudinem
2749 3704 3092 3760 extollentem
3140 3718 3201 3758 se
3239 3703 3501 3759 adversus
3531 3705 3712 3760 scien-

2119 3807 2246 3852 ttam
2276 3797 2390 3852 Dei.
2415 3796 2565 3864 Quod
2598 3811 2665 3852 ne
2697 3811 2792 3866 per
2820 3804 3054 3852 nostram
3085 3796 3252 3866 magis
3278 3794 3515 3866 linguam
3543 3811 3713 3867 quam

2120 3907 2214 3960 per
2246 3893 2404 3964 hujus
2432 3897 2546 3948 hac
2575 3891 2839 3958 dicamus,
2869 3890 2978 3961 jam
3014 3890 3098 3944 hic
3129 3900 3312 3944 noster
3339 3904 3524 3945 sermo
3555 3891 3712 3960 quie-

2118 3994 2256 4048 scat,
2287 3985 2510 4055 gloriam
2539 3985 2728 4040 dantes
2753 3985 2862 4041 Deo
2899 3985 3030 4040 tales
3058 3985 3212 4039 nobis
3234 3985 3494 4040 tribuenti
3519 3984 3714 4041 docto—

2119 4095 2227 4136 res.
2256 4098 2273 4130 ι
2305 4080 2450 4134 llanc
2477 4078 2903 4148 eloquentissimi
2933 4078 3155 4133 Joannis
3177 4079 3228 4132 in
3254 4077 3548 4134 Diodorum
3572 4092 3717 4148 prm-

2117 4173 2325 4240 cipuam
2354 4172 2586 4236 laudem,
2613 4187 2706 4241 per
2729 4186 2887 4242 quam
2921 4171 3073 4226 nobis
3097 4171 3394 4227 doctrinam
3418 4173 3539 4241 ejus
3563 4188 3724 4228 eorm

2119 4262 2390 4318 niendavit
2415 4271 2471 4316 et
2495 4262 2677 4327 vitam,
2709 4277 3011 4330 quanquam
3041 4261 3215 4316 minus
3246 4263 3499 4318 decorem
3528 4279 3725 4329 suum,

2121 4366 2214 4420 pro
2251 4352 2568 4406 necessitate
2601 4353 2765 4418 ipsius
2795 4352 3273 4421 interpretationis,
3301 4353 3385 4408 vel
3416 4355 3585 4408 etiam
3615 4370 3729 4423 pm

2121 4443 2426 4510 interpretis
2472 4443 2742 4505 facultate,
2773 4442 3098 4508 servaverit;
3142 4443 3276 4497 meis
3325 4451 3510 4499 tamen
3554 4444 3731 4512 longe

2119 4533 2412 4603 imparibus
2443 4533 2620 4588 verbis
2647 4533 3027 4589 commendare
3058 4534 3388 4603 superfluum
3417 4545 3567 4603 puto.
3599 4535 3735 4591 [loc

419 4606 812 4664 Competentem
845 4612 1006 4671 atque
1036 4603 1307 4660 sedentem
1338 4608 1488 4662 mbis
1520 4611 1791 4680 imposuit,
1821 4625 1872 4668 et
1905 4629 2009 4668 ma-

2120 4628 2290 4680 solutn
2324 4625 2476 4680 nobis
2505 4625 2848 4682 considerare
2878 4626 3128 4690 sufﬁciat,
3151 4626 3290 4693 quod
3321 4626 3562 4682 Joannes
3587 4644 3736 4682 eum

419 4685 508 4754 jor
537 4699 718 4742 nostro
750 4691 926 4761 capite
957 4695 1231 4762 apparuit;
1261 4713 1324 4752 ex
1360 4713 1542 4755 nostro
1571 4716 1687 4756 eam
1720 4704 1892 4772 capite
1919 4706 2015 4761 de-

423 4777 734 4846 trahentes,
782 4794 960 4852 aptam
1009 4785 1162 4856 hnjus
1213 4790 1373 4856 patris
1432 4792 1590 4860 capiti
1655 4792 2009 4863 imponimus.

418 4867 643 4925 Joannis
691 4875 834 4928 enim
888 4893 1082 4932 nomen
1130 4881 1268 4948 apud
1320 4897 1448 4948 Illis,
1480 4883 1782 4940 intelleeus
1831 4899 2009 4943 autem

418 4963 558 5030 apud
589 4965 763 5032 ipsum
799 4980 910 5033 est;
945 4979 998 5023 et
1027 4973 1438 5040 appellationem
1470 4978 1684 5046 quidem
1716 4993 1812 5035 nos
1841 4982 2012 5036 susci-

421 5054 625 5121 pimus,
673 5057 1060 5126 philosophiam
1110 5074 1286 5118 autem
1341 5066 1453 5135 ipse
1499 5071 1754 5136 possidet.
1789 5071 2010 5141 Propter

423 5148 524 5202 hoc
567 5159 620 5203 ct
663 5151 824 5220 ipsius
852 5155 1224 5223 appellationis
1249 5157 1446 5227 justior
1471 5163 1637 5230 magis
1668 5165 1779 5234 ipse
1807 5165 1876 5218 sit
1903 5166 2012 5219 hae-

419 5254 508 5293 res
529 5256 686 5308 quam
729 5257 846 5298 nos.
881 5246 1186 5317 Synonyma
1217 5255 1382 5314 enim,
1415 5268 1518 5308 non
1553 5257 1826 5310 nominum
1859 5273 2012 5311 com-

415 5339 624 5403 munio,
651 5341 744 5394 sed
777 5357 957 5396 rerum
987 5347 1233 5413 cognatio
1264 5347 1439 5406 facere
1467 5353 1761 5416 consuevit,
1786 5357 1884 5407 etsi
1917 5371 2013 5407 no-

417 5429 557 5482 tnitta
591 5429 855 5484 differant.
891 5453 908 5484 ι
943 5433 1007 5487 Et
1038 5434 1171 5490 infra
1203 5455 1214 5489 :
1254 5458 1270 5489 t
1307 5441 1438 5505 Quia
1483 5459 1610 5512 ergo
1649 5443 2009 5500 indubitanter

417 5525 518 5578 ista
566 5535 649 5580 cst
697 5529 901 5596 regula,
948 5540 1001 5583 et
1049 5531 1253 5600 integra
1297 5535 1534 5590 deﬁnitio
1576 5545 2002 5610 ‘synonymorum

417 5617 555 5684 apud
602 5617 929 5687 Scripturant
971 5623 1225 5690 divinam,
1260 5641 1357 5695 age
1399 5631 1742 5684 ostendamus
1773 5633 2004 5700 qualiter

491 5834 510 5868 ⁸
537 5835 669 5892 Cod.
702 5838 924 5908 Veron.,
952 5845 1321 5908 demonstrans.

2118 4719 2363 4786 haptistte
2393 4718 2587 4773 Joanni
2629 4722 3036 4776 conversatione
3081 4734 3143 4774 ac
3190 4721 3448 4789 martyrio
3493 4735 3740 4789 compa-

2120 4825 2265 4876 rans,
2292 4821 2342 4864 et
2372 4825 2524 4864 suum
2557 4825 2750 4864 nomen
2783 4810 2836 4864 in
2861 4811 3006 4864 illum
3040 4811 3308 4866 transtulit
3339 4823 3394 4866 et
3423 4827 3737 4868 coronam.

2115 4899 2215 4966 Qui
2265 4917 2450 4956 rursus
2501 4902 2552 4956 in
2599 4902 2703 4956 alio
2751 4917 2998 4957 sermone
3045 4903 3112 4957 de
3159 4903 3272 4971 ipso
3312 4918 3410 4957 suo
3454 4906 3746 4972 magistro

2120 4991 2347 5048 Diodoro
2392 4992 2567 5048 dixit:
2605 5011 2624 5044 ‹
2661 4992 2774 5047 Non
2821 4993 3110 5061 superflue,
3143 4993 3278 5048 sicut
3319 5003 3566 5064 apparet.
3600 5011 3747 5052 ser-

2116 5098 2303 5138 mones
2341 5085 2577 5154 prolixos
2605 5085 2984 5154 expendimus.
3011 5085 3116 5142 Sed
3153 5088 3296 5141 enim
3328 5087 3380 5140 in
3411 5095 3748 5158 martyrum

2110 5178 2475 5233 celebratione
2506 5192 2913 5233 commonemnr
2935 5178 3095 5232 etiam
3127 5179 3232 5232 vivi
3262 5179 3515 5250 martyris
3544 5181 3751 5238 vicini

2113 5270 2370 5340 martyrio
2417 5269 2655 5323 fluniinis
2701 5271 3014 5336 spiritualis.
3061 5268 3227 5324 Vivus
3274 5278 3361 5323 est
3403 5269 3549 5324 enim
3621 5272 3754 5330 ista

2113 5370 2332 5429 martyr,
2357 5373 2410 5414 et
2439 5369 2658 5432 martyr.
2683 5361 2944 5429 siquidem
2976 5369 3221 5414 mortuus
3249 5368 3332 5414 est
3354 5361 3554 5430 smpins
3586 5379 3754 5430 pro-

2113 5453 2303 5519 posito.
2330 5451 2520 5507 Videte
2551 5453 2667 5522 ejus
2710 5451 2951 5508 membra
2991 5454 3331 5519 mortificata,
3362 5456 3540 5508 videte
3575 5457 3752 5526 ﬁgu-

2109 5557 2221 5596 ram
2263 5543 2724 5598 circumferentem
2772 5559 2891 5613 quac
2939 5554 3066 5599 sunt
3106 5545 3356 5609 hominis,
3386 5555 3443 5600 et
3477 5560 3752 5604 sensura

2111 5636 2389 5689 habentem
2422 5637 2739 5707 angelicum.
2775 5656 2794 5688 ι
2828 5636 2894 5691 Et
2927 5645 3047 5706 post
3074 5639 3341 5708 aliquanta
3373 5656 3387 5691 :
3426 5657 3442 5687 ι
3477 5638 3603 5694 Sed
3649 5660 3758 5700 re.
