3974 6330
255 260 357 314 617

1110 263 1241 317 ΡῖἱΟ
1282 264 1703 319 DEFENSIUNE
1743 263 1959 318 TRIUM
1997 260 2307 317 CAPITCL.
2340 260 2463 314 [ΑΒ.
2511 258 2597 316 IV.

3419 256 3526 316 θη

253 382 526 426 venamur
555 370 619 425 ad
651 380 937 444 martyrem
988 375 1147 430 istum
1194 379 1385 431 iterum
1432 390 1646 447 propter
1676 394 1832 448 quem
1870 386 1913 439 Α
1945 393 2001 430 ra
2030 379 2279 447 proprie‘
2316 376 2546 443 Domini,
2574 384 2628 431 et
2655 378 3078 431 nects~ariurnnt
3110 384 3368 445 quantum
3391 389 3527 444 opus

255 476 304 517 et
336 466 439 519 ista
470 465 729 520 diximus.
754 465 1033 532 Quomodo
1066 470 1242 539 itaque
1275 482 1517 525 mortuus
1541 480 1625 525 est
1656 473 1840 525 tuorti~

258 556 420 609 licatts
459 556 697 610 membra
726 572 843 623 sua,
868 567 922 614 et
943 560 1262 614 conculcans
1292 572 1496 615 natura:
1526 561 1841 630 (Upiditrtt's

259 647 308 700 iu
343 647 578 701 humano
609 661 853 717 corpore,
882 660 936 704 et
965 651 1259 720 angelicam
1295 652 1447 707 nobis
1469 652 1841 707 demonstrans

254 740 451 793 Vitam?
469 738 524 793 Si
545 750 724 794 autem
750 740 908 794 vultis
934 742 1112 796 videre
1134 743 1256 811 quia
1290 754 1340 796 et
1373 760 1426 797 re
1458 741 1569 812 ipsa
1600 755 1841 796 mortuus

251 842 365 895 est.
390 832 745 888 recordamini
775 833 919 887 illius
951 835 1205 904 temporis
1232 834 1443 903 quando
1472 835 1662 890 bellum
1688 850 1843 901 aspe-

251 936 371 975 rum
416 921 672 976 adversus
716 921 1009 977 Ecclesium
1056 933 1451 990 exsurrexerat,
1482 934 1537 979 et
1575 928 1844 981 exercitus

253 1011 628 1075 movebantur,
657 1018 714 1066 et
756 1026 903 1065 arma
953 1015 1408 1083 praeparabantur,
1438 1017 1649 1085 quando
1698 1026 1844 1074 trans

252 1102 474 1157 ﬂuvium
505 1118 695 1159 omnes
724 1106 1202 1175 congregabantur.
1236 1106 1386 1161 Tunc
1416 1108 1529 1177 ipse
1558 1109 1768 1174 exiens,
1791 1118 1846 1165 et

254 1193 402 1248 velut
425 1194 593 1250 turris
621 1205 745 1250 ante
776 1196 967 1265 posita,
995 1198 1074 1251 vel
1106 1198 1357 1268 scopulus
1386 1198 1599 1268 quidam
1624 1200 1763 1253 altus
1791 1210 1845 1255 et

246 1298 484 1352 magnus
512 1294 637 1338 ante
665 1284 800 1339 alios
838 1294 1005 1351 stans,
1037 1294 1092 1341 et
1121 1288 1513 1342 contrariorum
1547 1286 1845 1358 suscipiens

255 1376 451 1430 ﬂuetus
472 1384 530 1429 et
554 1377 850 1435 resolvens.
877 1378 927 1430 in
958 1379 1342 1447 tranquilli‘ate
1370 1389 1619 1434 caeterum
1652 1394 1845 1449 corpus

252 1462 515 1520 Ecclesia:
561 1466 877 1533 custodivit,
922 1470 1288 1537 repercutiens
1341 1482 1741 1541 tempestatem,
1793 1480 1847 1527 et

256 1569 519 1627 praestans
545 1559 697 1613 nobis
720 1561 954 1628 quietum
983 1572 1218 1630 portum.
1248 1581 1264 1613 ι
1292 1563 1445 1617 lluuc
1470 1565 1646 1635 itaque
1668 1564 1844 1617 vivum

257 1661 581 1719 martyrem,
622 1667 685 1704 ac
729 1654 924 1720 saepius
973 1664 1292 1725 martyrem,
1338 1666 1391 1711 et
1438 1657 1846 1712 ntortil‘tcatinne

1943 478 2056 521 erat
2079 468 2319 536 exigebat
2345 483 2682 533 mensuram;
2713 469 3206 536 superabundauter
3231 477 3408 522 autem
3439 483 3497 522 re
3518 496 3529 505 ηε

1943 560 2122 629 plebat
2145 560 2465 627 praebentem
2487 559 2587 613 sibi
2612 557 3058 623 benedictionem,
3073 573 3100 610 a
3120 559 3279 613 vidua
3297 560 3317 590 ¹
3342 568 3530 627 petens

1944 666 2154 718 panem,
2203 665 2295 717 per
2342 653 2677 704 occasionem
2724 659 2901 703 autem
2950 649 3220 718 petitimtis
3270 658 3530 718 praestans

1944 741 2318 794 abundantiam
2364 740 2751 795 benedictionis
2785 758 2797 793 :
2829 741 2903 793 sic
2934 748 2985 795 et
3015 748 3105 794 tua
3147 739 3529 794 honorabilitas

1946 842 2183 886 nostram
2212 832 2554 902 exiguitatem
2590 841 2794 901 petens,
2828 833 2995 901 magis
3024 833 3118 887 das
3148 849 3306 902 quam
3335 832 3530 888 sumis.

1945 921 2369 977 Subministrans
2397 923 2612 990 quidem
2657 931 2746 976 tua
2790 923 2855 977 ad
2886 923 3055 978 Deum
3087 924 3372 992 postulatio
3398 939 3530 991 capo

1945 1014 2052 1067 saei
2098 1024 2282 1069 nostro
2325 1013 2734 1068 indelicit-ntiam
2773 1029 2839 1069 ex
2873 1029 3034 1082 parvo
3075 1022 3385 1083 przestat,et
3434 1014 3532 1083 by-

1947 1104 2077 1157 dria:
2109 1104 2497 1159 indelicientem
2526 1120 2590 1159 ex
2624 1105 2940 1174 parvissima
2981 1104 3255 1159 cumulum
3288 1102 3529 1171 largitur.

1949 1193 2094 1247 Petis
2123 1193 2301 1262 itaque
2344 1196 2392 1249 in
2437 1196 2696 1264 principio
2737 1196 2978 1263 epistola:
3024 1205 3151 1257 tuae,
3184 1193 3531 1257 honorabilis,

1948 1284 2015 1340 de
2058 1286 2320 1353 lapidibus
2369 1288 2417 1340 in
2464 1287 2709 1341 rationali
2748 1286 3201 1355 superhumeralis
3241 1284 3533 1341 sacerdotis

1948 1390 2115 1447 super
2140 1386 2324 1447 pectus
2349 1378 2527 1433 Aaron
2554 1380 2827 1448 dispositis
2858 1390 2911 1434 et
2938 1379 3169 1442 insertis,
3196 1387 3251 1434 et
3273 1377 3292 1409 ³
3320 1392 3530 1440 eorum,

1950 1478 2005 1524 et
2035 1471 2271 1535 nomina,
2297 1478 2352 1524 et
2379 1470 2614 1538 colores,
2648 1480 2702 1524 et
2731 1471 2958 1537 species,
2987 1479 3040 1524 et
3068 1470 3205 1535 loca,
3233 1477 3289 1523 et
3316 1468 3380 1521 ad
3424 1467 3533 1535 pie-

1952 1570 2112 1614 tatem
2140 1561 2395 1615 ducentes
2426 1562 2661 1627 ipsorutn
2695 1562 2930 1630 lapidum
2956 1562 3455 1628 contemplationes,
3477 1569 3535 1614 et

1952 1650 2318 1720 unu5quisquc
2359 1650 2491 1717 lapis
2524 1667 2618 1718 pro
2647 1650 2783 1720 quali
2820 1650 2956 1703 tribu
2990 1649 3264 1702 ordinwtus
3303 1659 3449 1710 erat,
3482 1656 3535 1702 et

256 1742 620 1794 membrorum
649 1743 959 1796 continuum
989 1755 1301 1815 martyrem,
1325 1747 1599 1815 solamque
1628 1747 1845 1817 ﬁguram
1884 1767 1927 1827 Β
1956 1743 2097 1797 unde
2126 1743 2375 1796 inventus
2405 1754 2513 1805 εει,
2544 1752 2595 1796 et
2626 1757 2687 1797 ex
2721 1756 2824 1811 qua
2859 1741 3047 1807 patria.
3080 1738 3177 1802 Et,
3207 1739 3361 1793 sicuti
3391 1737 3533 1803 dixi,

255 1830 726 1886 circumferentem
772 1833 1020 1898 hominis,
1052 1835 1213 1889 vitam
1242 1851 1372 1891 vero
1417 1840 1710 1908 angelicam
1755 1842 1847 1896 de-

256 1931 682 1987 moustrantem;
716 1938 877 1991 quem
916 1926 1076 1979 etiam
1113 1926 1255 1980 velut
1299 1930 1483 1982 turrim
1535 1929 1586 1982 in
1639 1931 1845 1999 pra-lio,

253 2013 520 2068 adversus
561 2014 805 2068 inimicos
835 2014 955 2070 ﬁdei
985 2027 1236 2083 stantem,
1267 2026 1322 2073 et
1357 2020 1622 2089 ingentem
1655 2036 1848 2091 scopu-

254 2103 391 2169 lum,
419 2103 654 2159 Joannes
681 2103 797 2174 ejus
826 2105 1120 2176 discipulus
1148 2108 1296 2171 dicit,
1344 2109 1395 2163 in
1439 2125 1597 2178 quem
1636 2122 1841 2165 contra-

255 2194 461 2250 riorum
491 2193 685 2248 ﬂuctus
709 2196 1126 2249 'resolverentur
1173 2196 1333 2264 illisi;
1378 2198 1617 2267 nunquid
1643 2198 1848 2268 justum

255 2287 554 2351 existimas,
576 2286 662 2356 pie
691 2286 958 2357 princeps,
984 2289 1143 2341 talem
1176 2288 1580 2344 retributionem
1606 2288 1849 2345 laborum

254 2389 310 2433 et
340 2378 692 2432 certaminum
723 2394 940 2433 suorum
986 2380 1054 2434 de
1096 2380 1292 2435 Christi
1342 2382 1579 2437 Ecclesia
1625 2384 1847 2444 mertri,

258 2483 313 2527 ut
344 2472 413 2525 ab
438 2487 500 2525 ea
529 2472 675 2526 velut
720 2472 1003 2527 bmreticus
1045 2472 1397 2528 excludatur?
1437 2472 1550 2527 Non
1595 2474 1823 2528 arbitror

258 2565 327 2620 Et
375 2572 555 2618 tamen
606 2565 657 2617 in
706 2564 1071 2633 prmjudicium
1122 2567 1309 2636 synodi
1358 2566 1848 2632 Chalcedonensis,

258 2650 465 2709 idcirco
504 2650 739 2722 jactatur
783 2655 1038 2709 exclusus
1079 2656 1245 2711 fuisse
1274 2656 1609 2723 Theodorus,
1640 2659 1779 2728 quod
1821 2674 1852 2714 a

257 2744 463 2816 Cyrillo
506 2756 740 2799 sectator
785 2746 904 2815 ejus
952 2747 1112 2802 fuerit
1156 2748 1447 2817 judicatus.
1493 2749 1629 2805 Sunt
1676 2750 1851 2807 adhuc

258 2836 431 2893 multa
480 2850 577 2904 pro
620 2837 810 2891 eodem
842 2846 1027 2892 sancto
1059 2838 1292 2893 Diodoro
1323 2840 1497 2910 magni
1525 2840 1745 2896 JOannis
1771 2840 1852 2897 di.

258 2939 366 2995 ω,
388 2944 513 2996 qua:
542 2928 607 2983 ad
634 2928 735 2981 alia
769 2937 1115 2999 properantes
1148 2931 1466 2986 omittimus.
1498 2932 1850 3001 Epiphaniam

257 3036 477 3092 quoque
490 3018 944 3092 Cyprium,virum
961 3022 1330 3077 doctissimum
1353 3021 1548 3077 scimus
1571 3024 1853 3092 scripsisse

260 3118 332 3170 do
374 3114 671 3169 haeresibus
720 3112 915 3177 libros,
953 3113 1006 3167 in
1049 3114 1243 3182 quibus
1282 3123 1338 3168 et
1376 3124 1621 3169 auctores
1664 3131 1847 3170 earum

263 3215 314 3258 et
334 3217 530 3259 causas
553 3203 834 3272 diligenter
857 3204 1193 3273 exposuit,et
1222 3220 1327 3259 non
1358 3205 1530 3259 solum
1559 3205 1847 3262 Diodorum

264 3295 411 3348 velut
454 3304 733 3348 auctorem
784 3295 1008 3362 alicujus
1060 3295 1277 3350 haeresis
1307 3296 1526 3352 minime
1557 3298 1847 3366 denotavit,

264 3396 455 3439 verum
480 3384 641 3437 etiam
673 3383 725 3437 in
758 3383 949 3438 litteris
971 3387 1080 3439 suis
1112 3386 1198 3438 tali
1229 3401 1350 3439 eum
1386 3386 1585 3442 bonore
1600 3389 1852 3458 dignatus

267 3482 369 3537 est,
392 3482 455 3528 ut
500 3472 667 3527 lilium
700 3486 844 3539 ,eum
896 3482 953 3529 et
1002 3474 1320 3545 discipulum
1377 3484 1432 3529 et
1485 3480 1852 3532 successorem

267 3564 399 3621 Elite
414 3563 755 3634 aliorumque
772 3564 1148 3633 prophetarum
1166 3566 1550 3632 pronuntiaret,
1570 3576 1622 3623 et
1640 3576 1854 3638 propin-

265 3671 426 3726 quam
478 3655 583 3709 illis
630 3670 660 3708 a
711 3655 934 3709 Domino
976 3655 1203 3725 gratiam
1239 3654 1444 3711 dideret
1481 3669 1850 3712 consecutum.

268 3748 425 3804 Unde
470 3747 797 3802 conveniens
824 3745 1029 3801 videtur
1062 3757 1123 3801 ut
1154 3749 1273 3813 hoc,
1304 3748 1440 3801 sicut
1486 3749 1537 3801 in
1584 3749 1701 3803 aliis
1731 3748 1856 3801 feci-

269 3856 411 3907 mus,
442 3855 507 3895 ex
544 3839 785 3909 epistolae
830 3840 997 3907 ipsius
1046 3849 1230 3896 tenore
1281 3849 1658 3895 monstremus.
1689 3859 1708 3893 ι
1746 3841 1855 3895 Do-

269 3931 418 3986 mino
450 3946 572 3985 meo
602 3930 906 3985 honorabili
946 3930 1094 3983 fratri
1126 3940 1179 3985 et
1206 3932 1571 3987 consacerdoti
1601 3931 1855 3992 Diodoro.

268 4020 491 4076 amabili
525 4022 800 4088 episcopo,
829 4020 1155 4090 Epiphanius
1179 4031 1205 4059 ι
1236 4022 1286 4076 ἱη
1334 4022 1560 4078 Domino
1605 4024 1851 4078 salutem.

267 4112 511 4167 Gratiam
545 4113 801 4180 majorem
834 4123 1115 4179 praestans,
1145 4128 1303 4181 quam
1332 4114 1616 4182 accipiens,
1646 4116 1859 4183 petebat

270 4204 537 4259 Dominus
565 4217 596 4255 a
623 4202 958 4257 Samaritana
983 4218 1177 4271 aquam
1207 4204 1389 4259 bibere
1420 4222 1433 4257 :
1469 4207 1580 4273 ipse
1610 4205 1730 4258 fons
1755 4220 1857 4259 ex-

271 4303 441 4358 stath,
468 4292 622 4359 juxta
673 4301 913 4361 puteum.
937 4293 1179 4358 sedebat,
1215 4305 1269 4348 et
1300 4294 1544 4363 fatigatu~
1573 4309 1635 4349 ex
1668 4296 1861 4349 itinere

274 4382 667 4447 Inveniebatur,
696 4394 753 4437 ut
780 4394 1173 4453 consequenter
1200 4384 1445 4452 praesenti
1473 4399 1740 4449 sermone,
1775 4385 1860 4438 iu-

272 4474 605 4529 earnatiunis
635 4490 743 4529 non
772 4477 1057 4531 excederet
1085 4477 1381 4529 veritatem.
1420 4494 1438 4527 ι
1481 4477 1547 4529 Et
1577 4485 1693 4544 post
1722 4492 1857 4544 pau-

275 4566 444 4621 lutum
483 4582 496 4617 :
534 4583 555 4617 ι
592 4566 695 4620 Sed
724 4567 883 4621 etiam
916 4565 1035 4634 ejus
1064 4566 1309 4635 discipuli
1338 4576 1392 4619 et
1417 4566 1577 4630 sciri,
1606 4581 1636 4619 a
1665 4565 1857 4630 quibus

274 4662 473 4729 aliquid
506 4660 777 4727 petebant,
803 4659 971 4727 magis
1000 4660 1079 4713 eis
1105 4659 1301 4712 dabant
1327 4674 1485 4728 quam
1526 4658 1861 4728 accipiebant

273 4754 340 4808 ab
370 4754 453 4810 eis
484 4769 500 4807 :
531 4763 583 4807 et
611 4752 980 4847 alloquebatur
1030 4751 1243 4822 quidem
1284 4751 1448 4818 Elias,
1470 4752 1561 4822 qui
1591 4760 1707 4806 erat
1733 4752 1864 4821 ligno

346 4990 375 5019 ⁸
404 4981 541 5036 llinc
572 4981 735 5050 liquet
778 4979 845 5035 ad
895 4978 1182 5033 Diodorum
1231 4975 1558 5050 Tarsensem
1600 4975 1856 5050 scriptum

276 5056 441 5123 fuisse
471 5058 540 5106 ab
569 5044 860 5123 Epiphanio
901 5050 1138 5123 libi-llum
1168 5051 1291 5123 περὶ
1324 5044 1651 5123 ςῷνΔ-Δὼδςκα
1678 5046 1857 5123 stem,

274 5127 345 5179 de
372 5114 704 5177 Geminis-t2
732 5123 891 5175 vestis
914 5120 1217 5183 Aaronicat,
1235 5114 1294 5171 "et
1324 5118 1500 5169 libello
1529 5114 1859 5183 prmuissarn

272 5196 416 5250 hanc
454 5193 739 5260 epistolam
787 5208 801 5245 :
847 5195 1001 5259 cujus
1032 5189 1343 5260 trodie_par_s
1371 5196 1573 5260 ttututu
1605 5184 1747 5239 edita
1778 5192 1862 5237 est

270 5267 331 5321 in
358 5257 592 5332 vulgatis
621 5278 739 5315 cum
772 5257 925 5316 nudo
946 5260 1159 5333 nomine
1192 5257 1457 5333 D_imlo_ri.__
1498 5327 1508 5333 _
1721 5325 1733 5333 Δ
1786 5323 1796 5333 θ

356 5335 383 5372 ι·
416 5325 675 5389 Ciuicam
718 5346 1005 5401 episcopos
1029 5328 1245 5399 .‘Egypti
1289 5327 1388 5383 sub
1419 5326 1675 5391 Valente,
1709 5325 1861 5379 Aria-

356 5529 372 5559 ‘
401 5532 537 5587 Cod.
564 5532 781 5595 \'eron.,
805 5530 1012 5602 proprii,

351 5608 372 5636 ¹
403 5603 549 5657 Idem
576 5602 724 5664 cod.,
749 5616 780 5653 α
806 5599 957 5653 biduo
987 5599 1206 5669 quidem.

353 5673 376 5705 ³
408 5674 555 5728 Idem
582 5672 729 5735 cod.,
754 5682 806 5724 ru
830 5685 1026 5723 «rem.

349 5745 373 5777 δ
401 5746 550 5799 idem
575 5742 723 5807 θυεμ,
750 5747 938 5793 donum
970 5736 1336 5808 mysteriorum.

566 5834 831 5895 PATIIOL
880 5827 1130 5889 LXVII.

1886 4526 1940 4587 Β

1954 1832 2108 1885 nobis
2136 1831 2347 1899 quidem
2376 1830 2565 1884 harum
2598 1845 2777 1883 rerum
2808 1828 3044 1884 difﬁtilis
3067 1828 3163 1881 fuit
3183 1827 3537 1891 omttiun,vel-

1951 1933 2011 1979 ut
2037 1924 2108 1978 illi
2137 1924 2306 1977 \idum
2336 1933 2551 1992 propter
2574 1933 2966 1992 paupertatem,
2989 1921 3241 1975 inventio.
3266 1918 3369 1975 ενα
3400 1921 3537 1978 sicut

1949 2016 2026 2071 illi
2058 2032 2153 2086 per
2185 2017 2614 2072 benedictionem
2649 2018 2965 2072 miraculum
2995 2017 3246 2084 contigit,
3275 2026 3328 2069 et
3354 2016 3537 2068 Sama-

1950 2108 2138 2163 ritana:
2172 2123 2269 2177 pro
2301 2124 2438 2179 aqua
2479 2109 2718 2163 sensibili
2749 2108 2957 2163 Domini
2998 2108 3308 2178 mysterium
3333 2106 3351 2137 ⁸
3383 2121 3538 2161 reve-

1951 2198 2156 2254 labalur
2188 2218 2200 2251 :
2236 2202 2313 2255 sic
2340 2210 2394 2254 et
2424 2201 2577 2254 nobis
2615 2200 2822 2271 exiguis
2860 2200 3224 2263 exstantibus,
3257 2198 3353 2255 sed
3401 2212 3538 2253 novo

1950 2291 2225 2346 intellectu
2255 2301 2309 2346 et
2338 2307 2471 2347 nova
2510 2290 2815 2361 cognitione
2844 2300 2899 2345 et
2930 2304 3067 2344 nova
3098 2289 3334 2352 ratione,
3366 2289 3538 2344 abun-

1950 2382 2127 2439 dantia
2158 2384 2393 2453 undique
2421 2383 2607 2438 eﬂ‘ecta
2638 2394 2740 2451 est,
2770 2384 2933 2439 veluti
2963 2398 3029 2439 ex
3065 2398 3256 2453 magna
3286 2384 3540 2443 imli-éum

1896 2512 1908 2524 ο
1949 2475 2215 2531 ell‘usione
2242 2492 2336 2545 per
2388 2480 2684 2532 orationem
2742 2476 2870 2531 Elie
2905 2486 2960 2531 et
2994 2477 3222 2530 aliorum
3257 2478 3540 2545 propheta-

1952 2584 2093 2636 rum,
2121 2584 2349 2639 quorum
2382 2578 2435 2623 et
2464 2568 2604 2623 ﬁlius
2628 2578 2683 2623 et
2708 2568 3005 2638 discipulus
3038 2579 3091 2624 et
3118 2583 3401 2624 successor
3426 2568 3541 2623 exi-

1950 2660 2047 2715 stis
2072 2702 2086 2726 ,
2131 2659 2457 2715 honorabilis
2482 2703 2495 2725 ,
2538 2660 2832 2729 suscipiens
2869 2661 3218 2731 prOpinquam
3251 2660 3357 2714 illis
3396 2659 3534 2716 hanc

1952 2749 2175 2820 gratiam
2223 2765 2254 2802 a
2304 2748 2552 2815 Domino,
2599 2758 2653 2805 et
2695 2750 2846 2805 nobis
2891 2764 2985 2818 per
3038 2750 3337 2804 orationem
3384 2749 3542 2808 auria

1950 2840 2139 2895 buens.
2179 2857 2199 2893 ι
2234 2838 2352 2894 Νοη
2384 2840 2535 2909 parvi
2578 2850 2721 2895 esset
2744 2839 2926 2895 iudicii
2951 2884 2965 2908 ,
2999 2841 3416 2896 clementissime
3443 2840 3541 2895 im-

1953 2940 2188 3001 perator,
2234 2930 2315 2985 vel
2359 2930 2405 2986 si
2453 2931 2681 2986 aliorum
2724 2931 2939 2987 Palmm
2992 2932 3295 2987 testimonia
3341 2932 3542 2988 deicis.

1951 3031 2069 3076 sent
2094 3021 2136 3087 ',
2161 3022 2358 3076 nullius
2386 3032 2659 3077 auctorem
2691 3022 2912 3077 haeresis
2929 3024 3199 3078 exstitisse
3221 3022 3537 3088 Diodorum,

1875 3140 1922 3203 ο
1954 3113 2095 3183 quod
2133 3124 2256 3169 eum
2291 3112 2644 3184 Epiphanius,
2669 3111 2751 3166 vir
2777 3113 3155 3183 sagacissimus
3183 3123 3231 3168 et
3266 3114 3318 3169 in
3346 3114 3543 3169 doctri-

1954 3220 2018 3260 na
2058 3205 2334 3260 catholicze
2375 3204 2496 3259 lidei
2527 3202 2864 3260 laudabiliter
2889 3206 3232 3273 diti‘amatus,
3262 3221 3367 3260 non
3425 3222 3542 3261 me-

1954 3295 2245 3351 moraverit
2293 3294 2433 3349 inter
2482 3294 2897 3354 haeresiarchas.
2947 3297 3160 3365 quando
3206 3311 3380 3363 neque
3423 3296 3542 3352 illos

1954 3388 2043 3457 qui
2078 3395 2202 3441 ante
2229 3388 2521 3441 achntum
2554 3386 2761 3441 Domini
2795 3400 2957 3441 novas
2995 3386 3264 3441 doctrinas
3294 3387 3539 3443 institue-

1954 3485 2080 3532 runt
2109 3518 2124 3544 ,
2148 3476 2410 3531 omiserit.
2444 3474 2577 3531 Cum
2617 3490 2744 3545 ergo
2774 3484 2915 3530 tanta
2949 3475 3106 3530 fuerit
3129 3476 3391 3531 industria
3420 3477 3538 3544 ejus

1955 3576 2116 3638 atque
2142 3567 2390 3633 scientia,
2420 3578 2477 3621 ut
2514 3566 2761 3635 antiquos
2786 3567 2947 3621 etiam
2976 3567 3065 3636 qui
3092 3568 3420 3637 temporibus
3446 3567 3545 3622 Ju-

1958 3658 2199 3746 daeorum
2247 3671 2382 3712 non
2431 3657 2775 3721 docuerunt,
2829 3657 3109 3713 haereticos
3154 3673 3260 3712 non
3312 3667 3541 3724 taceret;

1957 3744 2225 3817 quomodo
2250 3755 2569 3817 praesentem
2602 3744 2892 3801 Diodorum
2932 3747 3247 3817 magistrum
3279 3747 3549 3803 Theodori

1959 3840 2287 3908 praeteriret,
2318 3839 2362 3893 si
2401 3854 2553 3893 nova:
2584 3837 2843 3893 doctrina:
2868 3854 3023 3907 quam
3066 3836 3342 3894 Nestorius
3386 3855 3545 3895 secus

1960 3940 2043 3985 tus
2083 3940 2166 3985 est
2189 3972 2204 3995 ,
2236 3928 2431 3985 fuisset
2476 3929 2766 3985 inventor?
2798 3930 2972 4000 Super
3003 3930 3119 3985 haec
3148 3941 3325 3987 autem
3360 3930 3547 4001 adjici-

1960 4034 2080 4074 tnus
2106 4021 2268 4075 etiam
2322 4021 2697 4090 episcoporum
2732 4019 3108 4092 Egyptiorum
3134 4023 3222 4092 qui
3254 4023 3305 4077 itt
3341 4023 3544 4078 Diocte-

1961 4125 2113 4166 sarea
2140 4110 2455 4166 exsulabant
2488 4111 2514 4149 ιι
2547 4113 2646 4165 sub
2675 4110 2901 4165 Valente
2929 4111 3271 4180 imperatore,
3297 4127 3546 4183 magnum

1961 4215 2057 4272 pro
2088 4212 2276 4257 sancto
2306 4202 2541 4257 Diodoro
2564 4202 2949 4259 testimonium.
2982 4203 3113 4257 Nam
3144 4219 3264 4259 cum
3289 4206 3549 4261 adversus

1961 4293 2321 4361 Apollinarem
2372 4293 2674 4348 scriberent
2731 4293 2983 4347 monachi
3032 4294 3083 4347 in
3139 4293 3305 4347 Nitria
3361 4295 3550 4349 consti-

1961 4385 2059 4439 tuti
2091 4383 2133 4448 ⁸.
2164 4383 2277 4437 hate
2302 4392 2422 4452 post
2448 4383 2717 4452 aliquanta
2745 4384 2998 4439 dixerunt
3026 4401 3038 4438 :
3079 4402 3097 4435 ι
3136 4383 3392 4438 Mirabilis
3418 4398 3548 4437 vero

1962 4475 2476 4547 Apollinariustaies
2528 4476 2731 4530 litteras
2770 4490 2836 4530 ex
2890 4476 3105 4529 natuine
3136 4485 3321 4529 nostro
3373 4476 3547 4528 susci-

1966 4569 2159 4638 piens,
2210 4566 2506 4636 suSt-ipiens
2551 4568 2712 4621 etiam
2768 4575 2822 4620 et
2868 4566 3136 4634 propriam
3163 4566 3443 4635 epistolam
3495 4566 3547 4618 iu

1968 4662 2188 4713 nomine
2233 4656 2461 4726 Adelphi
2498 4666 2552 4710 et
2599 4657 2821 4721 ls‘dori,
2863 4655 3013 4725 juxta
3045 4666 3226 4710 votum
3256 4670 3439 4720 suum,
3494 4655 3547 4708 in

1974 4760 2177 4804 tantum
2212 4764 2309 4804 nos
2336 4750 2698 4817 contempsit,
2746 4756 2805 4802 ut
2836 4748 2947 4818 ipse
2980 4758 3163 4817 postea
3199 4746 3419 4803 auderet
3439 4747 3550 4802 suis

1965 4989 2153 5028 uorum
2180 4973 2406 5040 impulsu
2425 5013 2441 5037 ,
2478 4971 2648 5042 Magni
2676 4970 2814 5025 comi
2844 4971 2886 5042 is
2909 4984 3179 5024 sacrarum
3204 4970 3550 5040 largitionum

1964 5059 2122 5111 Opera
2156 5046 2206 5097 in
2239 5044 2487 5097 exsilium
2514 5041 2713 5109 eiectos
2738 5084 2753 5107 ,
2780 5057 2842 5093 ac
2868 5041 3212 5111 Dinon-sarcre
3234 5042 3431 5110 Oppido
3454 5043 3552 5096 νυ.

1966 5110 2187 5169 lzestina:
2235 5113 2478 5167 habitare
2519 5110 2722 5183 juss--s,
2761 5127 2860 5167 auc
2886 5126 2947 5163 or
2970 5120 3055 5183 est
3094 5110 3284 5165 l’etrus
3316 5115 3551 5166 Alexano

1966 5186 2153 5239 drinus
2197 5185 2250 5237 in
2281 5181 2842 5251 epistola'circulari,
2897 5181 3051 5251 cujus
3104 5194 3307 5252 partem
3358 5185 3552 5238 recitat

1965 5255 2338 5313 'l‘lteodoretus
2367 5254 2458 5308 lib.
2491 5268 2543 5310 ιν
2576 5252 2846 5321 lltstOrlaa,
2868 5267 2986 5323 cap.
3008 5252 3097 5311 20.

2039 5519 2060 5549 '
2089 5515 2219 5570 Cod.
2245 5515 2466 5580 Verum,
2499 5516 2641 5569 nobis
2681 5516 2979 5584 defuissent.

2042 5588 2064 5620 ⁸
2104 5588 2271 5641 Idem.
2303 5588 2449 5649 cod.,
2479 5582 2754 5639 monachis
2795 5587 2845 5636 in
2898 5582 3073 5636 Nitria
3102 5582 3407 5636 consl'ttttis.
3456 5582 3553 5640 Itis

1965 5659 2114 5713 enim
2163 5658 2407 5710 scribunt
2450 5656 2685 5725 episcopi
2718 5654 2948 5724 Egnatii
2991 5654 3041 5705 iu
3087 5653 3411 5708 Diuersarca
3452 5660 3559 5711 sub

1977 5729 2195 5786 \‘alcnte
2230 5727 2553 5783 exsultantes.

3494 5873 3532 5898 ,Ι
