3974 6330
420 377 521 436 (Si!

1547 372 1839 431 ΡΑαυδοι
1884 372 2086 428 Ei'lSC.
2132 369 2632 427 llERiilANiﬂNSlS

3600 373 3707 429 620

412 496 614 551 ititterls
639 487 1432 562 accusaeirreprehensihilem
1462 500 1514 543 et
1543 488 2005 560 religiosissimum
2038 493 2080 550 Α
2114 484 2398 538 haereticos
2439 484 2791 549 memoravit,
2837 483 2927 555 qui
2957 484 3026 539 de
3080 485 3376 559 Scripturis
3420 488 3622 543 sanctis
3651 490 3707 545 in

418 586 885 657 archiepiscopum
928 583 1225 638 Antiochia:
1270 581 1550 636 Paulinum
1577 622 1594 649 ,
1652 580 1743 652 qui
1797 595 2012 648 semper

414 678 837 733 communicavit
893 686 973 731 ter
1017 674 1173 729 beato
1202 688 1351 743 papa:
1396 680 1581 729 nostro
1628 671 1921 726 Athanasio
1958 679 2012 725 et

423 770 673 824 omnibus
701 770 755 823 in
802 765 1090 823 Occidente
1139 765 1456 821 orthodoxis
1503 764 1792 834 episcopis.
1848 762 2012 818 Nobis

424 868 602 915 autem
632 875 695 915 ex
726 858 1038 929 acceptione
1068 857 1252 913 talium
1277 858 1574 912 litterarum
1605 858 1914 923 commotis,
1960 864 2025 911 et.

418 951 747 1006 habentibus
784 950 854 1006 de
909 958 1158 1004 aceusato
1192 948 1276 1003 vel
1328 948 1548 1003 haeresis
1589 948 1671 1003 vel
1701 948 2012 1004 schismatis

423 1042 818 1112 suspicionem,
868 1056 1010 1110 saepe
1039 1042 1380 1095 volueramus
1426 1039 1501 1093 illi
1552 1039 1871 1094 rescribere.
1904 1038 2010 1095 Sed

425 1136 551 1189 dum
610 1136 725 1190 hinc
776 1142 1026 1204 aguntur,
1094 1148 1159 1187 ex
1206 1133 1606 1202 dispensatione
1655 1132 1751 1188 Dei
1801 1132 2015 1188 demon-

425 1236 609 1281 strata!
636 1236 762 1280 sunt
811 1225 966 1280 nobis
996 1232 1049 1280 et
1104 1225 1371 1293 inscrime
1397 1225 1516 1295 ejus
1551 1224 1930 1295 dispositiones
1960 1234 2014 1281 et

425 1318 763 1372 definitiones
792 1319 859 1372 de
890 1317 1015 1385 ﬁde,
1040 1325 1397 1371 consonantes
1420 1316 1505 1372 eis
1534 1332 1655 1387 quae
1676 1325 1830 1371 antea
1860 1316 2014 1371 multi

424 1410 708 1463 venientes
739 1408 803 1462 ad
833 1421 931 1465 nos
959 1408 1026 1463 de
1057 1410 1172 1478 ipso
1202 1408 1356 1463 nobis
1384 1409 1692 1478 Apolinario
1742 1408 2009 1479 dixerant,

426 1499 685 1555 habentes
713 1515 772 1555 se
801 1516 908 1554 non
958 1508 1104 1555 recte
1156 1501 1224 1554 de
1278 1500 1649 1556 incarnatione
1695 1499 2010 1557 Salvatoris.

425 1593 507 1650 Ad
531 1593 645 1647 hrec
672 1593 833 1647 etiam
874 1603 928 1648 et
968 1592 1099 1647 alias
1153 1592 1390 1657 litteras,
1422 1591 1698 1662 inquibus
1745 1593 2015 1649 accusavit

422 1683 791 1737 uenerabilem
823 1682 1285 1750 archiepiscopum
1316 1679 1477 1751 Cypri
1530 1673 1887 1751 Epiphanium
1921 1695 2010 1735 or-

427 1777 759 1844 thodeuut,
814 1784 868 1830 et
913 1776 1397 1830 communicantem
1440 1788 1655 1844 semper
1707 1773 2013 1829 beatissimo

2118 585 2341 644 utraque
2372 574 2545 645 lingua
2589 573 2789 646 aliquid
2822 576 3299 645 conscripserunt:
3333 592 3441 633 non
3492 580 3660 636 tacuit
3683 579 3709 612 ⁸

2115 672 2207 741 qui
2240 670 2504 725 hmresnm
2539 670 2737 726 fuerint
2766 672 3109 739 conditores,
3158 674 3320 743 quive
3366 688 3706 745 assertores,

2117 761 2198 815 vel
2222 762 2308 832 qui
2340 763 2500 817 etiam
2531 778 2559 815 a
2592 763 2911 834 quibusdam
2952 771 3008 819 ut
3031 764 3270 823 haeretici
3299 776 3705 836 accusarentur,

2115 850 2236 905 aliis
2266 854 2452 906 contra
2480 851 2910 908 defendentibus.
2945 854 3047 922 Qui
3073 864 3252 911 tamen
3299 868 3545 914 sanctum
3576 860 3707 917 Dio-

2118 941 2308 996 dorum
2340 958 2439 997 nec
2468 944 2521 997 in
2565 945 2922 1012 su5picionem
2954 946 3173 1003 haresis
3209 948 3425 1005 venisse
3470 952 3660 1008 retulit
3690 968 3707 1006 :

2115 1035 2183 1090 de
2214 1051 2319 1106 quo
2345 1037 2413 1090 sit
2439 1036 2512 1092 ait
2536 1054 2550 1090 :
2586 1056 2604 1089 ‹
2643 1038 2904 1094 Diodorus
2930 1039 3213 1097 Tarsensis
3242 1044 3551 1113 episcopus,
3578 1043 3708 1100 dum

2116 1128 2418 1183 Antiochiae
2468 1138 2613 1185 esset
2659 1131 2967 1202 presbyter,
2997 1133 3166 1204 magis
3210 1132 3427 1191 claruit.
3479 1135 3711 1192 Exstant

2116 1219 2233 1291 ejus
2272 1222 2324 1277 in
2373 1221 2629 1291 Apustolo
2666 1225 3057 1279 commentaria
3082 1265 3098 1289 ,
3148 1231 3205 1280 et
3251 1223 3421 1281 multa
3469 1226 3611 1294 alia,
3639 1228 3709 1282 ad

2119 1311 2334 1367 Eusebii
2366 1314 2533 1383 magis
2584 1311 2951 1369 characterem
2981 1315 3309 1384 pertinentia
3353 1332 3368 1371 :
3400 1315 3559 1389 cujus
3584 1333 3707 1374 cum

2116 1420 2334 1460 sensum
2364 1416 2584 1461 secutus
2614 1406 2683 1461 sit
2704 1444 2719 1471 ,
2746 1406 3109 1476 eloquentiam
3163 1408 3362 1463 imitari
3402 1425 3507 1464 non
3536 1411 3711 1480 pomis

2117 1508 2339 1571 propter
2368 1499 2724 1569 ignorantiam
2754 1499 3095 1554 ateculariunt
3149 1500 3473 1556 litterarum.
3510 1520 3531 1555 ι
3565 1502 3711 1558 Con-

2117 1599 2270 1644 sonat
2300 1599 2477 1645 autem
2507 1589 2594 1644 hic
2643 1603 2822 1645 sermo
2866 1588 3010 1644 beati
3048 1589 3377 1660 Hieronymi,
3408 1608 3515 1661 quo
3540 1594 3710 1652 refert

2117 1682 2421 1751 eloquentia
2467 1682 2731 1737 minorem
2788 1681 3075 1737 Diodorum
3122 1682 3327 1749 fuisse,
3381 1685 3561 1740 verbis
3588 1703 3709 1758 qua

2120 1771 2535 1827 memoravimus
2584 1772 2728 1828 beati
2780 1771 2994 1838 Basilii,
3025 1772 3220 1843 quibus
3260 1772 3436 1828 eidem
3477 1774 3709 1831 Diodore

426 1884 577 1939 papa:
606 1878 791 1924 nostro
822 1867 1137 1923 Athanasio.
1175 1867 1367 1922 Adhuc
1417 1868 1582 1922 etiam
1628 1876 1683 1921 et
1736 1865 2014 1922 sanctissi-
2042 1870 2090 1933 Β
2116 1865 2359 1921 scribens
2384 1865 2452 1920 de
2480 1866 2618 1922 libro
2647 1880 2807 1936 quem
2833 1866 2903 1931 ei
2938 1866 3154 1921 miserat
3180 1902 3196 1931 ,
3230 1866 3365 1920 dixit
3398 1883 3412 1919 :
3442 1866 3579 1934 Quia
3609 1883 3708 1922 ης

420 1977 570 2016 mum
604 1961 955 2026 Tarsensem,
989 1968 1042 2015 et
1071 1958 1555 2014 communicantem
1585 1958 1828 2015 similiter
1856 1960 2014 2016 beato

420 2067 578 2123 papa
601 2063 785 2106 nostro
832 2050 1156 2117 Athanasio,
1188 2059 1243 2105 et
1270 2060 1508 2104 nostrum
1541 2048 1780 2120 ipsorum
1806 2052 2016 2120 episco-

417 2160 552 2214 pum
575 2145 592 2176 ⁸
623 2144 913 2198 Diodorum
969 2140 1301 2212 abjudicavit
1326 2144 1347 2174 ¹
1383 2140 1600 2212 injuste
1650 2156 1743 2212 per
1770 2140 2016 2212 proprias

424 2236 647 2305 litteras,
699 2236 743 2290 si
775 2250 881 2289 non
912 2234 1259 2289 abstinuisset
1300 2248 1329 2285 a
1359 2232 1738 2288 communione
1764 2240 1891 2290 ante
1930 2233 2017 2288 di-

414 2340 633 2384 ctorum
661 2326 1084 2383 orthodoxorum
1113 2326 1491 2396 episcOporum
1541 2324 1750 2382 Paulini
1794 2336 1846 2380 et
1876 2325 2016 2397 Epi-

427 2422 629 2491 phanii.
667 2439 686 2475 ι
723 2420 815 2475 His
844 2420 1005 2474 etiam
1034 2418 1388 2474 consideratis
1417 2434 1536 2489 qua:
1564 2417 1904 2473 confessores
1928 2419 2016 2477 isti

416 2516 752 2585 loquuntur,
785 2514 1027 2569 confiteri
1075 2512 1336 2568 debemus
1380 2512 1851 2568 condemnandum
1907 2526 2014 2568 non

414 2619 545 2660 esse
577 2603 884 2669 Diodorum,
913 2619 1073 2675 quem
1089 2604 1330 2659 videmus
1352 2616 1381 2655 a
1409 2602 1602 2657 talibus
1622 2610 1674 2657 et
1697 2617 1792 2671 pro
1820 2601 2013 2658 talibus

426 2693 811 2765 adjudicatnm.
839 2694 955 2748 Non
998 2694 1140 2748 enim
1176 2693 1329 2748 decet
1358 2690 1677 2765 Apollinaris
1735 2690 2013 2746 haeresiar-

414 2786 538 2843 chat
580 2798 679 2840 nos
705 2783 932 2839 inveniri
962 2784 1158 2849 socios,
1190 2784 1274 2838 vel
1306 2782 1765 2853 irreprebensihili
1790 2792 1844 2837 et
1882 2784 2012 2839 reli-

424 2877 732 2946 giosissime
760 2874 984 2930 Palino
1025 2874 1323 2930 Antiochiae
1352 2884 1406 2929 et
1437 2873 1731 2929 venerabili
1760 2874 2011 2957 episcopo

429 2967 729 3039 Epiphanio
756 2966 952 3039 Cyprio
995 2966 1294 3023 contrarios
1318 2983 1331 3020 :
1361 2975 1418 3020 ut
1447 2965 1563 3035 ejus
1592 2966 1864 3022 memoria:
1904 2983 2011 3025 non

426 3060 884 3115 eommunicemus
911 3100 927 3126 ,
959 3058 1107 3115 velut
1149 3058 1383 3114 haeretici
1410 3102 1423 3125 ,
1454 3059 1542 3128 qui
1569 3071 1850 3131 pr.~pterea
1880 3074 2010 3117 θυη-

425 3153 711 3205 demnatus
736 3158 819 3206 est
859 3150 927 3205 ab
957 3149 1212 3205 haeretica
1239 3192 1254 3217 ,
1286 3150 1425 3222 quod
1455 3165 1563 3206 non
1606 3152 1954 3210 abstinuiSset
1981 3169 2009 3208 a

2120 1958 2291 2013 riatur
2329 1957 2644 2023 sententiis,
2678 1964 2733 2013 et
2758 1955 2918 2013 facile
2961 1957 3013 2010 in
3041 1970 3108 2011 eo
3136 1955 3519 2012 discernuntur
3540 1972 3708 2012 eccm

2121 2048 2285 2104 trario
2310 2047 2679 2118 appositiones
2701 2089 2717 2114 ,
2763 2056 2820 2102 et
2868 2046 2933 2101 ati
2964 2060 3059 2101 eas
3110 2047 3515 2114 responsiones,
3544 2057 3600 2102 et
3626 2056 3710 2103 est

2117 2140 2360 2195 oratione
2419 2140 2643 2209 simplex
2669 2181 2684 2205 ,
2716 2146 2772 2193 et
2807 2138 2925 2194 sine
2954 2137 3063 2192 ullo
3099 2138 3364 2193 sermonis
3392 2138 3661 2193 cothurno
3692 2152 3710 2191 :

2119 2230 2259 2300 quod
2312 2232 2603 2286 convenire
2652 2228 2782 2283 mihi
2848 2230 3020 2284 visum
3071 2237 3155 2285 est
3198 2227 3487 2285 Christiani
3528 2230 3711 2300 style,

2118 2338 2224 2378 non
2253 2323 2319 2378 ad
2362 2322 2809 2388 ostentationem,
2857 2321 2955 2377 sed
2999 2321 3067 2377 ad
3120 2321 3402 2377 utilitatem
3432 2322 3713 2377 hominum

2117 2415 2425 2470 scribentis.
2480 2414 2548 2469 Et
2574 2414 2982 2470 abundaverant
3029 2413 3245 2484 quidem
3279 2415 3434 2471 nobis
3459 2458 3474 2485 ,
3517 2416 3584 2470 ad
3611 2418 3713 2473 de-

2118 2507 2525 2563 monstrandum
2556 2506 2697 2576 quod
2722 2508 3101 2578 proposuimus
3126 2506 3229 2563 ista
3254 2522 3373 2575 qua
3398 2507 3542 2563 dicta
3562 2519 3713 2566 sunt.

2118 2597 2316 2653 Verum
2347 2599 2470 2669 quia
2508 2598 2639 2654 nihil
2678 2599 2968 2667 debemus,
2998 2599 3085 2656 vel
3131 2600 3317 2670 gloria:
3369 2602 3539 2670 ipsius
3566 2601 3714 2658 beati

2119 2688 2368 2759 Diodori,
2401 2692 2484 2748 vel
2537 2707 2714 2749 causa
2761 2693 3053 2763 cognitioni
3102 2692 3123 2724 ’⁵
3151 2694 3422 2762 minuere,
3473 2695 3717 2765 qualiter

2116 2786 2280 2842 etiam
2319 2786 2747 2854 praedecessores
2778 2786 2943 2842 vestri
2985 2786 3224 2856 religiosi
3253 2786 3542 2857 principes,
3570 2788 3719 2845 Gra-

2116 2877 2317 2946 tianus,
2395 2878 2831 2944 Valentinianus,
2898 2889 2955 2937 et
3019 2877 3191 2949 major
3236 2878 3605 2948 Theodosius,
3659 2880 3715 2937 ei

2116 2969 2315 3028 fuerint
2360 2972 2633 3040 attestati,
2678 2972 3035 3029 omittendum
3090 2986 3214 3029 esse
3257 2987 3363 3026 non
3411 2973 3715 3029 credimus.

2115 3063 2361 3133 Quicum
2392 3064 2696 3121 scriberent
2717 3063 2783 3123 ad
2814 3065 3121 3120 Auxanium
3155 3064 3531 3133 proconsulem
3560 3066 3731 3122 Asius

2116 3159 2183 3214 de
2211 3159 2557 3215 restituendis
2578 3157 2847 3224 ecclesiis.
2872 3160 2941 3213 ita
2964 3166 3089 3229 post
3108 3158 3378 3228 aliquanta
3407 3158 3664 3212 dixerunt
3698 3176 3715 3212 :

424 3243 803 3299 communione
830 3251 956 3297 ante
1002 3240 1267 3297 dicmtum
1314 3242 1759 3299 orthodosorum.
1794 3245 2013 3302 Accedit
2040 3242 2087 3304 C
2124 3269 2143 3303 ι
2178 3250 2293 3306 Soli
2342 3249 2419 3307 illi
2454 3252 2689 3307 habeant
2727 3250 3026 3317 ecclesias,
3057 3249 3148 3319 qui
3176 3249 3576 3304 communicant
3608 3248 3717 3305 Νθ

424 3335 588 3391 etiam
641 3343 840 3390 nostra
885 3333 1304 3390 considerationi
1332 3336 1623 3392 auctoritas
1663 3337 1876 3395 concilii
1910 3338 2011 3393 150

422 3428 799 3498 episcoporum
821 3470 834 3493 ,
868 3426 923 3481 in
969 3430 1106 3481 hanc
1134 3428 1333 3499 regiam
1365 3426 1638 3484 civitatem
1684 3438 1869 3484 contra
1902 3430 2012 3484 Ma-

416 3518 708 3576 cedoniam
754 3529 1196 3589 congregatorum
1223 3562 1239 3588 ,
1273 3520 1413 3577 inter
1443 3536 1580 3592 quos
1630 3532 1746 3583 erat
1794 3534 2013 3579 sanctus

422 3614 529 3669 iste
569 3610 848 3667 Diodorus.
882 3613 1116 3668 Accedat
1142 3612 1285 3683 quod
1326 3614 1379 3670 in
1413 3613 1668 3671 Ecclesiae
1695 3631 1860 3687 pace,
1903 3618 2015 3688 ple-

420 3718 529 3759 nus
573 3703 815 3771 dierum,
845 3718 965 3759 cum
996 3704 1165 3775 gloria
1215 3720 1407 3775 magna
1453 3704 1739 3761 defunctus
1789 3716 1893 3765 est.
1948 3709 2015 3763 Et

426 3793 587 3848 nimis
633 3793 803 3849 audax
860 3794 1098 3864 profecto
1143 3794 1443 3859 videbitur,
1492 3806 1548 3851 ut
1591 3807 1778 3853 contra
1821 3797 2011 3853 borum

426 3884 663 3941 omnium
696 3887 1068 3943 auctoritatem
1095 3929 1109 3953 ,
1159 3886 1281 3941 talis
1310 3902 1373 3942 ac
1404 3898 1581 3943 tantus
1612 3890 1865 3946 Ecciesite
1914 3892 2012 3948 do-

425 3989 542 4036 ctor
568 3994 664 4051 pro
694 3979 876 4053 Cyrilli
905 3980 1137 4051 querelis
1159 3982 1639 4041 anathematizetur
1671 3986 1813 4040 velut
1844 3986 2014 4043 haere-

427 4074 603 4129 ticus:
637 4074 778 4145 quod
801 4083 854 4129 et
884 4076 1015 4129 istos
1038 4074 1255 4146 judices
1280 4086 1614 4131 mortuorum
1643 4078 2014 4137 considerasse

426 4166 753 4220 credendum
775 4173 875 4219 est.
909 4164 1014 4221 Sed
1034 4180 1158 4220 cum
1187 4180 1285 4237 pro
1324 4164 1517 4222 iisdem
1544 4168 1778 4238 querelis
1805 4209 1823 4235 ,
1853 4172 1935 4225 vel
1966 4171 2015 4229 si

426 4270 611 4310 verum
644 4256 733 4323 sit,
763 4271 868 4310 non
893 4255 995 4311 nisi
1040 4255 1189 4327 prius
1216 4256 1439 4313 excluso
1469 4258 1725 4330 magistro
1752 4259 2012 4329 Diodoro,

426 4346 639 4402 excludi
668 4345 783 4419 ejus
813 4346 1106 4418 discipulus
1159 4349 1327 4419 possit
1352 4366 1367 4405 :
1392 4350 1662 4419 quomodo
1684 4351 1751 4405 ab
1774 4351 1891 4408 istis
1921 4368 2013 4408 so-

426 4440 507 4494 lus
536 4437 850 4495 Theodorus
878 4454 985 4494 non
1026 4438 1094 4495 ad
1135 4441 1467 4496 eversionem
1494 4441 1684 4512 synodi
1712 4442 2013 4501 Chalcedo-

426 4532 611 4587 nensis
633 4531 884 4587 credatur
905 4532 1189 4588 exclusus?
1213 4531 1569 4603 Hieronymus
1585 4546 2008 4606 quoquenoster,

2114 3355 2285 3400 ctam
2333 3344 2354 3375 '
2384 3342 3002 3413 Constantinopolitano,
3052 3350 3108 3398 et
3157 3341 3441 3396 Timotheo
3470 3342 3716 3396 Alexan-

2115 3436 2304 3502 drino,
2356 3443 2410 3489 et
2453 3434 2669 3505 Pelagio
2732 3434 2999 3489 Laodicia
3045 3432 3313 3499 Orientis,
3366 3441 3421 3486 et
3472 3430 3717 3489 Diodoro

2117 3528 2299 3593 Tarsi,
2342 3534 2398 3581 et
2428 3526 2593 3582 totius
2637 3525 2853 3582 concilii
2881 3525 2983 3581 sub
3009 3523 3209 3579 vicario
3233 3524 3375 3579 Asiae
3402 3524 3718 3593 constituti,

2114 3631 2171 3677 et
2222 3620 2602 3691 Amphilochia
2631 3620 2886 3690 episcopo
2916 3618 3081 3675 lcenii
3104 3656 3121 3685 ,
3153 3628 3206 3673 et
3255 3618 3471 3687 Optimo
3518 3617 3721 3672 Antio-

2115 3713 2278 3769 obito.
2308 3713 2368 3768 lu
2416 3711 2642 3769 Pontico
2683 3726 2817 3767 vero
2865 3711 3126 3777 concilio,
3183 3708 3427 3764 llelladio
3453 3708 3724 3778 episcopo

2116 3804 2409 3872 Caesarea,
2439 3815 2495 3860 et
2542 3804 2799 3873 episcOpo
2844 3802 3101 3858 Melitina:
3128 3800 3336 3865 Otreio,
3363 3810 3418 3854 et
3447 3797 3723 3869 Gregorio

2116 3895 2391 3967 Nysseno,
2449 3903 2506 3951 et
2534 3893 2790 3949 Terentio
2834 3890 3072 3962 Scythia
3113 3899 3163 3955 ι,
3207 3900 3263 3945 et
3292 3887 3546 3959 Martyrio
3573 3888 3723 3942 Har-

2115 3984 2444 4054 ci0politano
2478 3984 2519 4039 '.
2552 3983 2652 4051 Qui
2681 3996 2808 4037 vero
2851 3990 2909 4037 et
2936 3980 3180 4036 eamdem
3213 3979 3368 4034 ﬁdem
3399 3993 3502 4032 non
3538 3977 3724 4032 hono-

2119 4086 2262 4142 rant,
2294 4073 2462 4130 veluti
2512 4072 2756 4128 haeretici
2810 4070 2879 4125 ab
2928 4069 3172 4126 ecclesiis
3216 4067 3600 4133 excludantur,
3659 4078 3722 4123 et

2119 4181 2391 4237 nunquam
2444 4165 2700 4234 deinceps
2747 4162 2816 4219 ad
2866 4175 2962 4218 eas
3014 4169 3369 4217 revertantur.
3414 4178 3434 4212 ι
3481 4159 3725 4229 Oportet

2118 4260 2261 4315 enim
2291 4258 2525 4328 undique
2572 4266 2692 4328 post
2734 4254 2875 4310 hanc
2904 4255 3076 4325 legem
3120 4263 3394 4324 purgatam
3424 4264 3545 4306 esse
3566 4251 3722 4320 apud

2121 4366 2311 4409 omnes
2354 4349 2783 4406 Christianorum
2835 4346 3172 4417 religionem.
3224 4345 3357 4400 Cum
3411 4334 3725 4414 igitur'isti

2122 4446 2354 4517 religiosi
2388 4442 2657 4514 principes
2690 4442 2792 4496 hoc
2820 4453 2942 4495 esse
2969 4447 3176 4494 certum
3207 4437 3456 4492 indicium
3503 4442 3727 4491 statue-

2119 4540 2262 4603 rint,
2293 4545 2351 4591 ut
2392 4535 2439 4591 si
2468 4534 2589 4604 quis
2616 4548 2723 4587 non
2755 4532 3179 4588 communicaret
3217 4528 3375 4584 beato
3413 4525 3659 4582 Diodoro
3685 4568 3708 4594 ,

429 4628 511 4679 vir
541 4624 830 4681 admodum
854 4625 1044 4681 doctus
1068 4667 1082 4694 ,
1115 4625 1207 4697 qui
1250 4627 1411 4683 etiam
1442 4634 1601 4682 tantae
1631 4628 1804 4685 fuerat
1830 4631 2015 4687 lectio—
2044 4616 2095 4678 Ι)
2119 4634 2305 4690 eadem
2332 4645 2453 4701 quae
2493 4625 3126 4694 Theodorus‘sentienti,
3160 4622 3443 4678 barreticus
3482 4618 3590 4673 hab
3610 4634 3728 4675 re-

427 4719 533 4783 nis,
561 4727 618 4773 ut
648 4730 835 4773 omnes
874 4727 967 4772 aut
1013 4730 1149 4786 pene
1175 4731 1387 4784 omnes,
1432 4718 1570 4784 sive,
1601 4718 1655 4775 in
1684 4717 1874 4776 Grates
1900 4722 2016 4777 sive

428 4812 480 4865 in
514 4811 700 4865 Latino
722 4811 936 4881 eloquio
965 4812 1265 4867 divinarum
1311 4811 1710 4883 Scripturarum
1755 4823 2011 4871 tractato.

426 4917 514 4957 res
544 4901 775 4972 legeret,
803 4903 1020 4970 scripsit
1050 4902 1244 4956 librum
1273 4903 1428 4973 cujus
1455 4912 1539 4959 est
1568 4904 1750 4959 titulus
1782 4905 1857 4960 De
1884 4907 2013 4961 viris

427 4994 756 5058 illustribus,
781 4993 832 5047 in
857 5007 965 5061 quo
1012 5008 1115 5047 non
1155 4995 1327 5048 solum
1360 4994 1653 5049 catholicos
1674 5036 1688 5059 ,
1723 4997 1815 5051 sed
1846 4998 2008 5054 etiam

492 5184 518 5210 ⁸
582 5177 638 5230 ln
683 5175 881 5232 Codice
923 5174 1129 5231 Themi.
1182 5176 1219 5229 ι.
1261 5174 1313 5235 '5.
1349 5177 1409 5229 de
1439 5172 1569 5228 Fidi:
1599 5175 1847 5231 catholica
1874 5217 1890 5240 ,
1921 5180 2009 5234 ubi

424 5255 604 5302 exstat
626 5250 725 5301 hoc
752 5247 1090 5317 rescriptum,
1121 5261 1397 5314 perperam
1420 5247 1620 5311 eJi'um
1637 5258 1719 5303 est
1741 5246 2007 5305 Termino.

430 5319 484 5371 lu
514 5318 741 5385 vulgatis
771 5332 897 5371 vero
918 5316 1314 5386 exemplaribus
1341 5318 1533 5387 synodi
1557 5316 2012 5386 Coustantinupn—
2056 5374 2059 5377 .

430 5390 608 5443 litanze
640 5388 915 5442 Gerontius
945 5388 1273 5456 appellatur;
1317 5391 1411 5441 sed
1437 5387 1490 5439 in
1518 5388 1704 5441 codice
1737 5390 2014 5443 Aniciensi

425 5458 695 5515 Terentius
723 5470 867 5514 recte
887 5499 901 5525 ,
951 5468 1008 5512 ut
1037 5460 1137 5513 hoc
1181 5460 1319 5514 loco.
1354 5458 1474 5513 Fuit
1502 5469 1676 5513 autem
1723 5457 2017 5514 Tomorntn

2119 4737 2203 4782 tur
2228 4743 2239 4777 :
2267 4739 2372 4795 qua
2399 4737 2538 4776 nunc
2561 4720 2768 4775 ratione
2797 4725 3052 4773 statutum
3076 4722 3163 4770 est
3182 4756 3195 4778 ,
3230 4710 3348 4768 utsi
3387 4710 3500 4779 quis
3522 4708 3731 4766 Theo-

2117 4819 2305 4874 dorum
2348 4813 2715 4885 MopsueStiat,
2745 4820 2798 4866 et
2830 4812 2948 4880 ejus
2974 4808 3243 4879 dogmata,
3277 4817 3469 4879 eosque
3498 4803 3595 4870 qui
3620 4812 3732 4856 aut

2117 4911 2308 4966 similia
2333 4909 2382 4963 ei
2407 4914 2697 4976 sapuerunt
2721 4912 2812 4957 aut
2833 4905 3079 4972 sapiunt,
3127 4915 3232 4952 non
3262 4895 3730 4957 anathematiznt,

2119 5001 2401 5057 lmretictts
2434 4995 2727 5054 habeatur?
2772 4993 2908 5059 Quia
2954 5005 3082 5047 vero
3126 4988 3419 5052 Diodorus,
3466 4984 3735 5039 veritatis

2119 5178 2407 5247 episcopus
2437 5173 2488 5226 in
2507 5241 2518 5247 _
2537 5170 2777 5247 Scythia.
2805 5170 2936 5247 Mox
2964 5180 3153 5247 rursus
3183 5162 3462 5247 Martyrius
3481 5158 3723 5247 Marcios

2120 5235 2259 5320 polis
2289 5235 2339 5320 in
2372 5241 2554 5320 Maesia
2572 5235 2860 5320 episcopus
2885 5239 3119 5320 dicitur,
3151 5252 3258 5291 non
3292 5235 3647 5320 ﬁguratius,
3665 5243 3736 5320 ut

2124 5310 2175 5373 in
2206 5318 2402 5371 Codice
2457 5310 2663 5366 'I‘hend.
2713 5310 3221 5384 Namrgnlartyrium‘
3257 5318 3464 5384 quoque
3512 5314 3739 5383 vocans

2124 5388 2455 5457 exemplaria
2470 5424 2481 5427 ς
2498 5384 2681 5439 omnia
2698 5381 2901 5452 synodi
2944 5375 3557 5445 Constantinopolitaua
3578 5412 3596 5437 ,
3624 5376 3732 5428 cui

2127 5459 2462 5527 subscripsit.

2200 5658 2220 5687 ⁸
2248 5655 2389 5709 idem
2419 5656 2568 5723 cod.,
2596 5656 2836 5723 episcopo
2861 5649 3446 5723 Constantinopolitano.

2196 5727 2217 5756 °
2246 5728 2385 5780 Idem
2410 5714 2567 5794 cod”,
2607 5714 3127 5796 Marcianopolim“.
3165 5714 3446 5796 “ortygiae
3475 5714 3735 5796 ﬂoreis-

2121 5798 2459 5864 nopulitanus
2478 5789 2746 5858 initus-ia
2770 5789 3065 5851 subscribit
3104 5789 3309 5864 synodo
3330 5789 3739 5842 Constantino-

2123 5862 2368 5937 politanae
2398 5882 2537 5924 anno
2564 5867 2659 5923 581
2685 5907 2701 5937 ,
2747 5868 2847 5924 sub
2875 5864 3181 5923 Theodosio
3212 5862 3424 5931 Magno.
3470 5912 3480 5925 ,

500 5665 516 5692 ⁸
549 5663 683 5718 Gud.
717 5661 940 5725 Verum,
967 5660 1339 5727 coepiswpnm.

498 5735 519 5764 ’
544 5733 687 5787 Idem
716 5732 864 5802 (ζωῷ,
889 5732 1228 5802 adjudt'cum.

500 5802 521 5833 ⁸
551 5803 693 5855 idem
724 5800 872 5867 coit,
907 5799 1007 5855 Ubi
1023 5816 1122 5853 non
1156 5801 1335 5853 tacuit.

498 5874 521 5903 ⁸
547 5872 692 5928 idem
720 5873 865 5940 cod.,
899 5872 1218 5928 contictioni.
