3974 6330
262 305 363 363 σε]
1164 300 1295 354 PRO
1337 298 1763 356 DEFENSIONE
1806 300 2014 354 'lRiU)!
2058 299 2243 354 (‘..-\l‘li
2261 300 2367 355 UL.
2405 300 2529 355 Hii.
2566 301 2653 359 iV.
3450 307 3557 362 62!

262 417 530 475 maximus
562 411 915 484 prmdicator,
952 412 1003 464 in
1039 412 1230 467 virtute
1264 414 1353 468 Dei
1384 430 1477 482 per
1510 429 1655 467 arma
1696 415 1857 483 justi-
1889 421 1935 477 Α
1970 416 2355 485 Apollinariset
2408 417 2787 485 discipulorum
2819 418 2936 486 ejus
2967 459 2980 479 ,
3017 418 3101 486 qui
3162 432 3334 486 utque
3380 420 3425 475 si
3470 436 3559 476 ca-

264 510 388 572 tim,
422 523 450 559 a
479 504 686 561 dextris
722 511 774 559 et
821 502 1085 566 sinistris,
1121 505 1381 572 Apostoio
1409 505 1673 569 ducente,
1706 505 1863 561 beli-

1977 511 2150 564 tltolici
2180 510 2430 572 fuissent,
2465 511 2627 564 tantis
2677 509 2915 579 Prmferri
2944 511 3265 565 delmvrant.
3298 510 3449 566 Nunc
3490 526 3557 568 ex

261 613 453 671 gerare
478 595 774 651 didicerat:
805 593 1047 661 attende,
1077 609 1278 663 quaeso,
1315 596 1738 652 clementissime
1764 600 1863 651 im-
1972 602 2298 671 principibus
2348 603 2619 671 principes
2670 614 3031 671 cognoverunt
3053 644 3065 661 ,
3100 619 3324 672 quorum
3383 606 3557 671 magis

184 728 196 765 ι
262 702 517 765 portitor,
546 687 997 757 quemadmodum
1030 686 1860 758 pergloriametignobiiitatem,
1968 697 2017 747 iu
2051 695 2237 749 eadem
2272 693 2487 746 Diodori
2535 704 2691 763 atque
2740 692 3004 748 Theodori
3066 710 3227 747 causa
3281 695 3544 764 judicium

195 781 238 854 ξῖ
266 799 362 853 per
392 782 667 837 inlumians
696 790 749 835 et
782 781 972 835 bonam
1005 780 1219 843 tamam,
1254 780 1374 835 forti
1416 797 1630 849 semper
1669 792 1723 836 et
1752 783 1863 836 aui.
1966 786 2191 839 debeant
2226 785 2375 852 sequi
2411 803 2422 836 :
2455 796 2632 837 utrum
2677 783 2911 837 Gratiani
2939 829 2952 851 ,
2984 797 3039 838 et
3068 785 3462 853 Valentiniani,
3497 799 3554 841 et

263 891 413 931 mosa
463 872 765 929 intentione
805 874 1123 929 cucurrerit.
1158 873 1312 937 Nam,
1349 874 1489 927 sicut
1517 874 1587 925 ab
1612 875 1866 927 Ecclesia:
1969 875 2190 943 majoris
2221 875 2539 935 Theodosii,
2566 891 2631 929 an
2662 874 2855 929 Juliani
2880 884 3135 945 apostutzc
3164 878 3439 947 sacrilegi,
3469 879 3559 948 qui

264 967 581 1028 doctoribus
624 980 838 1033 semper
880 965 1207 1034 approbatns
1256 974 1361 1029 est,
1393 976 1449 1020 et
1476 967 1546 1019 ab
1596 966 1865 1020 haereticis

264 1068 546 1115 accusatus
570 1098 585 1121 ,
616 1057 688 1117 ita
718 1056 881 1111 etiam
933 1071 1149 1125 semper
1176 1071 1205 1109 a
1237 1055 1505 1126 religiosis
1535 1057 1866 1126 principibus

265 1151 539 1215 lauda‘ns,
568 1157 623 1203 ct
650 1149 981 1216 vituperatus
1008 1148 1076 1201 ab
1104 1147 1279 1218 impii.
1301 1149 1591 1203 invenitur.
1622 1148 1865 1204 Julianus

274 1245 476 1298 etenim
507 1240 724 1297 Christo
752 1240 993 1310 perfidus
1040 1240 1362 1308 imperator,
1395 1241 1470 1295 sic
1496 1241 1721 1295 Pitotino
1753 1242 1865 1295 ita»

266 1336 560 1390 rcsiarelue
588 1334 846 1386 adversus
877 1331 1169 1385 Diodorum
1199 1332 1386 1386 scribit
1416 1348 1429 1385 :
1467 1352 1483 1384 ι
1518 1333 1594 1387 'l‘u
1628 1333 1864 1407 quidem,

265 1442 299 1480 o
328 1426 561 1479 Pliotiue
580 1464 594 1486 ,
632 1424 938 1483 verisimilis
968 1424 1175 1479 videris
1198 1462 1213 1487 ,
1251 1433 1307 1478 et
1334 1426 1609 1494 proximus
1639 1428 1863 1486 salvare.

265 1517 609 1573 beneiatiens
660 1530 995 1585 nequaquam
1051 1516 1104 1568 in
1154 1525 1312 1570 utero
1363 1517 1621 1572 inducere
1655 1526 1866 1586 ‘quem

264 1609 541 1666 credidisti
584 1607 773 1660 Deum.
831 1606 1092 1659 Diodorus
1146 1614 1325 1659 autem
1373 1605 1611 1661 Nazartci
1646 1621 1862 1676 magus,

267 1701 388 1772 cjns
420 1698 830 1770 pigmentalibus
856 1710 1150 1768 manganes
1178 1712 1376 1752 acuens
1424 1698 1869 1752 irrationaltilita-

1970 976 2251 1036 propterea
2284 967 2567 1020 Pltotinnm
2596 968 2944 1021 verisimilem
2974 978 3030 1022 et
3069 968 3227 1020 saluti
3261 970 3558 1036 proximum

1970 1056 2095 1111 dicit
2128 1098 2141 1120 ,
2175 1059 2315 1127 quod
2349 1073 2452 1111 non
2485 1098 2501 1123 ,
2537 1065 2595 1111 ut
2626 1058 2888 1111 Diodorus
2914 1099 2929 1123 ,
2957 1060 3006 1111 in
3048 1068 3256 1112 uterum
3288 1061 3563 1117 induceret

1969 1164 2124 1217 quem
2160 1149 2457 1203 ciedidetat
2492 1148 2680 1201 Deum.
2708 1148 2835 1213 Quis
2867 1162 3041 1201 autem
3071 1148 3220 1211 ferat,
3254 1160 3561 1204 accusatum

1968 1255 1997 1293 a
2029 1240 2112 1292 Jul
2139 1255 2243 1293 ano
2276 1240 2564 1292 Diodorum
2607 1240 2745 1307 quod
2794 1238 2962 1292 Deum
3015 1251 3195 1293 natum
3244 1239 3310 1295 de
3356 1241 3561 1310 virgine

1970 1332 2244 1390 iuit-retur.
2281 1330 2518 1384 accusari
2550 1331 2709 1383 etiam
2755 1345 2783 1383 a
2814 1329 3131 1385 Citri~tianis
3164 1338 3415 1399 tanquam
3465 1333 3563 1385 i:oe

1971 1422 2290 1491 negaverit?
2326 1423 2406 1476 vel
2431 1422 2550 1490 quis
2573 1423 2796 1475 atnlicns
2825 1421 3094 1475 Julianum
3144 1423 3377 1475 lliodozo
3418 1438 3563 1475 cum.

1970 1517 2289 1580 minantem,
2334 1516 2475 1585 quod
2522 1514 2704 1569 Jesum
2759 1513 3036 1569 Galili'tmt
3092 1514 3257 1568 Deum
3303 1526 3561 1570 a-ternum

1971 1610 2318 1677 prmdicaret,
2350 1622 2507 1675 quem
2535 1616 2807 1661 mortuum
2836 1616 2886 1661 et
2918 1608 3187 1676 sepultum
3217 1623 3411 1674 negare
3452 1624 3558 1663 non

1973 1708 2197 1768 poterat,
2222 1710 2275 1752 et
2305 1698 2572 1753 dicentem
2600 1708 2879 1767 propterea
2911 1698 3055 1749 illum
3082 1698 3253 1764 puniri
3278 1715 3303 1749 a
3328 1701 3439 1752 suis
3460 1698 3562 1751 diis

267 1800 409 1856 tem,
442 1799 632 1845 acutus
662 1787 909 1857 apparuit
944 1788 1183 1855 sapitista
1228 1788 1502 1857 religionis
1549 1790 1791 1859 agt-esus.
1844 1808 1863 1841 ι
1902 1812 1947 1872 Β
1975 1806 2186 1845 summo
2212 1790 2497 1859 supplicio,
2542 1790 2680 1860 quod
2715 1790 3094 1844 miserabiliter
3125 1788 3389 1844 imbibeus
3413 1791 3559 1844 tlteo-

267 1885 335 1939 Et
362 1894 481 1952 post
515 1882 789 1951 paululum
818 1897 832 1934 :
873 1897 892 1932 ι
930 1881 1083 1948 Quod
1117 1879 1165 1936 si
1195 1881 1350 1936 nobis
1393 1882 1641 1949 opitulati
1675 1883 1871 1937 iuerint

262 1975 342 2032 dii
363 1986 415 2030 et
438 1970 585 2041 dere,
621 1983 676 2028 et
704 1987 869 2031 musta
896 1987 1088 2027 omnes
1113 2014 1128 2039 ,
1161 1984 1214 2028 et
1247 1973 1493 2041 fortuna;
1527 1975 1871 2030 ostendemus

267 2068 547 2123 inﬁrmum
593 2075 648 2118 et
701 2072 1072 2132 corruptorem
1129 2064 1340 2134 legum,
1394 2074 1448 2120 et
1478 2066 1768 2133 rationum,
1819 2075 1874 2121 et

269 2156 653 2228 mysteriorum
678 2169 1041 2225 paganorum,
1081 2164 1136 2209 et
1173 2155 1393 2211 deorum
1427 2156 1758 2211 infernomm
1782 2172 1796 2223 ;
1819 2167 1873 2212 et

267 2250 421 2304 illum
458 2264 655 2303 nov-um
701 2250 821 2316 eius
854 2249 1018 2304 Deum
1048 2247 1326 2303 Galilaum
1355 2291 1369 2316 ,
1418 2264 1576 2319 quem
1610 2259 1869 2305 actemum

267 2343 514 2399 fabulose
543 2340 818 2412 praedicat,
852 2340 1069 2411 indigna
1118 2351 1294 2396 morte
1347 2352 1400 2397 et
1430 2342 1700 2410 sepultura
1725 2384 1739 2407 ,
1775 2342 1869 2398 de-

269 2436 529 2491 nudatum
559 2434 799 2489 conlietas
828 2448 857 2486 a
893 2432 1130 2488 Diodoro
1178 2432 1417 2489 deitatis.
1456 2451 1476 2486 ι
1510 2433 1665 2491 Sicut
1690 2445 1868 2490 autem

267 2527 452 2582 solent
502 2536 745 2582 errantes
798 2525 1034 2581 convicti
1089 2524 1290 2596 ﬁngere
1345 2526 1487 2596 quod
1535 2535 1650 2583 arte
1700 2529 1871 2597 magis

271 2634 440 2690 quam
492 2619 691 2673 virtute
720 2619 739 2651 ‘
782 2618 1098 2684 vincantur,
1148 2617 1389 2689 sequitur
1416 2618 1600 2675 dicens
1642 2638 1657 2675 :
1718 2634 1737 2671 ι
1766 2621 1871 2676 Iste

263 2710 421 2768 enim
460 2709 602 2764 maio
625 2708 927 2764 communis
957 2709 1205 2763 utilitatis
1225 2710 1462 2765 Athenas
1490 2711 1748 2781 navigans
1768 2753 1781 2775 ,
1813 2720 1871 2767 et

265 2799 663 2872 pbilosophaas
696 2799 1093 2869 imprudenter,
1147 2801 1470 2855 musicorum
1520 2803 1869 2873 participatus

262 2901 355 2947 est
375 2891 638 2945 rationem
660 2930 674 2951 .
699 2899 754 2944 et
781 2890 1029 2945 rhetoris
1046 2888 1477 2946 confectionibus
1501 2891 1757 2947 odibih-m
1778 2893 1875 2947 ad-

266 2982 506 3038 armavit
526 2982 758 3049 linguam
792 2982 1050 3037 adversus
1075 2982 1324 3039 caelestes
1345 2983 1505 3049 deos,
1536 2998 1707 3054 usque
1735 2985 1872 3041 adeo

273 3078 535 3145 ignorans
582 3089 910 3145 paganon
960 3077 1250 3145 mysteria,
1294 3090 1613 3146 omnemque
1654 3077 1873 3132 misera-

272 3153 783 3230 biliter'imbibens,
812 3175 872 3219 ut
900 3164 1081 3231 aiunt,
1126 3165 1456 3238 degenerum
1488 3177 1542 3222 et
1591 3168 1868 3237 imperito-

273 3273 396 3312 rum
424 3257 543 3327 ejus
574 3257 943 3328 theologorum
975 3258 1299 3325 piscatorum
1348 3273 1612 3315 errorem.
1644 3260 1871 3330 Propter

274 3352 420 3421 quod
459 3350 569 3419 jam
621 3350 712 3405 diu
759 3359 843 3406 est
871 3353 1014 3421 quod
1062 3351 1129 3405 ab
1179 3351 1311 3419 ipsis
1352 3351 1572 3420 punitur
1599 3352 1720 3406 diis.
1749 3352 1866 3407 Jam

274 3444 419 3499 enim
454 3459 548 3505 per
570 3440 774 3498 multos
804 3458 974 3499 annos
1015 3444 1067 3499 in
1103 3444 1397 3513 periculum
1448 3458 1740 3499 conversus
1761 3485 1777 3511 ,
1816 3454 1870 3499 et

276 3535 332 3591 in
359 3536 766 3603 corruptionem
799 3536 1034 3592 thoracis
1063 3536 1332 3602 incidens,
1361 3536 1427 3591 ad
1453 3551 1720 3590 summum
1752 3553 1871 3607 per-

276 3630 425 3684 venit
473 3630 816 3699 supplicium.
864 3628 1039 3685 Omne
1088 3629 1205 3699 ejus
1250 3644 1446 3699 corpus
1494 3638 1868 3701 consumptum

270 3728 359 3776 est
386 3737 399 3772 :
434 3735 558 3773 nam
585 3720 744 3774 mala:
771 3719 888 3790 ejus
915 3721 1297 3787 conciderunt,
1344 3733 1489 3790 rugae
1516 3735 1642 3775 vero
1668 3720 1721 3774 in
1750 3721 1872 3775 alti-

273 3811 518 3868 tudinem
557 3812 803 3880 eorporis
830 3812 1223 3868 descenderunt
1252 3828 1266 3865 :
1298 3813 1437 3883 quod
1484 3828 1589 3866 non
1637 3823 1717 3868 eSt
1747 3815 1869 3883 piti-

278 3901 575 3969 losophicat
604 3902 1029 3957 conversationis
1056 3901 1255 3956 indicio
1279 3943 1293 3966 ,
1322 3901 1459 3957 sicut
1487 3903 1654 3957 videri
1698 3904 1809 3958 vult
1839 3921 1868 3959 a

274 4007 337 4047 se
390 3991 669 4061 deceptis,
726 3993 820 4046 sed
875 3990 1100 4061 iustitia:
1171 4007 1266 4061 pro
1312 4002 1496 4059 certo,
1544 3994 1871 4064 deorumque

274 4098 479 4155 panic,
508 4099 615 4153 qua
639 4083 938 4153 percutitur
966 4086 1290 4153 competenti
1321 4087 1529 4140 ratione
1548 4121 1565 4151 ,
1612 4100 1780 4156 usque
1804 4086 1869 4141 ad

276 4176 637 4229 novissimum
682 4176 811 4228 vitae
835 4188 946 4229 sua:
987 4175 1147 4230 linem
1179 4190 1423 4243 asperam
1455 4187 1765 4232 etamaram
1795 4178 1874 4233 vi-

279 4274 387 4320 tam
421 4266 630 4330 vivens,
656 4275 714 4321 et
758 4265 954 4347 faciem
988 4267 1194 4336 pallore
1241 4268 1560 4324 coniectam.
1597 4290 1614 4321 ι
1647 4271 1874 4326 Sancto-

277 4374 396 4411 rum
453 4357 776 4413 testimoniis
810 4359 1021 4413 l‘atrum
1067 4360 1120 4413 in
1148 4360 1420 4427 episcopis
1448 4362 1680 4429 episcopi
1712 4377 1871 4431 supra

276 4450 673 4519 cognovimus,
707 4465 931 4519 quormn
975 4450 1238 4519 judicium
1285 4453 1433 4521 sequi
1485 4452 1773 4507 debeamus
1821 4456 1872 4508 in

278 4557 444 4596 causa
476 4540 710 4597 Diodoro
739 4540 1137 4611 Theodoroque
1165 4543 1468 4610 communi,
1502 4554 1679 4598 utrum
1708 4545 1870 4599 Atha-

280 4634 450 4695 nasii,
481 4632 653 4701 Petri,
686 4633 991 4697 Timothei,
1027 4634 1243 4701 Basilii,
1294 4635 1547 4701 Joannis,
1583 4635 1868 4705 Epiphanii

276 4737 441 4793 atque
492 4723 871 4795 Egyptiorum
910 4726 1284 4793 episc0porum
1315 4728 1450 4796 apud
1482 4727 1868 4783 Diceaesaream

279 4834 377 4886 pro
431 4834 557 4874 veta
604 4820 708 4875 lide
748 4820 1143 4885 exsulandum,
1190 4829 1244 4873 γι
1295 4816 1873 4890 Ctmstantinopolitani

276 4910 525 4974 concilii,
576 4927 672 4966 nec
734 4927 841 4965 non
899 4912 1200 4965 doctissTtni
1251 4912 1346 4965 viri
1408 4910 1764 4980 Hieronymi;
1809 4927 1875 4965 an

349 5078 377 5104 ⁸
410 5065 617 5135 Nempe
645 5066 933 5120 absurdum
962 5066 1189 5120 ducebat
1216 5066 1409 5133 impius
1441 5076 1678 5133 apostata
1706 5066 1872 5119 Deum

282 5139 560 5192 hominem
591 5136 725 5190 ﬁeri.
763 5140 830 5190 At
857 5145 1044 5190 contra
1092 5135 1355 5207 Cyrillus,
1409 5136 1680 5191 Julianum
1732 5136 1875 5190 rel‘u-

284 5220 404 5262 tans
437 5210 533 5261 lib.
563 5221 637 5271 vr,
662 5208 833 5260 divini
861 5208 1072 5260 consilii
1102 5222 1153 5260 et
1187 5208 1462 5277 sapientic
1489 5208 1651 5260 fuisse
1688 5207 1867 5268 docet,

282 5289 338 5332 ut
366 5294 492 5332 eum
536 5278 824 5330 humanam
854 5289 1097 5331 naturam
1129 5281 1466 5344 susciperet,
1498 5278 1623 5330 hum
1644 5293 1783 5330 mam
1819 5279 1869 5329 in

283 5366 343 5404 ea
367 5362 588 5403 omnem
621 5361 869 5417 pompam
901 5349 1233 5419 gloriamque
1273 5359 1661 5403 contemneret.
1695 5349 1868 5419 Aliam

282 5422 483 5487 quippe
524 5435 699 5472 rerum
728 5418 1139 5487 aestimationem
1173 5419 1324 5472 nobis
1375 5433 1516 5483 esse,
1549 5421 1705 5471 aliam
1738 5418 1866 5470 Deo.

282 5485 674 5565 Λαπὸρσῃιῖς,
709 5490 929 5565 inquit,
962 5485 1245 5565 Equinis,
1285 5493 1370 5544 mi
1418 5488 1546 5565 ὅπερ
1602 5492 1713 5565 ἐστὶ
1767 5488 1876 5565 met

283 5566 420 5629 ἡμᾶς
436 5560 488 5614 ἓν
513 5562 825 5633 λόγῳπῶς-9
853 5560 1064 5616 καὶΘεὸν
1084 5560 1175 5614 οἴει
1191 5564 1337 5631 τάχα
1362 5584 1461 5616 που
1486 5560 1735 5615 uerticem
1757 5562 1874 5633 περὶ

284 5633 496 5686 rmle
514 5630 770 5701 ἠγέὸηγπς
793 5630 843 5685 δέ
867 5634 1123 5691 παντελῶς
1146 5635 1203 5685 τὸ
1231 5630 1568 5701 μεσολαϐοὖν,
1600 5635 1679 5685 καὶ
1700 5633 1757 5684 τὸ
1782 5630 1871 5685 τὸς

361 5791 380 5822 ⁸
408 5790 547 5844 Cod.
573 5786 793 5856 Verum,
822 5789 1045 5843 veritate.

1981 1881 2227 1951 logornm
2289 1881 2615 1949 piscatorum
2655 1895 2889 1935 errorem
2918 1920 2932 1943 ,
2967 1881 3090 1933 talia
3126 1882 3439 1948 praniiraret
3472 1898 3485 1933 :
3533 1897 3560 1935 a

1973 1970 2293 2026 Christianis
2323 1986 2535 2040 quoque
2586 1970 2793 2039 judit-et
2836 1970 3226 2031 abdicandum,
3285 1971 3431 2024 velut
3474 1972 3562 2040 qui

1974 2060 2156 2116 Jesum
2190 2059 2469 2114 Galilteum
2498 2060 2530 2113 h
2556 2061 2770 2113 .minem
2796 2069 3023 2124 tantum,
3066 2075 3171 2114 non
3201 2061 3359 2113 etiam
3392 2060 3559 2114 Deum

1973 2165 2096 2206 esse
2122 2151 2452 2206 crediderit?
2485 2152 2628 2206 lianc
2658 2151 2834 2219 itaque
2858 2151 3155 2206 fautoribus
3189 2152 3565 2209 ita'reticorum

1976 2246 2324 2313 proponimus
2368 2246 2676 2313 optionem,
2721 2254 2894 2299 utaut
2939 2245 3138 2315 eligant
3179 2244 3373 2299 imitari
3407 2260 3561 2302 rene.

1974 2338 2168 2391 rabiles
2225 2338 2411 2392 Patres
2448 2347 2501 2391 et
2543 2337 2826 2405 religiosos
2884 2338 3154 2406 principes
3188 2378 3202 2402 ,
3234 2346 3287 2391 et
3331 2352 3449 2390 cum
3487 2340 3562 2392 eis

1977 2429 2263 2484 Diodorum
2293 2438 2347 2483 et
2368 2430 2712 2483 Theodorum
2746 2429 2970 2497 probent
3002 2445 3015 2493 ;
3049 2438 3175 2496 aut,
3207 2429 3255 2483 si
3294 2428 3564 2500 Apollina-

1974 2538 2088 2579 rem
2120 2524 2289 2593 magis
2320 2534 2371 2577 et
2402 2525 2518 2592 ejus
2558 2522 2885 2591 discipulos,
2918 2530 3083 2589 atque
3104 2521 3394 2586 Julianum,
3427 2521 3563 2577 deli~

1972 2627 2097 2687 gent
2125 2616 2308 2687 sequi,
2342 2632 2447 2671 non
2473 2617 2665 2671 saltem
2696 2626 2920 2685 propter
2948 2616 3089 2670 aliud
3120 2616 3414 2671 Diodorum
3448 2618 3561 2672 cul-

1975 2718 2131 2777 pent,
2165 2709 2266 2763 nisi
2300 2717 2518 2778 propter
2546 2709 2687 2779 quod
2733 2725 2854 2764 eum
2892 2708 3213 2779 Apollinaris
3261 2720 3315 2765 et
3344 2713 3459 2780 ejus
3484 2709 3562 2765 di-

1974 2800 2163 2868 scipuii
2186 2842 2200 2866 ,
2227 2809 2385 2869 atque
2405 2800 2648 2855 Julianus
2666 2800 3045 2866 ,crediderunt
3073 2815 3193 2855 esse
3218 2800 3562 2870 culpandum.

1976 2890 2129 2958 Quod
2170 2892 2215 2946 si
2244 2893 2463 2960 culpare
2523 2908 2627 2946 non
2659 2901 2882 2963 possunt
2912 2891 3202 2947 Diodorum
3235 2896 3356 2962 quia
3385 2892 3563 2948 Jesuns

1975 2983 2323 3049 Nazaraeum,
2354 3000 2513 3054 quem
2546 2986 2599 3039 in
2634 2985 2841 3039 duabus
2874 2986 3080 3039 naturis
3114 2987 3277 3040 Deutn
3311 2986 3564 3050 credidit,

1976 3076 2031 3131 in
2063 3085 2270 3131 uterum
2323 3076 2553 3142 induxit,
2610 3078 2781 3145 ipsqu
2811 3076 2995 3131 dicens
3048 3084 3350 3141 (eternium,
3406 3091 3564 3146 quem

1976 3168 2245 3237 sepultum
2278 3177 2331 3222 et
2362 3179 2631 3221 mortuum
2688 3184 2703 3221 :
2737 3170 3005 3237 quomodo
3051 3167 3194 3241 juste
3222 3168 3565 3223 Theodorum

1976 3260 2093 3331 ejus
2120 3259 2437 3332 discipulum
2469 3260 2725 3315 damnare
2782 3262 3109 3331 patuerunt?
3139 3260 3389 3315 Eamdem
3420 3263 3565 3317 enim

1977 3354 2257 3408 amborum
2291 3368 2508 3408 causam
2532 3395 2545 3417 ,
2581 3363 2634 3407 et
2660 3368 2818 3406 unam
2866 3356 3261 3407 accusationem
3289 3353 3449 3408 fuisse
3487 3363 3567 3408 te~

1978 3452 2188 3497 stautur
2208 3445 2515 3499 amborum.
2544 3441 2777 3498 Proinde
2801 3444 2882 3497 vel
2906 3459 3027 3497 sero
3048 3443 3291 3498 desinant
3323 3444 3566 3500 Theodo-

1978 3538 2159 3590 rianos
2191 3551 2384 3591 vocare
2415 3537 2505 3606 qui
2535 3545 2807 3591 tantorum
2844 3536 3059 3590 Patrum
3094 3538 3453 3592 testimonium
3484 3555 3567 3594 se~

1977 3626 2085 3681 cuti
2114 3635 2256 3689 sunt,
2283 3634 2340 3679 ut
2370 3625 2659 3679 Diodorum
2687 3625 2709 3655 ’
2744 3624 2962 3679 minime
2980 3624 3337 3681 condemnare
3370 3642 3568 3696 prman-

1980 3726 2205 3773 ruerent.
2232 3717 2498 3772 Caeterum
2551 3716 2770 3771 nimium
2823 3716 2941 3772 duri
3000 3727 3055 3773 et
3084 3717 3333 3773 obsnnati
3391 3720 3568 3777 cordis

1978 3819 2089 3875 ρει,
2139 3824 2235 3862 nec
2301 3809 2720 3878 approbantibus
2794 3808 3120 3875 Diodorum,
3179 3820 3569 3880 consequenter

1980 3902 2139 3954 etiam
2163 3899 2505 3955 Theodorum
2538 3916 2634 3955 nec
2650 3900 3062 3969 reprobantibus
3080 3945 3094 3967 ,
3127 3900 3370 3969 credere,
3395 3911 3453 3956 ut
3476 3918 3570 3957 επις

1981 4007 2079 4048 nec
2105 3993 2243 4046 sicut
2272 3993 2467 4046 laudati
2498 3999 2622 4046 sunt
2647 4009 2673 4045 a
2698 3992 2895 4046 sanctis
2918 3992 3162 4045 l‘atribus
3191 3991 3438 4057 laudent,
3473 4008 3570 4046 nec

1979 4095 2198 4154 propter
2246 4086 2387 4153 quod
2429 4085 2664 4139 damnati
2713 4093 2840 4139 sunt
2893 4099 2921 4136 a
2975 4082 3250 4153 sacrilegis
3297 4084 3570 4139 damnent.

1988 4180 2179 4233 Verum
2228 4196 2357 4236 ecce
2397 4180 2536 4233 sicut
2585 4179 2816 4247 probas,
2865 4176 3207 4231 serenissime
3237 4176 3570 4247 imperator,

1978 4273 2139 4327 etiam
2162 4274 2204 4327 si
2238 4273 2423 4326 demus
2453 4271 2530 4326 eis
2555 4311 2571 4336 ,
2601 4279 2658 4324 ut
2684 4269 2902 4335 volunt,
2926 4268 3266 4323 Theodorum
3327 4269 3572 4338 Mopsum

1979 4372 2190 4416 stenum
2214 4364 2522 4430 epismpum
2569 4376 2597 4414 a
2640 4362 2798 4415 beato
2826 4359 3029 4429 Cyrillo
3069 4358 3232 4413 fuisse
3262 4359 3569 4427 culpatum,

1980 4456 2275 4510 neminivel
2309 4470 2491 4524 parum
2521 4453 2837 4522 intelligeuti
2867 4450 3165 4514 videbitur,
3198 4450 3338 4516 quod
3369 4459 3427 4503 ut
3444 4465 3569 4503 eum

1979 4549 2080 4602 sub
2125 4548 2468 4603 anathemate
2498 4546 2952 4608 condemnarent,
3000 4543 3166 4609 ipsius
3199 4542 3338 4596 beati
3378 4540 3566 4613 Cyrilli

1970 4641 2227 4709 judicium
2266 4642 2431 4693 secuti
2483 4646 2639 4701 sunt,
2690 4636 2828 4705 quoi
2875 4635 2927 4688 in
2973 4643 3159 4687 sancto
3189 4634 3394 4689 Joanne
3424 4634 3569 4688 Con-

1975 4732 2451 4798 staminOpolitano
2498 4728 2619 4801 ejus
2647 4726 3014 4796 condiScipnlo
3043 4738 3096 4781 et
3146 4727 3397 4793 magistro
3449 4730 3569 4782 Dio-

1978 4823 2109 4877 doro
2139 4822 2163 4861 δ
2192 4832 2452 4891 spernunt
2485 4840 2497 4875 :
2532 4820 2625 4875 sed
2669 4819 2848 4889 potius
2892 4818 3014 4888 quia
3064 4817 3430 4887 pra-judicium
3467 4820 3571 4873 Ec.

1981 4916 2161 4971 clesia:
2200 4915 2566 4985 quzesieruut,
2622 4922 2677 4966 ut
2726 4909 2846 4982 ejus
2892 4911 3337 4966 condentnationc
3388 4923 3571 4967 sancta

1982 5071 2114 5129 θείας
2144 5068 2293 5133 δόξης
2338 5072 2668 5141 ἀνῳκισμένον
2695 5109 2712 5133 ,
2760 5070 2965 5127 καὶτῆς
3017 5068 3065 5120 ἐν
3109 5069 3224 5138 sint”?
3252 5066 3470 5129 διανοίας
3517 5071 3573 5124 tri

1982 5144 2385 5215 σμικρριτρξπές,
2414 5150 2518 5194 etc.

2054 5209 2079 5247 δ
2111 5208 2418 5264 ὀἱὸάοτιιιη
2468 5210 2609 5262 enim
2658 5208 2887 5278 Cyrillus
2939 5209 2988 5261 in
3021 5210 3247 5276 epistola
3300 5208 3477 5276 priore
3505 5208 3572 5261 ad

1981 5280 2308 5336 Succensnm
2335 5289 2521 5347 aperte
2560 5279 2789 5333 affirmat
2816 5322 2830 5343 ,
2861 5296 2980 5333 cum
3016 5279 3454 5335 Macedonianum
3485 5294 3572 5331 er-

1981 5367 2153 5405 rorem
2195 5362 2448 5410 exueret.
2490 5351 2541 5403 in
2588 5353 2813 5404 alterum
2866 5350 3153 5416 incidisse,
3182 5350 3271 5418 qui
3304 5361 3484 5417 postea
3520 5349 3570 5400 in

1980 5421 2227 5476 Nestorio
2244 5421 2363 5491 ejus
2391 5422 2651 5490 discipqu
2682 5421 2964 5475 danmatus
2993 5430 3074 5491 est
3106 5462 3121 5485 ,
3169 5433 3224 5473 ut
3266 5418 3404 5472 illius
3434 5418 3569 5470 duos

1980 5502 2238 5547 Statueret
2261 5490 2288 5555 ,ί
2308 5495 2532 5546 alterum
2566 5492 2633 5546 de
2665 5493 2870 5545 semine
2901 5490 3061 5542 David
3084 5500 3264 5541 italum
3293 5502 3359 5541 cx
3383 5497 3567 5541 sancta

1986 5565 2220 5634 Virgine,
2248 5564 2474 5617 alterum
2516 5562 2784 5630 proprium
2811 5561 3000 5613 Filium
3037 5558 3127 5614 Dei
3163 5558 3355 5613 Patris.

2050 5777 2068 5803 ⁹
2102 5779 2247 5833 lictn
2282 5777 2428 5837 cod..
2453 5774 2799 5829 Theodorum.
