  <div class='ocr_page' id='page_1' title='image "/cluster/home/n/w/nwhite01/storage/ocr_20150623/67/hvd.32044073505141/319.png"; bbox 0 0 3974 6330; ppageno 0'>
   <div class='ocr_carea' id='block_1_1' title="bbox 374 360 490 414">
    <p class='ocr_par' dir='ltr' id='par_1_1' title="bbox 374 360 490 414">
     <span class='ocr_line' id='line_1_1' title="bbox 374 360 490 414; baseline 0 0"><span class='ocrx_word' id='word_1_1' title='bbox 374 360 490 414; x_wconf 62' lang='grc' dir='ltr'>ωὸ</span> 
     </span>
    </p>
   </div>
   <div class='ocr_carea' id='block_1_2' title="bbox 1465 357 2586 415">
    <p class='ocr_par' dir='ltr' id='par_1_2' title="bbox 1465 357 2586 415">
     <span class='ocr_line' id='line_1_2' title="bbox 1465 357 2586 415; baseline 0.001 -2"><span class='ocrx_word' id='word_1_2' title='bbox 1465 358 1708 414; x_wconf 65' lang='grc' dir='ltr'>ἚᾹΟὉΝ</span> <span class='ocrx_word' id='word_1_3' title='bbox 1721 359 1781 414; x_wconf 85' lang='lat' dir='ltr'><strong>Di</strong></span> <span class='ocrx_word' id='word_1_4' title='bbox 1825 359 2033 415; x_wconf 68' lang='lat' dir='ltr'><strong>EPISC.</strong></span> <span class='ocrx_word' id='word_1_5' title='bbox 2079 359 2213 414; x_wconf 58' lang='lat' dir='ltr'><strong>lilii}</strong></span> <span class='ocrx_word' id='word_1_6' title='bbox 2225 359 2266 412; x_wconf 77' lang='grc' dir='ltr'><strong>Μ</strong></span> <span class='ocrx_word' id='word_1_7' title='bbox 2279 359 2340 414; x_wconf 74' lang='grc' dir='ltr'><strong>ΙΑ</strong></span> <span class='ocrx_word' id='word_1_8' title='bbox 2350 357 2586 414; x_wconf 67' lang='lat' dir='ltr'><strong>NENSIS</strong></span> 
     </span>
    </p>
   </div>
   <div class='ocr_carea' id='block_1_3' title="bbox 3563 355 3667 410">
    <p class='ocr_par' dir='ltr' id='par_1_3' title="bbox 3563 355 3667 410">
     <span class='ocr_line' id='line_1_3' title="bbox 3563 355 3667 410; baseline 0 0"><span class='ocrx_word' id='word_1_9' title='bbox 3563 355 3667 410; x_wconf 67' lang='grc' dir='ltr'><strong>σει</strong></span> 
     </span>
    </p>
   </div>
   <div class='ocr_carea' id='block_1_4' title="bbox 386 465 3666 542">
    <p class='ocr_par' dir='ltr' id='par_1_4' title="bbox 386 465 3666 542">
     <span class='ocr_line' id='line_1_4' title="bbox 386 465 3666 542; baseline -0.001 -20"><span class='ocrx_word' id='word_1_10' title='bbox 386 484 628 542; x_wconf 79' lang='lat' dir='ltr'><strong>synoous</strong></span> <span class='ocrx_word' id='word_1_11' title='bbox 667 468 1113 524; x_wconf 74' lang='lat' dir='ltr'><strong>Chalcedonensis</strong></span> <span class='ocrx_word' id='word_1_12' title='bbox 1143 511 1155 531; x_wconf 82' lang='lat'><strong>,</strong></span> <span class='ocrx_word' id='word_1_13' title='bbox 1197 483 1315 538; x_wconf 69' lang='lat' dir='ltr'><strong>qum</strong></span> <span class='ocrx_word' id='word_1_14' title='bbox 1341 483 1512 538; x_wconf 84' lang='lat' dir='ltr'><strong>neque</strong></span> <span class='ocrx_word' id='word_1_15' title='bbox 1553 473 1725 539; x_wconf 63' lang='lat' dir='ltr'><strong>ipsum</strong></span> <span class='ocrx_word' id='word_1_16' title='bbox 1755 511 1767 532; x_wconf 89' lang='lat'><strong>,</strong></span> <span class='ocrx_word' id='word_1_17' title='bbox 1805 486 1976 536; x_wconf 74' lang='lat' dir='ltr'><strong>neque</strong></span> <span class='ocrx_word' id='word_1_18' title='bbox 2006 480 2051 534; x_wconf 76' lang='grc' dir='ltr'>Α</span> <span class='ocrx_word' id='word_1_19' title='bbox 2084 468 2338 523; x_wconf 69' lang='lat' dir='ltr'><strong>Romana:</strong></span> <span class='ocrx_word' id='word_1_20' title='bbox 2358 467 2628 536; x_wconf 68' lang='lat' dir='ltr'><strong>Ecclesiae,</strong></span> <span class='ocrx_word' id='word_1_21' title='bbox 2660 468 2743 522; x_wconf 92' lang='lat' dir='ltr'><strong>cui</strong></span> <span class='ocrx_word' id='word_1_22' title='bbox 2776 482 2870 538; x_wconf 87' lang='lat' dir='ltr'><strong>per</strong></span> <span class='ocrx_word' id='word_1_23' title='bbox 2899 467 2988 522; x_wconf 72' lang='lat' dir='ltr'><strong>Dei</strong></span> <span class='ocrx_word' id='word_1_24' title='bbox 3017 467 3243 536; x_wconf 84' lang='lat' dir='ltr'><strong>gratiam</strong></span> <span class='ocrx_word' id='word_1_25' title='bbox 3275 465 3542 536; x_wconf 63' lang='lat' dir='ltr'><strong>praesidet,</strong></span> <span class='ocrx_word' id='word_1_26' title='bbox 3583 467 3666 526; x_wconf 73' lang='lat' dir='ltr'><strong>hic</strong></span> 
     </span>
    </p>
   </div>
   <div class='ocr_carea' id='block_1_5' title="bbox 378 560 1968 629">
    <p class='ocr_par' dir='ltr' id='par_1_5' title="bbox 378 560 1968 629">
     <span class='ocr_line' id='line_1_5' title="bbox 378 560 1968 629; baseline -0.001 -14"><span class='ocrx_word' id='word_1_27' title='bbox 378 562 737 615; x_wconf 83' lang='lat' dir='ltr'><strong>Jandatricetn</strong></span> <span class='ocrx_word' id='word_1_28' title='bbox 766 561 883 628; x_wconf 85' lang='lat' dir='ltr'><strong>ejus</strong></span> <span class='ocrx_word' id='word_1_29' title='bbox 924 560 1204 629; x_wconf 78' lang='lat' dir='ltr'><strong>epistulam</strong></span> <span class='ocrx_word' id='word_1_30' title='bbox 1233 561 1628 628; x_wconf 84' lang='lat' dir='ltr'><strong>condemnavit,</strong></span> <span class='ocrx_word' id='word_1_31' title='bbox 1657 561 1968 618; x_wconf 63' lang='lat' dir='ltr'><strong>Nestor-iam</strong></span> 
     </span>
    </p>
   </div>
   <div class='ocr_carea' id='block_1_6' title="bbox 378 651 876 718">
    <p class='ocr_par' dir='ltr' id='par_1_6' title="bbox 378 651 876 718">
     <span class='ocr_line' id='line_1_6' title="bbox 378 651 876 718; baseline -0.002 -14"><span class='ocrx_word' id='word_1_32' title='bbox 378 652 552 710; x_wconf 80' lang='lat' dir='ltr'><strong>fuisse</strong></span> <span class='ocrx_word' id='word_1_33' title='bbox 579 651 876 718; x_wconf 75' lang='lat' dir='ltr'><strong>videretur,</strong></span> 
     </span>
    </p>
   </div>
   <div class='ocr_carea' id='block_1_7' title="bbox 1003 830 1353 888">
    <p class='ocr_par' dir='ltr' id='par_1_7' title="bbox 1003 830 1353 888">
     <span class='ocr_line' id='line_1_7' title="bbox 1003 830 1353 888; baseline -0.009 0"><span class='ocrx_word' id='word_1_34' title='bbox 1003 830 1182 888; x_wconf 74' lang='lat' dir='ltr'><strong>CAPU</strong></span> <span class='ocrx_word' id='word_1_35' title='bbox 1189 831 1231 887; x_wconf 86' lang='grc' dir='ltr'>Τ</span> <span class='ocrx_word' id='word_1_36' title='bbox 1267 831 1353 886; x_wconf 80' lang='lat' dir='ltr'><strong>lli.</strong></span> 
     </span>
    </p>
   </div>
   <div class='ocr_carea' id='block_1_8' title="bbox 375 944 1969 1020">
    <p class='ocr_par' dir='ltr' id='par_1_8' title="bbox 375 944 1969 1020">
     <span class='ocr_line' id='line_1_8' title="bbox 375 944 1969 1020; baseline -0.001 -18"><span class='ocrx_word' id='word_1_37' title='bbox 375 944 534 1012; x_wconf 68' lang='lat' dir='ltr'><strong>Quod</strong></span> <span class='ocrx_word' id='word_1_38' title='bbox 575 947 785 1020; x_wconf 78' lang='lat' dir='ltr'><strong>Vigiliur</strong></span> <span class='ocrx_word' id='word_1_39' title='bbox 813 964 946 1018; x_wconf 83' lang='lat' dir='ltr'><strong>pnpa</strong></span> <span class='ocrx_word' id='word_1_40' title='bbox 967 963 1034 1001; x_wconf 80' lang='lat' dir='ltr'><strong>ea:</strong></span> <span class='ocrx_word' id='word_1_41' title='bbox 1055 947 1240 1020; x_wconf 80' lang='lat' dir='ltr'><strong>itinere</strong></span> <span class='ocrx_word' id='word_1_42' title='bbox 1281 946 1530 1011; x_wconf 78' lang='lat' dir='ltr'><strong>scribens,</strong></span> <span class='ocrx_word' id='word_1_43' title='bbox 1561 945 1670 1000; x_wconf 70' lang='lat' dir='ltr'><strong>Iba:</strong></span> <span class='ocrx_word' id='word_1_44' title='bbox 1700 963 1762 1020; x_wconf 80' lang='lat' dir='ltr'><strong>ac</strong></span> <span class='ocrx_word' id='word_1_45' title='bbox 1801 945 1969 1001; x_wconf 80' lang='lat' dir='ltr'><strong>Theo-</strong></span> 
     </span>
    </p>
   </div>
   <div class='ocr_carea' id='block_1_9' title="bbox 455 1018 2020 1087">
    <p class='ocr_par' dir='ltr' id='par_1_9' title="bbox 455 1018 2020 1087">
     <span class='ocr_line' id='line_1_9' title="bbox 455 1018 2020 1087; baseline -0.003 -16"><span class='ocrx_word' id='word_1_46' title='bbox 455 1019 570 1072; x_wconf 83' lang='lat' dir='ltr'><strong>dori</strong></span> <span class='ocrx_word' id='word_1_47' title='bbox 615 1018 996 1072; x_wconf 72' lang='lat' dir='ltr'><strong>damnationem</strong></span> <span class='ocrx_word' id='word_1_48' title='bbox 1048 1018 1345 1086; x_wconf 75' lang='lat' dir='ltr'><strong>improburit</strong></span> <span class='ocrx_word' id='word_1_49' title='bbox 1377 1028 1530 1087; x_wconf 69' lang='lat' dir='ltr'><strong>atque</strong></span> <span class='ocrx_word' id='word_1_50' title='bbox 1568 1019 1883 1082; x_wconf 73' lang='lat' dir='ltr'><strong>emendarit;</strong></span> <span class='ocrx_word' id='word_1_51' title='bbox 1919 1028 1968 1072; x_wconf 80' lang='lat' dir='ltr'><strong>et</strong></span> <span class='ocrx_word' id='word_1_52' title='bbox 2010 1062 2020 1066; x_wconf 81' lang='lat'><strong><em>_</em></strong></span> 
     </span>
    </p>
   </div>
   <div class='ocr_carea' id='block_1_10' title="bbox 451 1087 1966 1168">
    <p class='ocr_par' dir='ltr' id='par_1_10' title="bbox 451 1087 1966 1168">
     <span class='ocr_line' id='line_1_10' title="bbox 451 1087 1966 1168; baseline 0.001 -27"><span class='ocrx_word' id='word_1_53' title='bbox 451 1091 590 1157; x_wconf 80' lang='lat' dir='ltr'><strong>quod</strong></span> <span class='ocrx_word' id='word_1_54' title='bbox 637 1091 846 1142; x_wconf 71' lang='lat' dir='ltr'><strong>diversa!</strong></span> <span class='ocrx_word' id='word_1_55' title='bbox 900 1090 1170 1168; x_wconf 68' lang='lat' dir='ltr'><strong>provincia:</strong></span> <span class='ocrx_word' id='word_1_56' title='bbox 1221 1087 1468 1159; x_wconf 82' lang='lat' dir='ltr'><strong>Vigilium</strong></span> <span class='ocrx_word' id='word_1_57' title='bbox 1507 1103 1571 1140; x_wconf 86' lang='lat' dir='ltr'><strong>ne</strong></span> <span class='ocrx_word' id='word_1_58' title='bbox 1620 1088 1716 1140; x_wconf 83' lang='lat' dir='ltr'><strong>hoc</strong></span> <span class='ocrx_word' id='word_1_59' title='bbox 1765 1099 1966 1155; x_wconf 80' lang='lat' dir='ltr'><strong>patere-</strong></span> 
     </span>
    </p>
   </div>
   <div class='ocr_carea' id='block_1_11' title="bbox 453 1168 1007 1212">
    <p class='ocr_par' dir='ltr' id='par_1_11' title="bbox 453 1168 1007 1212">
     <span class='ocr_line' id='line_1_11' title="bbox 453 1168 1007 1212; baseline 0.002 -2"><span class='ocrx_word' id='word_1_60' title='bbox 453 1171 537 1212; x_wconf 86' lang='lat' dir='ltr'><strong>tur</strong></span> <span class='ocrx_word' id='word_1_61' title='bbox 570 1168 861 1212; x_wconf 80' lang='lat' dir='ltr'><strong>contestata:</strong></span> <span class='ocrx_word' id='word_1_62' title='bbox 884 1168 1007 1211; x_wconf 74' lang='lat' dir='ltr'><strong>sint.</strong></span> 
     </span>
    </p>
   </div>
   <div class='ocr_carea' id='block_1_12' title="bbox 453 1284 1967 1355">
    <p class='ocr_par' dir='ltr' id='par_1_12' title="bbox 453 1284 1967 1355">
     <span class='ocr_line' id='line_1_12' title="bbox 453 1284 1967 1355; baseline 0.001 -16"><span class='ocrx_word' id='word_1_63' title='bbox 453 1284 568 1341; x_wconf 81' lang='lat' dir='ltr'><strong>Hoc</strong></span> <span class='ocrx_word' id='word_1_64' title='bbox 595 1294 676 1340; x_wconf 90' lang='lat' dir='ltr'><strong>est</strong></span> <span class='ocrx_word' id='word_1_65' title='bbox 704 1292 883 1339; x_wconf 90' lang='lat' dir='ltr'><strong>autem</strong></span> <span class='ocrx_word' id='word_1_66' title='bbox 924 1284 1183 1350; x_wconf 88' lang='lat' dir='ltr'><strong>mirabile,</strong></span> <span class='ocrx_word' id='word_1_67' title='bbox 1206 1293 1265 1339; x_wconf 92' lang='lat' dir='ltr'><strong>ut</strong></span> <span class='ocrx_word' id='word_1_68' title='bbox 1293 1293 1574 1355; x_wconf 91' lang='lat' dir='ltr'><strong>postquam</strong></span> <span class='ocrx_word' id='word_1_69' title='bbox 1613 1285 1804 1339; x_wconf 85' lang='lat' dir='ltr'><strong>horum</strong></span> <span class='ocrx_word' id='word_1_70' title='bbox 1835 1301 1967 1342; x_wconf 90' lang='lat' dir='ltr'><strong>con-</strong></span> 
     </span>
    </p>
   </div>
   <div class='ocr_carea' id='block_1_13' title="bbox 383 1376 1964 1448">
    <p class='ocr_par' dir='ltr' id='par_1_13' title="bbox 383 1376 1964 1448">
     <span class='ocr_line' id='line_1_13' title="bbox 383 1376 1964 1448; baseline 0.001 -16"><span class='ocrx_word' id='word_1_71' title='bbox 383 1377 778 1432; x_wconf 72' lang='lat' dir='ltr'><strong>damnationem</strong></span> <span class='ocrx_word' id='word_1_72' title='bbox 837 1377 1119 1443; x_wconf 87' lang='lat' dir='ltr'><strong>fecerunt,</strong></span> <span class='ocrx_word' id='word_1_73' title='bbox 1175 1376 1417 1432; x_wconf 76' lang='lat' dir='ltr'><strong>dicerent</strong></span> <span class='ocrx_word' id='word_1_74' title='bbox 1472 1377 1617 1448; x_wconf 93' lang='lat' dir='ltr'><strong>quod</strong></span> <span class='ocrx_word' id='word_1_75' title='bbox 1666 1377 1964 1434; x_wconf 86' lang='lat' dir='ltr'><strong>Ecclesiam</strong></span> 
     </span>
    </p>
   </div>
   <div class='ocr_carea' id='block_1_14' title="bbox 370 1471 1965 1542">
    <p class='ocr_par' dir='ltr' id='par_1_14' title="bbox 370 1471 1965 1542">
     <span class='ocr_line' id='line_1_14' title="bbox 370 1471 1965 1542; baseline 0.003 -18"><span class='ocrx_word' id='word_1_76' title='bbox 370 1471 685 1526; x_wconf 72' lang='lat' dir='ltr'><strong>Romanam</strong></span> <span class='ocrx_word' id='word_1_77' title='bbox 737 1471 1113 1536; x_wconf 84' lang='lat' dir='ltr'><strong>consulerent,</strong></span> <span class='ocrx_word' id='word_1_78' title='bbox 1143 1479 1200 1525; x_wconf 88' lang='lat' dir='ltr'><strong>et</strong></span> <span class='ocrx_word' id='word_1_79' title='bbox 1246 1473 1570 1527; x_wconf 90' lang='lat' dir='ltr'><strong>sententiam</strong></span> <span class='ocrx_word' id='word_1_80' title='bbox 1618 1471 1794 1542; x_wconf 80' lang='lat' dir='ltr'><strong>Vigilii</strong></span> <span class='ocrx_word' id='word_1_81' title='bbox 1848 1472 1965 1539; x_wconf 84' lang='lat' dir='ltr'><strong>ejus</strong></span> 
     </span>
    </p>
   </div>
   <div class='ocr_carea' id='block_1_15' title="bbox 373 1561 1963 1632">
    <p class='ocr_par' dir='ltr' id='par_1_15' title="bbox 373 1561 1963 1632">
     <span class='ocr_line' id='line_1_15' title="bbox 373 1561 1963 1632; baseline 0.002 -18"><span class='ocrx_word' id='word_1_82' title='bbox 373 1561 622 1630; x_wconf 64' lang='lat' dir='ltr'><strong>praesulis</strong></span> <span class='ocrx_word' id='word_1_83' title='bbox 645 1569 1061 1630; x_wconf 81' lang='lat' dir='ltr'><strong>exspectarent:</strong></span> <span class='ocrx_word' id='word_1_84' title='bbox 1089 1561 1196 1628; x_wconf 86' lang='lat' dir='ltr'><strong>cui,</strong></span> <span class='ocrx_word' id='word_1_85' title='bbox 1226 1570 1483 1632; x_wconf 89' lang='lat' dir='ltr'><strong>quantum</strong></span> <span class='ocrx_word' id='word_1_86' title='bbox 1513 1563 1581 1618; x_wconf 87' lang='lat' dir='ltr'><strong>ad</strong></span> <span class='ocrx_word' id='word_1_87' title='bbox 1606 1563 1728 1620; x_wconf 91' lang='lat' dir='ltr'><strong>illos</strong></span> <span class='ocrx_word' id='word_1_88' title='bbox 1750 1564 1963 1630; x_wconf 86' lang='lat' dir='ltr'><strong>attinet,</strong></span> 
     </span>
    </p>
   </div>
   <div class='ocr_carea' id='block_1_16' title="bbox 365 1650 1962 1722">
    <p class='ocr_par' dir='ltr' id='par_1_16' title="bbox 365 1650 1962 1722">
     <span class='ocr_line' id='line_1_16' title="bbox 365 1650 1962 1722; baseline 0.004 -18"><span class='ocrx_word' id='word_1_89' title='bbox 365 1665 490 1704; x_wconf 89' lang='lat' dir='ltr'><strong>-non</strong></span> <span class='ocrx_word' id='word_1_90' title='bbox 543 1651 908 1720; x_wconf 84' lang='lat' dir='ltr'><strong>permiserunt</strong></span> <span class='ocrx_word' id='word_1_91' title='bbox 953 1665 1176 1706; x_wconf 89' lang='lat' dir='ltr'><strong>censere</strong></span> <span class='ocrx_word' id='word_1_92' title='bbox 1203 1650 1348 1722; x_wconf 89' lang='lat' dir='ltr'><strong>quod</strong></span> <span class='ocrx_word' id='word_1_93' title='bbox 1394 1655 1664 1709; x_wconf 85' lang='lat' dir='ltr'><strong>senserit:</strong></span> <span class='ocrx_word' id='word_1_94' title='bbox 1698 1663 1824 1710; x_wconf 85' lang='lat' dir='ltr'><strong>ante</strong></span> <span class='ocrx_word' id='word_1_95' title='bbox 1852 1663 1962 1710; x_wconf 88' lang='lat' dir='ltr'><strong>sta-</strong></span> 
     </span>
    </p>
   </div>
   <div class='ocr_carea' id='block_1_17' title="bbox 377 1743 1962 1816">
    <p class='ocr_par' dir='ltr' id='par_1_17' title="bbox 377 1743 1962 1816">
     <span class='ocr_line' id='line_1_17' title="bbox 377 1743 1962 1816; baseline 0.004 -19"><span class='ocrx_word' id='word_1_96' title='bbox 377 1752 611 1808; x_wconf 86' lang='lat' dir='ltr'><strong>tuentes,</strong></span> <span class='ocrx_word' id='word_1_97' title='bbox 643 1745 762 1800; x_wconf 89' lang='lat' dir='ltr'><strong>utsi</strong></span> <span class='ocrx_word' id='word_1_98' title='bbox 791 1745 910 1814; x_wconf 90' lang='lat' dir='ltr'><strong>quis</strong></span> <span class='ocrx_word' id='word_1_99' title='bbox 938 1743 1278 1801; x_wconf 85' lang='lat' dir='ltr'><strong>Theodorum</strong></span> <span class='ocrx_word' id='word_1_100' title='bbox 1309 1745 1646 1816; x_wconf 69' lang='lat' dir='ltr'><strong>MOpsuestia:</strong></span> <span class='ocrx_word' id='word_1_101' title='bbox 1665 1787 1680 1813; x_wconf 90' lang='lat'><strong>,</strong></span> <span class='ocrx_word' id='word_1_102' title='bbox 1702 1763 1824 1804; x_wconf 91' lang='lat' dir='ltr'><strong>cum</strong></span> <span class='ocrx_word' id='word_1_103' title='bbox 1851 1749 1962 1804; x_wconf 88' lang='lat' dir='ltr'><strong>suis</strong></span> 
     </span>
    </p>
   </div>
   <div class='ocr_carea' id='block_1_18' title="bbox 379 1835 2038 1916">
    <p class='ocr_par' dir='ltr' id='par_1_18' title="bbox 379 1835 2038 1916">
     <span class='ocr_line' id='line_1_18' title="bbox 379 1835 2038 1916; baseline 0.002 -27"><span class='ocrx_word' id='word_1_104' title='bbox 379 1835 720 1904; x_wconf 77' lang='lat' dir='ltr'><strong>dogmatibus</strong></span> <span class='ocrx_word' id='word_1_105' title='bbox 765 1835 1131 1905; x_wconf 79' lang='lat' dir='ltr'><strong>et&#39;epistolam</strong></span> <span class='ocrx_word' id='word_1_106' title='bbox 1178 1836 1501 1892; x_wconf 77' lang='lat' dir='ltr'><strong>venerabilis</strong></span> <span class='ocrx_word' id='word_1_107' title='bbox 1528 1836 1634 1892; x_wconf 67' lang='lat' dir='ltr'><strong>Ibat</strong></span> <span class='ocrx_word' id='word_1_108' title='bbox 1677 1853 1786 1892; x_wconf 87' lang='lat' dir='ltr'><strong>non</strong></span> <span class='ocrx_word' id='word_1_109' title='bbox 1833 1852 1961 1892; x_wconf 85' lang='lat' dir='ltr'><strong>ana-</strong></span> <span class='ocrx_word' id='word_1_110' title='bbox 1991 1857 2038 1916; x_wconf 74' lang='grc' dir='ltr'><strong><em>Β</em></strong></span> 
     </span>
    </p>
   </div>
   <div class='ocr_carea' id='block_1_19' title="bbox 382 1923 1962 1994">
    <p class='ocr_par' dir='ltr' id='par_1_19' title="bbox 382 1923 1962 1994">
     <span class='ocr_line' id='line_1_19' title="bbox 382 1923 1962 1994; baseline 0.004 -17"><span class='ocrx_word' id='word_1_111' title='bbox 382 1924 714 1991; x_wconf 85' lang='lat' dir='ltr'><strong>thematizat,</strong></span> <span class='ocrx_word' id='word_1_112' title='bbox 765 1924 858 1978; x_wconf 85' lang='lat' dir='ltr'><strong>ﬁat</strong></span> <span class='ocrx_word' id='word_1_113' title='bbox 899 1925 1203 1978; x_wconf 84' lang='lat' dir='ltr'><strong>anathema.</strong></span> <span class='ocrx_word' id='word_1_114' title='bbox 1255 1923 1361 1979; x_wconf 87' lang='lat' dir='ltr'><strong>Sed</strong></span> <span class='ocrx_word' id='word_1_115' title='bbox 1411 1940 1538 1980; x_wconf 88' lang='lat' dir='ltr'><strong>ecce</strong></span> <span class='ocrx_word' id='word_1_116' title='bbox 1583 1925 1696 1994; x_wconf 92' lang='lat' dir='ltr'><strong>jam</strong></span> <span class='ocrx_word' id='word_1_117' title='bbox 1744 1927 1962 1984; x_wconf 87' lang='lat' dir='ltr'><strong>veniens</strong></span> 
     </span>
    </p>
   </div>
   <div class='ocr_carea' id='block_1_20' title="bbox 375 2014 1960 2088">
    <p class='ocr_par' dir='ltr' id='par_1_20' title="bbox 375 2014 1960 2088">
     <span class='ocr_line' id='line_1_20' title="bbox 375 2014 1960 2088; baseline 0.003 -18"><span class='ocrx_word' id='word_1_118' title='bbox 375 2029 442 2070; x_wconf 81' lang='lat' dir='ltr'><strong>ex</strong></span> <span class='ocrx_word' id='word_1_119' title='bbox 466 2015 658 2071; x_wconf 85' lang='lat' dir='ltr'><strong>itinere</strong></span> <span class='ocrx_word' id='word_1_120' title='bbox 686 2015 828 2085; x_wconf 90' lang='lat' dir='ltr'><strong>quod</strong></span> <span class='ocrx_word' id='word_1_121' title='bbox 858 2017 907 2070; x_wconf 92' lang='lat' dir='ltr'><strong>ei</strong></span> <span class='ocrx_word' id='word_1_122' title='bbox 932 2015 1216 2070; x_wconf 84' lang='lat' dir='ltr'><strong>videbatur</strong></span> <span class='ocrx_word' id='word_1_123' title='bbox 1242 2015 1433 2083; x_wconf 74' lang='lat' dir='ltr'><strong>edixit,</strong></span> <span class='ocrx_word' id='word_1_124' title='bbox 1463 2025 1517 2071; x_wconf 87' lang='lat' dir='ltr'><strong>et</strong></span> <span class='ocrx_word' id='word_1_125' title='bbox 1537 2014 1661 2073; x_wconf 78' lang='lat' dir='ltr'><strong>facti</strong></span> <span class='ocrx_word' id='word_1_126' title='bbox 1684 2018 1840 2088; x_wconf 88' lang='lat' dir='ltr'><strong>hujus</strong></span> <span class='ocrx_word' id='word_1_127' title='bbox 1861 2035 1960 2074; x_wconf 89' lang='lat' dir='ltr'><strong>au-</strong></span> 
     </span>
    </p>
   </div>
   <div class='ocr_carea' id='block_1_21' title="bbox 374 2107 1962 2180">
    <p class='ocr_par' dir='ltr' id='par_1_21' title="bbox 374 2107 1962 2180">
     <span class='ocr_line' id='line_1_21' title="bbox 374 2107 1962 2180; baseline 0.004 -17"><span class='ocrx_word' id='word_1_128' title='bbox 374 2108 513 2163; x_wconf 88' lang='lat' dir='ltr'><strong>ctori</strong></span> <span class='ocrx_word' id='word_1_129' title='bbox 539 2118 563 2144; x_wconf 77' lang='grc' dir='ltr'>η</span> <span class='ocrx_word' id='word_1_130' title='bbox 585 2108 977 2163; x_wconf 87' lang='lat' dir='ltr'><strong>correctionem</strong></span> <span class='ocrx_word' id='word_1_131' title='bbox 1007 2107 1364 2163; x_wconf 75' lang='lat' dir='ltr'><strong>tumultuarite</strong></span> <span class='ocrx_word' id='word_1_132' title='bbox 1388 2123 1498 2164; x_wconf 61' lang='lat' dir='ltr'><strong>sua</strong></span> <span class='ocrx_word' id='word_1_133' title='bbox 1521 2113 1962 2180; x_wconf 83' lang='lat' dir='ltr'><strong>transgressionis</strong></span> 
     </span>
    </p>
   </div>
   <div class='ocr_carea' id='block_1_22' title="bbox 376 2196 1954 2269">
    <p class='ocr_par' dir='ltr' id='par_1_22' title="bbox 376 2196 1954 2269">
     <span class='ocr_line' id='line_1_22' title="bbox 376 2196 1954 2269; baseline 0.004 -18"><span class='ocrx_word' id='word_1_134' title='bbox 376 2196 596 2263; x_wconf 68' lang='lat' dir='ltr'><strong>indixit;</strong></span> <span class='ocrx_word' id='word_1_135' title='bbox 619 2205 675 2252; x_wconf 92' lang='lat' dir='ltr'><strong>et</strong></span> <span class='ocrx_word' id='word_1_136' title='bbox 694 2197 797 2252; x_wconf 88' lang='lat' dir='ltr'><strong>nisi</strong></span> <span class='ocrx_word' id='word_1_137' title='bbox 822 2197 981 2252; x_wconf 87' lang='lat' dir='ltr'><strong>citius</strong></span> <span class='ocrx_word' id='word_1_138' title='bbox 999 2197 1140 2266; x_wconf 91' lang='lat' dir='ltr'><strong>quod</strong></span> <span class='ocrx_word' id='word_1_139' title='bbox 1171 2198 1312 2253; x_wconf 85' lang='lat' dir='ltr'><strong>male</strong></span> <span class='ocrx_word' id='word_1_140' title='bbox 1334 2199 1534 2254; x_wconf 84' lang='lat' dir='ltr'><strong>factum</strong></span> <span class='ocrx_word' id='word_1_141' title='bbox 1556 2209 1640 2256; x_wconf 92' lang='lat' dir='ltr'><strong>est</strong></span> <span class='ocrx_word' id='word_1_142' title='bbox 1663 2201 1954 2269; x_wconf 80' lang='lat' dir='ltr'><strong>auferatur,</strong></span> 
     </span>
    </p>
   </div>
   <div class='ocr_carea' id='block_1_23' title="bbox 372 2287 1960 2362">
    <p class='ocr_par' dir='ltr' id='par_1_23' title="bbox 372 2287 1960 2362">
     <span class='ocr_line' id='line_1_23' title="bbox 372 2287 1960 2362; baseline 0.006 -21"><span class='ocrx_word' id='word_1_143' title='bbox 372 2289 533 2343; x_wconf 89' lang='lat' dir='ltr'><strong>etiam</strong></span> <span class='ocrx_word' id='word_1_144' title='bbox 576 2287 972 2344; x_wconf 88' lang='lat' dir='ltr'><strong>vindicaturum</strong></span> <span class='ocrx_word' id='word_1_145' title='bbox 1025 2303 1084 2342; x_wconf 89' lang='lat' dir='ltr'><strong>se</strong></span> <span class='ocrx_word' id='word_1_146' title='bbox 1129 2304 1250 2344; x_wconf 89' lang='lat' dir='ltr'><strong>esse</strong></span> <span class='ocrx_word' id='word_1_147' title='bbox 1277 2291 1548 2359; x_wconf 79' lang='lat' dir='ltr'><strong>praedixit,</strong></span> <span class='ocrx_word' id='word_1_148' title='bbox 1576 2301 1877 2362; x_wconf 87' lang='lat' dir='ltr'><strong>protestans</strong></span> <span class='ocrx_word' id='word_1_149' title='bbox 1903 2304 1960 2350; x_wconf 89' lang='lat' dir='ltr'><strong>et</strong></span> 
     </span>
    </p>
   </div>
   <div class='ocr_carea' id='block_1_24' title="bbox 371 2376 1954 2453">
    <p class='ocr_par' dir='ltr' id='par_1_24' title="bbox 371 2376 1954 2453">
     <span class='ocr_line' id='line_1_24' title="bbox 371 2376 1954 2453; baseline 0.006 -23"><span class='ocrx_word' id='word_1_150' title='bbox 371 2376 556 2432; x_wconf 89' lang='lat' dir='ltr'><strong>dicens</strong></span> <span class='ocrx_word' id='word_1_151' title='bbox 581 2393 703 2434; x_wconf 89' lang='lat' dir='ltr'><strong>cum</strong></span> <span class='ocrx_word' id='word_1_152' title='bbox 732 2378 991 2448; x_wconf 89' lang='lat' dir='ltr'><strong>Apostolo</strong></span> <span class='ocrx_word' id='word_1_153' title='bbox 1011 2378 1294 2435; x_wconf 81' lang='lat' dir='ltr'><strong>Timotheo</strong></span> <span class='ocrx_word' id='word_1_154' title='bbox 1318 2397 1332 2433; x_wconf 91' lang='lat'><strong>:</strong></span> <span class='ocrx_word' id='word_1_155' title='bbox 1364 2378 1449 2435; x_wconf 89' lang='lat' dir='ltr'><strong>Ne</strong></span> <span class='ocrx_word' id='word_1_156' title='bbox 1464 2383 1598 2453; x_wconf 79' lang='lat' dir='ltr'><strong>forte</strong></span> <span class='ocrx_word' id='word_1_157' title='bbox 1616 2399 1732 2438; x_wconf 88' lang='lat' dir='ltr'><strong>cum</strong></span> <span class='ocrx_word' id='word_1_158' title='bbox 1751 2401 1954 2453; x_wconf 83' lang='lat' dir='ltr'><strong>venero,</strong></span> 
     </span>
    </p>
   </div>
   <div class='ocr_carea' id='block_1_25' title="bbox 370 2469 1957 2543">
    <p class='ocr_par' dir='ltr' id='par_1_25' title="bbox 370 2469 1957 2543">
     <span class='ocr_line' id='line_1_25' title="bbox 370 2469 1957 2543; baseline 0.005 -20"><span class='ocrx_word' id='word_1_159' title='bbox 370 2485 474 2524; x_wconf 91' lang='lat' dir='ltr'><strong>non</strong></span> <span class='ocrx_word' id='word_1_160' title='bbox 504 2469 818 2540; x_wconf 76' lang='lat' dir='ltr'><strong>quales-colo</strong></span> <span class='ocrx_word' id='word_1_161' title='bbox 846 2470 1105 2524; x_wconf 75' lang='lat' dir='ltr'><strong>inveniam</strong></span> <span class='ocrx_word' id='word_1_162' title='bbox 1130 2487 1237 2538; x_wconf 78' lang='lat' dir='ltr'><strong>vos,</strong></span> <span class='ocrx_word' id='word_1_163' title='bbox 1269 2480 1317 2524; x_wconf 87' lang='lat' dir='ltr'><strong>et</strong></span> <span class='ocrx_word' id='word_1_164' title='bbox 1362 2489 1456 2543; x_wconf 83' lang='lat' dir='ltr'><strong>ego</strong></span> <span class='ocrx_word' id='word_1_165' title='bbox 1498 2474 1732 2528; x_wconf 78' lang='lat' dir='ltr'><strong>inveniar</strong></span> <span class='ocrx_word' id='word_1_166' title='bbox 1755 2492 1789 2528; x_wconf 88' lang='lat' dir='ltr'><strong>a</strong></span> <span class='ocrx_word' id='word_1_167' title='bbox 1814 2475 1957 2532; x_wconf 73' lang='lat' dir='ltr'><strong>vobis</strong></span> 
     </span>
    </p>
   </div>
   <div class='ocr_carea' id='block_1_26' title="bbox 371 2559 1956 2637">
    <p class='ocr_par' dir='ltr' id='par_1_26' title="bbox 371 2559 1956 2637">
     <span class='ocr_line' id='line_1_26' title="bbox 371 2559 1956 2637; baseline 0.007 -25"><span class='ocrx_word' id='word_1_168' title='bbox 371 2560 567 2631; x_wconf 76' lang='lat' dir='ltr'><strong>qualem</strong></span> <span class='ocrx_word' id='word_1_169' title='bbox 590 2577 671 2614; x_wconf 84' lang='lat' dir='ltr'><strong>me</strong></span> <span class='ocrx_word' id='word_1_170' title='bbox 697 2577 801 2614; x_wconf 88' lang='lat' dir='ltr'><strong>non</strong></span> <span class='ocrx_word' id='word_1_171' title='bbox 828 2561 982 2615; x_wconf 76' lang='lat' dir='ltr'><strong>vultis</strong></span> <span class='ocrx_word' id='word_1_172' title='bbox 1013 2559 1101 2630; x_wconf 91' lang='lat' dir='ltr'><strong>(II</strong></span> <span class='ocrx_word' id='word_1_173' title='bbox 1130 2559 1247 2616; x_wconf 87' lang='lat' dir='ltr'><strong>Cor.</strong></span> <span class='ocrx_word' id='word_1_174' title='bbox 1279 2578 1373 2628; x_wconf 82' lang='lat' dir='ltr'><strong>xu,</strong></span> <span class='ocrx_word' id='word_1_175' title='bbox 1401 2561 1470 2618; x_wconf 70' lang='lat'><strong>20</strong></span> <span class='ocrx_word' id='word_1_176' title='bbox 1497 2563 1537 2634; x_wconf 92' lang='lat'><strong>).</strong></span> <span class='ocrx_word' id='word_1_177' title='bbox 1562 2561 1788 2636; x_wconf 86' lang='lat' dir='ltr'><strong>Propter</strong></span> <span class='ocrx_word' id='word_1_178' title='bbox 1814 2567 1956 2637; x_wconf 91' lang='lat' dir='ltr'><strong>quod</strong></span> 
     </span>
    </p>
   </div>
   <div class='ocr_carea' id='block_1_27' title="bbox 369 2652 1966 2728">
    <p class='ocr_par' dir='ltr' id='par_1_27' title="bbox 369 2652 1966 2728">
     <span class='ocr_line' id='line_1_27' title="bbox 369 2652 1966 2728; baseline 0.006 -22"><span class='ocrx_word' id='word_1_179' title='bbox 369 2661 426 2706; x_wconf 88' lang='lat' dir='ltr'><strong>et</strong></span> <span class='ocrx_word' id='word_1_180' title='bbox 466 2652 534 2706; x_wconf 91' lang='lat' dir='ltr'><strong>de</strong></span> <span class='ocrx_word' id='word_1_181' title='bbox 571 2659 750 2708; x_wconf 90' lang='lat' dir='ltr'><strong>vestra</strong></span> <span class='ocrx_word' id='word_1_182' title='bbox 783 2652 1085 2718; x_wconf 88' lang='lat' dir='ltr'><strong>clementia,</strong></span> <span class='ocrx_word' id='word_1_183' title='bbox 1108 2653 1330 2708; x_wconf 84' lang='lat' dir='ltr'><strong>summis</strong></span> <span class='ocrx_word' id='word_1_184' title='bbox 1371 2655 1615 2725; x_wconf 81' lang='lat' dir='ltr'><strong>precibus</strong></span> <span class='ocrx_word' id='word_1_185' title='bbox 1639 2673 1966 2728; x_wconf 21' lang='lat' dir='ltr'><strong>summoque,</strong></span> 
     </span>
    </p>
   </div>
   <div class='ocr_carea' id='block_1_28' title="bbox 369 2743 1954 2815">
    <p class='ocr_par' dir='ltr' id='par_1_28' title="bbox 369 2743 1954 2815">
     <span class='ocr_line' id='line_1_28' title="bbox 369 2743 1954 2815; baseline 0.004 -18"><span class='ocrx_word' id='word_1_186' title='bbox 369 2743 578 2808; x_wconf 67' lang='lat' dir='ltr'><strong>arhnsu,</strong></span> <span class='ocrx_word' id='word_1_187' title='bbox 607 2758 701 2813; x_wconf 90' lang='lat' dir='ltr'><strong>per</strong></span> <span class='ocrx_word' id='word_1_188' title='bbox 727 2758 856 2799; x_wconf 88' lang='lat' dir='ltr'><strong>suos</strong></span> <span class='ocrx_word' id='word_1_189' title='bbox 882 2743 1088 2812; x_wconf 86' lang='lat' dir='ltr'><strong>legatos</strong></span> <span class='ocrx_word' id='word_1_190' title='bbox 1128 2745 1279 2815; x_wconf 88' lang='lat' dir='ltr'><strong>petit,</strong></span> <span class='ocrx_word' id='word_1_191' title='bbox 1311 2746 1451 2801; x_wconf 88' lang='lat' dir='ltr'><strong>sicut</strong></span> <span class='ocrx_word' id='word_1_192' title='bbox 1495 2761 1616 2802; x_wconf 90' lang='lat' dir='ltr'><strong>eum</strong></span> <span class='ocrx_word' id='word_1_193' title='bbox 1651 2749 1954 2804; x_wconf 84' lang='lat' dir='ltr'><strong>venientem</strong></span> 
     </span>
    </p>
   </div>
   <div class='ocr_carea' id='block_1_29' title="bbox 368 2835 1956 2908">
    <p class='ocr_par' dir='ltr' id='par_1_29' title="bbox 368 2835 1956 2908">
     <span class='ocr_line' id='line_1_29' title="bbox 368 2835 1956 2908; baseline 0.007 -20"><span class='ocrx_word' id='word_1_194' title='bbox 368 2835 589 2892; x_wconf 80' lang='lat' dir='ltr'><strong>diversa:</strong></span> <span class='ocrx_word' id='word_1_195' title='bbox 615 2835 900 2906; x_wconf 66' lang='lat' dir='ltr'><strong>provinciae</strong></span> <span class='ocrx_word' id='word_1_196' title='bbox 919 2844 1235 2891; x_wconf 75' lang='lat' dir='ltr'><strong>contestata:</strong></span> <span class='ocrx_word' id='word_1_197' title='bbox 1251 2845 1396 2905; x_wconf 88' lang='lat' dir='ltr'><strong>sunt,</strong></span> <span class='ocrx_word' id='word_1_198' title='bbox 1417 2854 1484 2893; x_wconf 90' lang='lat' dir='ltr'><strong>ne</strong></span> <span class='ocrx_word' id='word_1_199' title='bbox 1502 2841 1781 2908; x_wconf 79' lang='lat' dir='ltr'><strong>patiamini</strong></span> <span class='ocrx_word' id='word_1_200' title='bbox 1809 2852 1956 2899; x_wconf 85' lang='lat' dir='ltr'><strong>stare</strong></span> 
     </span>
    </p>
   </div>
   <div class='ocr_carea' id='block_1_30' title="bbox 368 2925 1952 3000">
    <p class='ocr_par' dir='ltr' id='par_1_30' title="bbox 368 2925 1952 3000">
     <span class='ocr_line' id='line_1_30' title="bbox 368 2925 1952 3000; baseline 0.005 -20"><span class='ocrx_word' id='word_1_201' title='bbox 368 2926 514 2998; x_wconf 90' lang='lat' dir='ltr'><strong>quod</strong></span> <span class='ocrx_word' id='word_1_202' title='bbox 560 2925 763 2981; x_wconf 87' lang='lat' dir='ltr'><strong>factum</strong></span> <span class='ocrx_word' id='word_1_203' title='bbox 790 2933 891 2982; x_wconf 89' lang='lat' dir='ltr'><strong>est.</strong></span> <span class='ocrx_word' id='word_1_204' title='bbox 923 2925 1052 2981; x_wconf 89' lang='lat' dir='ltr'><strong>Tale</strong></span> <span class='ocrx_word' id='word_1_205' title='bbox 1081 2926 1343 2996; x_wconf 85' lang='lat' dir='ltr'><strong>siquidem</strong></span> <span class='ocrx_word' id='word_1_206' title='bbox 1375 2929 1538 3000; x_wconf 89' lang='lat' dir='ltr'><strong>ipsius</strong></span> <span class='ocrx_word' id='word_1_207' title='bbox 1583 2929 1710 2986; x_wconf 90' lang='lat' dir='ltr'><strong>facti</strong></span> <span class='ocrx_word' id='word_1_208' title='bbox 1751 2933 1952 2990; x_wconf 85' lang='lat' dir='ltr'><strong>crimen</strong></span> 
     </span>
    </p>
   </div>
   <div class='ocr_carea' id='block_1_31' title="bbox 365 3017 1954 3088">
    <p class='ocr_par' dir='ltr' id='par_1_31' title="bbox 365 3017 1954 3088">
     <span class='ocr_line' id='line_1_31' title="bbox 365 3017 1954 3088; baseline 0.006 -17"><span class='ocrx_word' id='word_1_209' title='bbox 365 3032 486 3073; x_wconf 85' lang='lat' dir='ltr'><strong>esse</strong></span> <span class='ocrx_word' id='word_1_210' title='bbox 523 3017 799 3088; x_wconf 87' lang='lat' dir='ltr'><strong>judicavit,</strong></span> <span class='ocrx_word' id='word_1_211' title='bbox 835 3025 893 3071; x_wconf 92' lang='lat' dir='ltr'><strong>ut</strong></span> <span class='ocrx_word' id='word_1_212' title='bbox 937 3017 1030 3072; x_wconf 90' lang='lat' dir='ltr'><strong>illo</strong></span> <span class='ocrx_word' id='word_1_213' title='bbox 1076 3017 1317 3074; x_wconf 89' lang='lat' dir='ltr'><strong>doctoris</strong></span> <span class='ocrx_word' id='word_1_214' title='bbox 1361 3021 1598 3088; x_wconf 83' lang='lat' dir='ltr'><strong>gentium</strong></span> <span class='ocrx_word' id='word_1_215' title='bbox 1649 3023 1954 3081; x_wconf 87' lang='lat' dir='ltr'><strong>testimonio</strong></span> 
     </span>
    </p>
   </div>
   <div class='ocr_carea' id='block_1_32' title="bbox 365 3106 1954 3180">
    <p class='ocr_par' dir='ltr' id='par_1_32' title="bbox 365 3106 1954 3180">
     <span class='ocr_line' id='line_1_32' title="bbox 365 3106 1954 3180; baseline 0.006 -18"><span class='ocrx_word' id='word_1_216' title='bbox 365 3109 585 3164; x_wconf 85' lang='lat' dir='ltr'><strong>duceret</strong></span> <span class='ocrx_word' id='word_1_217' title='bbox 605 3106 956 3176; x_wconf 79' lang='lat' dir='ltr'><strong>arguentium,</strong></span> <span class='ocrx_word' id='word_1_218' title='bbox 972 3108 1115 3178; x_wconf 92' lang='lat' dir='ltr'><strong>quod</strong></span> <span class='ocrx_word' id='word_1_219' title='bbox 1135 3108 1397 3180; x_wconf 91' lang='lat' dir='ltr'><strong>discipulo</strong></span> <span class='ocrx_word' id='word_1_220' title='bbox 1418 3110 1702 3168; x_wconf 86' lang='lat' dir='ltr'><strong>Timotheo</strong></span> <span class='ocrx_word' id='word_1_221' title='bbox 1715 3113 1954 3172; x_wconf 85' lang='lat' dir='ltr'><strong>scribens</strong></span> 
     </span>
    </p>
   </div>
   <div class='ocr_carea' id='block_1_33' title="bbox 2075 555 3665 632">
    <p class='ocr_par' dir='ltr' id='par_1_33' title="bbox 2075 555 3665 632">
     <span class='ocr_line' id='line_1_33' title="bbox 2075 555 3665 632; baseline -0.004 -16"><span class='ocrx_word' id='word_1_222' title='bbox 2075 563 2259 616; x_wconf 87' lang='lat' dir='ltr'><strong>habuit</strong></span> <span class='ocrx_word' id='word_1_223' title='bbox 2287 563 2672 632; x_wconf 83' lang='lat' dir='ltr'><strong>responsalem,</strong></span> <span class='ocrx_word' id='word_1_224' title='bbox 2702 570 2758 618; x_wconf 91' lang='lat' dir='ltr'><strong>et</strong></span> <span class='ocrx_word' id='word_1_225' title='bbox 2783 575 2876 629; x_wconf 84' lang='lat' dir='ltr'><strong>per</strong></span> <span class='ocrx_word' id='word_1_226' title='bbox 2904 559 3102 613; x_wconf 82' lang='lat' dir='ltr'><strong>multos</strong></span> <span class='ocrx_word' id='word_1_227' title='bbox 3131 556 3385 611; x_wconf 70' lang='lat' dir='ltr'><strong>Ecclesia:</strong></span> <span class='ocrx_word' id='word_1_228' title='bbox 3413 555 3551 611; x_wconf 83' lang='lat' dir='ltr'><strong>filios</strong></span> <span class='ocrx_word' id='word_1_229' title='bbox 3571 572 3665 628; x_wconf 83' lang='lat' dir='ltr'><strong>ap-</strong></span> 
     </span>
    </p>
   </div>
   <div class='ocr_carea' id='block_1_34' title="bbox 2072 642 3664 720">
    <p class='ocr_par' dir='ltr' id='par_1_34' title="bbox 2072 642 3664 720">
     <span class='ocr_line' id='line_1_34' title="bbox 2072 642 3664 720; baseline -0.003 -17"><span class='ocrx_word' id='word_1_230' title='bbox 2072 649 2340 720; x_wconf 80' lang='lat' dir='ltr'><strong>probavit,</strong></span> <span class='ocrx_word' id='word_1_231' title='bbox 2370 649 2515 718; x_wconf 88' lang='lat' dir='ltr'><strong>quod</strong></span> <span class='ocrx_word' id='word_1_232' title='bbox 2537 663 2596 702; x_wconf 89' lang='lat' dir='ltr'><strong>se</strong></span> <span class='ocrx_word' id='word_1_233' title='bbox 2623 663 2719 718; x_wconf 90' lang='lat' dir='ltr'><strong>pro</strong></span> <span class='ocrx_word' id='word_1_234' title='bbox 2745 647 2846 703; x_wconf 87' lang='lat' dir='ltr'><strong>hac</strong></span> <span class='ocrx_word' id='word_1_235' title='bbox 2873 661 3033 702; x_wconf 85' lang='lat' dir='ltr'><strong>causa</strong></span> <span class='ocrx_word' id='word_1_236' title='bbox 3079 659 3111 698; x_wconf 89' lang='lat' dir='ltr'><strong>a</strong></span> <span class='ocrx_word' id='word_1_237' title='bbox 3153 642 3475 698; x_wconf 81' lang='lat' dir='ltr'><strong>venerabilis</strong></span> <span class='ocrx_word' id='word_1_238' title='bbox 3518 643 3664 700; x_wconf 64' lang='lat' dir='ltr'><strong>Alen-</strong></span> 
     </span>
    </p>
   </div>
   <div class='ocr_carea' id='block_1_35' title="bbox 2071 734 3663 809">
    <p class='ocr_par' dir='ltr' id='par_1_35' title="bbox 2071 734 3663 809">
     <span class='ocr_line' id='line_1_35' title="bbox 2071 734 3663 809; baseline -0.003 -15"><span class='ocrx_word' id='word_1_239' title='bbox 2071 756 2174 804; x_wconf 83' lang='lat' dir='ltr'><strong>nae,</strong></span> <span class='ocrx_word' id='word_1_240' title='bbox 2205 741 2362 809; x_wconf 83' lang='lat' dir='ltr'><strong>hujus</strong></span> <span class='ocrx_word' id='word_1_241' title='bbox 2389 740 2547 808; x_wconf 79' lang='lat' dir='ltr'><strong>regia:</strong></span> <span class='ocrx_word' id='word_1_242' title='bbox 2594 739 2825 795; x_wconf 85' lang='lat' dir='ltr'><strong>civitatis</strong></span> <span class='ocrx_word' id='word_1_243' title='bbox 2852 736 3110 806; x_wconf 88' lang='lat' dir='ltr'><strong>episcopi,</strong></span> <span class='ocrx_word' id='word_1_244' title='bbox 3139 734 3520 790; x_wconf 86' lang='lat' dir='ltr'><strong>communione</strong></span> <span class='ocrx_word' id='word_1_245' title='bbox 3546 750 3663 789; x_wconf 83' lang='lat' dir='ltr'><strong>sus-</strong></span> 
     </span>
    </p>
   </div>
   <div class='ocr_carea' id='block_1_36' title="bbox 2070 820 3660 901">
    <p class='ocr_par' dir='ltr' id='par_1_36' title="bbox 2070 820 3660 901">
     <span class='ocr_line' id='line_1_36' title="bbox 2070 820 3660 901; baseline -0.004 -16"><span class='ocrx_word' id='word_1_246' title='bbox 2070 831 2334 901; x_wconf 86' lang='lat' dir='ltr'><strong>penderit,</strong></span> <span class='ocrx_word' id='word_1_247' title='bbox 2366 841 2421 885; x_wconf 90' lang='lat' dir='ltr'><strong>et</strong></span> <span class='ocrx_word' id='word_1_248' title='bbox 2447 844 2542 884; x_wconf 91' lang='lat' dir='ltr'><strong>eos</strong></span> <span class='ocrx_word' id='word_1_249' title='bbox 2577 828 2670 899; x_wconf 89' lang='lat' dir='ltr'><strong>qui</strong></span> <span class='ocrx_word' id='word_1_250' title='bbox 2698 828 2747 882; x_wconf 90' lang='lat' dir='ltr'><strong>ei</strong></span> <span class='ocrx_word' id='word_1_251' title='bbox 2788 824 3314 881; x_wconf 86' lang='lat' dir='ltr'><strong>communicaverant</strong></span> <span class='ocrx_word' id='word_1_252' title='bbox 3340 820 3439 877; x_wconf 87' lang='lat' dir='ltr'><strong>sub</strong></span> <span class='ocrx_word' id='word_1_253' title='bbox 3481 821 3660 878; x_wconf 85' lang='lat' dir='ltr'><strong>debita</strong></span> 
     </span>
    </p>
   </div>
   <div class='ocr_carea' id='block_1_37' title="bbox 2069 913 3661 988">
    <p class='ocr_par' dir='ltr' id='par_1_37' title="bbox 2069 913 3661 988">
     <span class='ocr_line' id='line_1_37' title="bbox 2069 913 3661 988; baseline -0.003 -13"><span class='ocrx_word' id='word_1_254' title='bbox 2069 919 2437 975; x_wconf 78' lang='lat' dir='ltr'><strong>satisfactione</strong></span> <span class='ocrx_word' id='word_1_255' title='bbox 2462 919 2777 988; x_wconf 85' lang='lat' dir='ltr'><strong>susceperit.</strong></span> <span class='ocrx_word' id='word_1_256' title='bbox 2808 916 2961 985; x_wconf 82' lang='lat' dir='ltr'><strong>Quod</strong></span> <span class='ocrx_word' id='word_1_257' title='bbox 3002 931 3111 970; x_wconf 91' lang='lat' dir='ltr'><strong>non</strong></span> <span class='ocrx_word' id='word_1_258' title='bbox 3156 913 3378 980; x_wconf 75' lang='lat' dir='ltr'><strong>faceret,</strong></span> <span class='ocrx_word' id='word_1_259' title='bbox 3408 914 3508 970; x_wconf 86' lang='lat' dir='ltr'><strong>nisi</strong></span> <span class='ocrx_word' id='word_1_260' title='bbox 3529 930 3661 971; x_wconf 81' lang='lat' dir='ltr'><strong>con-</strong></span> 
     </span>
    </p>
   </div>
   <div class='ocr_carea' id='block_1_38' title="bbox 2069 1004 3658 1084">
    <p class='ocr_par' dir='ltr' id='par_1_38' title="bbox 2069 1004 3658 1084">
     <span class='ocr_line' id='line_1_38' title="bbox 2069 1004 3658 1084; baseline -0.004 -16"><span class='ocrx_word' id='word_1_261' title='bbox 2069 1014 2294 1068; x_wconf 85' lang='lat' dir='ltr'><strong>trarium</strong></span> <span class='ocrx_word' id='word_1_262' title='bbox 2349 1013 2554 1084; x_wconf 80' lang='lat' dir='ltr'><strong>synodo</strong></span> <span class='ocrx_word' id='word_1_263' title='bbox 2608 1007 3061 1072; x_wconf 77' lang='lat' dir='ltr'><strong>Chalcedonensi,</strong></span> <span class='ocrx_word' id='word_1_264' title='bbox 3109 1004 3258 1077; x_wconf 88' lang='lat' dir='ltr'><strong>quod</strong></span> <span class='ocrx_word' id='word_1_265' title='bbox 3307 1004 3511 1062; x_wconf 79' lang='lat' dir='ltr'><strong>factum</strong></span> <span class='ocrx_word' id='word_1_266' title='bbox 3552 1014 3658 1077; x_wconf 86' lang='lat' dir='ltr'><strong>est,</strong></span> 
     </span>
    </p>
   </div>
   <div class='ocr_carea' id='block_1_39' title="bbox 2067 1099 3658 1173">
    <p class='ocr_par' dir='ltr' id='par_1_39' title="bbox 2067 1099 3658 1173">
     <span class='ocr_line' id='line_1_39' title="bbox 2067 1099 3658 1173; baseline -0.003 -14"><span class='ocrx_word' id='word_1_267' title='bbox 2067 1103 2205 1159; x_wconf 80' lang='lat' dir='ltr'><strong>sicut</strong></span> <span class='ocrx_word' id='word_1_268' title='bbox 2232 1112 2286 1157; x_wconf 88' lang='lat' dir='ltr'><strong>et</strong></span> <span class='ocrx_word' id='word_1_269' title='bbox 2315 1103 2423 1168; x_wconf 88' lang='lat' dir='ltr'><strong>alii,</strong></span> <span class='ocrx_word' id='word_1_270' title='bbox 2444 1102 2730 1173; x_wconf 66' lang='lat' dir='ltr'><strong>iudicaret.</strong></span> <span class='ocrx_word' id='word_1_271' title='bbox 2753 1101 2870 1156; x_wconf 82' lang='lat' dir='ltr'><strong>Non</strong></span> <span class='ocrx_word' id='word_1_272' title='bbox 2901 1109 3081 1155; x_wconf 87' lang='lat' dir='ltr'><strong>autem</strong></span> <span class='ocrx_word' id='word_1_273' title='bbox 3105 1099 3252 1154; x_wconf 86' lang='lat' dir='ltr'><strong>solos</strong></span> <span class='ocrx_word' id='word_1_274' title='bbox 3278 1113 3417 1170; x_wconf 86' lang='lat' dir='ltr'><strong>quos</strong></span> <span class='ocrx_word' id='word_1_275' title='bbox 3448 1115 3658 1156; x_wconf 82' lang='lat' dir='ltr'><strong>memo-</strong></span> 
     </span>
    </p>
   </div>
   <div class='ocr_carea' id='block_1_40' title="bbox 2067 1187 3659 1258">
    <p class='ocr_par' dir='ltr' id='par_1_40' title="bbox 2067 1187 3659 1258">
     <span class='ocr_line' id='line_1_40' title="bbox 2067 1187 3659 1258; baseline -0.003 -10"><span class='ocrx_word' id='word_1_276' title='bbox 2067 1193 2302 1248; x_wconf 86' lang='lat' dir='ltr'><strong>ravimus</strong></span> <span class='ocrx_word' id='word_1_277' title='bbox 2330 1200 2549 1247; x_wconf 86' lang='lat' dir='ltr'><strong>sanctos</strong></span> <span class='ocrx_word' id='word_1_278' title='bbox 2570 1201 2625 1248; x_wconf 89' lang='lat' dir='ltr'><strong>et</strong></span> <span class='ocrx_word' id='word_1_279' title='bbox 2651 1189 2987 1246; x_wconf 84' lang='lat' dir='ltr'><strong>venerabiles</strong></span> <span class='ocrx_word' id='word_1_280' title='bbox 3009 1189 3154 1244; x_wconf 81' lang='lat' dir='ltr'><strong>viros</strong></span> <span class='ocrx_word' id='word_1_281' title='bbox 3180 1187 3286 1243; x_wconf 86' lang='lat' dir='ltr'><strong>hoc</strong></span> <span class='ocrx_word' id='word_1_282' title='bbox 3309 1202 3490 1244; x_wconf 80' lang='lat' dir='ltr'><strong>secum</strong></span> <span class='ocrx_word' id='word_1_283' title='bbox 3515 1187 3659 1258; x_wconf 80' lang='lat' dir='ltr'><strong>judi-</strong></span> 
     </span>
    </p>
   </div>
   <div class='ocr_carea' id='block_1_41' title="bbox 2066 1277 3655 1352">
    <p class='ocr_par' dir='ltr' id='par_1_41' title="bbox 2066 1277 3655 1352">
     <span class='ocr_line' id='line_1_41' title="bbox 2066 1277 3655 1352; baseline -0.004 -12"><span class='ocrx_word' id='word_1_284' title='bbox 2066 1297 2220 1341; x_wconf 84' lang='lat' dir='ltr'><strong>casse</strong></span> <span class='ocrx_word' id='word_1_285' title='bbox 2245 1284 2585 1352; x_wconf 85' lang='lat' dir='ltr'><strong>monstravit,</strong></span> <span class='ocrx_word' id='word_1_286' title='bbox 2632 1281 2848 1352; x_wconf 83' lang='lat' dir='ltr'><strong>quando</strong></span> <span class='ocrx_word' id='word_1_287' title='bbox 2886 1296 2994 1336; x_wconf 85' lang='lat' dir='ltr'><strong>non</strong></span> <span class='ocrx_word' id='word_1_288' title='bbox 3025 1279 3191 1336; x_wconf 86' lang='lat' dir='ltr'><strong>tacuit</strong></span> <span class='ocrx_word' id='word_1_289' title='bbox 3230 1277 3376 1349; x_wconf 88' lang='lat' dir='ltr'><strong>quod</strong></span> <span class='ocrx_word' id='word_1_290' title='bbox 3416 1279 3655 1336; x_wconf 82' lang='lat' dir='ltr'><strong>Romana</strong></span> 
     </span>
    </p>
   </div>
   <div class='ocr_carea' id='block_1_42' title="bbox 2065 1370 3657 1443">
    <p class='ocr_par' dir='ltr' id='par_1_42' title="bbox 2065 1370 3657 1443">
     <span class='ocr_line' id='line_1_42' title="bbox 2065 1370 3657 1443; baseline -0.001 -15"><span class='ocrx_word' id='word_1_291' title='bbox 2065 1389 2282 1443; x_wconf 87' lang='lat' dir='ltr'><strong>quoque</strong></span> <span class='ocrx_word' id='word_1_292' title='bbox 2328 1374 2650 1430; x_wconf 86' lang='lat' dir='ltr'><strong>universitas</strong></span> <span class='ocrx_word' id='word_1_293' title='bbox 2709 1371 3070 1442; x_wconf 66' lang='lat' dir='ltr'><strong>egredientem</strong></span> <span class='ocrx_word' id='word_1_294' title='bbox 3097 1411 3112 1438; x_wconf 93' lang='lat'><strong>,</strong></span> <span class='ocrx_word' id='word_1_295' title='bbox 3159 1370 3304 1440; x_wconf 89' lang='lat' dir='ltr'><strong>quod</strong></span> <span class='ocrx_word' id='word_1_296' title='bbox 3350 1370 3657 1427; x_wconf 79' lang='lat' dir='ltr'><strong>venientem</strong></span> 
     </span>
    </p>
   </div>
   <div class='ocr_carea' id='block_1_43' title="bbox 2066 1464 3647 1536">
    <p class='ocr_par' dir='ltr' id='par_1_43' title="bbox 2066 1464 3647 1536">
     <span class='ocr_line' id='line_1_43' title="bbox 2066 1464 3647 1536; baseline 0 -18"><span class='ocrx_word' id='word_1_297' title='bbox 2066 1465 2240 1520; x_wconf 81' lang='lat' dir='ltr'><strong>Africa</strong></span> <span class='ocrx_word' id='word_1_298' title='bbox 2271 1467 2432 1521; x_wconf 80' lang='lat' dir='ltr'><strong>etiam</strong></span> <span class='ocrx_word' id='word_1_299' title='bbox 2457 1474 2620 1536; x_wconf 87' lang='lat' dir='ltr'><strong>atque</strong></span> <span class='ocrx_word' id='word_1_300' title='bbox 2646 1464 2889 1520; x_wconf 79' lang='lat' dir='ltr'><strong>Sardinia</strong></span> <span class='ocrx_word' id='word_1_301' title='bbox 2915 1505 2930 1532; x_wconf 93' lang='lat'><strong>,</strong></span> <span class='ocrx_word' id='word_1_302' title='bbox 2957 1478 3265 1534; x_wconf 85' lang='lat' dir='ltr'><strong>quanquam</strong></span> <span class='ocrx_word' id='word_1_303' title='bbox 3294 1479 3402 1520; x_wconf 88' lang='lat' dir='ltr'><strong>non</strong></span> <span class='ocrx_word' id='word_1_304' title='bbox 3432 1479 3526 1534; x_wconf 90' lang='lat' dir='ltr'><strong>per</strong></span> <span class='ocrx_word' id='word_1_305' title='bbox 3550 1479 3647 1519; x_wconf 86' lang='lat' dir='ltr'><strong>eas</strong></span> 
     </span>
    </p>
   </div>
   <div class='ocr_carea' id='block_1_44' title="bbox 2066 1556 3655 1628">
    <p class='ocr_par' dir='ltr' id='par_1_44' title="bbox 2066 1556 3655 1628">
     <span class='ocr_line' id='line_1_44' title="bbox 2066 1556 3655 1628; baseline 0.001 -19"><span class='ocrx_word' id='word_1_306' title='bbox 2066 1556 2355 1625; x_wconf 85' lang='lat' dir='ltr'><strong>transierit,</strong></span> <span class='ocrx_word' id='word_1_307' title='bbox 2381 1572 2477 1626; x_wconf 86' lang='lat' dir='ltr'><strong>per</strong></span> <span class='ocrx_word' id='word_1_308' title='bbox 2503 1557 2670 1628; x_wconf 88' lang='lat' dir='ltr'><strong>ipsius</strong></span> <span class='ocrx_word' id='word_1_309' title='bbox 2697 1565 2875 1612; x_wconf 85' lang='lat' dir='ltr'><strong>tamen</strong></span> <span class='ocrx_word' id='word_1_310' title='bbox 2900 1556 3267 1612; x_wconf 79' lang='lat' dir='ltr'><strong>consiliarium</strong></span> <span class='ocrx_word' id='word_1_311' title='bbox 3290 1556 3501 1626; x_wconf 81' lang='lat' dir='ltr'><strong>publica</strong></span> <span class='ocrx_word' id='word_1_312' title='bbox 3529 1571 3655 1611; x_wconf 83' lang='lat' dir='ltr'><strong>eum</strong></span> 
     </span>
    </p>
   </div>
   <div class='ocr_carea' id='block_1_45' title="bbox 2063 1647 3649 1721">
    <p class='ocr_par' dir='ltr' id='par_1_45' title="bbox 2063 1647 3649 1721">
     <span class='ocr_line' id='line_1_45' title="bbox 2063 1647 3649 1721; baseline -0.001 -16"><span class='ocrx_word' id='word_1_313' title='bbox 2063 1650 2461 1705; x_wconf 87' lang='lat' dir='ltr'><strong>contestatione</strong></span> <span class='ocrx_word' id='word_1_314' title='bbox 2490 1650 2842 1720; x_wconf 89' lang='lat' dir='ltr'><strong>pulsaverint,</strong></span> <span class='ocrx_word' id='word_1_315' title='bbox 2865 1650 3010 1705; x_wconf 87' lang='lat' dir='ltr'><strong>sicut</strong></span> <span class='ocrx_word' id='word_1_316' title='bbox 3033 1647 3220 1704; x_wconf 77' lang='lat' dir='ltr'><strong>ﬂellas</strong></span> <span class='ocrx_word' id='word_1_317' title='bbox 3261 1657 3318 1704; x_wconf 89' lang='lat' dir='ltr'><strong>et</strong></span> <span class='ocrx_word' id='word_1_318' title='bbox 3363 1649 3605 1721; x_wconf 87' lang='lat' dir='ltr'><strong>lllyricus</strong></span> <span class='ocrx_word' id='word_1_319' title='bbox 3627 1662 3649 1689; x_wconf 79' lang='grc' dir='ltr'><strong>ε</strong></span> 
     </span>
    </p>
   </div>
   <div class='ocr_carea' id='block_1_46' title="bbox 2064 1738 3652 1810">
    <p class='ocr_par' dir='ltr' id='par_1_46' title="bbox 2064 1738 3652 1810">
     <span class='ocr_line' id='line_1_46' title="bbox 2064 1738 3652 1810; baseline 0.001 -18"><span class='ocrx_word' id='word_1_320' title='bbox 2064 1739 2355 1809; x_wconf 54' lang='lat' dir='ltr'><strong>provincias</strong></span> <span class='ocrx_word' id='word_1_321' title='bbox 2377 1754 2475 1810; x_wconf 90' lang='lat' dir='ltr'><strong>per</strong></span> <span class='ocrx_word' id='word_1_322' title='bbox 2501 1754 2635 1809; x_wconf 86' lang='lat' dir='ltr'><strong>quas</strong></span> <span class='ocrx_word' id='word_1_323' title='bbox 2661 1740 2834 1806; x_wconf 83' lang='lat' dir='ltr'><strong>venit,</strong></span> <span class='ocrx_word' id='word_1_324' title='bbox 2868 1747 2929 1793; x_wconf 90' lang='lat' dir='ltr'><strong>ut</strong></span> <span class='ocrx_word' id='word_1_325' title='bbox 2949 1738 3259 1794; x_wconf 82' lang='lat' dir='ltr'><strong>nullatenus</strong></span> <span class='ocrx_word' id='word_1_326' title='bbox 3289 1739 3512 1794; x_wconf 85' lang='lat' dir='ltr'><strong>novitati</strong></span> <span class='ocrx_word' id='word_1_327' title='bbox 3533 1754 3652 1808; x_wconf 72' lang='lat' dir='ltr'><strong>quan</strong></span> 
     </span>
    </p>
   </div>
   <div class='ocr_carea' id='block_1_47' title="bbox 2062 1827 3651 1897">
    <p class='ocr_par' dir='ltr' id='par_1_47' title="bbox 2062 1827 3651 1897">
     <span class='ocr_line' id='line_1_47' title="bbox 2062 1827 3651 1897; baseline 0.001 -17"><span class='ocrx_word' id='word_1_328' title='bbox 2062 1827 2202 1882; x_wconf 86' lang='lat' dir='ltr'><strong>facta</strong></span> <span class='ocrx_word' id='word_1_329' title='bbox 2225 1836 2309 1884; x_wconf 87' lang='lat' dir='ltr'><strong>est</strong></span> <span class='ocrx_word' id='word_1_330' title='bbox 2335 1829 2662 1897; x_wconf 86' lang='lat' dir='ltr'><strong>acquiescat.</strong></span> <span class='ocrx_word' id='word_1_331' title='bbox 2689 1827 2806 1884; x_wconf 84' lang='lat' dir='ltr'><strong>Non</strong></span> <span class='ocrx_word' id='word_1_332' title='bbox 2827 1843 2956 1897; x_wconf 85' lang='lat' dir='ltr'><strong>ergo</strong></span> <span class='ocrx_word' id='word_1_333' title='bbox 2984 1827 3157 1884; x_wconf 81' lang='lat' dir='ltr'><strong>civilis</strong></span> <span class='ocrx_word' id='word_1_334' title='bbox 3182 1828 3298 1885; x_wconf 71' lang='lat' dir='ltr'><strong>haec</strong></span> <span class='ocrx_word' id='word_1_335' title='bbox 3333 1843 3494 1884; x_wconf 84' lang='lat' dir='ltr'><strong>causa</strong></span> <span class='ocrx_word' id='word_1_336' title='bbox 3535 1842 3651 1882; x_wconf 86' lang='lat' dir='ltr'><strong>cre-</strong></span> 
     </span>
    </p>
   </div>
   <div class='ocr_carea' id='block_1_48' title="bbox 2063 1915 3651 1988">
    <p class='ocr_par' dir='ltr' id='par_1_48' title="bbox 2063 1915 3651 1988">
     <span class='ocr_line' id='line_1_48' title="bbox 2063 1915 3651 1988; baseline 0.003 -17"><span class='ocrx_word' id='word_1_337' title='bbox 2063 1915 2236 1972; x_wconf 89' lang='lat' dir='ltr'><strong>denda</strong></span> <span class='ocrx_word' id='word_1_338' title='bbox 2255 1924 2360 1984; x_wconf 88' lang='lat' dir='ltr'><strong>est,</strong></span> <span class='ocrx_word' id='word_1_339' title='bbox 2375 1932 2473 1973; x_wconf 87' lang='lat' dir='ltr'><strong>nec</strong></span> <span class='ocrx_word' id='word_1_340' title='bbox 2491 1918 2612 1974; x_wconf 90' lang='lat' dir='ltr'><strong>talis</strong></span> <span class='ocrx_word' id='word_1_341' title='bbox 2633 1933 2752 1987; x_wconf 73' lang='lat' dir='ltr'><strong>qua:</strong></span> <span class='ocrx_word' id='word_1_342' title='bbox 2774 1934 2872 1988; x_wconf 89' lang='lat' dir='ltr'><strong>pro</strong></span> <span class='ocrx_word' id='word_1_343' title='bbox 2892 1917 3255 1975; x_wconf 79' lang='lat' dir='ltr'><strong>Ecclesiarum</strong></span> <span class='ocrx_word' id='word_1_344' title='bbox 3277 1933 3412 1988; x_wconf 88' lang='lat' dir='ltr'><strong>pace</strong></span> <span class='ocrx_word' id='word_1_345' title='bbox 3431 1915 3651 1975; x_wconf 85' lang='lat' dir='ltr'><strong>ferenda</strong></span> 
     </span>
    </p>
   </div>
   <div class='ocr_carea' id='block_1_49' title="bbox 2059 2007 3649 2080">
    <p class='ocr_par' dir='ltr' id='par_1_49' title="bbox 2059 2007 3649 2080">
     <span class='ocr_line' id='line_1_49' title="bbox 2059 2007 3649 2080; baseline 0.001 -18"><span class='ocrx_word' id='word_1_346' title='bbox 2059 2007 2150 2076; x_wconf 88' lang='lat' dir='ltr'><strong>sit,</strong></span> <span class='ocrx_word' id='word_1_347' title='bbox 2178 2008 2272 2064; x_wconf 87' lang='lat' dir='ltr'><strong>sed</strong></span> <span class='ocrx_word' id='word_1_348' title='bbox 2298 2023 2418 2078; x_wconf 81' lang='lat' dir='ltr'><strong>quae</strong></span> <span class='ocrx_word' id='word_1_349' title='bbox 2446 2009 2639 2065; x_wconf 87' lang='lat' dir='ltr'><strong>merito</strong></span> <span class='ocrx_word' id='word_1_350' title='bbox 2663 2008 2933 2078; x_wconf 89' lang='lat' dir='ltr'><strong>judicetur</strong></span> <span class='ocrx_word' id='word_1_351' title='bbox 2945 2019 3134 2066; x_wconf 88' lang='lat' dir='ltr'><strong>contra</strong></span> <span class='ocrx_word' id='word_1_352' title='bbox 3168 2010 3333 2080; x_wconf 87' lang='lat' dir='ltr'><strong>ipsius</strong></span> <span class='ocrx_word' id='word_1_353' title='bbox 3369 2009 3649 2066; x_wconf 69' lang='lat' dir='ltr'><strong>catholicae</strong></span> 
     </span>
    </p>
   </div>
   <div class='ocr_carea' id='block_1_50' title="bbox 2062 2098 3649 2172">
    <p class='ocr_par' dir='ltr' id='par_1_50' title="bbox 2062 2098 3649 2172">
     <span class='ocr_line' id='line_1_50' title="bbox 2062 2098 3649 2172; baseline 0.003 -21"><span class='ocrx_word' id='word_1_354' title='bbox 2062 2098 2183 2156; x_wconf 87' lang='lat' dir='ltr'><strong>tidei</strong></span> <span class='ocrx_word' id='word_1_355' title='bbox 2209 2108 2406 2156; x_wconf 88' lang='lat' dir='ltr'><strong>statum</strong></span> <span class='ocrx_word' id='word_1_356' title='bbox 2440 2100 2816 2156; x_wconf 63' lang='lat' dir='ltr'><strong>haereticorum</strong></span> <span class='ocrx_word' id='word_1_357' title='bbox 2843 2101 3191 2172; x_wconf 82' lang='lat' dir='ltr'><strong>subreptione</strong></span> <span class='ocrx_word' id='word_1_358' title='bbox 3218 2109 3512 2168; x_wconf 84' lang='lat' dir='ltr'><strong>commota,</strong></span> <span class='ocrx_word' id='word_1_359' title='bbox 3548 2116 3649 2171; x_wconf 84' lang='lat' dir='ltr'><strong>pro</strong></span> 
     </span>
    </p>
   </div>
   <div class='ocr_carea' id='block_1_51' title="bbox 2059 2191 3647 2264">
    <p class='ocr_par' dir='ltr' id='par_1_51' title="bbox 2059 2191 3647 2264">
     <span class='ocr_line' id='line_1_51' title="bbox 2059 2191 3647 2264; baseline 0 -16"><span class='ocrx_word' id='word_1_360' title='bbox 2059 2209 2164 2264; x_wconf 84' lang='lat' dir='ltr'><strong>qua</strong></span> <span class='ocrx_word' id='word_1_361' title='bbox 2193 2209 2318 2264; x_wconf 90' lang='lat' dir='ltr'><strong>pars</strong></span> <span class='ocrx_word' id='word_1_362' title='bbox 2345 2193 2580 2249; x_wconf 78' lang='lat' dir='ltr'><strong>maxima</strong></span> <span class='ocrx_word' id='word_1_363' title='bbox 2618 2192 2765 2249; x_wconf 85' lang='lat' dir='ltr'><strong>orbis</strong></span> <span class='ocrx_word' id='word_1_364' title='bbox 2809 2191 3118 2260; x_wconf 87' lang='lat' dir='ltr'><strong>Christiani,</strong></span> <span class='ocrx_word' id='word_1_365' title='bbox 3151 2208 3272 2264; x_wconf 65' lang='lat' dir='ltr'><strong>qum</strong></span> <span class='ocrx_word' id='word_1_366' title='bbox 3315 2193 3514 2263; x_wconf 88' lang='lat' dir='ltr'><strong>potuit,</strong></span> <span class='ocrx_word' id='word_1_367' title='bbox 3538 2194 3647 2262; x_wconf 83' lang='lat' dir='ltr'><strong>pri-</strong></span> 
     </span>
    </p>
   </div>
   <div class='ocr_carea' id='block_1_52' title="bbox 2059 2281 3645 2353">
    <p class='ocr_par' dir='ltr' id='par_1_52' title="bbox 2059 2281 3645 2353">
     <span class='ocr_line' id='line_1_52' title="bbox 2059 2281 3645 2353; baseline 0 -15"><span class='ocrx_word' id='word_1_368' title='bbox 2059 2298 2207 2338; x_wconf 89' lang='lat' dir='ltr'><strong>mum</strong></span> <span class='ocrx_word' id='word_1_369' title='bbox 2253 2284 2394 2338; x_wconf 91' lang='lat' dir='ltr'><strong>inter</strong></span> <span class='ocrx_word' id='word_1_370' title='bbox 2441 2285 2645 2353; x_wconf 90' lang='lat' dir='ltr'><strong>primos</strong></span> <span class='ocrx_word' id='word_1_371' title='bbox 2681 2281 3016 2339; x_wconf 85' lang='lat' dir='ltr'><strong>Christianos</strong></span> <span class='ocrx_word' id='word_1_372' title='bbox 3050 2283 3385 2340; x_wconf 84' lang='lat' dir='ltr'><strong>sacerdotem</strong></span> <span class='ocrx_word' id='word_1_373' title='bbox 3432 2283 3645 2353; x_wconf 78' lang='lat' dir='ltr'><strong>publica</strong></span> 
     </span>
    </p>
   </div>
   <div class='ocr_carea' id='block_1_53' title="bbox 2059 2374 3644 2446">
    <p class='ocr_par' dir='ltr' id='par_1_53' title="bbox 2059 2374 3644 2446">
     <span class='ocr_line' id='line_1_53' title="bbox 2059 2374 3644 2446; baseline -0.001 -16"><span class='ocrx_word' id='word_1_374' title='bbox 2059 2375 2458 2430; x_wconf 83' lang='lat' dir='ltr'><strong>contestatione</strong></span> <span class='ocrx_word' id='word_1_375' title='bbox 2483 2375 2732 2446; x_wconf 87' lang='lat' dir='ltr'><strong>pulsavit.</strong></span> <span class='ocrx_word' id='word_1_376' title='bbox 2779 2375 2847 2430; x_wconf 87' lang='lat' dir='ltr'><strong>Et</strong></span> <span class='ocrx_word' id='word_1_377' title='bbox 2870 2374 3113 2432; x_wconf 78' lang='lat' dir='ltr'><strong>Romana</strong></span> <span class='ocrx_word' id='word_1_378' title='bbox 3141 2375 3355 2445; x_wconf 87' lang='lat' dir='ltr'><strong>quidem</strong></span> <span class='ocrx_word' id='word_1_379' title='bbox 3384 2376 3644 2430; x_wconf 83' lang='lat' dir='ltr'><strong>universi-</strong></span> 
     </span>
    </p>
   </div>
   <div class='ocr_carea' id='block_1_54' title="bbox 2059 2465 3646 2538">
    <p class='ocr_par' dir='ltr' id='par_1_54' title="bbox 2059 2465 3646 2538">
     <span class='ocr_line' id='line_1_54' title="bbox 2059 2465 3646 2538; baseline 0.002 -19"><span class='ocrx_word' id='word_1_380' title='bbox 2059 2472 2142 2520; x_wconf 89' lang='lat' dir='ltr'><strong>tas</strong></span> <span class='ocrx_word' id='word_1_381' title='bbox 2170 2474 2335 2536; x_wconf 90' lang='lat' dir='ltr'><strong>atque</strong></span> <span class='ocrx_word' id='word_1_382' title='bbox 2360 2465 2562 2533; x_wconf 81' lang='lat' dir='ltr'><strong>Africa,</strong></span> <span class='ocrx_word' id='word_1_383' title='bbox 2605 2467 2918 2538; x_wconf 86' lang='lat' dir='ltr'><strong>priusquam</strong></span> <span class='ocrx_word' id='word_1_384' title='bbox 2945 2467 3112 2538; x_wconf 87' lang='lat' dir='ltr'><strong>ipsius</strong></span> <span class='ocrx_word' id='word_1_385' title='bbox 3140 2466 3371 2522; x_wconf 81' lang='lat' dir='ltr'><strong>Romani</strong></span> <span class='ocrx_word' id='word_1_386' title='bbox 3397 2467 3646 2522; x_wconf 76' lang='lat' dir='ltr'><strong>antistitis</strong></span> 
     </span>
    </p>
   </div>
   <div class='ocr_carea' id='block_1_55' title="bbox 2057 2558 3641 2630">
    <p class='ocr_par' dir='ltr' id='par_1_55' title="bbox 2057 2558 3641 2630">
     <span class='ocr_line' id='line_1_55' title="bbox 2057 2558 3641 2630; baseline 0.001 -18"><span class='ocrx_word' id='word_1_387' title='bbox 2057 2561 2423 2630; x_wconf 84' lang='lat' dir='ltr'><strong>acceperimus</strong></span> <span class='ocrx_word' id='word_1_388' title='bbox 2442 2560 2748 2630; x_wconf 84' lang='lat' dir='ltr'><strong>epistolam,</strong></span> <span class='ocrx_word' id='word_1_389' title='bbox 2771 2575 2877 2615; x_wconf 91' lang='lat' dir='ltr'><strong>non</strong></span> <span class='ocrx_word' id='word_1_390' title='bbox 2900 2575 3068 2630; x_wconf 88' lang='lat' dir='ltr'><strong>parvo</strong></span> <span class='ocrx_word' id='word_1_391' title='bbox 3085 2558 3196 2628; x_wconf 89' lang='lat' dir='ltr'><strong>jam</strong></span> <span class='ocrx_word' id='word_1_392' title='bbox 3216 2572 3641 2627; x_wconf 85' lang='lat' dir='ltr'><strong>cognoveramus</strong></span> 
     </span>
    </p>
   </div>
   <div class='ocr_carea' id='block_1_56' title="bbox 2057 2647 3638 2720">
    <p class='ocr_par' dir='ltr' id='par_1_56' title="bbox 2057 2647 3638 2720">
     <span class='ocr_line' id='line_1_56' title="bbox 2057 2647 3638 2720; baseline -0.001 -17"><span class='ocrx_word' id='word_1_393' title='bbox 2057 2647 2277 2716; x_wconf 89' lang='lat' dir='ltr'><strong>indicio,</strong></span> <span class='ocrx_word' id='word_1_394' title='bbox 2307 2649 2435 2720; x_wconf 81' lang='lat' dir='ltr'><strong>quid</strong></span> <span class='ocrx_word' id='word_1_395' title='bbox 2461 2651 2528 2705; x_wconf 89' lang='lat' dir='ltr'><strong>de</strong></span> <span class='ocrx_word' id='word_1_396' title='bbox 2565 2647 2723 2718; x_wconf 87' lang='lat' dir='ltr'><strong>hujus</strong></span> <span class='ocrx_word' id='word_1_397' title='bbox 2759 2648 2883 2704; x_wconf 83' lang='lat' dir='ltr'><strong>facti</strong></span> <span class='ocrx_word' id='word_1_398' title='bbox 2913 2648 3152 2704; x_wconf 85' lang='lat' dir='ltr'><strong>novitate</strong></span> <span class='ocrx_word' id='word_1_399' title='bbox 3177 2649 3457 2704; x_wconf 86' lang='lat' dir='ltr'><strong>sentirent.</strong></span> <span class='ocrx_word' id='word_1_400' title='bbox 3503 2648 3638 2704; x_wconf 78' lang='lat' dir='ltr'><strong>Nam</strong></span> 
     </span>
    </p>
   </div>
   <div class='ocr_carea' id='block_1_57' title="bbox 2056 2740 3638 2812">
    <p class='ocr_par' dir='ltr' id='par_1_57' title="bbox 2056 2740 3638 2812">
     <span class='ocr_line' id='line_1_57' title="bbox 2056 2740 3638 2812; baseline -0.003 -16"><span class='ocrx_word' id='word_1_401' title='bbox 2056 2742 2391 2799; x_wconf 86' lang='lat' dir='ltr'><strong>venerabiles</strong></span> <span class='ocrx_word' id='word_1_402' title='bbox 2431 2740 2674 2812; x_wconf 84' lang='lat' dir='ltr'><strong>Pelagius</strong></span> <span class='ocrx_word' id='word_1_403' title='bbox 2699 2749 2756 2797; x_wconf 92' lang='lat' dir='ltr'><strong>et</strong></span> <span class='ocrx_word' id='word_1_404' title='bbox 2783 2741 3094 2806; x_wconf 82' lang='lat' dir='ltr'><strong>Anatolius,</strong></span> <span class='ocrx_word' id='word_1_405' title='bbox 3128 2740 3364 2797; x_wconf 78' lang='lat' dir='ltr'><strong>Romani</strong></span> <span class='ocrx_word' id='word_1_406' title='bbox 3404 2740 3638 2804; x_wconf 88' lang='lat' dir='ltr'><strong>diaconi,</strong></span> 
     </span>
    </p>
   </div>
   <div class='ocr_carea' id='block_1_58' title="bbox 2053 2831 3642 2905">
    <p class='ocr_par' dir='ltr' id='par_1_58' title="bbox 2053 2831 3642 2905">
     <span class='ocr_line' id='line_1_58' title="bbox 2053 2831 3642 2905; baseline -0.004 -10"><span class='ocrx_word' id='word_1_407' title='bbox 2053 2838 2289 2895; x_wconf 85' lang='lat' dir='ltr'><strong>debitam</strong></span> <span class='ocrx_word' id='word_1_408' title='bbox 2315 2837 2494 2894; x_wconf 79' lang='lat' dir='ltr'><strong>ofﬁcio</strong></span> <span class='ocrx_word' id='word_1_409' title='bbox 2515 2853 2615 2894; x_wconf 88' lang='lat' dir='ltr'><strong>suo</strong></span> <span class='ocrx_word' id='word_1_410' title='bbox 2635 2845 2700 2892; x_wconf 84' lang='lat' dir='ltr'><strong>et</strong></span> <span class='ocrx_word' id='word_1_411' title='bbox 2727 2837 2846 2892; x_wconf 91' lang='lat' dir='ltr'><strong>loco</strong></span> <span class='ocrx_word' id='word_1_412' title='bbox 2873 2836 3289 2894; x_wconf 87' lang='lat' dir='ltr'><strong>sollicitudinem</strong></span> <span class='ocrx_word' id='word_1_413' title='bbox 3321 2849 3421 2905; x_wconf 84' lang='lat' dir='ltr'><strong>pro</strong></span> <span class='ocrx_word' id='word_1_414' title='bbox 3449 2831 3642 2890; x_wconf 83' lang='lat' dir='ltr'><strong>Eccle-</strong></span> 
     </span>
    </p>
   </div>
   <div class='ocr_carea' id='block_1_59' title="bbox 2053 2925 3640 3002">
    <p class='ocr_par' dir='ltr' id='par_1_59' title="bbox 2053 2925 3640 3002">
     <span class='ocr_line' id='line_1_59' title="bbox 2053 2925 3640 3002; baseline -0.007 -11"><span class='ocrx_word' id='word_1_415' title='bbox 2053 2934 2132 2991; x_wconf 84' lang='lat' dir='ltr'><strong>sia</strong></span> <span class='ocrx_word' id='word_1_416' title='bbox 2152 2931 2250 2990; x_wconf 82' lang='lat' dir='ltr'><strong>Dei</strong></span> <span class='ocrx_word' id='word_1_417' title='bbox 2277 2939 2550 3002; x_wconf 72' lang='lat' dir='ltr'><strong>gerentes,</strong></span> <span class='ocrx_word' id='word_1_418' title='bbox 2576 2931 2858 2986; x_wconf 88' lang='lat' dir='ltr'><strong>laudabilis</strong></span> <span class='ocrx_word' id='word_1_419' title='bbox 2886 2929 2939 2984; x_wconf 90' lang='lat' dir='ltr'><strong>in</strong></span> <span class='ocrx_word' id='word_1_420' title='bbox 2973 2929 3189 2985; x_wconf 79' lang='lat' dir='ltr'><strong>Christo</strong></span> <span class='ocrx_word' id='word_1_421' title='bbox 3214 2928 3490 2984; x_wconf 75' lang='lat' dir='ltr'><strong>memoria:</strong></span> <span class='ocrx_word' id='word_1_422' title='bbox 3509 2925 3640 2981; x_wconf 84' lang='lat' dir='ltr'><strong>Fer-</strong></span> 
     </span>
    </p>
   </div>
   <div class='ocr_carea' id='block_1_60' title="bbox 2053 3017 3643 3091">
    <p class='ocr_par' dir='ltr' id='par_1_60' title="bbox 2053 3017 3643 3091">
     <span class='ocr_line' id='line_1_60' title="bbox 2053 3017 3643 3091; baseline -0.003 -11"><span class='ocrx_word' id='word_1_423' title='bbox 2053 3024 2225 3080; x_wconf 88' lang='lat' dir='ltr'><strong>rando</strong></span> <span class='ocrx_word' id='word_1_424' title='bbox 2247 3021 2679 3091; x_wconf 74' lang='lat' dir='ltr'><strong>Carthaginiensi</strong></span> <span class='ocrx_word' id='word_1_425' title='bbox 2707 3021 2934 3076; x_wconf 84' lang='lat' dir='ltr'><strong>diacono</strong></span> <span class='ocrx_word' id='word_1_426' title='bbox 2961 3018 2987 3058; x_wconf 70' lang='grc' dir='ltr'><em>ά</em></span> <span class='ocrx_word' id='word_1_427' title='bbox 3017 3020 3365 3090; x_wconf 88' lang='lat' dir='ltr'><strong>scripserunt,</strong></span> <span class='ocrx_word' id='word_1_428' title='bbox 3383 3027 3441 3073; x_wconf 87' lang='lat' dir='ltr'><strong>ut</strong></span> <span class='ocrx_word' id='word_1_429' title='bbox 3461 3017 3643 3075; x_wconf 78' lang='lat' dir='ltr'><strong>habito</strong></span> 
     </span>
    </p>
   </div>
   <div class='ocr_carea' id='block_1_61' title="bbox 2055 3107 3644 3180">
    <p class='ocr_par' dir='ltr' id='par_1_61' title="bbox 2055 3107 3644 3180">
     <span class='ocr_line' id='line_1_61' title="bbox 2055 3107 3644 3180; baseline -0.002 -13"><span class='ocrx_word' id='word_1_430' title='bbox 2055 3113 2126 3169; x_wconf 90' lang='lat' dir='ltr'><strong>de</strong></span> <span class='ocrx_word' id='word_1_431' title='bbox 2149 3113 2252 3168; x_wconf 88' lang='lat' dir='ltr'><strong>hac</strong></span> <span class='ocrx_word' id='word_1_432' title='bbox 2276 3127 2438 3167; x_wconf 87' lang='lat' dir='ltr'><strong>causa</strong></span> <span class='ocrx_word' id='word_1_433' title='bbox 2467 3111 2705 3180; x_wconf 87' lang='lat' dir='ltr'><strong>diligenti</strong></span> <span class='ocrx_word' id='word_1_434' title='bbox 2749 3118 3002 3173; x_wconf 87' lang='lat' dir='ltr'><strong>tractatu,</strong></span> <span class='ocrx_word' id='word_1_435' title='bbox 3034 3123 3156 3164; x_wconf 89' lang='lat' dir='ltr'><strong>cum</strong></span> <span class='ocrx_word' id='word_1_436' title='bbox 3195 3107 3644 3164; x_wconf 77' lang='lat' dir='ltr'><strong>reverendissimo</strong></span> 
     </span>
    </p>
   </div>
   <div class='ocr_carea' id='block_1_62' title="bbox 364 3196 3641 3298">
    <p class='ocr_par' dir='ltr' id='par_1_62' title="bbox 364 3196 3641 3298">
     <span class='ocr_line' id='line_1_62' title="bbox 364 3196 3641 3298; baseline -0 -45"><span class='ocrx_word' id='word_1_437' title='bbox 364 3201 492 3255; x_wconf 81' lang='lat' dir='ltr'><strong>dicit</strong></span> <span class='ocrx_word' id='word_1_438' title='bbox 517 3218 528 3253; x_wconf 93' lang='lat'><strong>:</strong></span> <span class='ocrx_word' id='word_1_439' title='bbox 552 3198 848 3270; x_wconf 72' lang='lat' dir='ltr'><strong>Depositum</strong></span> <span class='ocrx_word' id='word_1_440' title='bbox 879 3198 1351 3265; x_wconf 75' lang='lat' dir='ltr'><strong>custodi,devitana</strong></span> <span class='ocrx_word' id='word_1_441' title='bbox 1373 3205 1626 3274; x_wconf 76' lang='lat' dir='ltr'><strong>profanas</strong></span> <span class='ocrx_word' id='word_1_442' title='bbox 1654 3222 1828 3260; x_wconf 82' lang='lat' dir='ltr'><strong>vocum</strong></span> <span class='ocrx_word' id='word_1_443' title='bbox 1858 3224 1953 3262; x_wconf 82' lang='grc' dir='ltr'><strong>ηο-</strong></span> <span class='ocrx_word' id='word_1_444' title='bbox 1981 3237 2024 3298; x_wconf 78' lang='lat' dir='ltr'>c</span> <span class='ocrx_word' id='word_1_445' title='bbox 2055 3201 2293 3271; x_wconf 85' lang='lat' dir='ltr'><strong>ejusdem</strong></span> <span class='ocrx_word' id='word_1_446' title='bbox 2333 3200 2589 3255; x_wconf 77' lang='lat' dir='ltr'><strong>Ecclesite</strong></span> <span class='ocrx_word' id='word_1_447' title='bbox 2620 3197 3080 3267; x_wconf 76' lang='lat' dir='ltr'><strong>Carthaginiensis</strong></span> <span class='ocrx_word' id='word_1_448' title='bbox 3107 3197 3382 3267; x_wconf 88' lang='lat' dir='ltr'><strong>episcopo,</strong></span> <span class='ocrx_word' id='word_1_449' title='bbox 3415 3197 3502 3252; x_wconf 85' lang='lat' dir='ltr'><strong>vel</strong></span> <span class='ocrx_word' id='word_1_450' title='bbox 3523 3196 3641 3252; x_wconf 77' lang='lat' dir='ltr'><strong>aliis</strong></span> 
     </span>
    </p>
   </div>
   <div class='ocr_carea' id='block_1_63' title="bbox 361 3290 1946 3368">
    <p class='ocr_par' dir='ltr' id='par_1_63' title="bbox 361 3290 1946 3368">
     <span class='ocr_line' id='line_1_63' title="bbox 361 3290 1946 3368; baseline 0.005 -24"><span class='ocrx_word' id='word_1_451' title='bbox 361 3293 575 3360; x_wconf 70' lang='lat' dir='ltr'><strong>vitales,</strong></span> <span class='ocrx_word' id='word_1_452' title='bbox 604 3299 653 3345; x_wconf 88' lang='lat' dir='ltr'><strong>et</strong></span> <span class='ocrx_word' id='word_1_453' title='bbox 682 3291 1024 3361; x_wconf 76' lang='lat' dir='ltr'><strong>oppositiones</strong></span> <span class='ocrx_word' id='word_1_454' title='bbox 1051 3290 1176 3360; x_wconf 77' lang='lat' dir='ltr'><strong>falsi</strong></span> <span class='ocrx_word' id='word_1_455' title='bbox 1219 3293 1440 3347; x_wconf 79' lang='lat' dir='ltr'><strong>nominis</strong></span> <span class='ocrx_word' id='word_1_456' title='bbox 1467 3295 1743 3361; x_wconf 63' lang='lat' dir='ltr'><strong>scientiae,</strong></span> <span class='ocrx_word' id='word_1_457' title='bbox 1793 3314 1946 3368; x_wconf 83' lang='lat' dir='ltr'><strong>quant</strong></span> 
     </span>
    </p>
   </div>
   <div class='ocr_carea' id='block_1_64' title="bbox 359 3383 1940 3460">
    <p class='ocr_par' dir='ltr' id='par_1_64' title="bbox 359 3383 1940 3460">
     <span class='ocr_line' id='line_1_64' title="bbox 359 3383 1940 3460; baseline 0.008 -25"><span class='ocrx_word' id='word_1_458' title='bbox 359 3384 569 3450; x_wconf 82' lang='lat' dir='ltr'><strong>quidam</strong></span> <span class='ocrx_word' id='word_1_459' title='bbox 593 3383 946 3454; x_wconf 79' lang='lat' dir='ltr'><strong>promittentes</strong></span> <span class='ocrx_word' id='word_1_460' title='bbox 975 3383 1112 3436; x_wconf 85' lang='lat' dir='ltr'><strong>circa</strong></span> <span class='ocrx_word' id='word_1_461' title='bbox 1138 3384 1295 3453; x_wconf 84' lang='lat' dir='ltr'><strong>ﬁdem</strong></span> <span class='ocrx_word' id='word_1_462' title='bbox 1323 3387 1620 3442; x_wconf 75' lang='lat' dir='ltr'><strong>exciderunt</strong></span> <span class='ocrx_word' id='word_1_463' title='bbox 1641 3387 1693 3460; x_wconf 87' lang='grc' dir='ltr'><strong>(Ι</strong></span> <span class='ocrx_word' id='word_1_464' title='bbox 1719 3389 1940 3447; x_wconf 82' lang='lat' dir='ltr'><strong>Tintotlt.</strong></span> 
     </span>
    </p>
   </div>
   <div class='ocr_carea' id='block_1_65' title="bbox 358 3471 1944 3548">
    <p class='ocr_par' dir='ltr' id='par_1_65' title="bbox 358 3471 1944 3548">
     <span class='ocr_line' id='line_1_65' title="bbox 358 3471 1944 3548; baseline 0.008 -23"><span class='ocrx_word' id='word_1_465' title='bbox 358 3486 432 3536; x_wconf 76' lang='lat' dir='ltr'><strong>va,</strong></span> <span class='ocrx_word' id='word_1_466' title='bbox 453 3472 575 3544; x_wconf 69' lang='lat'><strong>.20).</strong></span> <span class='ocrx_word' id='word_1_467' title='bbox 601 3471 738 3548; x_wconf 79' lang='lat' dir='ltr'><strong>Quid</strong></span> <span class='ocrx_word' id='word_1_468' title='bbox 758 3485 886 3540; x_wconf 83' lang='lat' dir='ltr'><strong>ergo</strong></span> <span class='ocrx_word' id='word_1_469' title='bbox 903 3472 1077 3527; x_wconf 90' lang='lat' dir='ltr'><strong>adhuc</strong></span> <span class='ocrx_word' id='word_1_470' title='bbox 1097 3475 1352 3542; x_wconf 75' lang='lat' dir='ltr'><strong>qumritur</strong></span> <span class='ocrx_word' id='word_1_471' title='bbox 1373 3488 1547 3530; x_wconf 80' lang='lat' dir='ltr'><strong>utrum</strong></span> <span class='ocrx_word' id='word_1_472' title='bbox 1577 3488 1766 3534; x_wconf 90' lang='lat' dir='ltr'><strong>contra</strong></span> <span class='ocrx_word' id='word_1_473' title='bbox 1787 3481 1944 3538; x_wconf 87' lang='lat' dir='ltr'><strong>tidem</strong></span> 
     </span>
    </p>
   </div>
   <div class='ocr_carea' id='block_1_66' title="bbox 285 3557 1942 3636">
    <p class='ocr_par' dir='ltr' id='par_1_66' title="bbox 285 3557 1942 3636">
     <span class='ocr_line' id='line_1_66' title="bbox 285 3557 1942 3636; baseline 0.007 -23"><span class='ocrx_word' id='word_1_474' title='bbox 285 3587 299 3632; x_wconf 61' lang='grc' dir='ltr'>χ</span> <span class='ocrx_word' id='word_1_475' title='bbox 356 3568 412 3613; x_wconf 79' lang='lat' dir='ltr'><strong>et</strong></span> <span class='ocrx_word' id='word_1_476' title='bbox 438 3560 699 3629; x_wconf 84' lang='lat' dir='ltr'><strong>synodum</strong></span> <span class='ocrx_word' id='word_1_477' title='bbox 724 3557 1216 3615; x_wconf 83' lang='lat' dir='ltr'><strong>Chalcedoueusetn</strong></span> <span class='ocrx_word' id='word_1_478' title='bbox 1243 3561 1438 3617; x_wconf 82' lang='lat' dir='ltr'><strong>factum</strong></span> <span class='ocrx_word' id='word_1_479' title='bbox 1468 3562 1629 3620; x_wconf 82' lang='lat' dir='ltr'><strong>fuerit</strong></span> <span class='ocrx_word' id='word_1_480' title='bbox 1655 3567 1800 3636; x_wconf 90' lang='lat' dir='ltr'><strong>quod</strong></span> <span class='ocrx_word' id='word_1_481' title='bbox 1839 3567 1942 3624; x_wconf 87' lang='lat' dir='ltr'><strong>d0-</strong></span> 
     </span>
    </p>
   </div>
   <div class='ocr_carea' id='block_1_67' title="bbox 353 3650 1942 3726">
    <p class='ocr_par' dir='ltr' id='par_1_67' title="bbox 353 3650 1942 3726">
     <span class='ocr_line' id='line_1_67' title="bbox 353 3650 1942 3726; baseline 0.008 -22"><span class='ocrx_word' id='word_1_482' title='bbox 353 3651 545 3717; x_wconf 83' lang='lat' dir='ltr'><strong>letuus,</strong></span> <span class='ocrx_word' id='word_1_483' title='bbox 561 3650 776 3720; x_wconf 90' lang='lat' dir='ltr'><strong>quando</strong></span> <span class='ocrx_word' id='word_1_484' title='bbox 804 3650 894 3706; x_wconf 88' lang='lat' dir='ltr'><strong>ille</strong></span> <span class='ocrx_word' id='word_1_485' title='bbox 924 3652 1076 3722; x_wconf 86' lang='lat' dir='ltr'><strong>cujus</strong></span> <span class='ocrx_word' id='word_1_486' title='bbox 1103 3651 1380 3709; x_wconf 88' lang='lat' dir='ltr'><strong>dicebatur</strong></span> <span class='ocrx_word' id='word_1_487' title='bbox 1403 3659 1702 3726; x_wconf 80' lang='lat' dir='ltr'><strong>exspectari</strong></span> <span class='ocrx_word' id='word_1_488' title='bbox 1722 3669 1942 3716; x_wconf 86' lang='lat' dir='ltr'><strong>senten—</strong></span> 
     </span>
    </p>
   </div>
   <div class='ocr_carea' id='block_1_68' title="bbox 351 3743 1939 3818">
    <p class='ocr_par' dir='ltr' id='par_1_68' title="bbox 351 3743 1939 3818">
     <span class='ocr_line' id='line_1_68' title="bbox 351 3743 1939 3818; baseline 0.006 -21"><span class='ocrx_word' id='word_1_489' title='bbox 351 3745 448 3811; x_wconf 89' lang='lat' dir='ltr'><strong>tia,</strong></span> <span class='ocrx_word' id='word_1_490' title='bbox 498 3743 749 3814; x_wconf 87' lang='lat' dir='ltr'><strong>profanas</strong></span> <span class='ocrx_word' id='word_1_491' title='bbox 788 3760 981 3800; x_wconf 81' lang='lat' dir='ltr'><strong>vocum</strong></span> <span class='ocrx_word' id='word_1_492' title='bbox 1014 3745 1287 3800; x_wconf 87' lang='lat' dir='ltr'><strong>novitates</strong></span> <span class='ocrx_word' id='word_1_493' title='bbox 1315 3755 1368 3801; x_wconf 91' lang='lat' dir='ltr'><strong>et</strong></span> <span class='ocrx_word' id='word_1_494' title='bbox 1411 3749 1778 3818; x_wconf 85' lang='lat' dir='ltr'><strong>Oppositiones</strong></span> <span class='ocrx_word' id='word_1_495' title='bbox 1822 3749 1939 3808; x_wconf 86' lang='lat' dir='ltr'><strong>falsi</strong></span> 
     </span>
    </p>
   </div>
   <div class='ocr_carea' id='block_1_69' title="bbox 349 3832 1938 3905">
    <p class='ocr_par' dir='ltr' id='par_1_69' title="bbox 349 3832 1938 3905">
     <span class='ocr_line' id='line_1_69' title="bbox 349 3832 1938 3905; baseline 0.005 -19"><span class='ocrx_word' id='word_1_496' title='bbox 349 3833 582 3889; x_wconf 83' lang='lat' dir='ltr'><strong>nominis</strong></span> <span class='ocrx_word' id='word_1_497' title='bbox 629 3832 882 3898; x_wconf 68' lang='lat' dir='ltr'><strong>scientite,</strong></span> <span class='ocrx_word' id='word_1_498' title='bbox 903 3848 1064 3902; x_wconf 86' lang='lat' dir='ltr'><strong>quam</strong></span> <span class='ocrx_word' id='word_1_499' title='bbox 1107 3833 1322 3904; x_wconf 90' lang='lat' dir='ltr'><strong>quidam</strong></span> <span class='ocrx_word' id='word_1_500' title='bbox 1367 3837 1746 3905; x_wconf 88' lang='lat' dir='ltr'><strong>promittentes</strong></span> <span class='ocrx_word' id='word_1_501' title='bbox 1796 3839 1938 3894; x_wconf 85' lang='lat' dir='ltr'><strong>circa</strong></span> 
     </span>
    </p>
   </div>
   <div class='ocr_carea' id='block_1_70' title="bbox 347 3922 1938 3998">
    <p class='ocr_par' dir='ltr' id='par_1_70' title="bbox 347 3922 1938 3998">
     <span class='ocr_line' id='line_1_70' title="bbox 347 3922 1938 3998; baseline 0.006 -23"><span class='ocrx_word' id='word_1_502' title='bbox 347 3922 504 3979; x_wconf 81' lang='lat' dir='ltr'><strong>fidem</strong></span> <span class='ocrx_word' id='word_1_503' title='bbox 533 3923 865 3988; x_wconf 83' lang='lat' dir='ltr'><strong>exciderunt,</strong></span> <span class='ocrx_word' id='word_1_504' title='bbox 899 3926 952 3978; x_wconf 90' lang='lat' dir='ltr'><strong>in</strong></span> <span class='ocrx_word' id='word_1_505' title='bbox 977 3925 1142 3995; x_wconf 88' lang='lat' dir='ltr'><strong>ipsius</strong></span> <span class='ocrx_word' id='word_1_506' title='bbox 1171 3925 1298 3980; x_wconf 87' lang='lat' dir='ltr'><strong>facti</strong></span> <span class='ocrx_word' id='word_1_507' title='bbox 1335 3929 1641 3982; x_wconf 81' lang='lat' dir='ltr'><strong>auctoribus</strong></span> <span class='ocrx_word' id='word_1_508' title='bbox 1661 3929 1938 3998; x_wconf 88' lang='lat' dir='ltr'><strong>judicave—</strong></span> 
     </span>
    </p>
   </div>
   <div class='ocr_carea' id='block_1_71' title="bbox 345 4015 1937 4084">
    <p class='ocr_par' dir='ltr' id='par_1_71' title="bbox 345 4015 1937 4084">
     <span class='ocr_line' id='line_1_71' title="bbox 345 4015 1937 4084; baseline 0.006 -17"><span class='ocrx_word' id='word_1_509' title='bbox 345 4022 428 4068; x_wconf 90' lang='lat' dir='ltr'><strong>rat</strong></span> <span class='ocrx_word' id='word_1_510' title='bbox 455 4015 755 4082; x_wconf 83' lang='lat' dir='ltr'><strong>arguendas</strong></span> <span class='ocrx_word' id='word_1_511' title='bbox 777 4015 799 4068; x_wconf 85' lang='lat'><strong>?</strong></span> <span class='ocrx_word' id='word_1_512' title='bbox 822 4015 1062 4084; x_wconf 88' lang='lat' dir='ltr'><strong>Denique</strong></span> <span class='ocrx_word' id='word_1_513' title='bbox 1090 4016 1304 4069; x_wconf 87' lang='lat' dir='ltr'><strong>beatum</strong></span> <span class='ocrx_word' id='word_1_514' title='bbox 1337 4015 1552 4070; x_wconf 85' lang='lat' dir='ltr'><strong>Dacium</strong></span> <span class='ocrx_word' id='word_1_515' title='bbox 1575 4017 1937 4076; x_wconf 83' lang='lat' dir='ltr'><strong>Mediolancn-</strong></span> 
     </span>
    </p>
   </div>
   <div class='ocr_carea' id='block_1_72' title="bbox 343 4104 1936 4174">
    <p class='ocr_par' dir='ltr' id='par_1_72' title="bbox 343 4104 1936 4174">
     <span class='ocr_line' id='line_1_72' title="bbox 343 4104 1936 4174; baseline 0.006 -16"><span class='ocrx_word' id='word_1_516' title='bbox 343 4104 481 4158; x_wconf 89' lang='lat' dir='ltr'><strong>sium</strong></span> <span class='ocrx_word' id='word_1_517' title='bbox 505 4105 1016 4174; x_wconf 84' lang='lat' dir='ltr'><strong>episcOpum,quem</strong></span> <span class='ocrx_word' id='word_1_518' title='bbox 1039 4105 1164 4159; x_wconf 91' lang='lat' dir='ltr'><strong>hinc</strong></span> <span class='ocrx_word' id='word_1_519' title='bbox 1196 4121 1463 4160; x_wconf 83' lang='lat' dir='ltr'><strong>reversum</strong></span> <span class='ocrx_word' id='word_1_520' title='bbox 1493 4108 1545 4162; x_wconf 91' lang='lat' dir='ltr'><strong>in</strong></span> <span class='ocrx_word' id='word_1_521' title='bbox 1570 4108 1751 4164; x_wconf 90' lang='lat' dir='ltr'><strong>Sicilia</strong></span> <span class='ocrx_word' id='word_1_522' title='bbox 1765 4126 1825 4166; x_wconf 90' lang='lat' dir='ltr'><strong>se</strong></span> <span class='ocrx_word' id='word_1_523' title='bbox 1854 4113 1936 4166; x_wconf 88' lang='lat' dir='ltr'><strong>vi-</strong></span> 
     </span>
    </p>
   </div>
   <div class='ocr_carea' id='block_1_73' title="bbox 341 4195 1939 4266">
    <p class='ocr_par' dir='ltr' id='par_1_73' title="bbox 341 4195 1939 4266">
     <span class='ocr_line' id='line_1_73' title="bbox 341 4195 1939 4266; baseline 0.006 -19"><span class='ocrx_word' id='word_1_524' title='bbox 341 4196 484 4250; x_wconf 80' lang='lat' dir='ltr'><strong>disse</strong></span> <span class='ocrx_word' id='word_1_525' title='bbox 522 4195 811 4264; x_wconf 90' lang='lat' dir='ltr'><strong>perhibuit,</strong></span> <span class='ocrx_word' id='word_1_526' title='bbox 836 4204 891 4249; x_wconf 89' lang='lat' dir='ltr'><strong>et</strong></span> <span class='ocrx_word' id='word_1_527' title='bbox 933 4195 1068 4250; x_wconf 89' lang='lat' dir='ltr'><strong>alios</strong></span> <span class='ocrx_word' id='word_1_528' title='bbox 1109 4197 1524 4254; x_wconf 87' lang='lat' dir='ltr'><strong>consacerdotes</strong></span> <span class='ocrx_word' id='word_1_529' title='bbox 1565 4215 1692 4256; x_wconf 88' lang='lat' dir='ltr'><strong>suos</strong></span> <span class='ocrx_word' id='word_1_530' title='bbox 1713 4242 1729 4266; x_wconf 94' lang='lat'><strong>,</strong></span> <span class='ocrx_word' id='word_1_531' title='bbox 1759 4201 1855 4256; x_wconf 88' lang='lat' dir='ltr'><strong>sed</strong></span> <span class='ocrx_word' id='word_1_532' title='bbox 1883 4213 1939 4257; x_wconf 91' lang='lat' dir='ltr'><strong>et</strong></span> 
     </span>
    </p>
   </div>
   <div class='ocr_carea' id='block_1_74' title="bbox 342 4287 1936 4364">
    <p class='ocr_par' dir='ltr' id='par_1_74' title="bbox 342 4287 1936 4364">
     <span class='ocr_line' id='line_1_74' title="bbox 342 4287 1936 4364; baseline 0.005 -22"><span class='ocrx_word' id='word_1_533' title='bbox 342 4287 660 4344; x_wconf 86' lang='lat' dir='ltr'><strong>venerabilis</strong></span> <span class='ocrx_word' id='word_1_534' title='bbox 699 4289 971 4345; x_wconf 63' lang='lat' dir='ltr'><strong>memoriae</strong></span> <span class='ocrx_word' id='word_1_535' title='bbox 1002 4287 1336 4360; x_wconf 88' lang='lat' dir='ltr'><strong>Stephanum</strong></span> <span class='ocrx_word' id='word_1_536' title='bbox 1375 4289 1657 4347; x_wconf 89' lang='lat' dir='ltr'><strong>diaconum</strong></span> <span class='ocrx_word' id='word_1_537' title='bbox 1686 4291 1747 4361; x_wconf 74' lang='grc' dir='ltr'><strong>ι),</strong></span> <span class='ocrx_word' id='word_1_538' title='bbox 1777 4310 1936 4364; x_wconf 90' lang='lat' dir='ltr'><strong>quem</strong></span> 
     </span>
    </p>
   </div>
   <div class='ocr_carea' id='block_1_75' title="bbox 2055 3287 3641 3361">
    <p class='ocr_par' dir='ltr' id='par_1_75' title="bbox 2055 3287 3641 3361">
     <span class='ocr_line' id='line_1_75' title="bbox 2055 3287 3641 3361; baseline -0.001 -15"><span class='ocrx_word' id='word_1_539' title='bbox 2055 3307 2194 3361; x_wconf 91' lang='lat' dir='ltr'><strong>quos</strong></span> <span class='ocrx_word' id='word_1_540' title='bbox 2216 3300 2272 3345; x_wconf 91' lang='lat' dir='ltr'><strong>et</strong></span> <span class='ocrx_word' id='word_1_541' title='bbox 2295 3291 2470 3344; x_wconf 88' lang='lat' dir='ltr'><strong>zelum</strong></span> <span class='ocrx_word' id='word_1_542' title='bbox 2499 3289 2620 3344; x_wconf 88' lang='lat' dir='ltr'><strong>tidei</strong></span> <span class='ocrx_word' id='word_1_543' title='bbox 2651 3299 2706 3344; x_wconf 89' lang='lat' dir='ltr'><strong>et</strong></span> <span class='ocrx_word' id='word_1_544' title='bbox 2728 3288 2922 3344; x_wconf 71' lang='lat' dir='ltr'><strong>divina:</strong></span> <span class='ocrx_word' id='word_1_545' title='bbox 2941 3287 3229 3359; x_wconf 72' lang='lat' dir='ltr'><strong>Scriptura:</strong></span> <span class='ocrx_word' id='word_1_546' title='bbox 3253 3289 3419 3344; x_wconf 89' lang='lat' dir='ltr'><strong>sciret</strong></span> <span class='ocrx_word' id='word_1_547' title='bbox 3442 3288 3641 3344; x_wconf 83' lang='lat' dir='ltr'><strong>habere</strong></span> 
     </span>
    </p>
   </div>
   <div class='ocr_carea' id='block_1_76' title="bbox 2055 3371 3641 3449">
    <p class='ocr_par' dir='ltr' id='par_1_76' title="bbox 2055 3371 3641 3449">
     <span class='ocr_line' id='line_1_76' title="bbox 2055 3371 3641 3449; baseline -0.001 -14"><span class='ocrx_word' id='word_1_548' title='bbox 2055 3371 2322 3449; x_wconf 83' lang='lat' dir='ltr'><strong>notitiam,</strong></span> <span class='ocrx_word' id='word_1_549' title='bbox 2366 3379 2770 3435; x_wconf 89' lang='lat' dir='ltr'><strong>consulentibus</strong></span> <span class='ocrx_word' id='word_1_550' title='bbox 2798 3378 3146 3449; x_wconf 84' lang='lat' dir='ltr'><strong>respondere,</strong></span> <span class='ocrx_word' id='word_1_551' title='bbox 3191 3377 3321 3448; x_wconf 86' lang='lat' dir='ltr'><strong>quid</strong></span> <span class='ocrx_word' id='word_1_552' title='bbox 3350 3378 3641 3434; x_wconf 86' lang='lat' dir='ltr'><strong>observan-</strong></span> 
     </span>
    </p>
   </div>
   <div class='ocr_carea' id='block_1_77' title="bbox 2052 3471 3642 3542">
    <p class='ocr_par' dir='ltr' id='par_1_77' title="bbox 2052 3471 3642 3542">
     <span class='ocr_line' id='line_1_77' title="bbox 2052 3471 3642 3542; baseline 0.001 -14"><span class='ocrx_word' id='word_1_553' title='bbox 2052 3473 2177 3528; x_wconf 87' lang='lat' dir='ltr'><strong>dum</strong></span> <span class='ocrx_word' id='word_1_554' title='bbox 2225 3475 2280 3528; x_wconf 90' lang='lat' dir='ltr'><strong>in</strong></span> <span class='ocrx_word' id='word_1_555' title='bbox 2331 3488 2616 3528; x_wconf 86' lang='lat' dir='ltr'><strong>commune</strong></span> <span class='ocrx_word' id='word_1_556' title='bbox 2666 3471 2915 3528; x_wconf 91' lang='lat' dir='ltr'><strong>omnibus</strong></span> <span class='ocrx_word' id='word_1_557' title='bbox 2942 3472 3232 3528; x_wconf 88' lang='lat' dir='ltr'><strong>videretur.</strong></span> <span class='ocrx_word' id='word_1_558' title='bbox 3261 3471 3319 3527; x_wconf 85' lang='lat' dir='ltr'><strong>in</strong></span> <span class='ocrx_word' id='word_1_559' title='bbox 3365 3471 3482 3542; x_wconf 82' lang='lat' dir='ltr'><strong>ipsa</strong></span> <span class='ocrx_word' id='word_1_560' title='bbox 3510 3486 3642 3530; x_wconf 72' lang='lat' dir='ltr'><strong>vero</strong></span> 
     </span>
    </p>
   </div>
   <div class='ocr_carea' id='block_1_78' title="bbox 2050 3565 3640 3636">
    <p class='ocr_par' dir='ltr' id='par_1_78' title="bbox 2050 3565 3640 3636">
     <span class='ocr_line' id='line_1_78' title="bbox 2050 3565 3640 3636; baseline -0.002 -12"><span class='ocrx_word' id='word_1_561' title='bbox 2050 3567 2458 3624; x_wconf 77' lang='lat' dir='ltr'><strong>consultationis</strong></span> <span class='ocrx_word' id='word_1_562' title='bbox 2484 3565 2713 3636; x_wconf 87' lang='lat' dir='ltr'><strong>epistola</strong></span> <span class='ocrx_word' id='word_1_563' title='bbox 2740 3581 2847 3621; x_wconf 91' lang='lat' dir='ltr'><strong>non</strong></span> <span class='ocrx_word' id='word_1_564' title='bbox 2877 3572 3089 3620; x_wconf 88' lang='lat' dir='ltr'><strong>tacetur</strong></span> <span class='ocrx_word' id='word_1_565' title='bbox 3111 3565 3256 3635; x_wconf 89' lang='lat' dir='ltr'><strong>quod</strong></span> <span class='ocrx_word' id='word_1_566' title='bbox 3294 3565 3412 3621; x_wconf 56' lang='lat' dir='ltr'><strong>haec</strong></span> <span class='ocrx_word' id='word_1_567' title='bbox 3437 3566 3640 3622; x_wconf 76' lang='lat' dir='ltr'><strong>itumis-</strong></span> 
     </span>
    </p>
   </div>
   <div class='ocr_carea' id='block_1_79' title="bbox 2048 3642 3642 3730">
    <p class='ocr_par' dir='ltr' id='par_1_79' title="bbox 2048 3642 3642 3730">
     <span class='ocr_line' id='line_1_79' title="bbox 2048 3642 3642 3730; baseline -0.001 -17"><span class='ocrx_word' id='word_1_568' title='bbox 2048 3642 2201 3716; x_wconf 86' lang='lat' dir='ltr'><strong>sione</strong></span> <span class='ocrx_word' id='word_1_569' title='bbox 2226 3658 2638 3728; x_wconf 83' lang='lat' dir='ltr'><strong>Acephalorum,</strong></span> <span class='ocrx_word' id='word_1_570' title='bbox 2653 3671 2810 3728; x_wconf 85' lang='lat' dir='ltr'><strong>quos,</strong></span> <span class='ocrx_word' id='word_1_571' title='bbox 2842 3664 2900 3711; x_wconf 91' lang='lat' dir='ltr'><strong>ut</strong></span> <span class='ocrx_word' id='word_1_572' title='bbox 2928 3655 3180 3720; x_wconf 76' lang='lat' dir='ltr'><strong>diximus,</strong></span> <span class='ocrx_word' id='word_1_573' title='bbox 3209 3655 3642 3730; x_wconf 81' lang='lat' dir='ltr'><strong>Semieutychia-</strong></span> 
     </span>
    </p>
   </div>
   <div class='ocr_carea' id='block_1_80' title="bbox 2042 3745 3640 3819">
    <p class='ocr_par' dir='ltr' id='par_1_80' title="bbox 2042 3745 3640 3819">
     <span class='ocr_line' id='line_1_80' title="bbox 2042 3745 3640 3819; baseline 0.001 -15"><span class='ocrx_word' id='word_1_574' title='bbox 2042 3765 2142 3806; x_wconf 90' lang='lat' dir='ltr'><strong>nos</strong></span> <span class='ocrx_word' id='word_1_575' title='bbox 2162 3748 2552 3818; x_wconf 79' lang='lat' dir='ltr'><strong>signiﬁcantius</strong></span> <span class='ocrx_word' id='word_1_576' title='bbox 2581 3749 2850 3819; x_wconf 89' lang='lat' dir='ltr'><strong>appellare</strong></span> <span class='ocrx_word' id='word_1_577' title='bbox 2880 3762 3180 3818; x_wconf 89' lang='lat' dir='ltr'><strong>possumus,</strong></span> <span class='ocrx_word' id='word_1_578' title='bbox 3197 3755 3386 3802; x_wconf 87' lang='lat' dir='ltr'><strong>contra</strong></span> <span class='ocrx_word' id='word_1_579' title='bbox 3409 3745 3640 3805; x_wconf 85' lang='lat' dir='ltr'><strong>Chalce-</strong></span> 
     </span>
    </p>
   </div>
   <div class='ocr_carea' id='block_1_81' title="bbox 2039 3836 3638 3908">
    <p class='ocr_par' dir='ltr' id='par_1_81' title="bbox 2039 3836 3638 3908">
     <span class='ocr_line' id='line_1_81' title="bbox 2039 3836 3638 3908; baseline -0.003 -11"><span class='ocrx_word' id='word_1_580' title='bbox 2039 3841 2280 3898; x_wconf 91' lang='lat' dir='ltr'><strong>doncuse</strong></span> <span class='ocrx_word' id='word_1_581' title='bbox 2331 3839 2614 3895; x_wconf 88' lang='lat' dir='ltr'><strong>concilium</strong></span> <span class='ocrx_word' id='word_1_582' title='bbox 2655 3848 2710 3893; x_wconf 92' lang='lat' dir='ltr'><strong>et</strong></span> <span class='ocrx_word' id='word_1_583' title='bbox 2761 3837 2977 3907; x_wconf 71' lang='lat' dir='ltr'><strong>degreta</strong></span> <span class='ocrx_word' id='word_1_584' title='bbox 3027 3852 3183 3908; x_wconf 66' lang='lat' dir='ltr'><strong>papa:</strong></span> <span class='ocrx_word' id='word_1_585' title='bbox 3224 3836 3456 3906; x_wconf 87' lang='lat' dir='ltr'><strong>Leonis,</strong></span> <span class='ocrx_word' id='word_1_586' title='bbox 3488 3848 3638 3894; x_wconf 88' lang='lat' dir='ltr'><strong>mota</strong></span> 
     </span>
    </p>
   </div>
   <div class='ocr_carea' id='block_1_82' title="bbox 2040 3930 3636 4003">
    <p class='ocr_par' dir='ltr' id='par_1_82' title="bbox 2040 3930 3636 4003">
     <span class='ocr_line' id='line_1_82' title="bbox 2040 3930 3636 4003; baseline 0.001 -17"><span class='ocrx_word' id='word_1_587' title='bbox 2040 3933 2240 3987; x_wconf 85' lang='lat' dir='ltr'><strong>fuerint</strong></span> <span class='ocrx_word' id='word_1_588' title='bbox 2282 3947 2376 4003; x_wconf 88' lang='lat' dir='ltr'><strong>per</strong></span> <span class='ocrx_word' id='word_1_589' title='bbox 2415 3947 2510 3988; x_wconf 89' lang='lat' dir='ltr'><strong>eos</strong></span> <span class='ocrx_word' id='word_1_590' title='bbox 2552 3931 2645 4002; x_wconf 90' lang='lat' dir='ltr'><strong>qui</strong></span> <span class='ocrx_word' id='word_1_591' title='bbox 2673 3931 2771 3986; x_wconf 89' lang='lat' dir='ltr'><strong>sub</strong></span> <span class='ocrx_word' id='word_1_592' title='bbox 2815 3931 3032 3986; x_wconf 88' lang='lat' dir='ltr'><strong>nomine</strong></span> <span class='ocrx_word' id='word_1_593' title='bbox 3071 3930 3353 3988; x_wconf 87' lang='lat' dir='ltr'><strong>catholico</strong></span> <span class='ocrx_word' id='word_1_594' title='bbox 3393 3931 3636 4001; x_wconf 81' lang='lat' dir='ltr'><strong>ipsorum</strong></span> 
     </span>
    </p>
   </div>
   <div class='ocr_carea' id='block_1_83' title="bbox 2043 4019 3634 4092">
    <p class='ocr_par' dir='ltr' id='par_1_83' title="bbox 2043 4019 3634 4092">
     <span class='ocr_line' id='line_1_83' title="bbox 2043 4019 3634 4092; baseline 0 -14"><span class='ocrx_word' id='word_1_595' title='bbox 2043 4023 2182 4092; x_wconf 85' lang='lat' dir='ltr'><strong>parti</strong></span> <span class='ocrx_word' id='word_1_596' title='bbox 2225 4022 2460 4080; x_wconf 89' lang='lat' dir='ltr'><strong>studium</strong></span> <span class='ocrx_word' id='word_1_597' title='bbox 2516 4021 2776 4092; x_wconf 75' lang='lat' dir='ltr'><strong>prmbem.</strong></span> <span class='ocrx_word' id='word_1_598' title='bbox 2824 4019 2934 4077; x_wconf 85' lang='lat' dir='ltr'><strong>Sed</strong></span> <span class='ocrx_word' id='word_1_599' title='bbox 2981 4029 3036 4076; x_wconf 90' lang='lat' dir='ltr'><strong>et</strong></span> <span class='ocrx_word' id='word_1_600' title='bbox 3082 4020 3171 4076; x_wconf 89' lang='lat' dir='ltr'><strong>ille</strong></span> <span class='ocrx_word' id='word_1_601' title='bbox 3219 4021 3310 4089; x_wconf 89' lang='lat' dir='ltr'><strong>qui</strong></span> <span class='ocrx_word' id='word_1_602' title='bbox 3354 4021 3634 4078; x_wconf 77' lang='lat' dir='ltr'><strong>consultus</strong></span> 
     </span>
    </p>
   </div>
   <div class='ocr_carea' id='block_1_84' title="bbox 2043 4110 3632 4180">
    <p class='ocr_par' dir='ltr' id='par_1_84' title="bbox 2043 4110 3632 4180">
     <span class='ocr_line' id='line_1_84' title="bbox 2043 4110 3632 4180; baseline 0.003 -15"><span class='ocrx_word' id='word_1_603' title='bbox 2043 4110 2221 4167; x_wconf 88' lang='lat' dir='ltr'><strong>fuerat</strong></span> <span class='ocrx_word' id='word_1_604' title='bbox 2291 4112 2595 4167; x_wconf 88' lang='lat' dir='ltr'><strong>rescribens</strong></span> <span class='ocrx_word' id='word_1_605' title='bbox 2677 4110 3135 4180; x_wconf 83' lang='lat' dir='ltr'><strong>interrogantibus</strong></span> <span class='ocrx_word' id='word_1_606' title='bbox 3160 4151 3176 4177; x_wconf 90' lang='lat'><strong>,</strong></span> <span class='ocrx_word' id='word_1_607' title='bbox 3234 4112 3632 4170; x_wconf 82' lang='lat' dir='ltr'><strong>retractandattt</strong></span> 
     </span>
    </p>
   </div>
   <div class='ocr_carea' id='block_1_85' title="bbox 2045 4202 3632 4276">
    <p class='ocr_par' dir='ltr' id='par_1_85' title="bbox 2045 4202 3632 4276">
     <span class='ocr_line' id='line_1_85' title="bbox 2045 4202 3632 4276; baseline -0.001 -15"><span class='ocrx_word' id='word_1_608' title='bbox 2045 4222 2153 4261; x_wconf 90' lang='lat' dir='ltr'><strong>non</strong></span> <span class='ocrx_word' id='word_1_609' title='bbox 2202 4221 2321 4261; x_wconf 89' lang='lat' dir='ltr'><strong>esse</strong></span> <span class='ocrx_word' id='word_1_610' title='bbox 2369 4205 2554 4261; x_wconf 89' lang='lat' dir='ltr'><strong>docuit</strong></span> <span class='ocrx_word' id='word_1_611' title='bbox 2595 4203 2879 4274; x_wconf 86' lang='lat' dir='ltr'><strong>epistolam</strong></span> <span class='ocrx_word' id='word_1_612' title='bbox 2927 4218 3088 4272; x_wconf 86' lang='lat' dir='ltr'><strong>quam</strong></span> <span class='ocrx_word' id='word_1_613' title='bbox 3119 4202 3440 4260; x_wconf 84' lang='lat' dir='ltr'><strong>universalis</strong></span> <span class='ocrx_word' id='word_1_614' title='bbox 3465 4220 3632 4276; x_wconf 79' lang='lat' dir='ltr'><strong>syno-</strong></span> 
     </span>
    </p>
   </div>
   <div class='ocr_carea' id='block_1_86' title="bbox 2047 4293 3628 4370">
    <p class='ocr_par' dir='ltr' id='par_1_86' title="bbox 2047 4293 3628 4370">
     <span class='ocr_line' id='line_1_86' title="bbox 2047 4293 3628 4370; baseline -0.001 -16"><span class='ocrx_word' id='word_1_615' title='bbox 2047 4299 2146 4354; x_wconf 89' lang='lat' dir='ltr'><strong>dus</strong></span> <span class='ocrx_word' id='word_1_616' title='bbox 2175 4298 2493 4370; x_wconf 86' lang='lat' dir='ltr'><strong>approbavit</strong></span> <span class='ocrx_word' id='word_1_617' title='bbox 2525 4315 2538 4349; x_wconf 91' lang='lat'>:</span> <span class='ocrx_word' id='word_1_618' title='bbox 2568 4297 2821 4366; x_wconf 87' lang='lat' dir='ltr'><strong>quoniam</strong></span> <span class='ocrx_word' id='word_1_619' title='bbox 2870 4295 2917 4350; x_wconf 87' lang='lat' dir='ltr'><strong>si</strong></span> <span class='ocrx_word' id='word_1_620' title='bbox 2946 4293 3116 4361; x_wconf 85' lang='lat' dir='ltr'><strong>ﬁeret,</strong></span> <span class='ocrx_word' id='word_1_621' title='bbox 3150 4309 3257 4349; x_wconf 88' lang='lat' dir='ltr'><strong>non</strong></span> <span class='ocrx_word' id='word_1_622' title='bbox 3288 4294 3458 4364; x_wconf 89' lang='lat' dir='ltr'><strong>ipsius</strong></span> <span class='ocrx_word' id='word_1_623' title='bbox 3509 4304 3628 4352; x_wconf 85' lang='lat' dir='ltr'><strong>tan-</strong></span> 
     </span>
    </p>
   </div>
   <div class='ocr_carea' id='block_1_87' title="bbox 408 4530 3621 4614">
    <p class='ocr_par' dir='ltr' id='par_1_87' title="bbox 408 4530 3621 4614">
     <span class='ocr_line' id='line_1_87' title="bbox 408 4530 3621 4614; baseline 0.005 -30"><span class='ocrx_word' id='word_1_624' title='bbox 408 4542 432 4614; x_wconf 57' lang='lat' dir='ltr'>f</span> <span class='ocrx_word' id='word_1_625' title='bbox 473 4531 679 4614; x_wconf 68' lang='lat' dir='ltr'><strong>Henna:</strong></span> <span class='ocrx_word' id='word_1_626' title='bbox 745 4530 1066 4614; x_wconf 75' lang='lat' dir='ltr'><strong>patriarcha:</strong></span> <span class='ocrx_word' id='word_1_627' title='bbox 1126 4530 1757 4614; x_wconf 55' lang='lat' dir='ltr'><strong>Eonstantitmpolitano,</strong></span> <span class='ocrx_word' id='word_1_628' title='bbox 1826 4541 1918 4614; x_wconf 82' lang='lat' dir='ltr'><strong>qui</strong></span> <span class='ocrx_word' id='word_1_629' title='bbox 1953 4547 1998 4606; x_wconf 83' lang='grc' dir='ltr'><strong>υ</strong></span> <span class='ocrx_word' id='word_1_630' title='bbox 2024 4544 2186 4598; x_wconf 69' lang='lat' dir='ltr'><strong>clesia</strong></span> <span class='ocrx_word' id='word_1_631' title='bbox 2215 4541 2853 4614; x_wconf 52' lang='lat' dir='ltr'><strong>Carthaginiensijictm&#39;</strong></span> <span class='ocrx_word' id='word_1_632' title='bbox 2880 4541 3019 4614; x_wconf 80' lang='lat' dir='ltr'><strong>idem</strong></span> <span class='ocrx_word' id='word_1_633' title='bbox 3049 4547 3204 4614; x_wconf 83' lang='lat' dir='ltr'><strong>notat</strong></span> <span class='ocrx_word' id='word_1_634' title='bbox 3229 4556 3372 4614; x_wconf 84' lang='lat' dir='ltr'><strong>anno</strong></span> <span class='ocrx_word' id='word_1_635' title='bbox 3422 4541 3458 4596; x_wconf 87' lang='lat'><strong><em>6</em></strong></span> <span class='ocrx_word' id='word_1_636' title='bbox 3497 4557 3621 4614; x_wconf 91' lang='lat' dir='ltr'><strong>post</strong></span> 
     </span>
    </p>
   </div>
   <div class='ocr_carea' id='block_1_88' title="bbox 334 4600 1918 4675">
    <p class='ocr_par' dir='ltr' id='par_1_88' title="bbox 334 4600 1918 4675">
     <span class='ocr_line' id='line_1_88' title="bbox 334 4600 1918 4675; baseline 0.004 -17"><span class='ocrx_word' id='word_1_637' title='bbox 334 4607 535 4675; x_wconf 87' lang='lat' dir='ltr'><strong>primus</strong></span> <span class='ocrx_word' id='word_1_638' title='bbox 559 4601 1076 4675; x_wconf 68' lang='lat' dir='ltr'><strong>damnationitrium</strong></span> <span class='ocrx_word' id='word_1_639' title='bbox 1123 4600 1512 4675; x_wconf 44' lang='lat' dir='ltr'><strong>capituloium&#39;</strong></span> <span class='ocrx_word' id='word_1_640' title='bbox 1542 4610 1792 4675; x_wconf 86' lang='lat' dir='ltr'><strong>assensit,</strong></span> <span class='ocrx_word' id='word_1_641' title='bbox 1845 4600 1918 4665; x_wconf 77' lang='lat' dir='ltr'><strong>ob</strong></span> 
     </span>
    </p>
   </div>
   <div class='ocr_carea' id='block_1_89' title="bbox 331 4671 1913 4747">
    <p class='ocr_par' dir='ltr' id='par_1_89' title="bbox 331 4671 1913 4747">
     <span class='ocr_line' id='line_1_89' title="bbox 331 4671 1913 4747; baseline 0.004 -19"><span class='ocrx_word' id='word_1_642' title='bbox 331 4671 558 4742; x_wconf 75' lang='lat' dir='ltr'><strong>eamque</strong></span> <span class='ocrx_word' id='word_1_643' title='bbox 589 4687 762 4747; x_wconf 85' lang='lat' dir='ltr'><strong>_re_m_a</strong></span> <span class='ocrx_word' id='word_1_644' title='bbox 795 4671 985 4747; x_wconf 80' lang='lat' dir='ltr'><strong>Vigilin</strong></span> <span class='ocrx_word' id='word_1_645' title='bbox 1025 4672 1215 4726; x_wconf 90' lang='lat' dir='ltr'><strong>litteris</strong></span> <span class='ocrx_word' id='word_1_646' title='bbox 1243 4688 1311 4726; x_wconf 81' lang='lat' dir='ltr'><strong>ex</strong></span> <span class='ocrx_word' id='word_1_647' title='bbox 1359 4674 1552 4747; x_wconf 80' lang='lat' dir='ltr'><strong>itinere</strong></span> <span class='ocrx_word' id='word_1_648' title='bbox 1597 4671 1913 4747; x_wconf 72' lang='lat' dir='ltr'><strong>castigat-us,</strong></span> 
     </span>
    </p>
   </div>
   <div class='ocr_carea' id='block_1_90' title="bbox 331 4742 1916 4813">
    <p class='ocr_par' dir='ltr' id='par_1_90' title="bbox 331 4742 1916 4813">
     <span class='ocr_line' id='line_1_90' title="bbox 331 4742 1916 4813; baseline 0.006 -16"><span class='ocrx_word' id='word_1_649' title='bbox 331 4755 562 4813; x_wconf 86' lang='lat' dir='ltr'><strong>quatuor</strong></span> <span class='ocrx_word' id='word_1_650' title='bbox 573 4743 763 4796; x_wconf 88' lang='lat' dir='ltr'><strong>deinde</strong></span> <span class='ocrx_word' id='word_1_651' title='bbox 786 4742 1043 4813; x_wconf 81' lang='lat' dir='ltr'><strong>mensium</strong></span> <span class='ocrx_word' id='word_1_652' title='bbox 1067 4744 1620 4813; x_wconf 78' lang='lat' dir='ltr'><strong>excommunicatione</strong></span> <span class='ocrx_word' id='word_1_653' title='bbox 1642 4747 1709 4800; x_wconf 90' lang='lat' dir='ltr'><strong>ab</strong></span> <span class='ocrx_word' id='word_1_654' title='bbox 1725 4742 1916 4806; x_wconf 71' lang='lat' dir='ltr'><strong>eodem</strong></span> 
     </span>
    </p>
   </div>
   <div class='ocr_carea' id='block_1_91' title="bbox 331 4811 1914 4876">
    <p class='ocr_par' dir='ltr' id='par_1_91' title="bbox 331 4811 1914 4876">
     <span class='ocr_line' id='line_1_91' title="bbox 331 4811 1914 4876; baseline 0.006 -9"><span class='ocrx_word' id='word_1_655' title='bbox 331 4811 587 4868; x_wconf 78' lang='lat' dir='ltr'><strong>inuitatus</strong></span> <span class='ocrx_word' id='word_1_656' title='bbox 615 4819 717 4874; x_wconf 86' lang='lat' dir='ltr'><strong>est,</strong></span> <span class='ocrx_word' id='word_1_657' title='bbox 746 4823 806 4864; x_wconf 90' lang='lat' dir='ltr'><strong>ut</strong></span> <span class='ocrx_word' id='word_1_658' title='bbox 853 4811 1162 4866; x_wconf 81' lang='lat' dir='ltr'><strong>Anastasius</strong></span> <span class='ocrx_word' id='word_1_659' title='bbox 1191 4813 1243 4866; x_wconf 89' lang='lat' dir='ltr'><strong>in</strong></span> <span class='ocrx_word' id='word_1_660' title='bbox 1287 4811 1521 4869; x_wconf 85' lang='lat' dir='ltr'><strong>Historia</strong></span> <span class='ocrx_word' id='word_1_661' title='bbox 1551 4817 1914 4876; x_wconf 87' lang='lat' dir='ltr'><strong>ecclesiastica</strong></span> 
     </span>
    </p>
   </div>
   <div class='ocr_carea' id='block_1_92' title="bbox 330 4882 964 4950">
    <p class='ocr_par' dir='ltr' id='par_1_92' title="bbox 330 4882 964 4950">
     <span class='ocr_line' id='line_1_92' title="bbox 330 4882 964 4950; baseline -0.011 -11"><span class='ocrx_word' id='word_1_662' title='bbox 330 4882 495 4939; x_wconf 81' lang='lat' dir='ltr'><strong>refert</strong></span> <span class='ocrx_word' id='word_1_663' title='bbox 521 4898 588 4936; x_wconf 78' lang='lat' dir='ltr'><strong>ex</strong></span> <span class='ocrx_word' id='word_1_664' title='bbox 615 4882 964 4950; x_wconf 86' lang='lat' dir='ltr'><strong>Theophane.</strong></span> 
     </span>
    </p>
   </div>
   <div class='ocr_carea' id='block_1_93' title="bbox 400 4951 1910 5029">
    <p class='ocr_par' dir='ltr' id='par_1_93' title="bbox 400 4951 1910 5029">
     <span class='ocr_line' id='line_1_93' title="bbox 400 4951 1910 5029; baseline 0.007 -24"><span class='ocrx_word' id='word_1_665' title='bbox 400 4954 426 5029; x_wconf 65' lang='grc' dir='ltr'><strong>ξ)</strong></span> <span class='ocrx_word' id='word_1_666' title='bbox 467 4951 763 5006; x_wconf 86' lang='lat' dir='ltr'><strong>Narrantur</strong></span> <span class='ocrx_word' id='word_1_667' title='bbox 791 4953 981 5029; x_wconf 79' lang='lat' dir='ltr'><strong>eadem</strong></span> <span class='ocrx_word' id='word_1_668' title='bbox 1012 4951 1072 5029; x_wconf 62' lang='lat' dir='ltr'><strong>in</strong></span> <span class='ocrx_word' id='word_1_669' title='bbox 1091 4952 1317 5029; x_wconf 81' lang='lat' dir='ltr'><strong>epistola</strong></span> <span class='ocrx_word' id='word_1_670' title='bbox 1344 4953 1522 5020; x_wconf 76' lang='lat' dir='ltr'><strong>Vigilii</strong></span> <span class='ocrx_word' id='word_1_671' title='bbox 1551 4956 1910 5029; x_wconf 62' lang='lat' dir='ltr'><strong>adhicnnam,</strong></span> 
     </span>
    </p>
   </div>
   <div class='ocr_carea' id='block_1_94' title="bbox 326 5020 1908 5092">
    <p class='ocr_par' dir='ltr' id='par_1_94' title="bbox 326 5020 1908 5092">
     <span class='ocr_line' id='line_1_94' title="bbox 326 5020 1908 5092; baseline 0.007 -18"><span class='ocrx_word' id='word_1_672' title='bbox 326 5023 480 5092; x_wconf 79' lang='lat' dir='ltr'><strong>cujus</strong></span> <span class='ocrx_word' id='word_1_673' title='bbox 520 5029 731 5092; x_wconf 84' lang='lat' dir='ltr'><strong>partem</strong></span> <span class='ocrx_word' id='word_1_674' title='bbox 795 5021 988 5092; x_wconf 87' lang='lat' dir='ltr'><strong>recitat</strong></span> <span class='ocrx_word' id='word_1_675' title='bbox 1032 5020 1313 5076; x_wconf 86' lang='lat' dir='ltr'><strong>Facundus</strong></span> <span class='ocrx_word' id='word_1_676' title='bbox 1353 5033 1538 5078; x_wconf 88' lang='lat' dir='ltr'><strong>contra</strong></span> <span class='ocrx_word' id='word_1_677' title='bbox 1593 5020 1908 5085; x_wconf 56' lang='lat' dir='ltr'><strong>Mutianum:</strong></span> 
     </span>
    </p>
   </div>
   <div class='ocr_carea' id='block_1_95' title="bbox 325 5090 1910 5167">
    <p class='ocr_par' dir='ltr' id='par_1_95' title="bbox 325 5090 1910 5167">
     <span class='ocr_line' id='line_1_95' title="bbox 325 5090 1910 5167; baseline 0.008 -24"><span class='ocrx_word' id='word_1_678' title='bbox 325 5090 1006 5167; x_wconf 55' lang='lat' dir='ltr'><strong>successeratStephanus</strong></span> <span class='ocrx_word' id='word_1_679' title='bbox 1029 5091 1170 5167; x_wconf 84' lang='lat' dir='ltr'><strong>haud</strong></span> <span class='ocrx_word' id='word_1_680' title='bbox 1201 5093 1369 5167; x_wconf 79' lang='lat' dir='ltr'><strong>inulto</strong></span> <span class='ocrx_word' id='word_1_681' title='bbox 1393 5094 1762 5167; x_wconf 70' lang='lat' dir='ltr'><strong>autei’clagio</strong></span> <span class='ocrx_word' id='word_1_682' title='bbox 1785 5101 1910 5155; x_wconf 90' lang='lat' dir='ltr'><strong>item</strong></span> 
     </span>
    </p>
   </div>
   <div class='ocr_carea' id='block_1_96' title="bbox 325 5161 1912 5240">
    <p class='ocr_par' dir='ltr' id='par_1_96' title="bbox 325 5161 1912 5240">
     <span class='ocr_line' id='line_1_96' title="bbox 325 5161 1912 5240; baseline 0.006 -24"><span class='ocrx_word' id='word_1_683' title='bbox 325 5165 574 5227; x_wconf 89' lang='lat' dir='ltr'><strong>diacono,</strong></span> <span class='ocrx_word' id='word_1_684' title='bbox 610 5161 1135 5240; x_wconf 64' lang='lat' dir='ltr'><strong>qui_apgcrisiariutn</strong></span> <span class='ocrx_word' id='word_1_685' title='bbox 1161 5164 1307 5240; x_wconf 63' lang='lat' dir='ltr'><strong>sedis</strong></span> <span class='ocrx_word' id='word_1_686' title='bbox 1336 5166 1643 5240; x_wconf 47' lang='lat' dir='ltr'><strong>apostolicae</strong></span> <span class='ocrx_word' id='word_1_687' title='bbox 1676 5161 1912 5240; x_wconf 70' lang='lat' dir='ltr'><strong>complu-</strong></span> 
     </span>
    </p>
   </div>
   <div class='ocr_carea' id='block_1_97' title="bbox 325 5229 1909 5305">
    <p class='ocr_par' dir='ltr' id='par_1_97' title="bbox 325 5229 1909 5305">
     <span class='ocr_line' id='line_1_97' title="bbox 325 5229 1909 5305; baseline 0.004 -17"><span class='ocrx_word' id='word_1_688' title='bbox 325 5251 413 5288; x_wconf 86' lang='lat' dir='ltr'><strong>res</strong></span> <span class='ocrx_word' id='word_1_689' title='bbox 439 5247 608 5305; x_wconf 87' lang='lat' dir='ltr'><strong>annos</strong></span> <span class='ocrx_word' id='word_1_690' title='bbox 637 5231 745 5299; x_wconf 86' lang='lat' dir='ltr'><strong>egit</strong></span> <span class='ocrx_word' id='word_1_691' title='bbox 789 5229 1277 5305; x_wconf 78' lang='lat' dir='ltr'><strong>Constantinopoli.</strong></span> <span class='ocrx_word' id='word_1_692' title='bbox 1304 5229 1402 5305; x_wconf 45' lang='grc' dir='ltr'><strong>-ᾼὶ</strong></span> <span class='ocrx_word' id='word_1_693' title='bbox 1447 5235 1750 5305; x_wconf 86' lang='lat' dir='ltr'><strong>Stephanus</strong></span> <span class='ocrx_word' id='word_1_694' title='bbox 1802 5229 1909 5295; x_wconf 72' lang='lat' dir='ltr'><strong>non</strong></span> 
     </span>
    </p>
   </div>
   <div class='ocr_carea' id='block_1_98' title="bbox 322 5302 1912 5379">
    <p class='ocr_par' dir='ltr' id='par_1_98' title="bbox 322 5302 1912 5379">
     <span class='ocr_line' id='line_1_98' title="bbox 322 5302 1912 5379; baseline 0.006 -23"><span class='ocrx_word' id='word_1_695' title='bbox 322 5304 548 5379; x_wconf 60' lang='lat' dir='ltr'><strong>diutine</strong></span> <span class='ocrx_word' id='word_1_696' title='bbox 597 5314 820 5379; x_wconf 76' lang='lat' dir='ltr'><strong>munere</strong></span> <span class='ocrx_word' id='word_1_697' title='bbox 869 5302 1085 5357; x_wconf 84' lang='lat' dir='ltr'><strong>functus</strong></span> <span class='ocrx_word' id='word_1_698' title='bbox 1135 5312 1234 5378; x_wconf 71' lang='lat' dir='ltr'><strong>est,</strong></span> <span class='ocrx_word' id='word_1_699' title='bbox 1268 5303 1402 5357; x_wconf 87' lang='lat' dir='ltr'><strong>obiit</strong></span> <span class='ocrx_word' id='word_1_700' title='bbox 1429 5302 1568 5359; x_wconf 86' lang='lat' dir='ltr'><strong>enim</strong></span> <span class='ocrx_word' id='word_1_701' title='bbox 1600 5310 1912 5379; x_wconf 86' lang='lat' dir='ltr'><strong>priusquam</strong></span> 
     </span>
    </p>
   </div>
   <div class='ocr_carea' id='block_1_99' title="bbox 331 5370 1215 5446">
    <p class='ocr_par' dir='ltr' id='par_1_99' title="bbox 331 5370 1215 5446">
     <span class='ocr_line' id='line_1_99' title="bbox 331 5370 1215 5446; baseline -0.002 -18"><span class='ocrx_word' id='word_1_702' title='bbox 331 5374 552 5446; x_wconf 71' lang='lat' dir='ltr'><strong>Vigilius</strong></span> <span class='ocrx_word' id='word_1_703' title='bbox 573 5372 890 5446; x_wconf 78' lang='lat' dir='ltr'><strong>appelleret.</strong></span> <span class='ocrx_word' id='word_1_704' title='bbox 981 5442 995 5446; x_wconf 93' lang='lat'>_</span> <span class='ocrx_word' id='word_1_705' title='bbox 1153 5443 1166 5446; x_wconf 92' lang='lat'><em>_</em></span> 
     </span>
    </p>
   </div>
   <div class='ocr_carea' id='block_1_100' title="bbox 398 5441 1906 5517">
    <p class='ocr_par' dir='ltr' id='par_1_100' title="bbox 398 5441 1906 5517">
     <span class='ocr_line' id='line_1_100' title="bbox 398 5441 1906 5517; baseline 0.004 -19"><span class='ocrx_word' id='word_1_706' title='bbox 398 5441 419 5484; x_wconf 70' lang='grc' dir='ltr'><strong>ἒ</strong></span> <span class='ocrx_word' id='word_1_707' title='bbox 463 5441 1034 5517; x_wconf 67' lang='lat' dir='ltr'><strong>Post_ha:&lt;:__etiatn_gle</strong></span> <span class='ocrx_word' id='word_1_708' title='bbox 1069 5443 1259 5517; x_wconf 86' lang='lat' dir='ltr'><strong>eadem</strong></span> <span class='ocrx_word' id='word_1_709' title='bbox 1291 5462 1350 5517; x_wconf 87' lang='lat' dir='ltr'><strong>re</strong></span> <span class='ocrx_word' id='word_1_710' title='bbox 1390 5448 1442 5501; x_wconf 92' lang='lat' dir='ltr'><strong>in</strong></span> <span class='ocrx_word' id='word_1_711' title='bbox 1484 5447 1698 5517; x_wconf 86' lang='lat' dir='ltr'><strong>lllyrico</strong></span> <span class='ocrx_word' id='word_1_712' title='bbox 1726 5449 1906 5504; x_wconf 89' lang='lat' dir='ltr'><strong>habita</strong></span> 
     </span>
    </p>
   </div>
   <div class='ocr_carea' id='block_1_101' title="bbox 319 5511 1903 5584">
    <p class='ocr_par' dir='ltr' id='par_1_101' title="bbox 319 5511 1903 5584">
     <span class='ocr_line' id='line_1_101' title="bbox 319 5511 1903 5584; baseline 0.004 -16"><span class='ocrx_word' id='word_1_713' title='bbox 319 5526 405 5568; x_wconf 81' lang='lat' dir='ltr'><strong>est</strong></span> <span class='ocrx_word' id='word_1_714' title='bbox 441 5511 1275 5584; x_wconf 35' lang='lat' dir='ltr'><strong>synodusavictorTononeusis</strong></span> <span class='ocrx_word' id='word_1_715' title='bbox 1313 5515 1362 5570; x_wconf 91' lang='lat' dir='ltr'><strong>in</strong></span> <span class='ocrx_word' id='word_1_716' title='bbox 1403 5511 1712 5573; x_wconf 76' lang='lat' dir='ltr'><strong>Chronico:</strong></span> <span class='ocrx_word' id='word_1_717' title='bbox 1748 5517 1809 5573; x_wconf 88' lang='lat' dir='ltr'><strong>P.</strong></span> <span class='ocrx_word' id='word_1_718' title='bbox 1845 5518 1903 5574; x_wconf 90' lang='lat' dir='ltr'><strong>C.</strong></span> 
     </span>
    </p>
   </div>
   <div class='ocr_carea' id='block_1_102' title="bbox 321 5582 1905 5658">
    <p class='ocr_par' dir='ltr' id='par_1_102' title="bbox 321 5582 1905 5658">
     <span class='ocr_line' id='line_1_102' title="bbox 321 5582 1905 5658; baseline 0.003 -20"><span class='ocrx_word' id='word_1_719' title='bbox 321 5582 502 5658; x_wconf 61' lang='lat' dir='ltr'><strong>Basilii</strong></span> <span class='ocrx_word' id='word_1_720' title='bbox 533 5600 671 5658; x_wconf 70' lang='lat' dir='ltr'><strong>anno</strong></span> <span class='ocrx_word' id='word_1_721' title='bbox 692 5582 744 5658; x_wconf 86' lang='lat'><strong>8_,</strong></span> <span class='ocrx_word' id='word_1_722' title='bbox 769 5582 1077 5658; x_wconf 65' lang='lat' dir='ltr'><strong>illyriciana</strong></span> <span class='ocrx_word' id='word_1_723' title='bbox 1105 5585 1331 5658; x_wconf 78' lang='lat' dir='ltr'><strong>synodus</strong></span> <span class='ocrx_word' id='word_1_724' title='bbox 1357 5588 1408 5640; x_wconf 87' lang='lat' dir='ltr'><strong>in</strong></span> <span class='ocrx_word' id='word_1_725' title='bbox 1438 5589 1734 5658; x_wconf 78' lang='lat' dir='ltr'><strong>defensione</strong></span> <span class='ocrx_word' id='word_1_726' title='bbox 1751 5591 1905 5643; x_wconf 80' lang='lat' dir='ltr'><strong>trium</strong></span> 
     </span>
    </p>
   </div>
   <div class='ocr_carea' id='block_1_103' title="bbox 319 5653 1908 5732">
    <p class='ocr_par' dir='ltr' id='par_1_103' title="bbox 319 5653 1908 5732">
     <span class='ocr_line' id='line_1_103' title="bbox 319 5653 1908 5732; baseline 0.006 -28"><span class='ocrx_word' id='word_1_727' title='bbox 319 5655 559 5732; x_wconf 53' lang='lat' dir='ltr'><strong>(intritum</strong></span> <span class='ocrx_word' id='word_1_728' title='bbox 585 5653 883 5732; x_wconf 69' lang='lat' dir='ltr'><strong>Justiniano</strong></span> <span class='ocrx_word' id='word_1_729' title='bbox 914 5653 1146 5732; x_wconf 74' lang='lat' dir='ltr'><strong>Augusto</strong></span> <span class='ocrx_word' id='word_1_730' title='bbox 1173 5653 1390 5732; x_wconf 58' lang='lat' dir='ltr'><strong>scribit;</strong></span> <span class='ocrx_word' id='word_1_731' title='bbox 1417 5667 1472 5732; x_wconf 69' lang='lat' dir='ltr'><strong>et</strong></span> <span class='ocrx_word' id='word_1_732' title='bbox 1503 5653 1699 5732; x_wconf 74' lang='lat' dir='ltr'><strong>contra</strong></span> <span class='ocrx_word' id='word_1_733' title='bbox 1742 5658 1908 5732; x_wconf 83' lang='lat' dir='ltr'><strong>Illyri-</strong></span> 
     </span>
    </p>
   </div>
   <div class='ocr_carea' id='block_1_104' title="bbox 321 5724 1906 5796">
    <p class='ocr_par' dir='ltr' id='par_1_104' title="bbox 321 5724 1906 5796">
     <span class='ocr_line' id='line_1_104' title="bbox 321 5724 1906 5796; baseline 0.004 -19"><span class='ocrx_word' id='word_1_734' title='bbox 321 5726 528 5777; x_wconf 85' lang='lat' dir='ltr'><strong>cianam</strong></span> <span class='ocrx_word' id='word_1_735' title='bbox 565 5724 828 5796; x_wconf 72' lang='lat' dir='ltr'><strong>synodum</strong></span> <span class='ocrx_word' id='word_1_736' title='bbox 851 5727 1197 5796; x_wconf 54' lang='lat' dir='ltr'><strong>rescriptum</strong></span> <span class='ocrx_word' id='word_1_737' title='bbox 1234 5727 1399 5781; x_wconf 77' lang='lat' dir='ltr'><strong>edidit</strong></span> <span class='ocrx_word' id='word_1_738' title='bbox 1441 5724 1823 5796; x_wconf 41' lang='lat' dir='ltr'><strong>Justiniannsf</strong></span> <span class='ocrx_word' id='word_1_739' title='bbox 1849 5740 1906 5786; x_wconf 90' lang='lat' dir='ltr'><strong>ut</strong></span> 
     </span>
    </p>
   </div>
   <div class='ocr_carea' id='block_1_105' title="bbox 317 5792 1671 5868">
    <p class='ocr_par' dir='ltr' id='par_1_105' title="bbox 317 5792 1671 5868">
     <span class='ocr_line' id='line_1_105' title="bbox 317 5792 1671 5868; baseline 0.003 -19"><span class='ocrx_word' id='word_1_740' title='bbox 317 5801 550 5868; x_wconf 58' lang='lat' dir='ltr'><strong>testatur</strong></span> <span class='ocrx_word' id='word_1_741' title='bbox 573 5792 804 5868; x_wconf 74' lang='lat' dir='ltr'><strong>Isidorus</strong></span> <span class='ocrx_word' id='word_1_742' title='bbox 835 5793 902 5849; x_wconf 87' lang='lat' dir='ltr'><strong>de</strong></span> <span class='ocrx_word' id='word_1_743' title='bbox 933 5792 1083 5868; x_wconf 71' lang='lat' dir='ltr'><strong>Viris</strong></span> <span class='ocrx_word' id='word_1_744' title='bbox 1099 5794 1412 5868; x_wconf 83' lang='lat' dir='ltr'><strong>illustribus,</strong></span> <span class='ocrx_word' id='word_1_745' title='bbox 1436 5813 1554 5868; x_wconf 79' lang='lat' dir='ltr'><strong>Cap.</strong></span> <span class='ocrx_word' id='word_1_746' title='bbox 1585 5798 1671 5853; x_wconf 78' lang='grc'><strong>18.</strong></span> 
     </span>
    </p>
   </div>
   <div class='ocr_carea' id='block_1_106' title="bbox 451 5863 1903 5929">
    <p class='ocr_par' dir='ltr' id='par_1_106' title="bbox 451 5863 1903 5929">
     <span class='ocr_line' id='line_1_106' title="bbox 451 5863 1903 5929; baseline 0.008 -12"><span class='ocrx_word' id='word_1_747' title='bbox 451 5863 665 5917; x_wconf 85' lang='lat' dir='ltr'><strong>Clarum</strong></span> <span class='ocrx_word' id='word_1_748' title='bbox 689 5864 792 5918; x_wconf 89' lang='lat' dir='ltr'><strong>hoc</strong></span> <span class='ocrx_word' id='word_1_749' title='bbox 806 5872 1049 5926; x_wconf 73' lang='lat' dir='ltr'><strong>tempore</strong></span> <span class='ocrx_word' id='word_1_750' title='bbox 1073 5865 1310 5924; x_wconf 86' lang='lat' dir='ltr'><strong>habitum</strong></span> <span class='ocrx_word' id='word_1_751' title='bbox 1344 5863 1668 5926; x_wconf 79' lang='lat' dir='ltr'><strong>Ferrandunt</strong></span> <span class='ocrx_word' id='word_1_752' title='bbox 1701 5873 1753 5927; x_wconf 89' lang='lat' dir='ltr'><strong>in</strong></span> <span class='ocrx_word' id='word_1_753' title='bbox 1803 5869 1903 5929; x_wconf 81' lang='lat' dir='ltr'><strong>Ec-</strong></span> 
     </span>
    </p>
   </div>
   <div class='ocr_carea' id='block_1_107' title="bbox 2027 4611 3626 4681">
    <p class='ocr_par' dir='ltr' id='par_1_107' title="bbox 2027 4611 3626 4681">
     <span class='ocr_line' id='line_1_107' title="bbox 2027 4611 3626 4681; baseline 0.001 -14"><span class='ocrx_word' id='word_1_754' title='bbox 2027 4613 2300 4668; x_wconf 76' lang='lat' dir='ltr'><strong>consulean</strong></span> <span class='ocrx_word' id='word_1_755' title='bbox 2325 4614 2598 4666; x_wconf 82' lang='lat' dir='ltr'><strong>Basilium.</strong></span> <span class='ocrx_word' id='word_1_756' title='bbox 2636 4611 2822 4666; x_wconf 68' lang='lat' dir='ltr'><strong>Exstat</strong></span> <span class='ocrx_word' id='word_1_757' title='bbox 2853 4611 2968 4681; x_wconf 81' lang='lat' dir='ltr'><strong>ejus</strong></span> <span class='ocrx_word' id='word_1_758' title='bbox 3015 4611 3242 4681; x_wconf 84' lang='lat' dir='ltr'><strong>epistola</strong></span> <span class='ocrx_word' id='word_1_759' title='bbox 3293 4612 3359 4666; x_wconf 88' lang='lat' dir='ltr'><strong>ad</strong></span> <span class='ocrx_word' id='word_1_760' title='bbox 3417 4611 3626 4670; x_wconf 79' lang='lat' dir='ltr'><strong>Anato-</strong></span> 
     </span>
    </p>
   </div>
   <div class='ocr_carea' id='block_1_108' title="bbox 2026 4679 3624 4750">
    <p class='ocr_par' dir='ltr' id='par_1_108' title="bbox 2026 4679 3624 4750">
     <span class='ocr_line' id='line_1_108' title="bbox 2026 4679 3624 4750; baseline 0.002 -14"><span class='ocrx_word' id='word_1_761' title='bbox 2026 4683 2155 4737; x_wconf 89' lang='lat' dir='ltr'><strong>lium</strong></span> <span class='ocrx_word' id='word_1_762' title='bbox 2185 4684 2470 4738; x_wconf 87' lang='lat' dir='ltr'><strong>diaconum</strong></span> <span class='ocrx_word' id='word_1_763' title='bbox 2494 4682 2640 4737; x_wconf 90' lang='lat' dir='ltr'><strong>urbis</strong></span> <span class='ocrx_word' id='word_1_764' title='bbox 2685 4679 2894 4744; x_wconf 66' lang='lat' dir='ltr'><strong>Romae,</strong></span> <span class='ocrx_word' id='word_1_765' title='bbox 2940 4679 3272 4735; x_wconf 28' lang='lat' dir='ltr'><strong>sed’diversi</strong></span> <span class='ocrx_word' id='word_1_766' title='bbox 3294 4687 3624 4750; x_wconf 86' lang='lat' dir='ltr'><strong>argumenti.</strong></span> 
     </span>
    </p>
   </div>
   <div class='ocr_carea' id='block_1_109' title="bbox 2024 4751 3624 4822">
    <p class='ocr_par' dir='ltr' id='par_1_109' title="bbox 2024 4751 3624 4822">
     <span class='ocr_line' id='line_1_109' title="bbox 2024 4751 3624 4822; baseline 0.001 -16"><span class='ocrx_word' id='word_1_767' title='bbox 2024 4752 2194 4822; x_wconf 86' lang='lat' dir='ltr'><strong>Hujus</strong></span> <span class='ocrx_word' id='word_1_768' title='bbox 2222 4769 2374 4819; x_wconf 90' lang='lat' dir='ltr'><strong>vero,</strong></span> <span class='ocrx_word' id='word_1_769' title='bbox 2404 4760 2462 4806; x_wconf 91' lang='lat' dir='ltr'><strong>ut</strong></span> <span class='ocrx_word' id='word_1_770' title='bbox 2490 4760 2733 4822; x_wconf 89' lang='lat' dir='ltr'><strong>apparet,</strong></span> <span class='ocrx_word' id='word_1_771' title='bbox 2767 4751 2970 4822; x_wconf 85' lang='lat' dir='ltr'><strong>mentio</strong></span> <span class='ocrx_word' id='word_1_772' title='bbox 2984 4761 3097 4822; x_wconf 76' lang='lat' dir='ltr'><strong>_est_</strong></span> <span class='ocrx_word' id='word_1_773' title='bbox 3119 4752 3180 4822; x_wconf 80' lang='lat' dir='ltr'><strong>in</strong></span> <span class='ocrx_word' id='word_1_774' title='bbox 3201 4751 3484 4822; x_wconf 83' lang='lat' dir='ltr'><strong>duodecim</strong></span> <span class='ocrx_word' id='word_1_775' title='bbox 3518 4771 3624 4810; x_wconf 84' lang='lat' dir='ltr'><strong>au-</strong></span> 
     </span>
    </p>
   </div>
   <div class='ocr_carea' id='block_1_110' title="bbox 2022 4819 3628 4891">
    <p class='ocr_par' dir='ltr' id='par_1_110' title="bbox 2022 4819 3628 4891">
     <span class='ocr_line' id='line_1_110' title="bbox 2022 4819 3628 4891; baseline 0.002 -14"><span class='ocrx_word' id='word_1_776' title='bbox 2022 4819 2232 4877; x_wconf 78' lang='lat' dir='ltr'><strong>ctorum</strong></span> <span class='ocrx_word' id='word_1_777' title='bbox 2263 4819 2670 4891; x_wconf 38' lang='lat' dir='ltr'><strong>calalogofqui</strong></span> <span class='ocrx_word' id='word_1_778' title='bbox 2719 4821 2872 4876; x_wconf 88' lang='lat' dir='ltr'><strong>subdi</strong></span> <span class='ocrx_word' id='word_1_779' title='bbox 2917 4820 3046 4891; x_wconf 86' lang='lat' dir='ltr'><strong>solet</strong></span> <span class='ocrx_word' id='word_1_780' title='bbox 3079 4819 3278 4891; x_wconf 72' lang='lat' dir='ltr'><strong>lsidori</strong></span> <span class='ocrx_word' id='word_1_781' title='bbox 3313 4821 3496 4877; x_wconf 82' lang='lat' dir='ltr'><strong>libello</strong></span> <span class='ocrx_word' id='word_1_782' title='bbox 3551 4825 3628 4880; x_wconf 82' lang='lat' dir='ltr'><strong>de</strong></span> 
     </span>
    </p>
   </div>
   <div class='ocr_carea' id='block_1_111' title="bbox 2020 4889 3630 4962">
    <p class='ocr_par' dir='ltr' id='par_1_111' title="bbox 2020 4889 3630 4962">
     <span class='ocr_line' id='line_1_111' title="bbox 2020 4889 3630 4962; baseline 0 -14"><span class='ocrx_word' id='word_1_783' title='bbox 2020 4893 2161 4948; x_wconf 84' lang='lat' dir='ltr'><strong>Viris</strong></span> <span class='ocrx_word' id='word_1_784' title='bbox 2192 4889 2505 4946; x_wconf 77' lang='lat' dir='ltr'><strong>illustribus.</strong></span> <span class='ocrx_word' id='word_1_785' title='bbox 2533 4889 2854 4962; x_wconf 78' lang='lat' dir='ltr'><strong>Ferrandus,</strong></span> <span class='ocrx_word' id='word_1_786' title='bbox 2900 4890 3088 4958; x_wconf 90' lang='lat' dir='ltr'><strong>inquit,</strong></span> <span class='ocrx_word' id='word_1_787' title='bbox 3128 4891 3200 4942; x_wconf 86' lang='lat' dir='ltr'><strong>ad</strong></span> <span class='ocrx_word' id='word_1_788' title='bbox 3246 4889 3523 4962; x_wconf 77' lang='lat' dir='ltr'><strong>Pelagium</strong></span> <span class='ocrx_word' id='word_1_789' title='bbox 3569 4905 3630 4948; x_wconf 69' lang='lat' dir='ltr'><strong>et</strong></span> 
     </span>
    </p>
   </div>
   <div class='ocr_carea' id='block_1_112' title="bbox 2018 4961 3626 5018">
    <p class='ocr_par' dir='ltr' id='par_1_112' title="bbox 2018 4961 3626 5018">
     <span class='ocr_line' id='line_1_112' title="bbox 2018 4961 3626 5018; baseline 0.002 -3"><span class='ocrx_word' id='word_1_790' title='bbox 2018 4964 2316 5017; x_wconf 80' lang='lat' dir='ltr'><strong>Anatolium</strong></span> <span class='ocrx_word' id='word_1_791' title='bbox 2342 4962 2600 5017; x_wconf 79' lang='lat' dir='ltr'><strong>Romanos</strong></span> <span class='ocrx_word' id='word_1_792' title='bbox 2633 4961 2878 5015; x_wconf 75' lang='lat' dir='ltr'><strong>diaconos</strong></span> <span class='ocrx_word' id='word_1_793' title='bbox 2905 4962 3229 5014; x_wconf 68' lang='lat' dir='ltr'><strong>consulentes</strong></span> <span class='ocrx_word' id='word_1_794' title='bbox 3275 4961 3393 5014; x_wconf 58' lang='lat' dir='ltr'><strong>eam</strong></span> <span class='ocrx_word' id='word_1_795' title='bbox 3441 4974 3626 5018; x_wconf 72' lang='lat' dir='ltr'><strong>utrum</strong></span> 
     </span>
    </p>
   </div>
   <div class='ocr_carea' id='block_1_113' title="bbox 2014 5031 3633 5105">
    <p class='ocr_par' dir='ltr' id='par_1_113' title="bbox 2014 5031 3633 5105">
     <span class='ocr_line' id='line_1_113' title="bbox 2014 5031 3633 5105; baseline 0 -19"><span class='ocrx_word' id='word_1_796' title='bbox 2014 5033 2164 5086; x_wconf 83' lang='lat' dir='ltr'><strong>liceat</strong></span> <span class='ocrx_word' id='word_1_797' title='bbox 2193 5049 2497 5105; x_wconf 77' lang='lat' dir='ltr'><strong>quemquam</strong></span> <span class='ocrx_word' id='word_1_798' title='bbox 2512 5033 2771 5105; x_wconf 3' lang='lat' dir='ltr'><strong>dampnare</strong></span> <span class='ocrx_word' id='word_1_799' title='bbox 2799 5039 2912 5099; x_wconf 78' lang='lat' dir='ltr'><strong>post</strong></span> <span class='ocrx_word' id='word_1_800' title='bbox 2942 5033 3180 5105; x_wconf 64' lang='lat' dir='ltr'><strong>mdl&#39;tem,</strong></span> <span class='ocrx_word' id='word_1_801' title='bbox 3201 5099 3212 5105; x_wconf 86' lang='lat'><em>_</em></span> <span class='ocrx_word' id='word_1_802' title='bbox 3237 5031 3399 5105; x_wconf 70' lang='lat' dir='ltr'><strong>edidit</strong></span> <span class='ocrx_word' id='word_1_803' title='bbox 3427 5036 3633 5105; x_wconf 65' lang='lat' dir='ltr'><strong>rescri-</strong></span> 
     </span>
    </p>
   </div>
   <div class='ocr_carea' id='block_1_114' title="bbox 2013 5099 3630 5173">
    <p class='ocr_par' dir='ltr' id='par_1_114' title="bbox 2013 5099 3630 5173">
     <span class='ocr_line' id='line_1_114' title="bbox 2013 5099 3630 5173; baseline 0.001 -18"><span class='ocrx_word' id='word_1_804' title='bbox 2013 5113 2157 5173; x_wconf 86' lang='lat' dir='ltr'><strong>ptum</strong></span> <span class='ocrx_word' id='word_1_805' title='bbox 2185 5099 2271 5157; x_wconf 69' lang='lat' dir='ltr'><strong>tibi</strong></span> <span class='ocrx_word' id='word_1_806' title='bbox 2309 5099 2441 5173; x_wconf 56' lang='lat' dir='ltr'><strong>inter</strong></span> <span class='ocrx_word' id='word_1_807' title='bbox 2469 5102 2576 5173; x_wconf 82' lang='lat' dir='ltr'><strong>alia</strong></span> <span class='ocrx_word' id='word_1_808' title='bbox 2605 5103 2678 5155; x_wconf 73' lang='lat' dir='ltr'><strong>sic</strong></span> <span class='ocrx_word' id='word_1_809' title='bbox 2700 5101 2897 5173; x_wconf 60' lang='lat' dir='ltr'><strong>locutus</strong></span> <span class='ocrx_word' id='word_1_810' title='bbox 2926 5110 3002 5154; x_wconf 76' lang='lat' dir='ltr'><strong>est</strong></span> <span class='ocrx_word' id='word_1_811' title='bbox 3029 5116 3048 5173; x_wconf 68' lang='grc' dir='ltr'><em>ς</em></span> <span class='ocrx_word' id='word_1_812' title='bbox 3079 5099 3215 5173; x_wconf 69' lang='lat' dir='ltr'><strong>Quid</strong></span> <span class='ocrx_word' id='word_1_813' title='bbox 3239 5101 3464 5173; x_wconf 76' lang='lat' dir='ltr'><strong>prodest</strong></span> <span class='ocrx_word' id='word_1_814' title='bbox 3489 5103 3630 5158; x_wconf 82' lang='lat' dir='ltr'><strong>dor-</strong></span> 
     </span>
    </p>
   </div>
   <div class='ocr_carea' id='block_1_115' title="bbox 2015 5169 3633 5240">
    <p class='ocr_par' dir='ltr' id='par_1_115' title="bbox 2015 5169 3633 5240">
     <span class='ocr_line' id='line_1_115' title="bbox 2015 5169 3633 5240; baseline 0.001 -14"><span class='ocrx_word' id='word_1_815' title='bbox 2015 5169 2305 5228; x_wconf 80' lang='lat' dir='ltr'><strong>mientibus</strong></span> <span class='ocrx_word' id='word_1_816' title='bbox 2333 5171 2628 5228; x_wconf 84' lang='lat' dir='ltr'><strong>Ecclesiam</strong></span> <span class='ocrx_word' id='word_1_817' title='bbox 2677 5171 2995 5240; x_wconf 89' lang='lat' dir='ltr'><strong>perturbare</strong></span> <span class='ocrx_word' id='word_1_818' title='bbox 3024 5171 3047 5224; x_wconf 80' lang='lat'><strong>?</strong></span> <span class='ocrx_word' id='word_1_819' title='bbox 3076 5169 3132 5240; x_wconf 84' lang='lat' dir='ltr'><strong>Si</strong></span> <span class='ocrx_word' id='word_1_820' title='bbox 3160 5171 3284 5237; x_wconf 88' lang='lat' dir='ltr'><strong>quis</strong></span> <span class='ocrx_word' id='word_1_821' title='bbox 3329 5171 3510 5227; x_wconf 83' lang='lat' dir='ltr'><strong>adhuc</strong></span> <span class='ocrx_word' id='word_1_822' title='bbox 3558 5173 3633 5229; x_wconf 82' lang='lat' dir='ltr'><strong>in</strong></span> 
     </span>
    </p>
   </div>
   <div class='ocr_carea' id='block_1_116' title="bbox 2015 5238 3626 5312">
    <p class='ocr_par' dir='ltr' id='par_1_116' title="bbox 2015 5238 3626 5312">
     <span class='ocr_line' id='line_1_116' title="bbox 2015 5238 3626 5312; baseline 0.001 -16"><span class='ocrx_word' id='word_1_823' title='bbox 2015 5257 2244 5312; x_wconf 86' lang='lat' dir='ltr'><strong>corpore</strong></span> <span class='ocrx_word' id='word_1_824' title='bbox 2273 5245 2461 5296; x_wconf 87' lang='lat' dir='ltr'><strong>mortis</strong></span> <span class='ocrx_word' id='word_1_825' title='bbox 2488 5238 2981 5312; x_wconf 12' lang='lat' dir='ltr'><strong>hujusr&#39;accusatus</strong></span> <span class='ocrx_word' id='word_1_826' title='bbox 3003 5247 3062 5312; x_wconf 84' lang='lat' dir='ltr'><strong>et</strong></span> <span class='ocrx_word' id='word_1_827' title='bbox 3101 5238 3407 5304; x_wconf 85' lang='lat' dir='ltr'><strong>damnatus,</strong></span> <span class='ocrx_word' id='word_1_828' title='bbox 3453 5252 3626 5298; x_wconf 79' lang='lat' dir='ltr'><strong>ante-</strong></span> 
     </span>
    </p>
   </div>
   <div class='ocr_carea' id='block_1_117' title="bbox 2015 5307 3629 5381">
    <p class='ocr_par' dir='ltr' id='par_1_117' title="bbox 2015 5307 3629 5381">
     <span class='ocr_line' id='line_1_117' title="bbox 2015 5307 3629 5381; baseline -0.002 -15"><span class='ocrx_word' id='word_1_829' title='bbox 2015 5307 2175 5381; x_wconf 77' lang='lat' dir='ltr'><strong>quam</strong></span> <span class='ocrx_word' id='word_1_830' title='bbox 2203 5321 2498 5366; x_wconf 83' lang='lat' dir='ltr'><strong>mereretur</strong></span> <span class='ocrx_word' id='word_1_831' title='bbox 2526 5307 2730 5366; x_wconf 87' lang='lat' dir='ltr'><strong>absolvi</strong></span> <span class='ocrx_word' id='word_1_832' title='bbox 2769 5310 2835 5381; x_wconf 85' lang='lat' dir='ltr'><strong>de</strong></span> <span class='ocrx_word' id='word_1_833' title='bbox 2862 5307 3106 5381; x_wconf 15' lang='lat' dir='ltr'><strong>Ecclesia,</strong></span> <span class='ocrx_word' id='word_1_834' title='bbox 3141 5316 3330 5381; x_wconf 74' lang='lat' dir='ltr'><strong>raptus</strong></span> <span class='ocrx_word' id='word_1_835' title='bbox 3347 5318 3455 5381; x_wconf 73' lang='lat' dir='ltr'><strong>est,</strong></span> <span class='ocrx_word' id='word_1_836' title='bbox 3511 5314 3629 5365; x_wconf 69' lang='lat' dir='ltr'><strong>ait.</strong></span> 
     </span>
    </p>
   </div>
   <div class='ocr_carea' id='block_1_118' title="bbox 2015 5377 3629 5451">
    <p class='ocr_par' dir='ltr' id='par_1_118' title="bbox 2015 5377 3629 5451">
     <span class='ocr_line' id='line_1_118' title="bbox 2015 5377 3629 5451; baseline -0.002 -15"><span class='ocrx_word' id='word_1_837' title='bbox 2015 5377 2151 5436; x_wconf 70' lang='lat' dir='ltr'><strong>solvi</strong></span> <span class='ocrx_word' id='word_1_838' title='bbox 2182 5398 2287 5437; x_wconf 91' lang='lat' dir='ltr'><strong>non</strong></span> <span class='ocrx_word' id='word_1_839' title='bbox 2313 5389 2494 5451; x_wconf 85' lang='lat' dir='ltr'><strong>potest</strong></span> <span class='ocrx_word' id='word_1_840' title='bbox 2545 5379 3051 5451; x_wconf 82' lang='lat' dir='ltr'><strong>ulteriushumauo</strong></span> <span class='ocrx_word' id='word_1_841' title='bbox 3089 5379 3317 5451; x_wconf 69' lang='lat' dir='ltr'><strong>judicio.</strong></span> <span class='ocrx_word' id='word_1_842' title='bbox 3372 5377 3432 5434; x_wconf 83' lang='lat' dir='ltr'><strong>Si</strong></span> <span class='ocrx_word' id='word_1_843' title='bbox 3485 5382 3629 5448; x_wconf 73' lang='lat' dir='ltr'><strong>quis</strong></span> 
     </span>
    </p>
   </div>
   <div class='ocr_carea' id='block_1_119' title="bbox 2014 5447 3630 5517">
    <p class='ocr_par' dir='ltr' id='par_1_119' title="bbox 2014 5447 3630 5517">
     <span class='ocr_line' id='line_1_119' title="bbox 2014 5447 3630 5517; baseline 0.001 -13"><span class='ocrx_word' id='word_1_844' title='bbox 2014 5461 2294 5507; x_wconf 85' lang='lat' dir='ltr'><strong>accusatus</strong></span> <span class='ocrx_word' id='word_1_845' title='bbox 2314 5447 2447 5505; x_wconf 81' lang='lat' dir='ltr'><strong>ante</strong></span> <span class='ocrx_word' id='word_1_846' title='bbox 2468 5450 2608 5505; x_wconf 88' lang='lat' dir='ltr'><strong>diem</strong></span> <span class='ocrx_word' id='word_1_847' title='bbox 2653 5449 2794 5505; x_wconf 88' lang='lat' dir='ltr'><strong>sacri</strong></span> <span class='ocrx_word' id='word_1_848' title='bbox 2822 5447 3082 5504; x_wconf 76' lang='lat' dir='ltr'><strong>exatniuis</strong></span> <span class='ocrx_word' id='word_1_849' title='bbox 3110 5449 3390 5517; x_wconf 88' lang='lat' dir='ltr'><strong>repentina</strong></span> <span class='ocrx_word' id='word_1_850' title='bbox 3441 5447 3630 5506; x_wconf 66' lang='lat' dir='ltr'><strong>vocs--</strong></span> 
     </span>
    </p>
   </div>
   <div class='ocr_carea' id='block_1_120' title="bbox 2016 5517 3632 5590">
    <p class='ocr_par' dir='ltr' id='par_1_120' title="bbox 2016 5517 3632 5590">
     <span class='ocr_line' id='line_1_120' title="bbox 2016 5517 3632 5590; baseline 0 -16"><span class='ocrx_word' id='word_1_851' title='bbox 2016 5523 2160 5578; x_wconf 88' lang='lat' dir='ltr'><strong>tione</strong></span> <span class='ocrx_word' id='word_1_852' title='bbox 2215 5531 2520 5590; x_wconf 74' lang='lat' dir='ltr'><strong>prmveutus</strong></span> <span class='ocrx_word' id='word_1_853' title='bbox 2565 5529 2666 5584; x_wconf 90' lang='lat' dir='ltr'><strong>est,</strong></span> <span class='ocrx_word' id='word_1_854' title='bbox 2710 5521 2849 5574; x_wconf 89' lang='lat' dir='ltr'><strong>intra</strong></span> <span class='ocrx_word' id='word_1_855' title='bbox 2876 5519 3304 5590; x_wconf 15' lang='lat' dir='ltr'><strong>rSitllllnilllﬁll&#39;iS</strong></span> <span class='ocrx_word' id='word_1_856' title='bbox 3349 5517 3632 5577; x_wconf 69' lang='lat' dir='ltr'><strong>Ecclesia:</strong></span> 
     </span>
    </p>
   </div>
   <div class='ocr_carea' id='block_1_121' title="bbox 2012 5587 3627 5658">
    <p class='ocr_par' dir='ltr' id='par_1_121' title="bbox 2012 5587 3627 5658">
     <span class='ocr_line' id='line_1_121' title="bbox 2012 5587 3627 5658; baseline 0.001 -12"><span class='ocrx_word' id='word_1_857' title='bbox 2012 5587 2354 5657; x_wconf 81' lang='lat' dir='ltr'><strong>constitutus,</strong></span> <span class='ocrx_word' id='word_1_858' title='bbox 2375 5591 2554 5646; x_wconf 90' lang='lat' dir='ltr'><strong>divino</strong></span> <span class='ocrx_word' id='word_1_859' title='bbox 2577 5589 2953 5658; x_wconf 88' lang='lat' dir='ltr'><strong>intelligendus</strong></span> <span class='ocrx_word' id='word_1_860' title='bbox 2981 5595 3064 5658; x_wconf 81' lang='lat' dir='ltr'><strong>est</strong></span> <span class='ocrx_word' id='word_1_861' title='bbox 3083 5587 3286 5656; x_wconf 87' lang='lat' dir='ltr'><strong>judicio</strong></span> <span class='ocrx_word' id='word_1_862' title='bbox 3313 5595 3627 5649; x_wconf 72' lang='lat' dir='ltr'><strong>reservari.</strong></span> 
     </span>
    </p>
   </div>
   <div class='ocr_carea' id='block_1_122' title="bbox 2014 5655 3632 5730">
    <p class='ocr_par' dir='ltr' id='par_1_122' title="bbox 2014 5655 3632 5730">
     <span class='ocr_line' id='line_1_122' title="bbox 2014 5655 3632 5730; baseline 0 -15"><span class='ocrx_word' id='word_1_863' title='bbox 2014 5662 2091 5715; x_wconf 85' lang='lat' dir='ltr'><strong>De</strong></span> <span class='ocrx_word' id='word_1_864' title='bbox 2113 5663 2217 5718; x_wconf 89' lang='lat' dir='ltr'><strong>huc</strong></span> <span class='ocrx_word' id='word_1_865' title='bbox 2238 5655 2421 5717; x_wconf 83' lang='lat' dir='ltr'><strong>nullus</strong></span> <span class='ocrx_word' id='word_1_866' title='bbox 2450 5662 2612 5715; x_wconf 83' lang='lat' dir='ltr'><strong>homo</strong></span> <span class='ocrx_word' id='word_1_867' title='bbox 2641 5655 2820 5730; x_wconf 75' lang='lat' dir='ltr'><strong>potest</strong></span> <span class='ocrx_word' id='word_1_868' title='bbox 2842 5655 3447 5730; x_wconf 54' lang='lat' dir='ltr'><strong>manifestamprof&#39;etjre</strong></span> <span class='ocrx_word' id='word_1_869' title='bbox 3473 5675 3632 5716; x_wconf 76' lang='lat' dir='ltr'><strong>scn-</strong></span> 
     </span>
    </p>
   </div>
   <div class='ocr_carea' id='block_1_123' title="bbox 2012 5727 3627 5797">
    <p class='ocr_par' dir='ltr' id='par_1_123' title="bbox 2012 5727 3627 5797">
     <span class='ocr_line' id='line_1_123' title="bbox 2012 5727 3627 5797; baseline 0 -13"><span class='ocrx_word' id='word_1_870' title='bbox 2012 5731 2238 5786; x_wconf 83' lang='lat' dir='ltr'><strong>tcntiatn</strong></span> <span class='ocrx_word' id='word_1_871' title='bbox 2273 5751 2285 5785; x_wconf 96' lang='lat'>:</span> <span class='ocrx_word' id='word_1_872' title='bbox 2319 5733 2405 5787; x_wconf 87' lang='lat' dir='ltr'><strong>cui</strong></span> <span class='ocrx_word' id='word_1_873' title='bbox 2435 5732 2478 5786; x_wconf 89' lang='lat' dir='ltr'><strong>si</strong></span> <span class='ocrx_word' id='word_1_874' title='bbox 2503 5727 3054 5797; x_wconf 48' lang='lat' dir='ltr'><strong>Deus—indulgentiam</strong></span> <span class='ocrx_word' id='word_1_875' title='bbox 3082 5727 3248 5792; x_wconf 86' lang='lat' dir='ltr'><strong>dedit,</strong></span> <span class='ocrx_word' id='word_1_876' title='bbox 3279 5728 3409 5782; x_wconf 91' lang='lat' dir='ltr'><strong>nihil</strong></span> <span class='ocrx_word' id='word_1_877' title='bbox 3443 5744 3627 5786; x_wconf 77' lang='lat' dir='ltr'><strong>nocet</strong></span> 
     </span>
    </p>
   </div>
   <div class='ocr_carea' id='block_1_124' title="bbox 2012 5799 3632 5870">
    <p class='ocr_par' dir='ltr' id='par_1_124' title="bbox 2012 5799 3632 5870">
     <span class='ocr_line' id='line_1_124' title="bbox 2012 5799 3632 5870; baseline 0 -16"><span class='ocrx_word' id='word_1_878' title='bbox 2012 5811 2197 5855; x_wconf 87' lang='lat' dir='ltr'><strong>nostra</strong></span> <span class='ocrx_word' id='word_1_879' title='bbox 2229 5803 2525 5866; x_wconf 88' lang='lat' dir='ltr'><strong>severitas;</strong></span> <span class='ocrx_word' id='word_1_880' title='bbox 2557 5801 2651 5855; x_wconf 80' lang='lat' dir='ltr'><strong>sed</strong></span> <span class='ocrx_word' id='word_1_881' title='bbox 2677 5800 2723 5856; x_wconf 83' lang='lat' dir='ltr'><strong>si</strong></span> <span class='ocrx_word' id='word_1_882' title='bbox 2744 5799 3064 5870; x_wconf 85' lang='lat' dir='ltr'><strong>supplicium</strong></span> <span class='ocrx_word' id='word_1_883' title='bbox 3094 5799 3439 5870; x_wconf 61' lang='lat' dir='ltr'><strong>praeparavit,</strong></span> <span class='ocrx_word' id='word_1_884' title='bbox 3469 5801 3632 5861; x_wconf 75' lang='lat' dir='ltr'><strong>nihil</strong></span> 
     </span>
    </p>
   </div>
   <div class='ocr_carea' id='block_1_125' title="bbox 2013 5870 2795 5944">
    <p class='ocr_par' dir='ltr' id='par_1_125' title="bbox 2013 5870 2795 5944">
     <span class='ocr_line' id='line_1_125' title="bbox 2013 5870 2795 5944; baseline -0.004 -17"><span class='ocrx_word' id='word_1_885' title='bbox 2013 5870 2233 5944; x_wconf 87' lang='lat' dir='ltr'><strong>prodest</strong></span> <span class='ocrx_word' id='word_1_886' title='bbox 2262 5880 2445 5931; x_wconf 89' lang='lat' dir='ltr'><strong>nostra</strong></span> <span class='ocrx_word' id='word_1_887' title='bbox 2474 5871 2795 5934; x_wconf 77' lang='lat' dir='ltr'><strong>benignitas.</strong></span> 
     </span>
    </p>
   </div>
  </div>
