3974 6330
332 388 435 445 εεδ

1303 390 1436 445 PRO
1477 388 1905 446 DEFENSIOXE
1932 388 2147 444 TRIUM
2182 388 2494 445 (lA-I'l'l't'L.
2538 390 2664 443 LIB.
2708 388 2795 445 IV.

3503 389 3627 442 (ἑξεῖ

332 515 465 567 tum,
494 502 589 559 sed
620 503 859 559 omnium
902 500 1256 560 conciliorum
1294 510 1493 556 statuta
1520 500 1916 557 deducerentur
1946 508 1994 564 Α
2023 502 2094 556 ibi
2116 502 2403 568 obtectum,
2432 502 2559 556 nihil
2578 501 2947 556 absconditum
2970 499 3067 555 fuit
3093 518 3104 553 ε
3131 500 3429 570 exspolian
3453 501 3601 557 deni~

333 597 388 652 in
419 596 665 651 dubium.

953 793 1180 851 CAPUT
1218 794 1309 849 IV.

337 905 492 976 Quod
542 916 723 961 contra
777 906 1029 973 synodum
1084 907 1548 961 Chalcedonenst
1598 910 1789 973 factum
1821 922 1927 958 esse

408 981 564 1032 trium
590 976 945 1049 Capitulorum
972 980 1367 1049 damnationem,
1397 980 1491 1041 ipsi
1524 980 1671 1029 etim:
1697 978 1783 1044 qui
1806 993 1928 1028 con-

407 1044 677 1103 senserunt
721 1050 959 1114 primates
1001 1058 1045 1100 et
1079 1051 1300 1117 episcopi
1332 1044 1557 1100 Oaimtis
1586 1049 1926 1114 agnoverint:

409 1137 538 1189 quos
575 1122 837 1189 redarguit
863 1120 1001 1191 quod
1032 1120 1325 1189 imperatori
1357 1135 1454 1171 non
1487 1120 1782 1187 restiteriut.

408 1226 609 1282 Verum
640 1227 743 1282 hoc
800 1228 1071 1282 insolitum
1104 1244 1210 1282 non
1253 1236 1367 1292 est,
1402 1238 1461 1282 ut
1508 1228 1591 1283 vel
1635 1228 1930 1299 apostolica

337 1319 497 1374 sedes
527 1326 882 1373 temeratores
912 1328 1148 1388 paterna:
1177 1322 1458 1375 sententia:
1490 1330 1740 1391 tanquam
1769 1336 1930 1376 exce-

338 1409 531 1465 dentes
560 1426 589 1463 a
622 1409 724 1463 fide
753 1410 1066 1479 corriperet,
1095 1410 1177 1464 vel
1210 1410 1617 1465 incontaminati
1646 1412 1847 1480 quique
1876 1417 1930 1465 et

337 1505 410 1560 ab
438 1505 540 1560 hac
582 1506 998 1576 prmsnmptione
1041 1506 1254 1576 penitus
1294 1506 1488 1573 alieni,
1538 1507 1932 1562 contestatione

341 1596 554 1667 publica
597 1596 665 1652 de
709 1597 799 1653 tali
826 1597 968 1652 facto
994 1608 1377 1667 quererentur,
1407 1608 1462 1654 et
1502 1600 1930 1670 pronuntiarent,

339 1688 483 1756 quod
514 1687 558 1743 si
584 1687 686 1744 hoc
707 1688 877 1743 semel
903 1688 1191 1744 admissum
1220 1688 1399 1756 fuerit,
1425 1707 1530 1745 non
1553 1699 1757 1745 tantum
1780 1690 1933 1745 Chal-

339 1777 695 1843 cedonmsis,
741 1777 833 1834 sed
890 1780 1129 1833 omnium
1183 1781 1535 1835 conciliorum
1591 1780 1932 1835 deﬁnitiones

340 1878 593 1926 constare
616 1886 723 1925 non
753 1870 975 1940 possint.
1013 1871 1143 1925 lllud
1178 1880 1259 1927 est
1288 1872 1576 1936 insuetum,
1605 1872 1732 1925 illud
1763 1872 1929 1926 mira—
1964 1851 2003 1906 θ

340 1959 468 2025 bile,
502 1960 628 2015 illud
666 1961 716 2015 in
748 1977 855 2031 quo
905 1977 1097 2031 magna
1128 1963 1207 2019 vis
1232 1964 1472 2019 veritatis
1498 1971 1754 2033 apparet,
1788 1964 1932 2035 quod

340 2050 490 2122 ipsos
520 2068 730 2123 quoque
761 2062 1175 2124 pmsumptores
1205 2056 1430 2111 internis
1470 2057 1811 2112 conscientiae
1837 2057 1933 2112 sti-

341 2144 503 2199 mulis
532 2143 687 2199 fateri
719 2146 913 2214 coegit,
948 2146 1016 2200 ad
1043 2145 1463 2203 destructionem
1489 2147 1683 2219 synodi
1711 2148 1934 2204 Chalce-

341 2235 732 2291 donensisbase
763 2237 924 2293 fuisse
963 2239 1279 2308 composita.
1324 2239 1457 2293 Nam
1498 2242 1699 2310 primus
1736 2240 1935 2297 conﬁr-

342 2336 522 2382 mator
562 2344 748 2383 eorum
778 2328 997 2385 Mennas
1052 2328 1681 2400 Constantinopolitanus
1727 2333 1936 2402 episco—

343 2430 467 2486 pus,
498 2433 617 2471 cum
644 2418 818 2474 adhuc
864 2429 1211 2475 cunctaretur
1248 2421 1447 2490 scripto
1473 2432 1518 2488 κ,
1573 2423 1707 2477 sicut
1738 2437 1937 2493 prtece-

345 2518 503 2580 ptum
538 2508 728 2576 fuerat,
762 2510 839 2564 eis
868 2511 1107 2581 prtebere
1160 2528 1503 2578 consensum,
1536 2521 1722 2569 contra
1774 2528 1935 2584 syno-

342 2600 474 2656 dum
508 2598 1002 2657 Chalcedonensem
1053 2602 1169 2658 ﬁeri
1216 2612 1547 2673 protestatus
1599 2612 1699 2659 est.
1749 2603 1853 2659 Sed
1882 2611 1937 2658 et

345 2701 699 2763 posteaquam
750 2693 1049 2758 consensit,
1082 2710 1114 2748 a
1152 2693 1406 2763 praedicto
1456 2694 1775 2750 venerabilis
1819 2708 1937 2749 me-

345 2782 533 2835 moria:
559 2782 835 2852 Stephano
862 2782 1114 2840 Ecclesia:
1147 2784 1403 2840 Romanze
1448 2786 1677 2842 diacono
1706 2794 1761 2841 et
1807 2801 1938 2856 apo-

344 2873 594 2929 crisiario
617 2885 936 2944 conventus,
961 2893 1059 2932 cur
1085 2876 1250 2947 priori
1277 2878 1559 2933 sententiae
1587 2866 1698 2932 stuc
1724 2886 1939 2932 contra-

343 2962 461 3019 rius
513 2964 868 3033 acquievisset
918 2967 1001 3021 bis
1049 2982 1166 3036 qua:
1203 2977 1330 3023 ante
1380 2968 1722 3039 culpaverat,
1773 2976 1829 3023 et
1873 2968 1940 3024 de

343 3055 544 3124 quibus
566 3070 625 3110 se
650 3056 781 3110 nihil
819 3066 1061 3113 acturum
1095 3060 1211 3115 sine
1243 3060 1539 3131 apostolica
1569 3061 1697 3117 sede
1740 3062 1941 3132 promi-

343 3155 523 3211 serat;
554 3147 652 3202 sub
683 3163 746 3203 ea
772 3164 830 3204 se
860 3150 1168 3206 conditione
1214 3154 1460 3218 cessisse,
1494 3162 1548 3207 et
1562 3151 1798 3221 iuratum
1830 3153 1934 3208 sibi

2027 611 2131 666 que
2158 611 2407 665 corpore,
2453 610 2699 662 magnum
2731 593 2858 647 illud
2890 591 3007 647 ﬁdei
3049 594 3386 663 percepimus
3416 604 3470 646 et
3497 609 3602 648 ser-

2029 703 2155 741 vare
2185 686 2568 755 spopondimus
2598 692 2987 737 sacramentum
3021 701 3032 734 :
3066 692 3120 737 et
3164 698 3268 736 non
3310 681 3423 736 sola
3458 698 3610 747 voco,

2028 794 2213 833 verum
2273 778 2435 832 etiam
2490 777 2653 830 totius
2709 775 2891 828 habitu
2957 773 3222 844 corporis,
3297 772 3615 842 prolitemm‘

2028 868 2239 923 exuisse
2267 882 2364 921 nos
2403 866 2670 919 hominem
2700 874 2938 919 veterem
2966 880 3087 919 cum
3113 864 3326 920 actibus
3352 865 3481 919 suis.
3505 862 3621 919 Cur

2027 960 2208 1027 itaque
2240 974 2379 1012 nunc
2404 968 2579 1011 actum
2611 958 2693 1010 cui
2725 958 3174 1021 renuntiavimus,
3213 957 3411 1011 veteris
3441 956 3610 1011 botni.

2028 1050 2110 1103 nis
2122 1058 2475 1110 resumentes,
2497 1048 2675 1102 nescio
2692 1048 2816 1117 quid
2839 1047 3323 1101 extraordinarium
3345 1047 3399 1101 in
3423 1055 3612 1114 operto

2030 1139 2095 1193 de
2143 1140 2255 1208 ipsa
2309 1138 2410 1193 lide
2464 1138 2802 1209 paciscimur,
2859 1136 3105 1192 Ecclesia
3148 1137 3448 1206 ignorante,
3496 1152 3613 1205 qua:

2031 1230 2183 1284 testis
2228 1229 2343 1297 fuit,
2392 1230 2605 1298 quando
2635 1245 2733 1286 nos
2769 1230 2911 1283 illam
2942 1229 3259 1299 simpliciter
3306 1238 3614 1284 servaturos

2031 1321 2207 1391 palam
2236 1330 2290 1376 et
2318 1320 2444 1374 nudi
2482 1320 2813 1389 iuravimus?
2847 1320 2977 1386 Quis
3020 1335 3186 1390 porro
3235 1319 3613 1375 auctoritatem

2033 1424 2377 1468 contemnere
2400 1413 2569 1482 possit
2598 1413 2857 1467 istorum?
2879 1412 2998 1480 quis
3017 1412 3225 1465 dubitet
3252 1411 3441 1465 talium
3463 1409 3615 1477 sequi

2031 1503 2373 1566 sententiam,
2405 1502 2592 1557 videns
2610 1504 2862 1571 quoniam
2887 1503 3053 1558 libere
3074 1502 3141 1556 ab
3169 1502 3249 1557 eis
3274 1509 3330 1555 et
3352 1500 3617 1570 intrepide

2032 1597 2227 1651 veritas
2252 1594 2571 1666 praedicatur
2598 1597 2609 1626 '
2635 1595 2657 1649 ?
2688 1595 2865 1650 Zoilus
2889 1609 3103 1664 quoque
3130 1593 3502 1648 Alexandrinae
3527 1608 3618 1646 ur—

2031 1685 2113 1740 bis
2141 1686 2386 1753 antistes,
2416 1700 2537 1740 cum
2561 1685 2859 1740 Romanum
2882 1685 3192 1755 episcopum
3218 1684 3401 1739 venire
3426 1696 3619 1752 cogno‘

2030 1786 2226 1844 sceret,
2251 1778 2463 1833 obviam
2492 1778 2568 1832 illi
2596 1778 2664 1832 ad
2690 1776 2926 1833 Siciliam
2954 1777 3119 1843 misit,
3149 1790 3487 1844 conquerens
3532 1789 3620 1828 ne-

2032 1869 2282 1925 cessitate
2326 1883 2386 1923 se
2426 1868 2495 1922 ad
2537 1868 2704 1939 ipsius
2754 1869 2956 1924 decreti
3001 1865 3411 1921 altirmationem
3459 1864 3621 1920 fuisse

2034 1961 2369 2031 compulsum
2398 1978 2411 2014 :
2447 1961 2590 2030 quod
2622 1961 2711 2016 hic
2739 1961 2809 2026 ei,
2837 1969 3122 2032 postquam
3155 1960 3321 2028 venit,
3350 1960 3489 2015 idem
3519 1958 3621 2013 Ro-

2033 2070 2223 2110 manus
2251 2053 2536 2125 episcopus
2562 2054 2619 2108 in
2658 2054 2794 2109 facie
2818 2053 3017 2125 palam,
3045 2053 3198 2109 nobis
3224 2065 3439 2120 quoque
3484 2053 3621 2105 inter

2034 2149 2169 2204 alios
2191 2150 2566 2218 praesentibus,
2588 2147 2951 2219 exprobravit.
2974 2146 3200 2202 Necnon
3222 2154 3275 2201 et
3290 2143 3623 2214 Ephrmmius

2035 2237 2588 2303 Antiochenus,.cum
2626 2238 2860 2307 primum
2897 2237 2947 2291 ei
2995 2236 3355 2301 mandaretur,
3411 2243 3470 2289 ut
3517 2234 3624 2289 hoc

2035 2328 2198 2383 etiam
2227 2327 2343 2397 ipse
2386 2327 2737 2382 rescribendo
2777 2325 3032 2391 ﬁrmaret,
3082 2325 3384 2381 consentire
3427 2322 3620 2378 noluit.

2036 2422 2107 2476 At
2132 2428 2419 2492 postquam
2450 2420 2499 2475 ei
2536 2419 2908 2475 denuntiatum
2937 2428 3023 2473 est
3063 2417 3205 2487 quod
3261 2413 3625 2472 excludendul

2036 2523 2198 2579 esset,
2229 2515 2333 2568 nisi
2362 2513 2583 2578 faceret,
2611 2512 2693 2567 sui
2723 2512 2901 2582 potius
2930 2511 3151 2565 honoris
3175 2524 3336 2578 quam
3367 2507 3624 2569 veritatis,

2038 2607 2266 2663 dilector
2293 2606 2541 2662 inventus
2567 2613 2668 2661 est.
2703 2604 2840 2671 Quid
2880 2604 3040 2658 etiam
3083 2601 3274 2657 Petrus
3319 2599 3628 2669 Hierosoly-

2037 2697 2307 2754 mitanus?
2338 2711 2519 2752 nonne
2547 2695 2760 2766 publica
2793 2694 2981 2750 notitia
3011 2692 3175 2748 refert
3202 2692 3456 2761 quoniam
3501 2705 3632 2745 eon-

2038 2795 2290 2851 veniente
2344 2791 2414 2847 ad
2460 2807 2521 2847 se
2566 2789 2911 2867 multitudine
2960 2788 3373 2850 monachorum,
3424 2786 3630 2854 iuratus

2039 2882 2428 2957 pronuntiavit,
2482 2882 2627 2951 quod
2665 2882 2710 2937 si
2755 2882 2877 2950 quis
2931 2880 3105 2935 eidem
3152 2879 3375 2934 decreto
3426 2876 3631 2931 novitio

2040 2974 2387 3039 consentiret,
2411 2980 2599 3028 contra
2621 2970 3060 3028 Cbalcedonense
3088 2970 3373 3025 concilium
3397 2966 3634 3023 faceret?

2045 3080 2145 3122 nec
2174 3074 2352 3121 tamen
2382 3078 2440 3118 se
2460 3063 2528 3118 ab
2549 3061 2665 3131 eius
2687 3061 3043 3117 consensione
3070 3060 3367 3130 suspendit.
3399 3056 3517 3113 Hoc
3540 3074 3634 3111 au-

2046 3165 2153 3212 tem
2173 3196 2189 3222 ,
2218 3156 2365 3211 velut
2398 3153 2841 3222 haereditarium,
2859 3154 2926 3208 de
2965 3151 3407 3223 praevaricatione
3449 3150 3634 3221 prima:

344 3232 513 3289 fuisse
542 3235 838 3305 respondit,
868 3238 1009 3307 quod
1030 3237 1447 3310 chirographum
1471 3258 1627 3296 suum
1654 3242 1939 3313 reciperet,
1973 3234 2016 3294 C
2047 3248 2187 3303 illius
2230 3247 2469 3303 mulieris
2516 3246 2893 3315 cognoscimus
2939 3260 3061 3300 esse
3105 3251 3466 3306 contractum,
3515 3258 3634 3312 qum

344 3325 395 3379 si
427 3322 541 3381 hate
569 3326 843 3383 Romanus
873 3331 1158 3400 episcopus
1179 3349 1287 3388 non
1310 3335 1579 3404 probaret.
1605 3334 1661 3389 ln
1679 3351 1785 3406 quo
1814 3336 1945 3391 satis

351 3419 597 3472 ostendit
641 3419 708 3474 de
748 3420 953 3489 judicio
1002 3438 1061 3478 se
1093 3426 1271 3493 potius
1311 3427 1548 3483 humano
1574 3444 1733 3497 quam
1765 3428 1944 3484 divino

347 3524 475 3563 esse
504 3510 814 3566 sollicitum.
843 3512 947 3568 Sed
976 3515 1235 3586 nunquid,
1261 3518 1343 3572 vel
1367 3518 1409 3573 si
1433 3520 1704 3589 propriam
1726 3534 1943 3574 manum

348 3596 603 3655 Romano
647 3604 902 3673 episcopo
947 3622 1056 3660 non
1101 3608 1369 3677 probante
1415 3610 1662 3679 recipiat,
1706 3611 1946 3681 nihilque

351 3688 595 3759 illiquod
627 3695 817 3748 metuit
861 3694 927 3750 de
969 3696 1172 3765 judicio
1218 3699 1454 3754 humano
1498 3703 1794 3769 contingat,
1826 3702 1946 3756 ideo

350 3783 682 3837 sententiam
720 3783 811 3839 Dei
838 3786 1037 3854 jUditiS
1066 3798 1228 3866 atque
1280 3790 1467 3845 ultoris
1513 3789 1763 3859 effugiet?
1802 3792 1948 3846 Nun—

353 3885 520 3940 quam
546 3874 649 3929 hoc
670 3876 718 3929 ei
747 3877 968 3932 alterius
996 3890 1206 3934 secreta
1230 3881 1454 3949 juratio,
1486 3880 1581 3937 sed
1622 3882 1735 3937 sola
1765 3897 1948 3936 corre-

354 3965 472 4019 ctio
498 3980 593 4019 sua
622 3968 917 4036 prmstabit.
951 3968 1129 4025 Semel
1152 3970 1263 4026 Deo
1281 3974 1599 4041 iuravimus,
1633 3973 1948 4043 imperator,

353 4073 482 4112 cum
509 4058 808 4127 baptizandi
842 4061 896 4114 in
937 4070 1111 4116 morte
1138 4058 1230 4116 ﬁlii
1280 4063 1399 4131 eius
1437 4063 1823 4134 spopondimus
1851 4078 1950 4117 nos

352 4146 482 4201 tidei
512 4162 614 4216 qua
648 4149 835 4203 salvati
864 4165 1069 4216 sumus,
1097 4153 1366 4209 custodire
1388 4154 1711 4223 depositum.
1744 4153 1951 4209 Λόγοι-ο

352 4255 451 4295 sus
483 4239 623 4293 hanc
654 4240 817 4309 igitur
847 4242 977 4296 dare
1018 4243 1101 4298 vel
1146 4244 1391 4314 accipere
1415 4245 1799 4313 iuramentnm,
1832 4260 1950 4298 ma-

352 4346 521 4401 gnum
550 4331 769 4401 periurii
795 4335 1000 4389 crimen
1023 4344 1126 4390 est.
1154 4335 1286 4388 Nam
1314 4336 1358 4388 si
1390 4336 1547 4389 nimis
1569 4336 1806 4391 terribile
1836 4352 1952 4390 cre-

353 4423 505 4475 ditur
529 4438 648 4478 cum
674 4424 745 4477 ita
774 4440 955 4479 secum
980 4427 1227 4481 homines
1255 4423 1434 4482 fmdus
1481 4428 1667 4483 ineunt
1698 4430 1749 4482 in
1782 4427 1953 4497 jusju-

354 4515 606 4580 randum,
637 4525 698 4571 ut
751 4520 961 4587 aliquos
998 4520 1138 4575 inter
1180 4531 1336 4591 pacta
1390 4523 1653 4592 baptizari
1698 4521 1947 4579 faciant:

2045 3339 2194 3408 prius
2220 3337 2561 3393 interdictum
2604 3336 2707 3391 sibi
2737 3333 2899 3391 fuisse
2926 3334 3222 3405 respondit,
3267 3350 3335 3388 ne
3381 3332 3447 3387 de
3494 3333 3637 3401 ligno

2044 3429 2190 3498 quod
2223 3437 2340 3485 erat
2368 3429 2423 3483 in
2461 3428 2640 3483 medio
2676 3425 2909 3497 paradisi
2962 3424 3303 3489 comederet,
3359 3432 3415 3478 et
3452 3432 3638 3493 postea

2045 3521 2193 3590 quod
2222 3522 2335 3592 ipsa
2364 3520 2608 3576 illicitum
2638 3518 3079 3589 pronuntiaverat
3108 3516 3403 3585 usurpavit,
3434 3529 3494 3571 ac
3524 3515 3638 3570 viro

2047 3621 2105 3666 ut
2132 3611 2439 3667 comederet
2480 3609 2765 3680 persuasit.
2806 3607 2875 3663 Et
2919 3608 3043 3677 quid
3092 3606 3333 3662 dicemus
3384 3605 3451 3659 ad
3493 3605 3639 3658 haec?

2047 3704 2149 3758 nisi
2180 3702 2323 3772 quod
2367 3701 2481 3771 ipse
2520 3700 2777 3754 Dominus
2820 3699 2953 3753 dixit
2986 3717 2998 3751 :
3038 3696 3401 3752 Verumtamen
3437 3696 3643 3750 veniens

2047 3794 2217 3848 Filius
2247 3793 2495 3853 hominis,
2524 3801 2675 3861 putas
2722 3792 2941 3844 inveniet
2985 3790 3143 3859 ﬁdem
3185 3790 3241 3843 in
3292 3798 3430 3842 terra
3472 3785 3637 3859 (Luc.

2051 3902 2198 3949 xvm,
2229 3883 2331 3954 8)?
2379 3883 2497 3938 Jam
2550 3897 2680 3938 vero
2710 3882 2777 3936 de
2802 3882 3028 3936 aliarum
3063 3881 3341 3937 civitatum
3378 3879 3643 3949 episcopis

2052 3976 2183 4047 quid
2213 3975 2518 4045 loquamur,
2547 3974 2638 4042 qui
2669 3981 2725 4028 et
2752 3987 2873 4028 cum
2901 3972 3138 4027 scribere
3167 3971 3638 4041 compellerentur,

2052 4069 2225 4138 palam
2251 4068 2680 4120 reclamaverunt
2706 4074 2894 4119 contra
2924 4077 3173 4132 magnam
3202 4061 3464 4133 synodum
3489 4059 3639 4114 fieri:

2052 4168 2109 4217 et
2136 4167 2260 4230 post
2287 4158 2759 4228 subscriptionem,
2784 4163 3083 4212 memorato
3102 4153 3377 4224 Stephano
3401 4152 3645 4208 Ruinano

2053 4252 2282 4307 diacono
2321 4250 2534 4305 libellos
2571 4249 2852 4313 dederunt,
2886 4246 3001 4302 sedi
3030 4246 3343 4315 apostolica:
3374 4244 3647 4298 transmit-

2052 4344 2264 4408 tendos,
2293 4340 2613 4396 conﬁtentes
2636 4341 2690 4395 in
2718 4341 2798 4396 eis
2821 4339 2965 4409 quod
2991 4356 3022 4393 a
3048 4337 3647 4406 Constantinopolitano

2055 4436 2311 4505 episcopo
2334 4433 2507 4489 coacti
2536 4432 2961 4495 subscriberent;
2994 4430 3084 4498 qui
3111 4430 3158 4484 si
3188 4444 3217 4482 a
3243 4436 3418 4482 vestra
3447 4427 3648 4496 pietate

2056 4534 2383 4596 quaerantur,
2429 4531 2687 4594 poterunt
2718 4531 2773 4576 et
2815 4521 2956 4590 apud
2990 4535 3083 4574 vos
3111 4518 3309 4573 nostris
3338 4516 3649 4572 assertionic

354 4607 486 4677 quid
513 4606 579 4661 de
606 4608 698 4663 illo
719 4610 1027 4678 iuramento
1055 4613 1379 4669 credendum
1410 4622 1492 4667 est
1528 4614 1580 4669 in
1608 4629 1716 4683 quo
1763 4629 1950 4671 sumus
1981 4596 2030 4656 ι)
2058 4618 2156 4673 bus
2186 4615 2452 4671 attestari.
2485 4611 2637 4669 Unde
2662 4627 2769 4666 non
2798 4609 2972 4665 solum
3002 4608 3104 4679 ipsi
3124 4608 3216 4678 qui
3246 4608 3361 4662 haec
3384 4608 3646 4673 fecerunt,

354 4713 482 4752 cum
516 4698 625 4754 Deo
666 4700 897 4772 depacti,
936 4710 991 4758 et
1036 4720 1134 4758 nos
1185 4706 1275 4774 qui
1320 4705 1616 4774 iuravimus
1660 4707 1952 4776 baptizati?

354 4785 464 4843 Sed
496 4797 551 4845 et
573 4791 741 4861 ipsam
771 4793 904 4847 tanti
934 4794 1172 4865 mysterii
1212 4810 1393 4864 quaeso
1437 4796 1746 4852 consideres
1784 4797 1954 4853 actio-

354 4898 522 4937 nem:
554 4886 1001 4953 quemadmodum
1026 4887 1241 4943 lavacro
1281 4889 1705 4956 regenerationis
1732 4890 1956 4945 abluenc

355 4973 433 5037 di,
470 4975 522 5028 in
544 4985 836 5046 conspectu
858 4977 949 5042 Dei
976 4986 1030 5032 et
1054 4987 1365 5033 sanctorum
1391 4979 1701 5047 angelorum
1731 4989 1952 5048 stemus,

356 5067 574 5121 occulta
624 5067 903 5123 dedecoris
947 5068 1185 5124 Ecclesia
1240 5076 1380 5124 teste
1427 5070 1763 5123 datnnanti-s.
1814 5070 1955 5125 Nihil

439 5301 465 5328 ι
498 5290 579 5343 Ad
609 5292 749 5345 butie
779 5290 957 5344 locum
988 5297 1196 5358 spectat
1225 5288 1367 5358 quod
1396 5288 1470 5340 ait
1500 5288 1550 5339 in
1591 5286 1729 5340 libro
1756 5296 1945 5341 contra

360 5362 667 5419 Matianum
696 5379 709 5414 :
759 5357 1177 5415 Comntentorare
1222 5357 1356 5430 quod
1381 5357 1507 5412 «tibi
1552 5359 1816 5430 fecimus,_
1833 5374 1953 5430 quo-

361 5434 521 5487 modo
570 5433 673 5484 sive
715 5430 937 5485 Henna;
977 5426 1596 5497 Consumtiuopolitanus,
1643 5429 1747 5480 sive
1772 5426 1952 5497 Zoilus

359 5502 787 5564 Alexandrinus,
830 5504 933 5555 sire
972 5496 1323 5553 Antiochenus
1360 5497 1718 5567 Epiri-rentius,
1752 5508 1801 5549 et
1846 5496 1951 5549 Pe-

358 5584 479 5629 trus
512 5572 1015 5641 Hierosolymitanus
1034 5610 1049 5634 ,
1085 5580 1358 5640 antequam
1388 5570 1463 5641 vel
1503 5570 1851 5641 consentirent
1881 5567 1956 5641 uel

359 5645 630 5708 cederent,
660 5637 833 5695 testati
880 5650 997 5694 sunt
1048 5641 1162 5709 ﬁeri
1207 5637 1308 5692 non
1353 5640 1552 5692 debere.
1600 5637 1674 5711 De
1710 5639 1789 5691 bis
1814 5638 1955 5691 enim

2056 4709 2152 4764 sed
2174 4716 2227 4763 et
2258 4708 2330 4762 illi
2361 4708 2522 4762 etiam
2568 4705 2660 4774 qui
2692 4702 3019 4759 facientibus
3037 4701 3484 4757 connnunieando
3513 4716 3649 4756 con-

2059 4800 2318 4866 sentiunt,
2340 4800 2407 4853 de
2436 4796 2732 4867 ignorantia
2760 4794 3082 4863 semetipsos
3108 4806 3370 4847 excusare
3395 4808 3499 4848 non
3530 4807 3651 4862 pus-

2060 4898 2205 4955 sunt,
2234 4898 2290 4945 et
2316 4888 2511 4943 frustra
2540 4886 2894 4949 dissimulant,
2926 4886 3121 4940 frustra
3150 4898 3210 4937 se
3230 4883 3417 4937 dicunt
3441 4883 3651 4937 nescire

2061 4983 2204 5051 quod
2235 4983 2430 5036 factum
2480 4989 2587 5048 est,
2633 4982 2747 5034 sive
2788 4980 2934 5034 lucra
2979 4976 3295 5048 temporalia
3343 4976 3650 5045 diligentes,

2059 5074 2173 5126 sive
2210 5072 2374 5140 gratis
2412 5086 2536 5125 suas
2575 5072 2782 5126 animas
2828 5070 3178 5140 negligentes.
3220 5066 3315 5121 Cui
3355 5068 3500 5122 enim
3542 5081 3651 5120 non

2052 5296 2285 5356 quatuor
2334 5286 2524 5342 ordine
2573 5286 2769 5349 docet,
2809 5301 2874 5340 ac
2925 5300 3045 5338 mox
3080 5284 3266 5356 etiam
3311 5284 3379 5356 de
3436 5282 3645 5356 caeteris

2055 5352 2321 5425 épiscOpis
2363 5375 2375 5409 :
2410 5373 2532 5410 nam
2565 5371 2752 5411 omnes
2775 5358 2840 5409 ad
2880 5356 3037 5409 trium
3065 5352 3651 5427 Capittmtudamnatio-

2060 5422 2178 5481 nem
2211 5422 2572 5497 compellebat
2614 5427 2924 5494 imperator,
2970 5442 3089 5477 cum
3119 5422 3653 5497 muneribusditaret

2059 5491 2440 5561 assentientes,
2493 5491 2822 5550 reluctantes
2860 5503 3238 5548 exauctoraret
3272 5499 3362 5544 aut
3391 5491 3653 5558 plceteret

2062 5568 2272 5632 exsilio,
2308 5579 2367 5623 ut
2393 5560 2473 5622 est
2506 5567 2644 5635 apud
2670 5564 2972 5619 Liberatum
3014 5565 3066 5617 in
3090 5572 3330 5617 extremo
3360 5560 3649 5615 breviario.

444 5894 459 5923 ‘
501 5887 641 5946 Gud.
680 5887 895 5953 Verum,
942 5888 1251 5959 pradicatur
1282 5905 1310 5940 ιι
1336 5890 1519 5960 quibus
1563 5884 1655 5943 sub
1695 5883 1823 5943 ﬁdei
1856 5881 2124 5935 commisso
2150 5876 2211 5927 de
2238 5876 2376 5943 [idet
2400 5888 2556 5931 causa
2589 5871 2914 5929 decernitur?
