3974 6330
349 454 446 507 (ΞὲΞἹ

1432 454 1720 510 ΡᾺΕυΝυΙ
1766 457 1975 512 EPISC.
2024 458 2521 515 lLEmiiA‘NENSiS

3532 440 3634 496 628

349 567 576 622 sul‘liciat
602 568 667 623 ad
692 580 1124 637 cognoscendum
1156 584 1329 623 causan
1359 573 1626 637 meritum,
1657 573 1771 626 sola
1810 590 1939 627 cun-
1969 579 2201 645 Aquam
2251 587 2393 632 tenet
2442 575 2752 631 defensione
2798 575 3110 629 certantes?
3156 569 3311 627 Enim
3359 586 3486 626 vero
3525 571 3628 628 dici

350 658 513 713 fessio
546 668 1114 727 transgressurum,-et
1143 662 1319 715 verbis
1367 662 1579 730 publice
1608 663 1746 717 facta
1776 673 1831 718 et
1879 665 1942 718 li-

352 752 505 806 bellis
527 753 807 820 exposita?
836 752 1147 807 Manifestus
1172 754 1370 807 habent
1392 769 1605 808 errores
1630 770 1817 810 eorum
1848 757 1941 827 qui

349 843 728 897 verisimilibus
755 844 1104 911 argumentis,
1136 844 1287 913 quasi
1315 852 1627 899 constanter
1651 858 1742 898 sua
1766 854 1940 900 errata

347 934 679 1001 defendunt;
702 945 755 989 et
782 936 882 990 iste
908 936 1010 990 illis
1039 936 1338 1005 incognitus
1365 952 1484 993 esse
1523 945 1721 1008 potest,
1751 947 1941 993 aucto-

349 1042 469 1081 rum
513 1042 735 1082 suorum
782 1028 1123 1083 confessione
1170 1030 1494 1085 damnatus?
1541 1029 1635 1086 [iis
1690 1033 1940 1087 omnibus

350 1117 563 1172 accedit
610 1127 666 1172 et
691 1118 956 1174 confessio
1004 1119 1291 1173 Domitiani
1340 1119 1561 1183 Galatae,
1618 1122 1943 1193 Ancyrcnsis

353 1213 480 1266 olim
513 1213 775 1284 episcopi,
825 1227 985 1282 quem
1036 1214 1337 1269 confessum
1367 1215 1599 1271 diximus
1637 1218 1778 1284 quod
1827 1215 1942 1285 ejus

352 1307 645 1376 complices
692 1304 994 1375 Origeniani
1044 1307 1111 1361 ad
1173 1306 1431 1362 Ecclesiae
1478 1308 1940 1363 conturbationem

355 1397 452 1450 ista
484 1397 651 1451 moliti
692 1405 835 1451 sunt.
870 1396 1001 1451 Nam
1048 1398 1100 1451 in
1149 1397 1330 1452 libello
1377 1413 1534 1467 quem
1584 1398 1650 1452 ad
1693 1398 1941 1465 Vigilium

352 1485 589 1554 scripsit,
611 1500 949 1554 conquerens
967 1485 1032 1541 de
1053 1486 1138 1542 his
1152 1486 1241 1555 qni
1263 1487 1704 1542 contradicebant
1728 1488 1944 1556 dogma-

356 1575 499 1630 tibus
517 1573 778 1644 Origenis,
811 1579 1099 1633 asserentis
1128 1578 1334 1633 animas
1363 1579 1623 1634 humanas
1657 1591 1781 1635 ante
1824 1594 1943 1634 cor-

357 1681 489 1738 pora
529 1669 580 1722 in
610 1668 840 1737 quadam
871 1670 1030 1725 beata
1078 1671 1185 1725 vita
1212 1672 1615 1741 prmexstitisse,
1659 1682 1714 1727 et
1754 1688 1943 1729 omnes

350 1774 476 1829 qua:
498 1758 597 1813 fue.
616 1760 693 1813 int
724 1769 929 1816 arterno
957 1762 1219 1831 supplicio
1241 1763 1549 1829 destinate,
1584 1766 1634 1819 in
1665 1767 1941 1836 pristinam

358 1852 741 1905 beatitudinem
793 1868 912 1906 cum
943 1854 1156 1908 diabolo
1198 1863 1252 1910 et
1298 1856 1498 1924 angelis
1547 1854 1662 1925 ejus
1702 1858 1938 1926 restitui;

2044 667 2267 722 forsitan
2298 677 2365 723 ab
2399 670 2507 723 alio
2537 674 2751 737 posset,
2790 665 2933 735 quod
2961 665 3183 735 spiritus
3209 662 3425 733 quidem
3448 679 3629 733 prom-

2043 769 2197 830 ptus,
2243 776 2369 816 caro
2415 770 2594 815 autem
2639 760 2877 820 infirma,
2926 757 3015 809 diu
3056 755 3324 810 cruciatus
3353 754 3494 809 ferre
3525 771 3629 809 non

2044 852 2218 921 potuit
2254 869 2265 903 :
2310 859 2368 905 ut
2414 865 2585 921 prona
2629 850 2698 903 sit
2740 847 3123 917 indulgentiam
3164 845 3630 900 succumbentibus

2048 943 2287 997 tribuere
2313 941 2725 1011 uniuscujusque
2755 938 3083 995 conscientia
3111 936 3192 992 sui
3222 934 3496 1005 fragilitas.
3529 934 3632 990 So-

2043 1033 2121 1086 let
2149 1034 2289 1087 enim
2342 1032 2410 1087 de
2455 1032 2701 1086 humanis
2745 1030 3027 1093 cordibus,
3077 1042 3177 1098 pro
3218 1025 3506 1082 devotione
3549 1026 3631 1080 sui

2047 1125 2216 1178 ﬁdelis
2258 1124 2504 1193 exordii,
2543 1123 2587 1179 si
2633 1138 2741 1177 non
2794 1128 3102 1193 perseveret
3142 1133 3311 1188 usque
3354 1118 3409 1172 iu
3438 1118 3629 1185 tinem,

2044 1215 2256 1269 venia'm
2287 1214 2697 1285 pusillanimitas
2734 1213 3043 1283 impetrare.
3072 1209 3180 1264 Sed
3223 1210 3275 1263 in
3323 1209 3424 1263 hac
3469 1222 3631 1263 causa

2044 1304 2171 1375 quid
2204 1305 2415 1359 tandem
2446 1312 2625 1375 potest
2652 1301 3012 1358 excusationis
3040 1298 3302 1355 obtendi?
3331 1297 3633 1353 Praesertim

2045 1411 2165 1450 cum
2190 1406 2367 1451 vestra
2389 1395 2694 1458 clementia,
2723 1393 2805 1449 sui
2829 1390 3168 1461 cognomenti
3193 1404 3299 1444 non
3326 1388 3631 1454 immemor,

2044 1487 2097 1541 in
2127 1486 2254 1557 ipsis
2282 1500 2499 1557 quoque
2527 1483 3017 1540 contradicentibus
3057 1480 3160 1536 sibi
3197 1476 3464 1534 haereticis
3503 1476 3631 1533 nihil

2044 1579 2215 1646 egerit
2244 1577 2611 1632 inclementer.
2661 1574 2718 1629 Si
2769 1572 2895 1643 quid
2923 1572 3087 1640 igitur
3132 1569 3200 1624 ob
3231 1568 3368 1622 hanc
3415 1580 3633 1623 causam

2044 1670 2235 1739 aliquis
2262 1668 2576 1738 pertulerit,
2608 1664 2818 1721 illorum
2868 1662 3037 1731 magis
3070 1669 3150 1715 est
3192 1658 3471 1714 invidiosis
3505 1672 3633 1728 sug-

2044 1762 2372 1833 gestionibus
2411 1758 2811 1830 imputandum,
2838 1755 2929 1825 qui
2970 1753 3367 1809 dissimulantes
3395 1748 3461 1804 ab
3484 1750 3638 1818 aliis,

2046 1870 2209 1910 unum
2262 1854 2364 1910 sibi
2414 1853 2589 1909 solum
2635 1848 3007 1906 contradicere
3035 1846 3418 1915 querebantur.
3472 1841 3632 1909 Quasi

358 1941 487 1995 dicit
512 1943 671 1995 etiam
704 1943 816 1997 lucc
845 1961 858 1998 :
888 1964 905 1995 ι
944 1944 1305 1999 Prosiluerunt
1333 1946 1398 2000 ad
1417 1949 1944 2004 anathematizandos
1975 1954 2021 2013 Β
2048 1962 2178 2002 vero
2224 1960 2333 2001 non
2372 1944 2584 2009 statim,
2622 1950 2679 1996 ut
2717 1939 2994 1996 meditatio
3034 1937 3156 1991 facti
3190 1934 3346 2003 hujus
3374 1932 3633 1997 innotuit,

358 2033 729 2089 sanctissimos
774 2043 829 2088 et
858 2035 1275 2102 gloriosissimos
1313 2037 1596 2106 doctores,
1645 2038 1742 2092 sub
1786 2055 1943 2094 occa-

358 2123 511 2177 sione
550 2136 736 2179 eorum
778 2138 898 2193 qua:
934 2125 1003 2180 de
1047 2127 1441 2195 praeexisteutia
1496 2136 1551 2182 et
1608 2130 1946 2185 restitutione

358 2222 506 2267 mota
554 2223 697 2279 sunt,
727 2214 1056 2285 dogmatum,
1088 2217 1188 2271 sub
1222 2218 1404 2288 specie
1428 2218 1641 2287 quidem
1680 2218 1941 2291 Origenis,

361 2320 549 2360 otnues
598 2313 775 2360 autem
814 2307 904 2375 qui
957 2316 1083 2362 ante
1123 2324 1245 2363 eum
1289 2319 1345 2364 et
1398 2320 1521 2379 post
1572 2326 1692 2365 eum
1733 2311 1947 2368 fuerunt

359 2407 573 2451 sanctos
601 2398 1136 2453 anathematizantes.
1174 2394 1237 2453 iii
1272 2414 1398 2455 vero
1426 2403 1515 2468 qui
1556 2412 1947 2471 proposuerant

360 2489 664 2555 hujusmodi
688 2490 882 2557 dogma
916 2489 1227 2556 defendere,
1258 2490 1309 2543 id
1359 2490 1581 2560 implere
1612 2492 1756 2546 nullo
1786 2492 1945 2548 modo

360 2581 644 2633 voluerunt
676 2597 689 2632 :
722 2580 814 2633 sed
847 2581 1004 2633 talem
1054 2581 1416 2649 relinquentes
1444 2581 1785 2650 conﬂictum,
1824 2598 1948 2637 con-

360 2674 497 2725 versi
527 2680 655 2725 sunt
684 2680 742 2724 ut
770 2681 1049 2726 moverent
1076 2670 1335 2727 adversus
1360 2671 1701 2728 Theodorum
1732 2675 1818 2743 qui
1851 2672 1949 2728 fuit

360 2762 769 2833 Mopsuestenus
815 2762 1130 2833 episcopus,
1192 2771 1247 2817 et
1292 2764 1469 2818 moliri
1506 2773 1783 2832 eruperunt
1816 2779 1947 2833 qua-

364 2862 521 2907 tenue
551 2853 1099 2907 anathematizaretur
1122 2861 1177 2908 et
1206 2854 1315 2917 ille,
1349 2853 1416 2907 ad
1463 2854 1834 2919 abolitionem,
1890 2865 1949 2909 ut

360 2943 640 3013 putabant,
670 2959 854 2997 eorum
883 2958 1004 3014 quas
1031 2953 1218 2999 contra
1248 2942 1532 3013 Origenem
1570 2954 1714 2999 mota
1744 2947 1946 3001 consti-

364 3041 578 3088 tuerant
613 3036 650 3087 ‘.
687 3054 704 3086 ι
768 3032 866 3090 Bis
912 3044 1091 3090 autem
1123 3036 1493 3102 consideratis,
1534 3037 1948 3093 clementissime

360 3126 670 3195 imperator,
702 3127 821 3197 quis
850 3142 959 3181 non
987 3127 1248 3199 intelligat
1296 3129 1573 3199 quoniam,
1609 3129 1652 3182 si
1689 3127 1948 3183 Ecclesia-

358 3233 484 3271 rum
522 3217 782 3287 primates
825 3233 1052 3287 quorum
1097 3218 1465 3274 confessiones
1509 3220 1943 3283 memoravimus,

2048 2036 2364 2093 Christiana:
2387 2034 2556 2105 plebis
2595 2031 2817 2089 oﬂeudit
2845 2030 3113 2093 auditum,
3156 2034 3215 2081 ut
3244 2042 3379 2080 unus
3409 2026 3511 2079 hoc
3543 2038 3631 2077 vo-

2047 2129 2209 2184 luisse
2243 2128 2264 2159 ³
2298 2128 2474 2182 facere
2506 2124 2794 2188 diceretur,
2827 2127 3079 2189 tanquam
3111 2130 3315 2186 magna:
3361 2124 3417 2170 et
3453 2114 3630 2183 singu-

2048 2220 2173 2276 laris
2196 2227 2337 2274 esset
2355 2217 2593 2287 justitize,
2624 2229 2729 2269 non
2753 2211 3113 2267 condemnare
3133 2214 3214 2261 tot
3235 2203 3569 2261 venerabiles
3589 2201 3630 2269 ⁸,

2048 2311 2135 2380 qui
2165 2316 2349 2363 contra
2379 2304 2816 2362 Chalcedonense
2851 2299 3135 2355 concilium
3163 2298 3265 2369 hoc
3295 2292 3408 2348 fieri
3435 2306 3632 2365 regno.

2049 2408 2265 2465 verunt,
2306 2400 2589 2469 palamque
2628 2393 2877 2449 detestati
2916 2398 3041 2445 sunt
3071 2391 3113 2443 '.
3152 2386 3252 2455 Qui
3291 2394 3472 2440 tamen
3514 2385 3631 2440 sub~

2047 2492 2374 2560 scripserunt
2400 2485 2801 2544 deiinitionibus
2836 2482 2959 2538 libri
2997 2482 3048 2535 in
3097 2495 3205 2550 quo
3252 2477 3454 2532 dictum
3502 2482 3629 2530 est:

2056 2600 2075 2633 ‹
2105 2580 2161 2636 Si
2192 2580 2308 2651 quis
2332 2578 2461 2634 dicit
2488 2577 2603 2633 haec
2630 2592 2729 2631 nos
2750 2573 2819 2629 ad
2846 2571 3139 2629 abolendos
3159 2577 3251 2623 aut
3271 2566 3632 2622 excludendos

2048 2681 2265 2730 sanctos
2306 2670 2497 2726 Patres
2526 2670 2617 2739 qui
2649 2670 2701 2723 in
2741 2663 3167 2721 Chalcedonensi
3198 2658 3348 2715 fuere
3378 2658 3633 2729 concilio,

2047 2766 2276 2831 dixisse,
2318 2765 2600 2819 anathema
2639 2763 2734 2827 sit;
2776 2780 2793 2812 ι
2840 2768 3002 2827 atque
3040 2756 3113 2811 ita
3141 2753 3460 2822 semetipsos
3505 2766 3634 2805 ana-

2049 2860 2229 2914 thema
2260 2857 2519 2920 fecerunt,
2550 2853 2643 2922 qui
2672 2852 2910 2907 dicentes
2930 2849 3185 2903 adversus
3212 2853 3427 2899 sanctos
3450 2839 3636 2896 Patres

2047 2955 2136 3025 qui
2178 2955 2231 3008 in
2273 2949 2697 3007 Chalcedonensi
2740 2946 2890 3001 fuere
2928 2940 3177 3004 concilio,
3210 2939 3323 2994 haec
3353 2951 3475 2993 esse
3498 2949 3631 2990 con-

2048 3048 2268 3115 scripta,
2301 3049 2665 3107 asseuseruut,
2696 3046 2754 3094 ut
2782 3039 2823 3093 si
2846 3036 2964 3107 quis
2993 3035 3097 3089 hoc
3124 3030 3275 3095 dicit,
3302 3025 3396 3081 fiat
3414 3025 3635 3080 anathe-

2048 3152 2155 3191 ma.
2199 3135 2352 3203 Quod
2380 3135 2423 3189 si
2458 3135 2563 3188 hoc
2608 3132 2768 3186 etiam
2812 3144 2918 3181 non
2961 3125 3180 3190 fuisset,
3212 3115 3453 3189 nunquid
3496 3117 3633 3172 inter

2047 3241 2281 3284 canones
2311 3233 2472 3294 atque
2500 3231 2699 3278 statuta
2723 3219 2915 3289 quibus
2947 3216 3012 3271 de
3033 3214 3194 3269 rebus
3226 3208 3420 3266 divinis
3449 3208 3636 3263 decer-

363 3324 461 3381 pro
482 3311 708 3365 veritate
736 3320 1061 3373 constarent,
1099 3310 1256 3367 facile
1283 3311 1351 3367 de
1381 3312 1534 3366 vobis
1564 3322 1786 3382 possent
1813 3312 1947 3365 obti-
1976 3341 2018 3399 Ο
2051 3322 2215 3385 nitur,
2254 3316 2441 3370 haberi
2471 3314 2648 3377 debet,
2682 3320 2741 3365 ut
2784 3310 2829 3364 si
2860 3306 2979 3377 quis
3009 3304 3077 3359 de
3106 3300 3495 3399 con-scriptore,
3515 3295 3637 3399 qui:

364 3414 494 3456 nere
521 3415 591 3455 ne
610 3400 776 3466 fieret,
810 3401 955 3472 quod
984 3401 1176 3457 frustra
1207 3418 1288 3469 se,
1316 3418 1423 3456 nou
1451 3403 1728 3457 voluntate
1758 3404 1948 3458 fecisse

363 3499 666 3545 catisantur.
699 3492 861 3559 Quasi
904 3508 1033 3548 vero
1064 3503 1287 3563 propter
1328 3495 1432 3549 hoc
1488 3503 1691 3548 tantum
1720 3493 1949 3549 ordinati

364 3598 546 3637 sumus
571 3585 830 3653 episcopi,
864 3593 923 3638 ut
950 3585 1185 3640 ditemur
1211 3586 1511 3656 principum
1541 3586 1714 3650 donis,
1745 3596 1800 3640 et
1827 3600 1947 3641 cum

365 3676 440 3729 eis
463 3676 603 3730 inter
624 3678 914 3732 maximas’
938 3686 1233 3749 potestates
1259 3679 1663 3741 consedeamus,
1696 3688 1948 3749 tanquam

364 3765 529 3821 divini
559 3768 846 3823 sacerdotii
876 3770 1164 3839 privilegiis
1195 3770 1307 3824 fulti
1336 3788 1347 3822 :
1384 3771 1555 3825 sicubi
1586 3779 1764 3824 autem
1807 3772 1953 3824 faiia-

366 3860 465 3914 ciis
506 3860 864 3929 malignorum
905 3874 1024 3930 qua:
1066 3863 1223 3916 nullis
1270 3864 1597 3931 temporibus
1647 3864 1946 3927 defuerum,

363 3950 564 4019 aliquid
593 3952 672 4004 eis
702 3951 842 4005 inter
880 3960 1054 4005 tantas
1094 3951 1402 4020 reipublicae
1433 3968 1542 4005 sua:
1574 3968 1729 4006 curas
1772 3955 1948 4007 subre-

365 4048 514 4109 ptum
570 4040 766 4104 fuerit,
822 4041 969 4109 quod
1019 4041 1271 4096 Ecclesia:
1328 4041 1421 4095 Dei
1474 4043 1806 4111 pnnjudicet,
1866 4043 1950 4097 vel

366 4128 619 4184 Ecclesia:
650 4145 835 4197 pacem
865 4131 1045 4185 turbet
1070 4148 1082 4182 :
1110 4146 1217 4185 non
1254 4132 1332 4185 eis
1362 4131 1650 4187 debeamus
1679 4148 1774 4201 pro
1816 4134 1951 4203 ipso-

365 4233 484 4273 rum
520 4219 693 4273 salute
720 4234 840 4288 qua:
864 4229 989 4275 sunt
1018 4236 1140 4275 vera
1169 4234 1473 4290 suggerere,
1530 4231 1584 4276 et
1630 4223 1676 4276 si
1732 4236 1950 4277 necesse

366 4309 545 4375 fuerit,
591 4310 868 4380 religionis
907 4314 1229 4367 auctoritate
1265 4314 1536 4378 resistere,
1576 4329 1639 4369 ac
1684 4316 1952 4384 patienter

364 4399 716 4456 otfensiouem
745 4419 959 4473 quoque
1008 4404 1240 4471 illorum,
1271 4406 1315 4459 si
1364 4406 1633 4472 acciderit,
1664 4408 1947 4461 sustinere.

366 4489 431 4545 Et
458 4494 543 4546 ubi
573 4494 679 4548 erit
707 4494 836 4550 illud
885 4495 1257 4566 propheticum
1284 4513 1295 4549 :
1322 4495 1592 4560 Loquetur
1644 4500 1694 4551 in
1732 4500 1951 4552 testimo-

365 4582 462 4636 niis
488 4584 587 4636 tuis
606 4584 657 4636 in
678 4595 950 4654 conspectu
972 4602 1171 4655 regum,
1195 4596 1244 4640 et
1266 4603 1366 4640 non
1398 4587 1750 4658 confrmdebar
1774 4589 1944 4655 (Psal.

366 4688 545 4740 cxvtu,
578 4674 708 4743 46)?
739 4677 836 4730 nisi
865 4677 1001 4732 forte
1031 4689 1274 4747 pastores
1299 4681 1515 4747 quidem
1546 4680 1610 4733 ad
1641 4682 1723 4734 lac
1752 4692 1805 4734 et
1836 4682 1943 4734 vel-
1982 4714 2025 4767 υ

367 4769 498 4831 lora,
525 4768 593 4819 ad
620 4771 937 4824 avertendus
966 4787 1095 4825 vero
1126 4773 1376 4841 luporum
1407 4774 1625 4828 insidias
1665 4783 1719 4828 et
1751 4776 1944 4829 tuenda

365 4856 523 4910 ovilia
541 4898 557 4922 ,
595 4858 920 4913 desertores.

433 4944 569 5010 Quid
611 4948 754 5001 enim
777 4948 888 5016 jam
914 4952 1054 5019 passi
1084 4951 1309 5018 fuimus,
1334 4953 1416 5006 vel
1447 4953 1571 5020 quid
1602 4955 1711 5022 pati
1743 4954 1808 5007 ab
1839 4955 1938 5007 int-

364 5043 614 5104 peratoru
661 5036 962 5093 Christiano
1014 5041 1315 5115 timuimus,
1375 5056 1473 5110 pro
1520 5042 1759 5111 ejusdem
1818 5041 1938 5097 fidei

435 5246 449 5275 ¹
490 5242 623 5300 Cod.
652 5245 845 5301 Veron.
880 5257 936 5302 et
966 5266 1063 5312 ms,
1098 5252 1454 5304 constiterant.

431 5316 452 5392 ξ
483 5313 633 5392 idem
663 5317 809 5392 cod.,
841 5321 1096 5392 moaimas
1120 5327 1192 5373 rei
1216 5338 1371 5392 supra
1400 5322 1675 5374 maximas.

432 5384 452 5456 ξ
481 5381 626 5456 idem
656 5387 804 5456 cod.,
831 5386 1073 5443 noluisse.

430 5454 451 5487 ⁸
480 5448 624 5510 Idem
647 5448 801 5522 cod.,'
822 5460 1133 5515 venerabiles
1167 5459 1371 5525 Patres,
1404 5476 1515 5513 cum
1540 5470 1586 5512 el
1612 5458 1733 5527 ipsi,
1765 5474 1940 5526 quoni-

2052 3424 2263 3479 cunque
2304 3407 2372 3461 sit
2401 3414 2492 3459 ant
2532 3405 2764 3466 dicatur,
2810 3399 2952 3454 illius
2994 3395 3116 3451 libri
3146 3392 3302 3448 aliter
3344 3385 3639 3479 crediderit

2051 3478 2209 3571 quam
2234 3499 2345 3553 vult
2374 3499 2487 3568 ipse
2514 3494 2866 3565 conscriptor,
2902 3488 3186 3543 anathema
3214 3484 3283 3538 sit
3303 3480 3448 3535 velut
3468 3478 3641 3571 haere-

2053 3569 2207 3657 t‘icus,
2241 3606 2362 3648 cum
2405 3589 2449 3644 si
2478 3587 2756 3641 videbatur
2786 3583 2858 3637 ita
2900 3578 3117 3635 decerni
3147 3590 3209 3631 ac
3238 3573 3347 3628 dici
3369 3569 3643 3638 debuerit,

2056 3694 2111 3738 ut
2140 3683 2423 3737 anathema
2455 3679 2632 3739 fieret,
2667 3676 2708 3729 si
2738 3675 2856 3744 quis
2886 3672 2953 3726 ad
2983 3666 3280 3724 abolendos
3331 3672 3425 3716 aut
3454 3661 3644 3716 exciu-

2053 3774 2256 3829 dendos
2300 3778 2515 3825 sanctos
2562 3765 2745 3820 Patres
2788 3764 2878 3833 qui
2924 3763 2976 3816 in
3023 3754 3448 3815 Chalcedoneusi
3487 3754 3646 3809 fuere

2053 3863 2303 3928 concilio,
2325 3860 2402 3915 eis
2430 3871 2547 3927 qua:
2568 3856 2620 3909 in
2650 3860 2949 3909 memorato
2978 3851 3113 3905 libro
3144 3848 3285 3902 dicta
3313 3853 3438 3899 sunt
3463 3855 3647 3898 utere-

2054 3968 2158 4011 tur.
2191 3954 2342 4008 Nunc
2385 3960 2590 4014 autem,
2639 3962 2705 4001 ne
2745 3945 2866 4015 quis
2898 3942 3091 3996 talibus
3138 3938 3295 3994 dictis
3322 3936 3643 4001 resisteret,

2056 4049 2303 4104 omnibus
2332 4043 2666 4099 interdicitur
2691 4039 2842 4109 queri
2870 4056 2882 4090 :
2912 4036 2984 4091 uti
3015 4049 3145 4089 vero
3174 4032 3254 4087 eis
3281 4030 3348 4086 ad
3371 4029 3645 4085 exclusio-

2055 4157 2175 4195 nem
2202 4144 2398 4193 sancta:
2426 4133 2636 4206 synodi,
2667 4132 2797 4187 nulli
2828 4136 3070 4198 negatur.
3102 4125 3302 4180 Verum
3325 4122 3474 4192 quia,
3505 4120 3647 4176 sicut

2054 4231 2502 4303 praedixeramus,
2564 4234 2672 4278 tam
2722 4223 3003 4292 epistolam
3058 4214 3379 4273 venerabilis
3429 4211 3539 4267 Iba
3594 4217 3648 4266 et

2055 4323 2377 4381 Theodoreti
2407 4322 2605 4391 scripta
2637 4332 2797 4387 quam
2821 4311 3089 4369 Theodori
3126 4309 3347 4378 ejusque
3388 4305 3646 4375 dogmata

2054 4416 2107 4469 in
2150 4411 2517 4484 prmjudicium
2561 4406 2750 4479 synodi
2792 4400 3249 4458 Chalcedonensis
3295 4396 3646 4467 probavimus

2054 4517 2171 4558 esse
2197 4503 2447 4556 damnata
2482 4514 2495 4552 :
2529 4496 2657 4552 illud
2684 4496 2870 4561 etiam,
2896 4491 3038 4561 quod
3069 4486 3307 4543 secundo
3333 4485 3641 4555 partitionis

2053 4592 2175 4647 loco
2216 4591 2573 4660 promisimus,
2607 4588 2709 4641 hoc
2738 4582 3008 4639 volumine
3036 4577 3322 4634 terminato
3345 4576 3461 4646 jam
3492 4575 3644 4631 debe-

2054 4698 2175 4738 mus
2221 4682 2525 4737 ostendero.
2567 4678 2832 4745 Quoniam
2877 4675 3074 4730 frustra
3120 4680 3346 4738 negatur
3395 4667 3643 4723 eamdem

2055 4776 2334 4845 epistolam
2364 4791 2390 4825 τι
2422 4772 2627 4843 synodo
2654 4770 2815 4824 fuisse
2839 4767 3148 4838 probatam;
3170 4760 3266 4817 sed
3293 4758 3637 4831 Eutycbiani,

2054 4876 2110 4919 ut
2132 4864 2287 4919 nobis
2317 4863 2619 4925 iiludereut,
2649 4860 2751 4913 hoc
2773 4855 3105 4911 mendacium
3128 4862 3225 4922 per
3245 4862 3375 4906 suos
3399 4847 3631 4904 semine

2052 4973 2174 5013 vere
2204 4956 2458 5010 fautores.

2046 5246 2323 5298 admodum
2353 5244 2544 5297 dictum
2593 5251 2701 5306 est,
2754 5249 2813 5294 ut
2855 5241 2957 5294 aint
3003 5232 3410 5302 inexcusabilel,
3459 5241 3654 5287 contra

2051 5315 2481 5378 Chalcedonense,
2512 5321 2618 5370 etc.

2121 5392 2140 5419 ⁸
2169 5384 2313 5439 Idem
2340 5384 2484 5449 cod.,
2518 5384 2691 5440 testati
2719 5388 2860 5438 sunt.
