3974 6330
288 376 397 433 629

1189 386 1323 443 PRO
1364 387 1797 448 DEFENSIONE
1835 392 2050 449 τιιιυιιι
2094 396 2408 452 CAPITLL.
2451 397 2578 455 LIB.
2617 398 2678 455 ν.

292 525 2918 560 M

1454 640 1794 724 LIBER
1849 643 2418 753 QUINTUS.

780 829 1010 889 CAPUT
1044 835 1325 893 PRIMUM.

275 937 429 1007 Quod
471 940 744 1023 epistolaris
793 941 904 1023 lim:
933 946 1273 1023 orthodoxam
1323 969 1496 1007 revera
1531 959 1875 1023 pronuntiarit

342 1017 580 1092 aquatius
612 1012 1066 1092 Clinicedoneusis,
1099 1022 1333 1092 falsoque
1374 1012 1549 1078 dicattl
1594 1030 1878 1084 adversarii

345 1084 411 1135 ab
437 1099 499 1135 ea
525 1100 625 1137 non
667 1085 825 1154 fuisse
851 1084 1160 1160 susceptain.

343 1212 568 1270 intende
625 1233 787 1285 nunc,
822 1222 1243 1294 Auguste,quam
1290 1229 1568 1287 manifesta
1609 1242 1665 1288 et
1694 1224 1875 1292 multi-

273 1305 399 1375 plici
446 1310 657 1364 ratione
688 1311 789 1366 hoc
820 1315 981 1367 etiam
1014 1318 1436 1388 demonstretur,
1477 1326 1619 1395 quod
1647 1342 1879 1395 sequen-

270 1408 354 1453 ter
377 1413 463 1453 me
492 1399 985 1459 demonstraturum
1009 1420 1129 1461 esse
1155 1411 1397 1479 promisi,
1417 1416 1667 1482 quoniam
1700 1418 1873 1474 barre-

272 1488 503 1543 ticorum
529 1489 762 1547 fautores
781 1505 969 1563 aperto
1000 1498 1279 1555 mendacio
1301 1517 1397 1556 nos
1422 1505 1670 1574 decipere
1694 1510 1878 1566 volue-

271 1594 430 1647 runt,
466 1593 522 1637 ut
546 1583 792 1640 dicerent
823 1588 1101 1656 epistolam
1133 1593 1455 1651 venerabilis
1488 1597 1590 1651 lbte
1618 1614 1646 1652 a
1692 1603 1873 1656 conci-

268 1671 341 1729 lio
389 1675 815 1733 Chalcedonensi
861 1688 887 1717 ⁸
932 1697 1038 1735 non
1065 1683 1231 1739 fuisse
1267 1698 1594 1757 susceptam.
1626 1691 1722 1746 Ubi
1748 1693 1873 1749 dum

266 1766 610 1833 recitaretur,
652 1785 715 1823 ex
764 1773 1191 1839 praecedentibus
1223 1778 1409 1843 gestis,
1437 1780 1575 1848 apud
1610 1797 1870 1839 reveren-

266 1856 505 1913 tissimos
572 1858 821 1915 Photium
865 1871 921 1915 et
973 1864 1340 1936 Eustachium,
1397 1879 1557 1939 atque
1616 1871 1870 1928 Uranium

265 1951 552 2022 episcopos
600 1954 814 2021 habitis,
866 1972 987 2025 quae
1036 1969 1224 2013 contra
1274 1974 1633 2020 memoratum
1664 1967 1876 2035 episco-

263 2058 393 2114 pum
429 2045 572 2100 lbam
615 2048 915 2116 protulerat
967 2046 1303 2119 TlteOphilns
1331 2053 1610 2121 diaconus,
1647 2059 1733 2126 qui
1758 2059 1873 2129 ejus

262 2134 607 2190 adversarius
660 2137 928 2193 existebat
973 2141 1376 2198 considentibus
1426 2147 1715 2217 episcopis,
1751 2151 1870 2207 talis

1899 853 1948 909 Α
1978 845 2310 914 iaetaverunt
2361 850 2502 918 quod
2551 864 2579 902 a
2628 864 2820 921 magno
2867 853 3097 910 concilio
3158 868 3407 929 suscepta
3466 877 3593 917 non-

1990 937 2167 1004 fuerit,
2208 953 2327 992 cum
2377 940 2426 993 in
2473 954 2538 993 eo
2583 954 2765 996 rursus
2814 943 2883 997 ita
2926 948 3325 1013 pronuntiatum
3354 953 3576 1008 noveri~

1989 1044 2155 1084 mus:
2195 1048 2214 1081 ‹
2260 1030 2336 1085 Ex
2380 1030 2463 1087 his
2515 1047 2634 1102 qua:
2680 1049 2850 1104 nuper
2897 1036 3035 1091 lecta
3084 1048 3208 1094 sunt
3260 1040 3458 1098 clarum
3494 1056 3585 1100 est

1984 1124 2104 1190 quia
2138 1124 2610 1180 reverentissimus
2658 1125 2775 1181 lbas
2807 1128 3066 1185 innocens
3103 1138 3187 1187 est
3227 1132 3296 1187 ab
3326 1135 3575 1191 omnibus

1982 1228 2101 1282 quze
2130 1214 2178 1269 ei
2226 1215 2370 1269 illata
2413 1224 2558 1283 sunt,
2606 1226 2660 1272 et
2705 1232 2769 1274 ex
2811 1219 3012 1278 relecto
3050 1225 3310 1294 rescripto
3339 1227 3576 1296 epistola:

1982 1304 2125 1373 quod
2175 1306 2435 1375 prolatum
2488 1317 2568 1362 est
2598 1306 2666 1363 ab
2715 1311 2834 1378 ejus
2889 1312 3224 1383 adversario,
3275 1317 3587 1373 orthodoxa

1981 1398 2228 1468 apparuit
2278 1398 2397 1469 ejus
2448 1400 2691 1457 dictatio.
2738 1422 2757 1455 ι
2816 1404 3062 1473 Nunquid
3120 1422 3252 1480 ergo
3314 1410 3572 1465 adversus

1980 1489 2113 1545 istas
2129 1491 2559 1548 evidentissimas
2585 1509 2746 1563 super
2765 1496 3050 1565 epistolam
3074 1510 3421 1554 memoratam
3453 1514 3574 1557 sen-

1982 1584 2198 1651 tentias,
2242 1598 2363 1638 cum
2407 1594 2528 1654 post
2561 1586 2679 1654 ejus
2710 1586 3211 1644 condemnationem
3243 1592 3572 1660 exprobrare

1980 1674 2135 1729 nobis
2171 1676 2431 1744 cmperint
2458 1675 2716 1741 haeretici,
2753 1678 2894 1747 quod
2918 1680 3196 1745 epistolam
3225 1691 3410 1736 nostro
3428 1680 3573 1752 judi-

1978 1767 2063 1822 cio
2112 1768 2482 1824 Nestoriunam
2510 1770 2747 1840 synodus
2772 1768 3228 1829 Chalcedonensis
3260 1778 3573 1846 pronuntia-

1978 1861 2053 1914 vit
2107 1861 2485 1928 orthodoxam,
2545 1879 2826 1931 possemus
2872 1865 3054 1921 dicere
3112 1866 3303 1922 falsum
3335 1878 3577 1933 essepet

1976 1956 2280 2009 econtrariu
2301 1956 2698 2023 demonstrare,
2718 1960 2857 2028 quod
2876 1976 2993 2016 eam
3016 1962 3130 2032 ipsa
3152 1978 3363 2033 quoque
3384 1980 3571 2035 repro-

1978 2045 2181 2100 bavcrit
2203 2057 2365 2117 atque
2380 2048 2756 2105 damnaverit?
2781 2051 3034 2108 Advertis
3054 2054 3228 2124 igitur,
3253 2056 3569 2126 imperator,

1975 2140 2115 2209 quod
2182 2140 2383 2196 inimici
2440 2144 2664 2212 justitize
2718 2144 2943 2201 itludere
2992 2146 3266 2202 voluerint
3313 2149 3569 2205 Ecclesiae

260 2234 344 2279 est
368 2226 490 2281 data
520 2231 814 2284 sententia:
843 2248 860 2280 ι
886 2229 1324 2301 Cognovimusex
1342 2240 1602 2292 sententia
1619 2255 1870 2297 reveren-
1901 2233 1951 2292 Β
1977 2230 2198 2299 Christi,
2228 2244 2283 2287 et
2313 2248 2541 2289 awcare
2586 2250 2682 2289 nos
2708 2250 2738 2289 a
2769 2237 2942 2292 veraci
2984 2240 3304 2306 assertione,
3343 2254 3445 2309 qua
3476 2238 3569 2298 de-
3626 2236 3645 2250 ⁸

265 2314 600 2370 tissimorum
620 2321 994 2389 episcoporum
1013 2320 1040 2359 δ
1060 2322 1204 2377 Ibam
1230 2328 1722 2384 reverentissimum
1747 2333 1863 2401 epi-

259 2420 485 2476 scopum
505 2408 780 2464 inuoxium
804 2412 1250 2471 demonsxratum.
1270 2416 1428 2472 Lecta
1454 2420 1593 2474 enim
1621 2422 1737 2492 ejus
1769 2425 1872 2493 cpi-

262 2500 427 2563 stola,
468 2502 818 2569 cognovimus
849 2519 969 2558 eum
1014 2520 1135 2561 esse
1174 2506 1556 2575 orthodoxam,
1589 2522 1643 2565 et
1671 2511 1741 2567 ob
1772 2513 1871 2571 hoc

262 2590 635 2660 decernimus,
665 2604 718 2650 et
752 2596 1010 2651 honorem
1042 2599 1090 2653 ci
1114 2600 1472 2669 episcopatus,
1503 2611 1556 2656 et
1579 2601 1868 2661 Ecclesiam

258 2682 327 2738 de
367 2698 471 2753 qua
525 2687 720 2756 injuste
750 2697 804 2743 et
830 2689 1026 2745 absens
1066 2691 1322 2762 expulsus
1351 2702 1455 2759 cst,
1491 2694 1803 2751 instaurari.
1843 2716 1863 2750 ι

261 2775 425 2831 Vides
478 2780 748 2849 quomodo
796 2781 949 2836 nobis
1018 2783 1255 2839 haeretici
1312 2801 1407 2855 per
1433 2801 1563 2841 suos
1609 2788 1869 2845 satellites

256 2870 545 2926 voluerunt
574 2872 819 2939 illudere,
864 2885 920 2929 ut
951 2874 1088 2929 hanc
1120 2877 1401 2945 epistolam
1427 2878 1698 2948 jactarent
1748 2895 1867 2936 sus-

253 2970 469 3029 ceptam
500 2978 528 3015 a
556 2964 783 3017 concilio
816 2980 921 3018 non
964 2965 1155 3032 fuisse;
1185 2982 1305 3021 cum
1331 2968 1502 3038 palam
1534 2969 1602 3024 sit
1634 2971 1775 3040 quod
1802 2988 1864 3026 ex

252 3054 371 3120 ejus
406 3053 637 3109 lectione
665 3057 1006 3125 conscriptor
1036 3057 1153 3126 ejus
1180 3058 1295 3112 Ibals
1315 3060 1562 3115 innoxius
1591 3072 1646 3116 et
1673 3062 1865 3117 ortho-

254 3145 427 3199 doxus
459 3146 528 3199 ab
554 3162 615 3201 ea
666 3147 825 3201 fuerit
849 3149 1146 3217 judicatus,
1178 3158 1233 3205 et
1258 3152 1327 3205 ob
1372 3151 1472 3207 hoc
1499 3168 1620 3208 eum
1663 3164 1718 3209 et
1768 3153 1866 3209 bo-

254 3251 444 3289 norem
477 3238 840 3306 episc0patus,
867 3247 923 3293 et
968 3240 1265 3297 Ecclesium
1312 3244 1554 3311 recipere
1608 3245 1864 3303 decreve-

255 3326 385 3391 rint,
430 3326 497 3383 de
546 3344 646 3397 qua
682 3328 879 3400 injuste
930 3330 1029 3384 fuit
1076 3336 1349 3402 expulsus.
1405 3333 1657 3389 Seierunt
1704 3336 1864 3407 igitur

254 3418 515 3476 Ecclesiae
546 3422 797 3493 pietatem
833 3425 973 3479 ferre
1021 3439 1125 3479 non
1161 3440 1340 3494 posse,
1378 3429 1420 3481 si
1454 3428 1860 3485 condemnanda

256 3510 528 3567 diceretur
597 3515 824 3584 epistola
888 3531 1045 3587 quam
1098 3519 1334 3589 synodus
1373 3521 1727 3589 approbavit;
1774 3524 1857 3578 vel

1974 2324 2114 2378 [cudi
2160 2324 2348 2380 eadem
2393 2326 2618 2394 epistola
2662 2327 2850 2382 melius
2879 2336 2933 2383 et
2963 2326 3152 2383 fortius
3183 2340 3376 2401 potest,
3406 2341 3568 2403 atque

1972 2414 2240 2472 divertere
2292 2415 2358 2470 ad
2411 2415 2560 2471 falsae
2613 2417 2980 2489 denegationis
3030 2420 3187 2476 inane
3251 2420 3561 2491 suffugium,

1974 2516 2031 2562 ut
2082 2524 2225 2564 nunc
2275 2510 2489 2564 interim
2543 2508 2937 2565 aflirmaremus
2988 2528 3107 2566 eam
3167 2512 3563 2580 Nestorianam,

1972 2609 2229 2671 negantes
2276 2615 2307 2655 a
2350 2598 2581 2655 concilio
2610 2616 2733 2656 esse
2761 2611 3087 2671 susceptam,
3121 2613 3176 2657 et
3204 2614 3387 2674 postea
3429 2620 3563 2661 con-

1970 2692 2095 2747 victi
2137 2693 2206 2747 ab
2243 2692 2445 2747 eisdem
2499 2692 2784 2746 manifesto
2831 2692 3205 2762 etimpud~-uti
3258 2694 3571 2765 mendacio,

1968 2783 2090 2852 quia
2116 2793 2373 2853 suscepta
2409 2790 2513 2846 est,
2545 2782 2677 2837 nihil
2715 2784 2822 2852 jam
2854 2793 3083 2838 restaret
3114 2785 3253 2855 quod
3288 2786 3337 2840 in
3394 2787 3571 2858 ipsius

1968 2872 2180 2927 concilii
2208 2871 2575 2928 defensionem
2599 2872 2924 2939 respondere
2964 2875 3254 2943 possimus.
3320 2874 3387 2931 Et
3444 2878 3577 2934 ideo-

1969 2980 2075 3019 non
2126 2954 2413 3035 recipimus
2464 2965 2723 3019 mendacii
2769 2966 3076 3033 consilium,
3116 2983 3289 3038 neque
3327 2984 3427 3024 nos
3474 2970 3569 3026 sui

1966 3055 2171 3109 similes
2227 3053 2467 3109 haeretici
2527 3053 2780 3119 valebunt
2826 3054 3062 3111 elﬁcere.
3114 3055 3246 3113 Nam
3291 3068 3348 3115 et
3374 3074 3561 3118 susee.

1969 3156 2111 3216 ptam
2141 3147 2393 3212 dicimus,
2426 3152 2483 3201 et
2508 3145 2651 3215 quod
2692 3146 2910 3202 omnino
2934 3145 3094 3202 fuerit
3121 3160 3368 3221 suscepta
3399 3168 3557 3208 mon-

1965 3250 2199 3293 stramus
2232 3254 2246 3293 :
2279 3236 2407 3308 quia
2459 3253 2615 3292 verax
2646 3252 2859 3305 seuqzer
2886 3247 2967 3293 est
2998 3237 3251 3295 Ecclesize
3283 3258 3379 3311 pro
3411 3243 3563 3301 veri-0

1967 3340 2074 3386 tate
2125 3328 2388 3396 defensio,
2448 3343 2551 3385 nec
2601 3344 2834 3398 unquam
2893 3328 2995 3385 fuit
3046 3330 3221 3401 indiga
3293 3330 3559 3390 falsitatis.

1964 3426 2106 3480 Ante
2136 3438 2265 3478 vero
2310 3422 2468 3478 nobis
2498 3421 2893 3477 discutiendum
2924 3433 3006 3477 est
3032 3423 3331 3493 cujusmodi
3362 3427 3469 3480 sint
3497 3442 3561 3481 ea

1963 3531 2081 3584 quae
2118 3531 2212 3585 per
2240 3529 2365 3570 suos
2414 3514 2652 3569 fautores
2697 3514 2763 3569 ad
2804 3526 3038 3569 nostram
3070 3516 3440 3585 deceptionem
3475 3517 3561 3589 ja-

256 3602 438 3670 potius
466 3604 578 3671 ipsa
622 3607 880 3676 synodus,
924 3617 1141 3676 propter
1170 3608 1310 3679 quod
1343 3625 1459 3665 eum
1483 3609 1740 3680 judicavit
1765 3628 1853 3667 or-
1880 3619 1926 3682 ο
1962 3617 2270 3675 ctaverunt,
2296 3618 2353 3661 ut
2376 3623 2497 3661 eam
2526 3607 2916 3677 denegarentus
2946 3622 3066 3662 esse
3084 3618 3410 3673 susceptam.
3444 3609 3559 3669 Pei-

255 3694 569 3748 thodoxam.
606 3692 716 3750 Non
746 3699 889 3751 enim
934 3700 1101 3767 ipsam
1131 3700 1499 3753 tantummodo
1529 3702 1630 3755 lbte
1654 3702 1853 3771 episto-

256 3786 386 3849 lam,
425 3785 563 3841 sicut
600 3789 710 3857 jam
740 3789 993 3856 diximus,
1035 3792 1187 3861 quasi
1220 3792 1591 3847 Nestorianam
1634 3795 1854 3864 culpare

252 3890 309 3933 et
354 3879 591 3949 abjieere
640 3895 1133 3953 prtesumpseruut;
1168 3887 1261 3941 sed
1295 3888 1682 3955 approbatores
1719 3904 1851 3958 quo-

250 3989 356 4041 que
387 3972 504 4041 ejus
532 3976 619 4044 qui
653 3993 769 4030 eam
816 3988 1014 4033 rectam
1043 3981 1248 4046 dicunt,
1302 3990 1353 4034 et
1392 3980 1719 4035 anathemati
1745 3998 1854 4037 non

250 4066 565 4136 subjiciunt.
604 4070 666 4124 Et
694 4072 783 4140 qui
812 4074 981 4142 magis
1016 4073 1343 4142 intelligendi
1368 4084 1493 4128 sunt
1516 4074 1636 4144 ejus
1659 4090 1856 4144 appro-

256 4155 500 4224 ὶιιιοιιοε,
553 4177 710 4230 quam
744 4162 931 4218 l‘atres
981 4169 1071 4233 qui
1103 4165 1439 4219 Chalcedona
1490 4177 1853 4221 convenerant

249 4260 303 4305 et
334 4265 454 4305 eam
481 4252 856 4321 judicaverunt
900 4255 1295 4311 orthodoxam?
1327 4257 1451 4312 llmc
1491 4257 1651 4327 igitur
1678 4258 1852 4312 scien-

250 4354 351 4408 tes,
393 4354 452 4401 et
498 4346 736 4402 arbitrati
767 4350 907 4419 quod
950 4350 1023 4403 ita
1057 4351 1262 4418 possint
1312 4351 1361 4404 in
1404 4351 1568 4418 ipsius
1613 4350 1852 4419 epismlae

249 4435 655 4494 damnationem
728 4439 1112 4495 catholicorum
1188 4454 1483 4496 consensus
1560 4440 1848 4507 adducere,

317 4580 347 4608 α
376 4570 482 4624 lbe
507 4570 747 4639 episcopi
768 4582 820 4625 et
850 4573 1090 4639 cpistola:
1119 4574 1285 4641 ipsius
1309 4585 1469 4625 causa
1491 4570 1729 4624 discussa
1758 4578 1843 4624 est

247 4642 466 4696 actione
501 4643 534 4696 9
573 4651 629 4695 et
677 4642 742 4696 10
787 4644 975 4713 synodi
1001 4641 1486 4705 Chalcedonensis;
1520 4642 1841 4711 relcctisqne

247 4713 414 4782 gestis
444 4728 561 4781 qua!
606 4714 745 4785 apud
773 4712 971 4782 Tyrum
1004 4725 1055 4768 et
1100 4715 1348 4785 Berytum
1379 4715 1429 4767 in
1460 4714 1644 4785 eadem
1679 4726 1837 4785 causa

250 4794 661 4852 praeesserant,
714 4783 830 4836 lbas
863 4786 1137 4852 innoxius,
1167 4782 1412 4853 epistula,
1458 4794 1515 4837 ut
1560 4782 1841 4837 Facundos

1963 3716 2107 3755 mum
2150 3702 2332 3771 itaque
2370 3699 2645 3753 videamus
2678 3710 2851 3753 utrum
2876 3700 3030 3754 nobis
3058 3701 3346 3757 dicendum
3374 3703 3441 3757 sit
3468 3713 3571 3758 aut

1962 3795 2308 3859 credendum,
2342 3792 2481 3863 quod
2517 3792 2839 3861 persuadere
2870 3793 3047 3846 conati
3106 3804 3251 3859 sunt,
3296 3796 3417 3865 quia
3441 3797 3558 3865 epi-

1963 3885 2157 3939 stolam
2183 3900 2289 3938 nou
2316 3882 2640 3938 venerabilis
2663 3882 2786 3947 lba‘,
2810 3883 2904 3937 sed
2933 3883 3113 3937 nescio
3134 3900 3294 3953 quam
3322 3886 3553 3954 scriptu-

1964 3995 2078 4033 ram
2130 3977 2505 4048 postulationis
2554 3985 2609 4032 et
2650 3976 3067 4045 deprecationis,
3097 3993 3256 4048 quam
3289 3978 3480 4033 Photio
3502 3992 3556 4035 et

1964 4072 2254 4129 Eustacbio
2279 4074 2293 4103 ¹
2327 4080 2381 4127 et
2405 4070 2603 4129 Urania
2654 4070 2923 4140 episcopis
2969 4071 3146 4125 omnis
3171 4071 3351 4126 clerus
3385 4073 3566 4128 Εὐθε-

1959 4183 2104 4222 sena:
2131 4166 2366 4221 civitatis
2398 4178 2493 4235 pro
2519 4165 2637 4235 ipso
2664 4162 2751 4218 Iba
2778 4162 3033 4232 episcopo
3061 4164 3296 4227 miserat,
3315 4164 3552 4235 synodus

1962 4258 2326 4326 pronuntiavit
2364 4254 2740 4310 orthodoxam.
2788 4250 2893 4309 Sed
2925 4254 3052 4324 quid
3076 4254 3559 4324 respondebimus,

1960 4360 2081 4404 cum
2132 4360 2312 4418 postea
2358 4348 2441 4401 vel
2485 4348 2605 4417 ipsi,
2657 4346 2738 4400 vel
2771 4346 2823 4399 hi
2853 4346 3043 4415 quibus
3074 4345 3253 4401 favent
3282 4347 3547 4410 ltzerctici,

1964 4442 2118 4496 nobis
2152 4442 2387 4495 dixerint
2415 4440 2555 4511 quod
2590 4439 2678 4493 illa
2709 4438 2997 4509 scriptura,
3026 4440 3314 4509 postulatio
3360 4449 3415 4493 et
3451 4438 3551 4494 de-

1950 4574 2240 4640 Rerensita,
2286 4548 2476 4639 inquit.
2535 4572 2750 4641 prtefuta
2792 4570 3007 4639 cpistola
3045 4570 3105 4641 in,
3141 4568 3548 4624 Chalcedonam

1946 4654 2121 4698 sancto
2144 4644 2379 4707 concilio,
2411 4658 2512 4695 non
2539 4640 2689 4695 aliter
2720 4641 2953 4709 prtetiidit
2974 4640 3175 4711 suscipi
3188 4655 3305 4711 eum
3330 4653 3546 4711 propter

1945 4715 2257 4781 suspiciones
2307 4713 2451 4766 inea
2498 4714 2737 4775 insertas,
2784 4712 2880 4763 nisi
2919 4720 2966 4763 et
3007 4710 3115 4781 ἱρέα
3153 4709 3452 4763 Nestorium
3495 4722 3553 4765 ει-

1943 4778 2115 4838 omuia
2137 4786 2334 4837 decreta
2357 4785 2469 4853 ejus
2498 4781 2998 4853 anathematizesset.
3029 4778 3096 4832 Et
3122 4790 3391 4853 postquam
3414 4799 3544 4835 arta-

250 4864 344 4918 ait,
395 4854 701 4946 orthudpxa
749 4856 1087 4946 pronunti-ita
1110 4851 1214 4937 est;
1244 4855 1448 4922 Quibus
1475 4863 1837 4946 consentanea
1873 4888 1921 4946 υ
1946 4855 2311 4946 ιὴειηαιὶξαιήι,
2334 4851 2452 4946 tune
2471 4851 3362 4946 susceptus-estiuAsgtLeteAconglie:
3377 4853 3541 4946 .llnde

251 4934 378 4977 sont
430 4938 552 4989 quae
596 4924 935 4980 Innocentius
967 4928 1216 4981 MarOuia:
1245 4941 1529 4994 episc0pus
1568 4924 1758 4978 scribit
1788 4926 1838 4977 in

249 4996 541 5047 collatione
594 4994 1057 5065 Constantinopoli
1120 4998 1295 5049 habita
1346 4998 1480 5065 inter
1510 5012 1557 5047 οι
1578 4996 1841 5049 thodoxos

248 5075 300 5117 et
315 5066 646 5118 Severianus
676 5066 755 5119 his
778 5064 998 5119 verbis:
1032 5066 1305 5121 Coxnun.
1335 5065 1397 5118 Et
1424 5064 1543 5119 Ibus
1566 5081 1684 5135 ergo
1702 5067 1841 5133 iuste

248 5145 516 5205 susreptus
563 5146 637 5189 est
668 5155 699 5189 a
725 5138 1133 5192 (Jhatcedoneme
1172 5139 1429 5190 concilio?
1453 5139 1625 5191 t'ZPtsc.
1662 5135 1770 5188 Ιὺιε
1791 5144 1836 5189 τι

245 5206 603 5259 accusantium
656 5224 771 5260 eum
820 5211 1066 5274 iudcium
1108 5225 1171 5262 ea:
1221 5210 1473 5276 imperiali
1538 5208 1843 5260 auctoritate

247 5278 538 5349 delegantur
577 5286 647 5329 est
679 5277 861 5331 Photio
891 5280 1124 5349 episcopo
1148 5279 1302 5349 Tyri,
1346 5290 1391 5334 et
1428 5280 1701 5332 Eustochio
1729 5281 1838 5340 epi-

250 5345 410 5414 scopo
433 5345 631 5420 Beryti,
660 5359 706 5401 et
734 5349 927 5402 L‘ranio
956 5345 1427 5403 Interinw'civitotis
1454 5352 1708 5420 episcopo.
1736 5350 1837 5414 Qui

244 5418 639 5471 renuntiaturi
672 5420 764 5471 riri
798 5429 844 5473 et
876 5422 1091 5473 nimium
1146 5423 1409 5473 narrantes
1446 5420 1570 5473 Nest
1592 5418 1669 5473 im“
1698 5421 1834 5471 blas-

247 5490 501 5554 phemia,
537 5506 652 5541 cum
674 5494 810 5561 σικιιὶ
840 5493 1103 5561 diligentia
1131 5494 1453 5544 discutient“
1480 5507 1614 5554 eum,
1651 5493 1836 5542 immu-

245 5574 363 5613 nem
402 5569 451 5613 et
497 5576 604 5611 stne
631 5557 919 5627 culpatum
940 5557 1295 5622 decreverunt,
1327 5564 1370 5615 si
1406 5574 1456 5613 nt
1487 5575 1531 5615 et
1556 5577 1668 5613 actu
1700 5563 1836 5621 ipso-

243 5644 366 5680 nttt
405 5641 452 5681 et
478 5634 659 5684 relatio
687 5636 994 5698 ntauifestat.
1028 5634 1188 5695 Quem
1220 5649 1337 5701 ergo
1356 5636 1558 5703 judice:
1572 5632 1833 5703 justi/ira-

243 5711 446 5773 geranl,
475 5705 899 5767 quemadmodum
927 5719 1052 5755 com:
1074 5708 1195 5756 tium
1244 5716 1438 5773 poterat
1466 5704 1839 5758 cenat-armare?

243 5769 544 5839 Epistolam
592 5786 765 5827 tamen
821 5776 1049 5828 Concilio
1096 5769 1397 5841 suspectam
1451 5776 1614 5831 fuisse
1653 5774 1828 5828 docet.

320 5904 339 5937 ⁸
368 5903 502 5961 Cod.
534 5904 755 5977 Veron,
788 5905 1049 5975 Eustocio,
1073 5908 1154 5962 Vel
1186 5906 1471 5971 Easter/tio.

1946 4939 2002 4983 et
2030 4927 2268 4996 synodus
2302 4922 2342 4977 'v
2374 4922 2662 4995 generalis,
2695 4938 2815 4996 quae
2865 4923 3110 4996 eamdem
3142 4922 3424 4993 epistolam
3451 4939 3539 4980 ac-

1950 4994 2095 5053 tione
2122 4994 2154 5051 6
2181 4994 2622 5066 liquido’damurat
2653 5006 2708 5048 ιιι
2737 4995 3061 5055 Ιιωιειὶοξιιιι,
3087 5010 3191 5066 non
3222 4996 3535 5051 dissimvetn

1947 5065 2402 5123 Chalcedonensis
2422 5065 2632 5121 concilii
2654 5066 2720 5119 de
2741 5080 2804 5119 ea
2827 5078 3041 5118 sensum
3059 5065 3170 5117 vult
3190 5066 3373 5129 fuisse,
3391 5074 3538 5132 post-

1948 5140 2163 5204 habitis,
2215 5148 2272 5192 ut
2309 5140 2404 5201 ait.
2448 5138 2514 5192 iis
2555 5150 2674 5206 qua:
2701 5151 2836 5190 unus
2867 5145 2958 5190 aut
2982 5136 3117 5189 alter
3148 5151 3244 5205 pro
3268 5137 3355 5191 illa
3379 5137 3531 5191 dixe-

1945 5211 2473 5291 rantnorthodoxam
2501 5210 2749 5291 videlicet
2779 5208 3136 5291 appellantes.
3198 5288 3207 5291 _
3254 5279 3285 5291 η
3519 5278 3533 5291 .

2020 5282 2046 5321 ιι
2097 5282 2264 5336 Verba
2323 5291 2453 5336 sunt
2511 5283 2805 5348 legatorum
2861 5278 3003 5331 Sedis
3058 5279 3389 5348 apostolicae,
3444 5278 3534 5346 qui

1944 5353 2177 5407 sententi
2199 5368 2265 5430 ιιι)
2318 5354 2490 5419 primo
2534 5355 2652 5405 loco
2681 5352 2953 5430 dixerunt.
3052 5366 3113 5402 ne
3140 5350 3336 5430 deinde
3365 5350 3532 5430 subji-

1942 5426 2172 5487 ciuntur,
2211 5422 2290 5476 Ex
2322 5426 2397 5477 Itis
2419 5438 2530 5493 quw
2561 5438 2743 5493 imper,
2778 5420 2991 5475 Maximi
3036 5420 3530 5493 sntit_Ant_i_oclteni.

1944 5496 2031 5550 Ilia
2086 5495 2336 5565 denique,
2381 5489 2839 5568 Dudunr'quident
2885 5506 2952 5543 ex
3002 5490 3233 5568 reiecti“.
3282 5489 3543 5543 Eunoniii

1945 5568 2177 5631 rplSCOpi
2226 5563 2535 5620 {\icomedie
2560 5565 2669 5617 .sis.
2724 5566 2866 5627 Quas
2892 5563 3122 5640 easdem.
3154 5563 3528 5640 episcoporum

1942 5643 2238 5693 sentt-titius
2276 5660 2287 5709 ι
2312 5640 2478 5692 rolctt
2505 5637 2664 5691 etiam
2690 5646 2741 5689 et
2764 5634 3037 5686 examinat
3067 5631 3285 5699 “gilius
3315 5631 3366 5683 in
3393 5643 3531 5686 eon-

1945 5710 2149 5765 stitutn.
