3974 6330
376 440 475 496 est
515 486 524 494 .
1453 433 1749 493 rxcusm
1794 433 2000 490 EPISC.
2036 400 2539 491 umeratvsuer
3562 434 3670 494 sse

382 552 618 625 precatio
657 559 683 590 ι
714 550 891 605 omnis
921 548 1049 604 cieri
1090 547 1380 603 Edessena:
1415 548 1650 603 civitatis
1699 547 1968 620 synodali-
1998 549 2051 606 Α
2076 547 2393 615 episcopus?
2419 547 2651 616 Denique
2672 545 2856 601 fraude
2876 561 2935 603 se
2958 546 3056 603 ista
3080 547 3332 620 Iactasse,
3357 550 3517 607 etiam
3544 554 3667 622 ipsi,

394 646 495 699 bus
544 645 710 714 gestis
740 643 1007 713 appellata
1052 643 1139 704 sit,
1172 642 1438 697 sententia
1491 657 1619 697 vero
1668 642 1859 710 synodi
1910 655 1978 696 ex
2082 645 2436 706 extorquente
2472 640 2697 693 veritate
2741 638 2825 693 vel
2852 639 3041 706 rinviti,
3084 640 3165 696 vel
3198 642 3383 707 nescii,
3421 644 3670 713 prodidec

384 735 587 790 reiecta
639 732 756 804 ejus
804 734 1032 803 epistola
1081 732 1438 787 orthodoxum
1491 748 1613 787 eum
1664 734 1981 803 apparuisse
2086 739 2230 785 runt.
2267 731 2397 784 Nam
2430 740 2547 799 post
2589 731 2784 786 multas
2813 743 2864 785 et
2893 732 3066 787 varias
3090 749 3215 790 suas
3237 735 3667 806 adioveutiones,

392 834 586 881 testata
609 836 692 880 est
721 843 735 880 :
762 835 818 880 et
846 826 970 894 quia
1003 826 1144 880 illam
1179 825 1590 891 postulationem
1634 837 1689 881 et
1718 826 1971 894 depreca-
2087 832 2206 891 post
2238 821 2448 876 labores
2497 837 2722 891 magnus
2767 832 2824 877 et
2854 822 3230 887 infructuosos.
3262 827 3457 895 quibus
3484 829 3549 883 ad
3579 831 3675 883 de-

386 919 616 982 tionem,
662 918 730 972 ab
775 918 918 971 omni
951 916 1096 970 clero
1146 915 1435 970 Edessena:
1473 918 1700 972 civitatis
1740 920 1805 971 ad
1839 917 1979 972 Pho-
2085 913 2384 981 ceptionem
2438 912 2670 965 facilium
2722 923 2964 983 apertam
3013 916 3186 970 lucem
3216 918 3394 973 verbis
3426 918 3677 976 inanibus

391 1010 524 1063 tium
550 1018 604 1061 et
631 1008 971 1062 Eustachium
998 1018 1156 1077 atque
1191 1007 1443 1063 Uranium
1467 1010 1747 1078 episcopos
1778 1012 1980 1081 datam,
2087 1004 2376 1058 obscurare
2403 1004 2581 1058 conati
2614 1014 2759 1070 sunt,
2794 1007 2845 1058 in
2873 1006 3061 1061 eodem
3091 1008 3224 1062 libro
3250 1024 3348 1063 suo
3377 1011 3664 1067 dixerunt:

386 1099 799 1170 lbascpisc0pus
827 1114 991 1167 prose
1010 1099 1217 1153 recitari
1237 1100 1454 1169 petivit;
1476 1102 1737 1155 sententia
1756 1116 1983 1174 verosy-
2094 1116 2110 1149 ι
2146 1098 2377 1166 Culpans
2417 1096 2652 1152 Joannes
2684 1098 2967 1153 haereticus
3011 1108 3249 1155 sanctam
3279 1103 3564 1173 synodum,
3588 1120 3680 1159 os-

391 1191 541 1252 nodi,
567 1192 704 1244 sicut
733 1192 917 1244 eadem
947 1207 1064 1260 qua:
1094 1192 1364 1258 posuimus
1394 1192 1552 1246 verba
1584 1192 1888 1259 declarant,
1918 1193 1984 1248 de
2091 1188 2328 1243 tenditur
2380 1188 2567 1242 eadem
2620 1189 2835 1257 quidem
2892 1204 3083 1260 sapt‘re
3149 1193 3287 1247 sicut
3350 1196 3416 1250 ad
3486 1198 3673 1252 Marim

388 1280 901 1349 rescriptoepistolaa
927 1282 1089 1351 ipsius
1114 1280 1216 1335 lba:
1233 1284 1372 1352 quod
1396 1283 1657 1350 prolatum
1681 1294 1762 1339 est
1783 1286 1849 1339 ah
1867 1285 1985 1354 ejus
2089 1279 2309 1345 epistola
2347 1296 2357 1329 :
2388 1279 2648 1333 coiiﬁtens
2677 1289 2854 1333 autem
2901 1297 3017 1335 eam
3063 1284 3343 1350 expulsam
3384 1296 3546 1355 atque
3576 1289 3671 1343 de-

390 1370 722 1436 adversario,
775 1372 1159 1438 pronuntiavit,
1208 1374 1348 1439 quod
1396 1374 1694 1428 crtbodoxa
1735 1376 1984 1443 apparuit
2090 1380 2344 1424 Structum
2372 1385 2400 1422 a
2433 1381 2614 1426 sancta
2655 1374 2881 1442 synodo,
2924 1375 3213 1431 curiﬁn-tur
3240 1379 3398 1433 etiam
3432 1380 3677 1436 similiter

395 1459 513 1527 ejus
563 1459 817 1512 dictatio?
848 1458 1122 1515 Facillime
1165 1462 1339 1530 itaque
1372 1461 1692 1531 probabunt,
1735 1462 1777 1517 si
1811 1474 1985 1519 tamen
2090 1465 2366 1532 expu'sutn
2410 1463 2477 1516 ab
2526 1478 2587 1517 ea
2618 1477 2671 1519 et
2699 1465 3040 1520 Theodorum
3086 1467 3309 1535 impium
3349 1471 3679 1538 MOpsueste~

396 1551 499 1603 ulla
549 1550 861 1617 probat-one
893 1551 978 1604 hic
1007 1566 1141 1619 opus
1172 1560 1277 1617 est,
1307 1552 1446 1605 aliud
1472 1567 1592 1606 esse
1623 1554 1763 1622 quod
1807 1569 1904 1622 pro
1929 1569 1988 1609 se
2093 1570 2239 1609 num.
2291 1554 2355 1608 Et
2393 1554 2639 1619 quoniam
2682 1556 3093 1612 calumniatores
3142 1574 3246 1612 non
3292 1562 3587 1630 respiciunt
3625 1562 3679 1619 in

394 1644 605 1696 recitari
652 1644 840 1711 petivit
885 1642 1001 1696 ibas
1034 1644 1339 1713 episcopus,
1371 1653 1424 1701 et
1453 1646 1594 1701 aliud
1629 1647 1769 1716 quod
1800 1658 1987 1703 contra
2096 1645 2293 1699 ultimo
2325 1644 2511 1698 ordine
2551 1644 2788 1708 deﬁnita,
2832 1645 2922 1700 sed
2955 1660 3077 1702 ante
3108 1649 3395 1716 perfectum
3415 1651 3680 1720 judicium

396 1747 517 1786 cum
553 1732 769 1800 protulit
818 1733 908 1801 qui
957 1734 1072 1802 ejus
1120 1736 1462 1790 adversarius
1491 1738 1771 1793 existebat.
1802 1739 1906 1795 Sed
1936 1755 1965 1795 e

2111 1751 2122 1786 l
2156 1734 2468 1806 quihusdam
2503 1736 2724 1789 forsitan
2766 1737 2937 1803 dicta;
2978 1749 3189 1808 oportet
3232 1758 3557 1810 cogno-cere
3598 1761 3680 1803 re-

396 1823 499 1878 boc
530 1824 781 1893 adjicient
808 1826 931 1894 quia
970 1841 1068 1881 nec
1108 1829 1367 1883 attinebat
1398 1831 1461 1884 ad
1491 1848 1602 1887 rem
1636 1842 1693 1886 ut
1714 1832 1782 1889 de
1811 1843 1990 1903 poslu-
2093 1835 2234 1879 ctam
2262 1825 3047 1899 habentesintentionem,quia
3070 1829 3121 1883 in
3147 1832 3362 1902 synodis
3389 1835 3519 1889 nihil
3545 1852 3684 1904 prte-

398 1916 601 1971 latione
646 1926 699 1972 et
727 1919 1101 1986 deprecatione
1130 1921 1257 1975 eleri
1294 1921 1578 1977 Edessena:
1605 1924 1833 1978 civituis
1861 1940 1986 1997 pro-
2023 1927 2067 1984 Β
2091 1916 2353 1985 iudicaui,
2399 1933 2513 1985 qur?
2538 1927 2661 1973 ante
2693 1918 2983 1986 ρθτΐροιυηι
3011 1919 3269 1990 judicium
3299 1939 3327 1976 ἢ
3356 1924 3675 1994 quibusdam

411 2010 770 2077 nuntiaretur,
796 2011 934 2080 quod
958 2012 1255 2068 orthodoxa
1285 2024 1428 2069 esset
1454 2014 1570 2084 ejus
1600 2017 1836 2084 dictatio,
1869 2033 1989 2072 cum
2096 2008 2313 2063 forsitan
2344 2011 2480 2062 dicta
2508 2018 2652 2073 sunt,
2681 2008 2759 2062 eis
2799 2025 2917 2078 quae
2938 2010 3004 2065 ab
3024 2012 3271 2068 omnibus
3300 2014 3457 2069 simul
3485 2018 3535 2070 in
3564 2019 3689 2074 ulti-

401 2105 574 2173 potius
603 2118 763 2172 super
792 2103 1015 2172 epistola
1048 2104 1150 2159 lba:
1180 2108 1442 2160 sententia
1474 2106 1662 2176 synodi
1701 2118 1983 2177 exspecta-
2098 2115 2185 2155 mo
2225 2102 2554 2157 deﬁniuntur
2598 2101 2805 2168 ordine,
2847 2103 2973 2158 licet
2994 2106 3207 2160 dissona
3232 2112 3500 2163 communi
3527 2126 3691 2181 appac

294 2242 307 2251 .
401 2204 549 2249 retur
589 2203 765 2249 utrum
808 2210 927 2251 eam
975 2194 1281 2249 haeretieam
1304 2211 1370 2250 an
1401 2197 1752 2252 orthodoxam
1785 2197 1996 2266 judica—
2100 2204 2247 2247 retnt
2290 2193 2515 2247 calculo.
2566 2192 2805 2263 Denique
2837 2206 3053 2249 sanctus
3081 2197 3357 2254 Anatolius
3394 2201 3527 2256 dixit
3562 2205 3690 2273 quia

401 2294 542 2340 rent.
590 2286 721 2340 Cum
752 2299 879 2356 ergo
920 2295 972 2339 ct
1003 2285 1129 2340 illud
1153 2286 1469 2355 objicerent,
1492 2288 1631 2357 quod
1664 2288 1911 2343 similiter
1940 2287 1992 2342 in
2102 2284 2387 2338 Dioscorus
2411 2299 2514 2338 non
2540 2295 2756 2354 propter
2781 2283 2938 2338 ﬁdem
2962 2286 3246 2341 damnatus
3275 2300 3377 2353 est,
3398 2300 3452 2345 et
3474 2292 3574 2347 hoc
3596 2309 3693 2350 ne-

404 2377 589 2431 eadem
613 2376 819 2447 synodo
843 2375 1044 2430 dictum
1068 2387 1143 2431 est
1176 2394 1189 2430 :
1224 2376 1430 2431 Dudum
1456 2378 1669 2448 quidem
1690 2393 1756 2433 ex
1782 2378 1995 2434 reiectis
2098 2390 2202 2444 que
2219 2374 2584 2445 prtejudicium
2618 2377 3310 2450 commnnicalculosynodi
3337 2381 3482 2447 fecit,
3512 2399 3703 2455 neque

404 2468 657 2523 innoxius
686 2468 1085 2524 demonstratus
1127 2482 1208 2523 est
1254 2470 1719 2524 reverentissimus
1754 2469 1907 2535 Ibas;
1941 2470 1995 2524 in
2104 2465 2411 2519 Dioscornm
2436 2469 2502 2521 ab
2518 2466 2909 2536 adjudicatione
2946 2469 3189 2523 liberavit
3212 2470 3264 2525 in
3294 2472 3549 2543 Eutycbis
3567 2491 3699 2545 per-

402 2561 599 2631 qnibus
626 2563 823 2615 etenim
858 2562 1001 2615 visus
1027 2570 1107 2616 est
1128 2561 1347 2631 culpare
1370 2562 1509 2617 male
1540 2561 1766 2631 loquens
1796 2561 1996 2617 beatis-
2103 2568 2406 2613 manentem
2437 2559 2833 2626 perversitate.»
2855 2559 2908 2614 lu
2931 2559 3013 2615 his
3037 2560 3191 2631 igitm
3213 2562 3710 2631 omnibus,omitto

402 2653 597 2711 simum
620 2648 897 2724 Cyrillum,
926 2653 977 2706 in
1013 2654 1397 2722 postrrioribus
1441 2665 1587 2708 recte
1606 2654 1881 2709 confessus
1912 2669 1999 2708 re-
2104 2665 2245 2705 nunc
2284 2665 2529 2720 arguere,
2549 2651 2686 2720 quod
2717 2652 2768 2705 in
2794 2651 2893 2707 hoc
2924 2651 3062 2707 libro
3107 2656 3289 2709 nescio
3311 2658 3427 2725 quis
3451 2656 3704 2716 Joannes

405 2746 547 2816 spuit
570 2744 655 2800 illa
682 2747 874 2816 quibus
895 2745 1235 2812 culpaverat;
1264 2744 1498 2813 nunquid
1521 2755 1733 2800 econtra
1767 2745 1999 2800 mutirei
2105 2742 2390 2797 haereticus
2423 2757 2525 2797 non
2556 2752 2635 2797 est
2663 2746 2919 2812 probatus
2944 2745 3130 2799 eadem
3159 2748 3427 2815 sapuisse,
3459 2750 3604 2801 sicut
3622 2750 3705 2806 ad

410 2835 664 2906 numquid
720 2838 986 2904 respirare
1013 2834 1346 2889 valebimus?
1394 2834 1530 2902 Quid
1561 2836 1700 2889 enim
1732 2834 1849 2890 ibas
1880 2835 1999 2906 epi-
2104 2833 2289 2888 Marim
2307 2834 2548 2902 epistola,
2576 2833 2659 2888 vel
2683 2834 2804 2904 quia
2829 2835 2898 2889 ita
2920 2837 3160 2905 sapuerit
3181 2851 3301 2892 esse
3316 2836 3701 2896 detestandus.

415 2942 614 2996 seopus
645 2926 696 2981 in
742 2924 827 2980 illa
862 2925 1214 2995 postulatione
1244 2933 1298 2979 et
1324 2924 1695 2995 deprecatione
1717 2941 1875 2997 quam
1908 2941 2002 2994 pro
2104 2926 2303 2980 Omitto
2326 2927 2448 2995 quia
2482 2942 2577 2982 nec
2623 2927 2754 2981 illud
2804 2928 3085 2996 probatum
3129 2940 3232 2996 est,
3268 2930 3408 2999 quod
3453 2930 3706 2995 iactatur

414 3019 507 3073 illo
539 3019 713 3072 clerus
755 3017 929 3072 omnis
958 3015 1245 3071 Edessena
1268 3016 1497 3071 civitatis
1522 3016 1762 3083 miserat,
1796 3018 2001 3073 locutus
2106 3017 2246 3072 idem
2274 3017 2509 3073 Joannes
2541 3018 2702 3073 fniSse
2731 3019 3029 3087 confessus,
3063 3022 3373 3088 praedictam
3408 3025 3709 3093 epistolam

412 3111 583 3165 fuerat
608 3110 675 3165 de
694 3108 851 3164 beato
876 3107 1097 3179 Cyrillo,
1131 3108 1271 3179 quod
1302 3107 1574 3164 diceretur
1604 3109 1656 3163 in
1698 3110 2002 3178 posteriori-
2106 3110 2429 3166 destructam
2457 3120 2618 3180 atque
2648 3112 2923 3180 expulsam
2949 3126 2977 3163 a
3008 3122 3192 3167 sancta
3220 3115 3450 3183 synodo.
3482 3116 3715 3173 Omitto

412 3202 509 3256 bus
538 3203 843 3271 resipuisse?
870 3201 927 3257 Si
958 3202 1078 3271 quis
1099 3213 1278 3255 autem
1306 3201 1443 3271 legat
1474 3200 1589 3271 eius
1618 3200 1900 3271 epistolam
1929 3201 1996 3256 ad
2105 3205 2226 3275 quia
2258 3203 2390 3259 nihil
2421 3203 2706 3258 Theodoro
2738 3202 3051 3273 prmjudicat
3099 3206 3243 3275 quod
3274 3222 3393 3261 eum
3437 3209 3713 3266 similiter

412 3292 594 3347 Mat-itu
629 3293 843 3348 Persam
871 3291 1068 3357 datam,
1108 3308 1266 3363 quam
1296 3294 1346 3346 in
1379 3293 1626 3360 sequenti
1672 3292 1806 3347 libro
1832 3307 1999 3362 pone-
2032 3302 2076 3364 (ζ
2106 3309 2135 3348 a
2168 3295 2378 3365 synodo
2405 3296 2684 3365 expulsum
2709 3296 2910 3351 dixisse
2934 3294 3126 3362 fertur,
3159 3299 3409 3367 quoniam
3431 3300 3474 3354 si
3506 3301 3578 3354 ab
3605 3301 3714 3357 illo

414 3400 551 3447 mus,
585 3383 653 3438 ibi
682 3386 795 3439 haec
820 3385 997 3437 omnia
1041 3382 1396 3453 recognoscit.
1444 3380 1638 3438 Verum
1680 3396 1835 3446 ecce,
1881 3384 1924 3436 si
1973 3380 1991 3413 ¹
2099 3386 2422 3454 exigeretur,
2450 3386 2677 3453 probare
2707 3400 2812 3439 non
2846 3396 3055 3457 posset.
3084 3387 3196 3443 Hoc
3226 3399 3307 3443 est
3339 3404 3523 3456 unum,
3552 3392 3715 3457 quod

418 3474 803 3544 multiplicibus
849 3473 1184 3529 documentis
1217 3474 1500 3528 ostendent
1542 3475 1681 3545 quod
1715 3476 1993 3546 epistolam
2098 3479 2226 3531 volo
2257 3478 2459 3542 dicere,
2486 3480 2609 3548 quia
2639 3479 2762 3535 licet
2782 3480 3008 3547 trepidis
3030 3489 3088 3535 et
3114 3481 3545 3538 inconstantibus
3576 3500 3715 3538 ver-

412 3564 519 3620 Ibae
548 3566 782 3637 synodus
825 3564 1179 3620 orthodoxam
1208 3564 1485 3634 judicavit,
1516 3566 1582 3621 de
1604 3582 1704 3637 qua
1738 3567 1851 3636 ipse
1880 3567 1995 3622 lbas
2100 3570 2206 3639 bis,
2237 3570 2589 3639 prodiderunt
2612 3571 2755 3625 seire
2787 3585 2847 3626 se
2876 3572 3018 3641 quod
3050 3586 3078 3625 a
3112 3573 3320 3642 synodo
3347 3574 3579 3642 epistola
3610 3575 3719 3632 illa

414 3657 588 3715 fuerat
637 3669 954 3724 accusatus;
1005 3658 1239 3729 nunquid
1286 3659 1617 3716 ostendimus
1656 3670 1711 3716 et
1757 3677 1876 3729 nos,
1909 3662 1996 3717 ubi
2101 3672 2345 3731 suscepta
2379 3661 2469 3723 sit,
2499 3663 2592 3718 sed
2642 3670 2701 3716 ut
2730 3663 2883 3718 nobis
2911 3664 3200 3735 illuderent
3230 3665 3317 3718 illa
3341 3666 3520 3719 omnia
3568 3682 3721 3722 con.

417 3755 594 3810 cunnis
621 3756 797 3808 clerus
831 3753 1116 3808 Edesseme
1140 3753 1371 3807 civitatis
1401 3762 1680 3809 accusatus
1722 3764 1826 3821 est,
1857 3754 1997 3822 quod
2105 3753 2396 3807 ﬁnxerunt.
2428 3753 2557 3809 Nam
2589 3754 2861 3824 quomodo
2890 3756 3193 3810 nescientes
3222 3755 3288 3810 de
3318 3754 3400 3809 illa
3427 3758 3721 3828 synodum

417 3862 519 3900 non
590 3844 942 3901 orthodoxam
1001 3843 1412 3914 postulatiooem
1470 3854 1525 3898 et
1570 3844 1998 3912 deprecationem
2104 3846 2390 3918 protulisse
2420 3846 2763 3913 sententiam,
2797 3845 3039 3900 dicerent
3066 3846 3206 3915 quod
3233 3848 3529 3916 iusynodis
3557 3849 3717 3904 nihil

414 3951 515 4006 pro
538 3936 651 4007 ipso
674 3936 762 3990 lba
792 3937 1044 4003 episeopo
1067 3934 1244 3988 miseri
1278 3977 1290 3998 ,
1317 3944 1375 3987 ut
1406 3935 1766 3989 necessarium
1796 3936 2001 4004 synodo
2106 3936 2475 4006 prtejudicent,
2502 3952 2620 4005 qua:
2647 3946 2773 3990 ante
2797 3936 3087 4005 perfectum
3115 3936 3375 4006 judicium
3406 3952 3434 3990 a
3470 3940 3725 4005 quibus-

424 4029 697 4082 videretur
743 4028 807 4080 de
837 4028 923 4080 illa
958 4025 1320 4095 pronuntiaze,
1353 4025 1491 4094 quod
1524 4024 1822 4079 orthodoxa
1847 4024 2003 4079 fuerit
2106 4028 2225 4081 dam
2262 4028 2482 4082 forsitan
2512 4027 2651 4081 dicta
2682 4039 2825 4096 sunt,
2862 4029 2942 4083 eis
2993 4044 3114 4097 quae
3143 4031 3210 4083 ab
3244 4030 3496 4083 omnibus
3540 4032 3728 4089 simul

419 4120 533 4187 ejus
555 4118 911 4171 dictatioiaut
931 4118 1087 4170 etiam
1104 4118 1145 4170 si
1168 4118 1265 4171 hoc
1285 4127 1462 4187 posset
1491 4117 1721 4184 ostendi,
1741 4120 2003 4186 approba-
2108 4118 2158 4170 in
2189 4118 2373 4172 ultimo
2400 4119 2725 4173 deﬁniuntur
2747 4119 2979 4173 ordine?
3011 4120 3172 4189 Erga,
3223 4120 3347 4174 licet
3373 4120 3725 4189 quibusdam

419 4213 492 4263 tio
508 4208 1346 4278 poszulationisetdeprecationis
1366 4208 1656 4264 ilziuslbam
1673 4212 1998 4279 episcopum,
2107 4209 2526 4274 dissonantibus,
2554 4211 2694 4265 scire
2731 4225 2790 4265 se
2813 4220 2987 4265 tamen
3016 4212 3244 4265 confessi
3271 4221 3397 4265 sunt
3431 4210 3502 4265 de
3532 4228 3733 4270 vene—

420 4311 474 4358 et
505 4318 608 4356 non
657 4304 799 4372 ipsos
852 4304 1226 4372 deprecatores
1256 4304 1574 4357 absolveret.
1608 4302 1738 4356 Nam
1765 4312 1817 4357 et
1843 4303 2004 4372 ip-ius
2108 4300 2291 4354 rabilis
2322 4300 2425 4355 lbae
2451 4301 2677 4370 epistola
2710 4302 2976 4371 synodum
3002 4302 3299 4372 judicasse.
3344 4301 3497 4369 Quod
3540 4304 3735 4362 etiam

420 4393 701 4451 sententia:
734 4394 957 4448 recitare
979 4395 1141 4449 verba
1171 4393 1453 4460 debemus,
1478 4396 1520 4449 si
1547 4393 1704 4460 forte,
1745 4395 2007 4464 quemad-
2110 4390 2162 4444 in
2196 4391 2581 4460 posterioribus
2607 4392 2849 4460 ejusdem
2880 4394 2959 4447 sui
2986 4392 3107 4447 libri
3136 4392 3384 4447 similiter
3418 4394 3679 4467 produnt
3714 4438 3735 4460 ,

421 4488 638 4543 modum
685 4503 845 4558 super
873 4489 974 4545 lba:
998 4490 1273 4558 epistolam
1315 4487 1509 4544 factum
1554 4499 1656 4554 est,
1688 4489 1878 4559 aliquis
1905 4489 2007 4544 Pa-
2111 4482 2179 4536 ita
2208 4482 2484 4537 dicentes:
2523 4500 2541 4533 ‹
2579 4481 2645 4537 Ει
2676 4482 2791 4538 haec
2820 4484 3035 4554 quidem
3060 4484 3200 4538 dicta
3242 4494 3383 4550 sunt,
3430 4495 3491 4537 ut
3523 4498 3740 4542 omen-

420 4588 560 4635 trum
586 4580 723 4635 dixit
770 4580 821 4634 in
856 4581 941 4635 illa
966 4579 1173 4652 synodo
1210 4599 1223 4633 :
1255 4580 1529 4647 Scriptura
1560 4582 1929 4650 postulationis
1955 4590 2006 4635 et
2110 4574 2328 4628 daretur
2358 4573 2605 4628 omnibus
2626 4574 2748 4645 quia
2783 4576 2834 4628 iu
2858 4576 2945 4629 his
2972 4591 3089 4643 qua:
3126 4578 3284 4630 facta:
3327 4585 3447 4629 sunt
3480 4579 3737 4645 syriodi,

422 4673 819 4745 deprecatiOuis
847 4675 1022 4729 omnis
1069 4674 1197 4729 cleri
1244 4673 1531 4729 Edessena:
1573 4674 1804 4728 civitatis
1829 4674 2007 4729 ortbo-
2035 4670 2194 4735 Dvcl
2226 4669 2271 4722 si
2302 4683 2424 4737 qua,
2460 4676 2515 4721 ut
2555 4682 2699 4734 saepe
2727 4668 3009 4737 contingit,
3062 4668 3390 4722 dissonantia
3438 4665 3516 4720 ab
3569 4668 3744 4736 judi-

423 4768 558 4822 doxa
587 4768 745 4823 nobis
772 4768 1036 4838 apparuit.
1061 4766 1166 4823 Sed
1199 4768 1333 4822 nihil
1362 4770 1465 4822 tale
1493 4765 1794 4822 valebimus
1826 4776 2006 4821 osten-
2109 4760 2353 4815 cantibus
2377 4760 2511 4817 facta
2541 4762 2731 4825 fuerat,
2762 4768 2996 4813 attamen
3030 4759 3207 4813 nullus
3230 4774 3293 4813 ea
3318 4774 3430 4827 quze
3465 4774 3565 4828 per
3592 4777 3747 4829 par-

424 4857 573 4922 dere,
607 4865 662 4911 et
702 4856 902 4924 optimc
944 4858 1147 4911 scimus
1187 4854 1308 4926 quia
1343 4871 1565 4911 necesse
1595 4871 1698 4910 non
1724 4867 1840 4910 erat
1863 4857 2006 4910 illam
2115 4861 2194 4907 tes
2222 4852 2477 4907 dicuntur
2503 4851 2751 4919 attendit,
2786 4853 2881 4909 sed
2905 4866 2970 4906 ea
2997 4868 3115 4921 quae
3136 4852 3204 4905 ab
3234 4852 3480 4907 omnibus
3510 4853 3749 4911 ultimo

426 4947 834 5017 postulationem
858 4959 907 5001 et
938 4947 1374 5017 deprecatimem
1398 4947 1754 5001 orthodoxam
1777 4962 2011 5017 pronun-
2113 4944 2441 4999 deﬁniuntur
2470 4945 2525 4999 in
2550 4945 2759 4999 ordine.
2800 4962 2821 4997 ι
2874 4946 3068 4999 Verum
3102 4946 3256 4998 nobis
3284 4942 3482 4998 sufﬁcit
3510 4957 3750 5003 eorum

426 5039 565 5104 tiari,
616 5038 683 5093 de
706 5054 810 5108 qua
854 5039 995 5093 nulla
1046 5040 1167 5094 talis
1212 5040 1434 5108 quaestio
1461 5039 1800 5101 vertebatur;
1831 5039 1923 5093 sed
1956 5047 2011 5093 ut
2115 5035 2269 5091 dolos
2298 5038 2460 5091 etiam
2493 5038 2619 5104 ipsis
2647 5037 3029 5091 conﬁtentibus
3050 5036 3386 5105 cognovisse.
3412 5033 3746 5107 Czeterum,

427 5144 527 5185 nos
567 5131 631 5184 ad
666 5132 806 5185 illius
835 5130 1079 5198 epismke
1105 5131 1608 5185 condemnationem
1640 5131 2008 5186 haereticorum
2118 5144 2217 5182 nec
2244 5127 2359 5182 istis
2387 5128 2857 5183 adinveutionibus
2888 5129 3234 5182 assentimus.
3291 5127 3523 5180 Primum
3598 5133 3757 5198 qui-

427 5219 663 5274 fautores
719 5222 1050 5286 inducerent,
1099 5222 1200 5276 ista
1247 5223 1540 5276 ﬁnxerunt.
1568 5222 1699 5277 Nam
1728 5236 1893 5292 quare
1922 5221 2009 5275 lba
2118 5221 2260 5285 dem,
2294 5237 2360 5276 ne
2387 5236 2509 5275 cum
2533 5222 2637 5275 illis
2665 5238 2769 5276 non
2794 5222 2969 5276 solum
3001 5220 3306 5285 mendaces,
3330 5220 3420 5273 sed
3448 5220 3639 5275 etiam
3688 5226 3755 5281 in

427 5316 680 5384 episcopo
712 5323 984 5380 accusato,
1027 5321 1203 5369 omnis
1252 5315 1423 5369 clerus
1466 5314 1751 5370 Edessena:
1781 5314 2010 5368 civitatis
2120 5310 2235 5379 ipso
2262 5311 3017 5381 mendaciodeprt-lteudamur
3040 5311 3332 5377 instabiles,
3359 5319 3412 5363 ut
3437 5308 3750 5377 dicamus,

428 5404 865 5473 pronuntiaretur
894 5405 1260 5469 ortltodoxus;
1305 5416 1396 5458 aut
1442 5404 1747 5459 ortbodoxo
1774 5419 2009 5471 prouuu-
2121 5418 2225 5457 non
2252 5404 2318 5458 de
2345 5403 2450 5458 lba:
2479 5406 2724 5474 epistola.
2754 5405 2848 5459 sed
2880 5405 2948 5460 de
2973 5405 3236 5473 scriptura
3262 5402 3663 5470 postulationis
3689 5418 3761 5463 et

429 5498 558 5551 tiato
580 5498 724 5552 oumi
747 5499 894 5553 clero
919 5497 1204 5551 Edessena:
1229 5496 1478 5561 civitatis,
1506 5496 1619 5551 ibas
1643 5496 2010 5549 absolveretur
2119 5496 2515 5564 deprecatiohis
2543 5498 2717 5551 omnis
2746 5497 2875 5551 clari
2908 5498 3197 5569 Edesserye
3236 5493 3488 5558 civitatis,
3534 5508 3763 5566 agno-

498 5658 529 5688 ⁸
548 5645 857 5703 Διδασκαλία
883 5645 967 5697 καὶ
986 5640 1471 5715 παρᾴιλησιςιτῖαμὰ
1491 5638 1682 5715 natura;
1708 5642 1797 5715 rei}
1822 5636 2003 5709 κλήρου

2198 5650 2220 5687 n
2262 5638 2578 5715 appellatur,
2611 5650 2768 5703 quam
2798 5634 3065 5711 interpres
3094 5632 3283 5704 synodi
3326 5643 3465 5685 nunc
3514 5630 3767 5691 inuru-

436 5730 521 5779 n'ic
540 5717 849 5773 Ἐὂεσσηνῶν
876 5707 1249 5787 nomenclator.
1271 5781 1280 5787 .
1302 5707 1573 5787 Sic-{ﬁttim
1607 5707 1867 5787 thSt'ripttt
1897 5707 1998 5759 est.

1607 5707 1867 5787 inscripta
1897 5707 1998 5759 est.
2113 5712 2327 5762 ctiouvm
2363 5711 2553 5773 toddit,
2588 5722 2727 5760 nunc
2752 5707 3144 5775 suggestionem.

436 5776 827 5845 lii—clericorum
876 5776 1040 5853 porro
1078 5778 1559 5846 subscriptionibus
1600 5776 1893 5833 didaexa‘ua
1923 5794 2007 5830 so-

505 5922 524 5955 ‘
554 5922 687 5977 Cod.
728 5920 948 5992 Verum,
977 5936 1085 5974 ecce
1116 5919 1211 5989 ipsi
1239 5917 1616 5988 mtu'tt'pt'icibus.
