3974 6330
364 411 471 469 ὓῦδ

1470 402 1765 469 ΕΑΟυΝΒΙ
1808 408 2019 468 EPISC.
2059 410 2558 469 IIEBMIANENSIS

3548 412 3644 469 63‘s

363 544 470 605 qua
497 529 551 584 in
600 530 742 584 hunc
768 529 957 583 librum
986 527 1222 596 exempli
1271 527 1437 595 gratia
1489 529 1816 595 transferre,
1865 528 1955 583 ubi
1986 532 2038 588 Α
2066 543 2186 585 esse
2216 530 2513 600 negaverit.
2542 532 2599 587 Si
2630 540 2805 587 autem
2835 532 2887 586 in
2915 546 3098 590 eorum
3122 528 3325 603 judicio
3360 544 3466 586 non
3494 530 3653 588 doce-

368 625 655 694 prasdictus
696 624 888 687 Maras,
920 636 1056 677 unus
1084 637 1151 677 ex
1191 624 1595 678 accusatoribus
1638 624 1805 692 ipsius
1846 620 1951 675 iba:

368 718 627 787 episcopi,
657 717 793 771 dixit
837 716 896 770 ιτ
948 734 967 767 ι
1024 715 1160 783 Quid
1211 715 1377 770 habes
1424 716 1491 771 de
1541 714 1642 770 fide
1693 712 1954 770 movere?

370 809 546 865 Maras
575 808 848 877 alloquens
874 806 1009 861 dixit
1035 815 1062 845 ι
1088 823 1100 859 :
1136 806 1250 862 Non
1304 806 1517 863 invideo
1545 805 1765 862 Christo
1815 804 1957 860 facto

371 902 504 965 Deo;
533 902 583 954 in
616 909 871 967 quantum
900 901 1040 954 enim
1069 899 1182 967 ipse
1217 899 1387 954 factus
1426 909 1529 963 est,
1564 906 1619 953 et
1657 913 1756 957 e_:o
1788 899 1957 951 factus

372 1006 511 1044 sum.
548 990 985 1045 iteverentissimi
1034 989 1271 1058 episcopi
1314 989 1564 1043 dixerunt
1619 1005 1637 1042 :
1687 986 1959 1044 Coufitea-

374 1092 461 1134 tur
482 1084 503 1112 ¹
531 1082 995 1136 reverentissimns
1040 1080 1177 1146 ibas,
1201 1080 1246 1135 si
1269 1079 1382 1134 haec
1404 1081 1470 1133 ab
1488 1096 1555 1136 eo
1581 1081 1782 1148 prolata
1812 1088 1958 1133 sunt.

375 1170 858 1225 Reverentissimus
889 1171 1168 1239 episcOpus
1204 1172 1375 1225 dixit:
1428 1172 1722 1227 Auathema
1781 1172 1829 1226 ei
1875 1170 1965 1239 qui

374 1260 511 1315 dixit
553 1270 606 1315 et
647 1263 695 1316 ei
739 1262 829 1331 qui
872 1262 1263 1325 calumniatur,
1311 1277 1411 1331 ego
1459 1263 1605 1317 enim
1666 1277 1770 1316 non
1826 1262 1962 1317 dixi.

378 1350 594 1405 Samuel
625 1351 795 1405 dixit:
840 1352 1027 1407 Testes
1068 1353 1221 1406 nobis
1250 1354 1487 1407 existunt
1533 1352 1690 1423 hujus
1740 1356 1854 1419 rei,
1899 1367 1966 1407 ex

376 1444 569 1513 quibus
594 1444 679 1498 hic
701 1452 823 1498 sunt
846 1462 859 1496 :
876 1456 1126 1512 rogamus
1154 1446 1252 1498 hos
1266 1462 1291 1495 a
1309 1445 1458 1498 Vobis
1480 1454 1729 1500 evocatos
1744 1444 1966 1513 suscipi,

378 1544 434 1589 et
456 1535 667 1603 propria
682 1549 811 1589 voce
824 1535 1005 1589 testari
1030 1536 1071 1589 si
1089 1550 1210 1590 eum
1225 1537 1245 1566 ⁸
1266 1536 1532 1590 audierint
1549 1538 1661 1591 haec
1676 1535 1967 1591 dicentem.

379 1625 862 1682 Reverentissimns
891 1628 1007 1681 ibas
1033 1628 1317 1696 episcdpus
1359 1628 1528 1684 dixit:
1565 1628 1753 1684 Decies
1778 1628 1972 1683 millies

380 1732 481 1785 ego
500 1720 667 1773 secari
692 1719 880 1787 patior,
911 1734 980 1789 qu
1000 1734 1070 1773 nu
1100 1719 1280 1774 dicere
1312 1719 1413 1774 hoc
1430 1721 1684 1775 verbum:
1711 1720 1850 1774 absit
1873 1717 1975 1774 hoc

382 1812 607 1866 verbum
638 1826 722 1866 me
752 1814 832 1866 vel
864 1812 1131 1882 cogitare;
1157 1813 1249 1868 sed
1278 1814 1392 1869 scio
1415 1827 1515 1883 ego
1531 1813 1653 1883 quia
1684 1811 1977 1882 unusquis-

2056 630 2141 675 tur
2168 622 2289 677 ibas
2317 636 2541 693 negasse
2571 620 2711 693 quod
2745 624 2908 689 ipsius
2939 623 3098 678 fuerit
3129 623 3217 679 illa
3240 622 3493 692 epistola,
3518 639 3653 694 quo-

2057 716 2219 770 modo
2271 716 2496 770 istorum
2538 716 2877 770 suasionibus
2926 716 3333 780 acquiescentes
3401 716 3644 771 dicemus

2059 810 2181 879 quia
2206 822 2347 870 eam,
2379 805 2517 877 quod
2549 806 2695 876 prius
2722 821 2825 860 non
2856 803 3074 872 fecerat,
3112 816 3292 874 postea
3342 807 3394 860 in
3445 806 3656 877 synodo

2061 911 2211 953 suam
2245 897 2409 952 fuisse
2442 896 2748 965 denegavit,
2780 896 2866 950 ubi
2898 896 3072 964 potius
3121 911 3285 962 super
3334 896 3447 964 ipsa
3493 898 3640 949 inve.

2065 989 2282 1043 ninntur
2313 989 2533 1058 prolatas
2582 991 2882 1049 sententiae,
2932 998 2986 1042 et
3020 987 3162 1042 idem
3202 988 3320 1042 ibas
3370 990 3655 1058 episcopus

2065 1084 2181 1154 ejus
2209 1084 2503 1137 reiectioae
2526 1074 2973 1151 purgatur?Nam
3005 1089 3059 1136 et
3086 1082 3185 1136 hoc
3214 1083 3265 1135 in
3297 1096 3394 1135 suo
3422 1079 3562 1135 libro
3586 1083 3656 1136 ita

2068 1172 2319 1229 dixerunt
2344 1192 2356 1227 :
2394 1189 2411 1225 t
2441 1172 2546 1228 Sed
2575 1177 2736 1228 etiam
2767 1173 2820 1227 in
2849 1182 3033 1226 sancta
3053 1171 3476 1227 Chalcedonensi
3497 1188 3658 1244 syno-

2069 1264 2138 1321 do
2166 1267 2353 1321 volens
2379 1265 2496 1319 ibas
2524 1265 2746 1319 liberum
2773 1277 2834 1318 se
2864 1263 3038 1331 ipsum
3072 1263 3140 1317 de
3168 1264 3510 1318 accusatione
3549 1264 3660 1334 epi-

2071 1357 2224 1412 stola:
2249 1357 2641 1421 demonstrare,
2671 1365 2789 1424 post
2824 1355 3173 1410 reicctionem
3219 1355 3485 1426 ejusdem,
3538 1371 3663 1410 mox

2075 1447 2374 1517 huiusmodi
2403 1446 2742 1502 sermonibus
2774 1446 2887 1500 hmc
2909 1447 2982 1500 ait
3008 1459 3021 1500 :
3050 1444 3246 1501 Jubete
3271 1446 3431 1515 releg‘
3460 1447 3664 1501 litteras

2075 1541 2392 1596 clericorum
2426 1537 2843 1602 Edessenorum,
2864 1549 2919 1592 ut
2940 1536 3275 1608 cognoscatis
3319 1540 3441 1607 quia
3482 1538 3550 1591 ab
3582 1535 3667 1592 his

2077 1646 2195 1699 qum
2231 1629 2359 1685 mihi
2392 1630 2536 1685 illata
2570 1641 2690 1684 sunt
2736 1628 2949 1684 alienus
2985 1643 3124 1696 sum,
3174 1636 3229 1684 et
3275 1629 3382 1683 vim
3429 1629 3666 1698 pertuli:

2078 1728 2133 1777 et
2158 1717 2358 1777 reiecta
2387 1730 2469 1776 est
2488 1736 2607 1791 qua:
2637 1723 2761 1775 data
2787 1729 2870 1776 est
2898 1719 2969 1775 ab
2997 1734 3063 1775 eo
3093 1717 3319 1789 epistola
3347 1718 3669 1774 clericorum

2083 1812 2503 1878 Edessenorum,
2536 1813 2587 1865 in
2617 1826 2720 1881 qua
2749 1810 3178 1866 testificabaatur
3218 1809 3267 1865 ei
3299 1823 3418 1864 cum
3463 1807 3669 1878 jureju-

383 1915 493 1969 q-ie
510 1914 575 1956 ex
603 1900 943 1957 confessione
962 1904 1223 1957 salvator.
1262 1903 1697 1958 lteverentissimi
1725 1900 1969 1971 episcopi
2009 1906 2051 1964 Β
2082 1903 2269 1969 rando,
2302 1905 2423 1973 quia
2457 1902 2585 1957 nulli
2618 1901 2818 1957 conscii
2863 1910 2988 1957 sunt
3032 1900 3293 1956 adversus
3341 1912 3462 1955 eum
3517 1899 3669 1956 facta!

384 1993 674 2048 dixerunt:
706 1996 764 2049 in
793 1995 1093 2049 ecclesiane
1137 1994 1274 2049 dicis
1322 1995 1817 2049 reverentissimum
1862 1993 1975 2062 epi~

384 2098 607 2154 scopum
637 2085 779 2139 ibam
831 2085 945 2140 hzec
976 2086 1218 2141 dixisse?
1257 2085 1472 2140 Samuel
1522 2084 1690 2141 dixit:
1733 2085 1978 2140 Consue-

390 2176 520 2230 tudo
551 2186 632 2230 est
666 2177 719 2228 in
749 2176 838 2231 die
866 2185 1055 2230 sancto
1098 2177 1338 2241 Pasch-.13,
1369 2184 1459 2230 aut
1508 2185 1633 2230 ante
1676 2170 1818 2230 diem
1849 2174 1979 2229 dare

391 2282 514 2325 eum
544 2270 611 2324 de
642 2282 802 2323 manu
834 2270 1044 2323 clericis
1094 2269 1337 2339 quaedam
1367 2282 1462 2335 pro
1492 2267 1815 2321 feStivitate:
1856 2265 1981 2320 inde

388 2374 509 2416 cum
537 2360 652 2414 haec
680 2361 809 2413 dare
841 2359 1048 2413 futurus
1076 2366 1239 2424 esset,
1284 2358 1570 2427 alioquitur
1616 2356 1885 2427 primitus,
1927 2362 1983 2410 et

388 2451 468 2506 sic
492 2451 604 2505 dat.
634 2450 909 2505 Allocutus
937 2458 1020 2505 est
1048 2458 1227 2504 autem
1254 2449 1357 2503 hoc
1398 2459 1451 2503 et
1493 2462 1676 2503 coram
1731 2445 1981 2501 omnibus

390 2549 445 2597 et
486 2544 839 2612 praesentibus
885 2542 1123 2611 clericis,
1174 2550 1232 2596 ut
1279 2542 1585 2609 accipereut
1632 2553 1693 2593 ea
1736 2552 1856 2608 qua:
1886 2550 1984 2606 pro

395 2634 682 2690 festivitate
708 2634 945 2688 dantur:
973 2642 1029 2689 et
1054 2628 1404 2689 ctmvlncetur
1431 2631 1500 2685 ab
1531 2629 1799 2701 aliquibus
1825 2643 1892 2683 ex
1917 2627 1984 2682 iis

396 2730 611 2783 clericis
643 2726 729 2782 hic
754 2729 1038 2792 stantibus,
1072 2728 1160 2797 qui
1193 2725 1294 2781 hoc
1323 2726 1389 2779 ab
1434 2726 1540 2781 isto
1582 2724 1866 2779 audierunt
1894 2723 1978 2777 die

397 2829 568 2875 ctum.
600 2818 1036 2875 Reverentissimi
1068 2817 1309 2889 episcopi
1344 2816 1593 2872 dixerunt
1614 2832 1629 2868 :
1650 2816 1790 2869 Ante
1821 2828 1989 2882 quan-

395 2917 505 2965 tum
538 2920 747 2979 tempus
776 2910 889 2962 iich
915 2909 1115 2963 dixisse
1142 2908 1637 2962 reverentissimum
1668 2905 1813 2960 ibam
1860 2905 1980 2972 epi-

396 3012 615 3071 scopum
643 2999 949 3071 profiteris?
974 2998 1193 3054 Samuel
1224 2997 1375 3062 dixit,
1414 2990 1551 3054 Sunt
1581 3006 1690 3051 tres
1710 2995 1835 3049 anni
1869 2995 1990 3063 plus

398 3095 595 3159 minus,
624 3093 765 3164 quod
804 3092 947 3148 dicta
969 3097 1114 3147 sunt.
1146 3090 1468 3154 uAttendis,
1500 3090 1755 3159 Auguste,
1798 3100 1989 3157 quem.

397 3184 685 3241 admodum
733 3182 885 3252 prius
935 3197 964 3236 a
1014 3181 1290 3252 judicibus
1340 3180 1700 3249 interrogatus
1745 3177 1815 3231 sit
1874 3177 1991 3230 ibas

402 3276 701 3345 episc0pus,
754 3283 930 3329 utrum
977 3274 1045 3329 ab
1093 3287 1161 3327 eo
1208 3272 1415 3342 prolata
1458 3272 1526 3326 sit
1588 3270 1679 3325 illa
1743 3269 1994 3338 blasphe-

407 3370 551 3433 mia;
581 3367 1030 3438 quemadmodum
1081 3367 1239 3420 etiam
1293 3375 1633 3420 accusatores
1676 3362 1701 3396 ⁸
1740 3364 1995 3418 adversus

404 3472 525 3516 sum
581 3467 744 3514 testes
818 3457 1040 3527 produci
1113 3458 1464 3526 petiverunt;
1539 3453 1992 3524 quemadmodum

404 3549 609 3622 Iudices
657 3551 966 3615 qumsierint
1025 3550 1091 3604 ab
1143 3548 1585 3613 accusatoribus,
1658 3561 1765 3615 quo
1834 3546 1994 3613 loco,

406 3655 511 3711 quo
562 3652 821 3708 tempore,
853 3641 1045 3712 quibus
1089 3639 1445 3709 prmsentihus
1485 3638 1623 3692 hanc
1654 3652 1772 3692 eam
1807 3638 1829 3669 '
1858 3637 1998 3691 blas-

406 3732 675 3801 phemiam
730 3731 971 3785 dicerent
1027 3731 1355 3800 protulisse:
1409 3736 1465 3782 et
1508 3729 1586 3782 illi
1653 3728 1995 3797 pertinaces,

408 3832 461 3877 et
506 3822 679 3877 idcum
729 3822 1035 3891 designant,
1068 3828 1123 3875 et
1171 3831 1379 3889 tempus
1432 3829 1752 3883 memorant,
1794 3823 1851 3871 et
1896 3826 2001 3871 tes-

408 3921 490 3968 tes
534 3913 901 3982 pronuntiant,
956 3922 1011 3967 et
1057 3912 1267 3983 quoties
1309 3911 1424 3963 haec
1465 3909 1633 3976 dicta,
1663 3909 1875 3979 quoties
1914 3922 2002 3962 re-

410 4002 599 4075 plicata
626 4003 762 4067 sint,
808 4003 1043 4070 ipsorum
1097 4010 1370 4070 gestorum
1415 4009 1610 4054 caetera
1652 3998 1785 4051 satis
1820 4006 2003 4051 osten-

412 4093 563 4147 dunt.
594 4092 730 4158 Quid
754 4093 858 4145 tale
882 4091 1215 4160 potuerimus
1248 4089 1475 4158 probare
1523 4102 1687 4158 super
1735 4087 1830 4142 illa
1881 4088 2005 4157 epi-

413 4182 556 4237 Stola
587 4183 806 4248 factum,
867 4194 922 4235 ut
951 4181 1194 4235 dicamus
1232 4181 1374 4250 quod
1404 4193 1522 4239 eam
1564 4179 1854 4248 praedictus
1884 4179 2002 4236 ibas

414 4287 563 4327 suam
593 4273 756 4327 fuisse
784 4274 1078 4341 negaverit,
1099 4286 1259 4342 quam
1291 4274 1342 4327 in
1379 4282 1584 4327 tantum
1625 4282 1681 4329 et
1724 4274 1823 4343 ipsi
1861 4273 2007 4343 judi-

415 4378 507 4421 ees
535 4365 648 4434 ejus
677 4364 841 4421 inim
866 4364 979 4435 jam
1018 4374 1301 4431 noverant,
1332 4374 1387 4419 ut
1422 4380 1523 4421 nec
1561 4366 2004 4436 interrogandum

412 4472 536 4512 eum
555 4468 803 4526 putarent
819 4469 997 4512 utrum
1017 4458 1184 4528 ipsius
1207 4457 1396 4513 fuerit?
1424 4458 1641 4513 Frustra
1655 4460 1852 4528 itaque,
1869 4458 2007 4513 sicut

416 4551 552 4616 disi,
582 4551 816 4607 fautores
844 4552 1217 4607 haereticorum
1249 4565 1348 4606 nos
1392 4552 1653 4606 indue-re
1695 4551 2002 4618 voluerant,

2081 1995 2453 2061 accusationis,
2489 2009 2662 2065 neque
2677 2004 3004 2065 cognoscunt
3021 2007 3141 2048 eum
3164 1990 3492 2047 contrarium
3512 1989 3668 2062 quid~

2078 2087 2202 2142 dam
2244 2092 2405 2141 recta:
2453 2083 2647 2141 fecisse
2693 2082 2834 2139 fidei.
2874 2100 2895 2136 ι
2946 2084 3001 2137 in
3034 2082 3224 2153 quibus
3276 2082 3476 2147 verbis,
3536 2078 3667 2136 illud

2081 2182 2228 2251 prius
2255 2178 2638 2235 advertendum
2669 2188 2773 2243 est,
2799 2176 2940 2245 quod
2975 2176 3043 2230 ab
3074 2175 3323 2231 illusioae
3350 2175 3510 2230 solita
3555 2188 3668 2229 nou

2083 2273 2356 2337 recedant,
2380 2284 2435 2325 ttt
2466 2272 2610 2325 illam
2641 2270 2993 2339 scripturam,
3025 2285 3184 2337 quam
3217 2284 3313 2338 pro
3362 2279 3669 2323 memorato

2083 2365 2169 2419 iba
2195 2363 2370 2417 omnis
2390 2363 2567 2417 clerus
2602 2361 2889 2416 Edessena:
2934 2361 3166 2415 civitatis
3211 2359 3423 2423 obtulit,
3476 2359 3672 2427 epist»

2086 2457 2192 2512 iam
2236 2454 2577 2525 appellent“,
2612 2453 2858 2508 volentes
2909 2466 3004 2521 per
3049 2451 3294 2519 epistolze
3345 2463 3563 2514 nomen,
3616 2449 3689 2504 in‘

2085 2541 2228 2601 aliud
2254 2546 2407 2600 nobis
2436 2553 2749 2599 convertere
2775 2544 3095 2597 sententiam
3119 2541 3330 2613 synodi,
3360 2556 3479 2610 qua:
3515 2555 3675 2610 super

2087 2637 2312 2705 epistola
2345 2636 2513 2705 ipsius
2554 2634 2659 2691 ibxe
2689 2634 2896 2705 prolata
2934 2643 3055 2690 est:
3106 2642 3164 2688 ut
3206 2633 3489 2688 credentes
3534 2634 3675 2702 quod

2088 2726 2233 2787 illam
2266 2729 2676 2798 postulationem
2697 2735 2749 2783 et
2772 2728 3206 2797 deprecationem
3228 2726 3357 2782 cieri
3385 2725 3642 2781 Edesseni
3661 2768 3679 2793 ,

2089 2817 2263 2888 potius
2311 2830 2468 2887 quam
2536 2827 2884 2873 memoratam
2933 2815 3257 2886 epistolam,
3311 2817 3679 2885 pronuntiavit

2090 2907 2466 2968 orthodoxam,
2500 2907 2553 2961 in
2578 2906 3084 2962 condemnationem
3112 2906 3227 2977 ejus
3256 2906 3667 2977 adduceremur.

2094 3000 2295 3054 Deinde
2341 2999 2613 3070 quomodo
2644 2998 2711 3053 ad
2762 2999 3168 3069 denegationem
3220 2998 3387 3064 ipsius
3436 2998 3689 3067 epistolas

2094 3091 2270 3145 omnis
2300 3090 2427 3146 cieri
2457 3090 2715 3146 Edesseni
2762 3091 3123 3146 testimonium
3155 3103 3506 3160 quereretur,
3551 3106 3681 3145 cum

2098 3190 2434 3236 accusatores
2462 3194 2569 3235 non
2588 3182 2826 3250 epistola:
2854 3179 2918 3235 ad
2938 3178 3122 3235 Marim
3148 3181 3385 3251 scripta,
3426 3181 3522 3236 sed
3548 3181 3693 3237 illius

2018 3274 2065 3338 C
2097 3271 2495 3341 insuspicabilis
2530 3271 2900 3340 blasphemiae,
2920 3271 3147 3326 clericos
3188 3257 3490 3327 Edesseuos
3520 3282 3692 3329 testes

2099 3363 2261 3418 fuisse
2292 3363 2497 3417 mentiti
2525 3362 2675 3418 sint?
2723 3364 2777 3417 in
2808 3363 2898 3416 iilo
2929 3365 3105 3432 itaque
3136 3364 3367 3431 capitulo
3400 3380 3587 3419 eorum
3618 3377 3695 3419 te.

2099 3454 2411 3509 stimonium
2443 3454 2649 3525 synodo
2679 3454 2842 3523 relegi
2867 3456 3227 3508 necessarium
3262 3432 3381 3520 fuii,
3414 3455 3600 3525 inquo
3626 3455 3696 3509 ab

2100 3546 2504 3601 accusatoribus
2529 3544 2742 3599 fuerant
2771 3546 3051 3599 nominati.
3083 3544 3321 3613 Denique
3345 3560 3444 3599 nec
3470 3546 3573 3615 ipsi
3628 3547 3698 3602 de

2101 3639 2201 3692 hac
2230 3638 2477 3706 epistola,
2505 3638 2599 3691 sed
2632 3648 2685 3691 et
2710 3636 2777 3690 de
2802 3635 2887 3689 illa
2922 3647 3125 3690 tantum
3156 3637 3486 3705 blasphemia
3511 3638 3699 3691 testati

2105 3738 2246 3784 sunt.
2274 3726 2403 3783 Nam
2432 3729 2717 3783 ostendant
2740 3728 2893 3781 nobis
2919 3728 2970 3781 in
2995 3729 3106 3796 ipsa
3132 3728 3493 3795 postulatione
3521 3740 3580 3782 et
3601 3729 3699 3782 de-

2103 3821 2433 3889 precatione,
2484 3821 2575 3876 ubi
2623 3821 2856 3875 dixerint
2896 3821 3037 3890 quod
3090 3820 3278 3874 illam’
3309 3821 3596 3885 epistolam
3650 3814 3701 3878 in

2100 3914 2302 3985 judicio
2351 3913 2905 3970 reverentissimorum
2950 3912 3123 3967 Photii
3155 3912 3498 3967 et'Eustachii
3544 3926 3705 3983 atque

2106 4006 2290 4063 Uranii
2322 4022 2425 4062 non
2460 4016 2729 4077 negatam,
2762 4008 2810 4059 in
2845 4004 3050 4075 synodo
3098 4014 3281 4077 postea
3331 4005 3448 4059 ibas
3491 4007 3701 4074 episco-

2104 4102 2207 4168 pus
2234 4111 2383 4152 suam
2411 4098 2570 4153 fuisse
2597 4098 2862 4152 inficiatns
2890 4107 2992 4152 est.
3029 4096 3283 4165 Alioquin
3330 4095 3584 4148 omnibus
3614 4111 3703 4164 ap-

2107 4189 2316 4259 parebit
2341 4188 2482 4259 quod
2515 4189 2581 4243 ad
2612 4188 2946 4243 illudendum
2978 4187 3131 4242 nobis
3166 4188 3265 4242 ista
3296 4186 3699 4241 confinxerint:

2109 4280 2230 4334 utsi
2263 4281 2362 4333 hoc
2394 4278 2732 4335 mendacium
2786 4287 3139 4339 sectaremur,
3188 4288 3371 4345 postea
3417 4290 3518 4328 nos
3571 4290 3703 4329 con-

2108 4369 2386 4425 vincerent
2432 4379 2593 4437 atque
2631 4368 3021 4423 confunderent
3067 4383 3131 4422 ex
3181 4365 3485 4420 manifestis
3528 4365 3702 4433 ipsius

2109 4459 2297 4529 synodi
2330 4458 2615 4514 sententiis
2641 4476 2654 4511 :
2682 4471 2814 4528 quas
2842 4458 3081 4527 profecto
3113 4456 3193 4512 vel
3230 4458 3274 4511 si
3304 4456 3534 4525 probare
3582 4462 3708 4523 pos-

2109 4551 2297 4617 simus,
2356 4564 2460 4605 non
2492 4550 2559 4605 ab
2597 4548 2865 4613 omnibus,
2919 4548 3014 4603 sed
3043 4560 3070 4601 a
3112 4546 3455 4617 quibusdam,
3486 4547 3509 4578 ⁸
3540 4560 3709 4614 super

418 4652 476 4696 ut
503 4642 805 4699 diceremus
832 4643 973 4711 quod
1006 4643 1153 4697 illam
1198 4645 1479 4712 epistolam
1525 4642 1644 4696 ibas
1693 4642 1746 4696 in
1792 4642 2083 4712 judicimp
2109 4641 2352 4697 eamdem
2389 4640 2695 4711 epistolam,
2719 4644 2762 4696 si
2786 4654 2905 4696 eam
2938 4655 3087 4695 suam
3112 4647 3331 4709 negaret
3354 4638 3473 4693 ibas
3498 4640 3711 4707 episco~

418 4733 789 4803 episcoporum
821 4733 1072 4789 Photiiet
1099 4733 1372 4792 Eustachii
1416 4744 1579 4804 atque
1616 4733 1797 4789 Uranii
1844 4748 1993 4788 suam

495 4896 521 4925 ι
564 4888 781 4943 Rectius
839 4890 893 4944 in
978 4890 1207 4961 synodo
1261 4888 1681 4961 Chaicedonensi
1728 4904 1740 4938 :
1813 4889 1993 4961 Μάρᾳς

423 4953 551 5012 εἶπε·
596 4961 909 5035 Προσομιλῷν
965 4953 1117 5035 sines.
1150 4957 1327 5035 Marus
1375 4961 1548 5035 dixit,
1596 4953 1910 5035 Alloquens,
1951 4956 2002 5010 id

424 5039 505 5081 est
565 5027 661 5097 pro
716 5027 995 5097 coincione,
1054 5032 1199 5084 dixit.
1259 5031 1378 5084 ibas
1421 5030 1699 5091 nimirum,
1751 5027 1819 5080 ad
1845 5036 2004 5095 quem

426 5099 654 5167 pertinet
681 5115 799 5169 qua:
816 5112 1129 5170 sequuntur.
1163 5102 1295 5156 Sunt
1317 5110 1371 5153 et
1396 5100 1500 5153 alia
1519 5109 1628 5151 tum
1661 5099 1712 5151 in
1744 5097 1866 5163 hoc,
1898 5106 2008 5151 tum

496 5236 517 5268 ι
557 5234 688 5289 Cod.
735 5232 955 5301 Verum,
988 5234 1116 5286 dixit
1141 5251 1161 5287 :
1196 5233 1267 5287 De
1292 5232 1393 5301 [ide
1421 5248 1675 5285 movemus
1706 5233 1866 5294 prius.
1900 5231 2003 5285 Re-

425 5307 757 5361 uerentissimi
784 5306 1005 5375 episwpi
1035 5306 1274 5358 dixerunt
1299 5317 1317 5356 :
1344 5303 1479 5369 Quid
1512 5304 1663 5375 habes
1684 5302 1747 5356 de
1774 5302 1874 5367 ﬁde
1900 5317 2009 5353 mo-

428 5382 581 5432 vere?
637 5376 815 5430 Maras
863 5374 1129 5443 allaquens
1179 5375 1330 5438 dixit,
1386 5385 1489 5428 etc.
1546 5374 1855 5443 Consonant
1895 5380 2010 5443 acta

428 5448 617 5517 synodi
645 5447 946 5518 Berytensis
974 5441 1193 5501 recitata
1218 5445 1269 5498 in
1301 5445 1530 5499 concilio
1555 5441 2013 5504 Chaicedonemi,

428 5518 717 5670 afi'iiiém
767 5586 913 5653 cod.,
962 5585 1263 5654 conﬁteatur
1316 5585 1482 5653 prius.
1543 5583 1617 5637 ita
1673 5581 1836 5637 etiam
1894 5580 2014 5634 loco

430 5669 708 5781 avidam
740 5729 885 5791 cod..
914 5744 1017 5782 non
1046 5728 1323 5781 audierint.
1352 5725 1487 5780 Vide
1509 5725 1611 5780 ioc.
1643 5723 1737 5776 cit.

506 5797 529 5827 "
571 5798 712 5852 Idem
743 5800 888 5860 cod.,
911 5798 1213 5868 quemadmo
1228 5798 1339 5849 tum
1358 5805 1403 5849 et
1425 5797 1531 5865 ipse
1552 5791 1804 5864 negauerit
1830 5805 1890 5843 ac
1912 5794 2018 5859 fuc-

437 5868 506 5920 rit
532 5878 854 5931 exsecratus;
878 5868 1299 5937 quemadmodum
1332 5868 1479 5923 etiam
1504 5872 1847 5920 accusatores.

512 5938 532 5968 '
574 5939 716 5991 idem
748 5940 893 6006 cod.,
923 5954 1055 5994 eum.

2106 4746 2224 4802 pus.
2261 4732 2467 4787 Dictum
2499 4742 2581 4787 est
2608 4731 2747 4787 enim
2777 4732 2905 4799 illic,
2936 4732 3075 4787 sicut
3123 4745 3283 4800 supra
3320 4730 3671 4785 meminimus
3696 4746 3716 4785 :

2100 4886 2161 4940 in
2187 4888 2462 4955 superiore
2489 4885 2680 4955 synodi
2705 4887 3011 4955 Derytensis
3036 4893 3214 4949 textu,
3239 4899 3358 4953 quae
3393 4884 3716 4939 Facundum

2117 4958 2309 5013 \‘ifioso
2337 4958 2523 5011 codice
2553 4972 2706 5012 usum
2749 4971 2869 5011 csse
2891 4958 3137 5019 doceant,
3169 4971 3290 5010 cum
3335 4956 3717 5010 emendation

2115 5032 2222 5082 sint
2250 5027 2301 5082 in
2323 5026 2768 5082 Chalcedonensi.

2185 5230 2206 5262 ⁶
2248 5228 2389 5282 Idem
2437 5227 2584 5290 cod.,
2628 5228 2843 5281 civitatis
2898 5227 3121 5289 miserat,
3162 5230 3403 5275 vocarent
3445 5221 3727 5283 epistolam

2114 5316 2227 5371 qum
2253 5299 2324 5371 ibi
2368 5298 2645 5371 postulatio
2666 5306 2712 5350 et
2728 5297 3027 5371 deprecatio
3050 5295 3312 5367 appellata
3338 5301 3429 5371 est,
3464 5293 3719 5371 uolentes.

2188 5373 2206 5401 ⁷
2252 5365 2394 5423 idem
2425 5368 2570 5429 cod.,
2600 5367 2739 5437 quod
2767 5368 2910 5420 illaut
2938 5365 3202 5437 epistolam
3233 5382 3331 5417 non
3363 5365 3473 5435 ipse
3494 5365 3717 5437 scripseo

2125 5443 2188 5493 rit
2216 5444 2283 5492 ad
2318 5439 2503 5492 Marim
2555 5436 2790 5499 Persam,
2838 5439 2965 5490 sicut
3008 5438 3260 5489 evidenter
3313 5436 3541 5487 attestatt'
3592 5442 3725 5486 sunt

2124 5513 2255 5577 quod
2286 5509 2432 5563 illam
2453 5510 2513 5562 ab
2552 5525 2612 5563 eo
2646 5509 3017 5575 blasphem‘am
3064 5521 3164 5557 non
3204 5505 3485 5577 audierint,
3515 5512 3729 5577 ettussc

2126 5574 2254 5651 forte
2276 5581 2647 5651 persuadebunt
2667 5589 2721 5632 ut
2749 5574 2792 5633 et
2814 5595 2906 5632 uos
2936 5578 3163 5651 dicamus
3191 5574 3328 5641 quod
3354 5586 3489 5643 seps
3525 5575 3731 5626 dictum

2129 5648 2397 5722 epistolam
2420 5653 2474 5704 in
2503 5651 2698 5715 iudicio
2722 5648 3261 5722 reverentissiawrum,
3287 5652 3391 5722 etc.

2202 5725 2223 5755 ⁸
2266 5723 2406 5774 Idem
2435 5712 2581 5784 cod.,
2611 5736 2764 5790 super
2794 5721 3030 5790 cantitant
3048 5714 3312 5785 αρίιεοιωκ
3338 5713 3407 5766 ibi
3436 5712 3685 5790 protaqu
3711 5756 3728 5777 ,

2131 5802 2324 5845 certum
2355 5800 2427 5844 est
2457 5800 2643 5854 tamen,
2673 5785 2821 5859 quod
2846 5805 2880 5841 ο
2920 5788 3302 5856 quibuuuuque
3338 5785 3559 5852 proferri
3618 5801 3737 5840 non

2138 5864 2324 5931 possint
2358 5878 2509 5930 super
2537 5862 2684 5932 illam.
2705 5859 3062 5929 episloftmt,si
3088 5874 3220 5923 tam,
3252 5867 3358 5911 etc.
