3974 6330
284 323 387 382 63?

1209 320 1344 375 PRO
1386 320 1816 377 DEFENSIONE
1843 318 2056 376 TlliUM
2094 318 2406 385 CAPITUL.
2438 317 2563 374 LIB.
2594 317 2657 373 Υ.

3449 314 3565 373 638’

284 438 646 506 Cognovtmus
670 451 735 491 ex
758 439 1020 490 sententia
1054 439 1609 493 reverentissimoruin
1651 440 1859 505 episco—

2042 429 2181 506 acori
2208 429 2847 506 non_sedisse._quodqus_
2868 433 3056 506 synodi
3084 433 3395 506 ausuritmi
3445 450 3551 488 non

289 543 502 596 porum,
537 528 679 581 ibam
713 529 1205 582 reverentissimum
1233 529 1542 598 episcopum
1588 530 1860 584 innoxium

283 618 711 673 demonstratum
739 636 752 671 :
783 618 914 673 lecta
944 620 1087 673 enim
1117 620 1232 689 ejus
1254 621 1477 688 epistola
1521 622 1869 690 cognovimus

290 725 409 763 eum
437 725 556 765 esse
581 709 960 775 orthod-sxum,
989 721 1038 764 et
1072 711 1172 764 hoc
1202 712 1563 776 decernimus,
1606 726 1659 766 et
1700 712 1873 766 hono-

290 820 401 857 rem
432 805 480 859 ei
527 808 884 873 episcOpatus,
928 814 980 858 et
1013 807 1300 861 Ecclesiam
1344 807 1410 861 de
1441 824 1542 877 qua
1585 808 1782 876 injuste
1821 820 1875 863 et

291 894 483 949 absens
532 894 788 962 expulsus
834 905 934 957 est.
999 896 1316 961 instaurari;
1379 911 1435 954 et
1497 900 1600 953 alia
1659 915 1777 969 qua:
1824 902 1872 953 in

292 983 426 1051 ipsis
502 987 671 1052 gestis
749 986 941 1038 similia
992 989 1355 1041 continentur.
1396 989 1676 1055 Quomodo
1746 1005 1876 1060 ergo

298 1091 405 1128 non
438 1076 583 1129 velut
616 1075 831 1130 insanos
874 1093 1125 1133 accusare
1169 1081 1542 1136 convincimnr
1576 1082 1756 1136 Patres
1785 1084 1878 1151 qui

293 1167 631 1225 Chalcedona
679 1180 1066 1233 convenevant,
1106 1172 1150 1225 si
1194 1170 1436 1225 dicamus
1480 1188 1575 1228 eos
1602 1173 1744 1227 illius
1768 1175 1881 1244 epi-

292 1265 446 1320 stolas
476 1264 671 1320 merito
695 1278 854 1334 quam
894 1280 1046 1319 suam
1076 1266 1191 1321 ibas
1232 1277 1536 1337 negaverat,
1566 1278 1618 1324 et
1665 1269 1876 1337 episco—

296 1356 444 1424 potui
469 1363 525 1410 et
574 1355 828 1410 Ecclesia
859 1356 874 1386 ¹
899 1356 1107 1410 restitui
1151 1356 1462 1424 judieassei
1504 1358 1756 1414 Advertat
1786 1374 1883 1413 au-

297 1455 406 1501 tem
447 1448 709 1501 serenitas
760 1457 868 1511 tua,
913 1448 1360 1515 quemadmodum
1391 1465 1452 1505 se
1480 1452 1617 1505 scire
1643 1467 1828 1506 verum
1855 1453 1879 1484 ⁸

302 1535 571 1605 prodant,
629 1536 769 1605 quod
818 1537 962 1591 illam
1016 1538 1297 1606 epistolam
1347 1554 1497 1594 suam
1561 1541 1729 1596 fuisse
1776 1558 1883 1598 non

298 1626 576 1695 Imaverit
618 1626 735 1681 ibas
775 1626 1074 1695 episcopus.
1113 1628 1368 1683 Dixerunt
1408 1631 1553 1684 enim
1583 1642 1637 1685 et
1688 1634 1788 1684 hoc
1830 1634 1883 1686 in

297 1731 401 1770 suo
461 1718 627 1783 libro,
676 1716 819 1784 quod
874 1717 925 1770 in
982 1730 1168 1773 nostro
1214 1721 1451 1775 secundo
1504 1722 1884 1778 meminimus:

2042 500 2197 564 obsit,
2226 499 2272 553 si
2306 501 2358 552 in
2390 517 2451 554 ea
2492 500 2706 553 sedeant
2757 501 2848 573 qui
2878 507 2940 555 ab
2978 503 3163 556 [uereri
3198 507 3551 573 resipuerunt.

2039 613 2187 670 Sane
2202 614 2486 670 videamus
2499 616 2660 684 quale
2675 614 2748 670 sit
2762 617 2927 671 etiam
2948 616 3081 671 illud
3093 655 3106 676 .
3126 616 3274 685 quod
3295 616 3559 672 similiter

1972 707 2030 761 in
2058 708 2472 762 excusationem
2498 707 2678 776 ipsius
2699 708 2895 777 synodi
2932 724 3034 763 nos
3071 723 3323 763 asserere
3359 709 3558 764 volue-

1976 810 2124 863 runt,
2145 809 2204 852 ut
2223 797 2348 852 ideo
2374 797 2689 851 diceremus
2710 798 3041 851 sententiam
3062 812 3229 865 super
3258 797 3551 866 epistolam

1974 892 2037 945 ad
2062 892 2180 960 ejus
2206 891 2227 920 ⁵
2263 890 2482 945 decreta
2508 890 2733 944 minime
2765 890 3074 958 pertinere,
3092 889 3239 959 quod
3260 889 3413 955 quasi
3434 900 3558 957 post

1975 982 2382 1037 damnationem
2402 982 2661 1053 Eutychis
2685 989 2853 1050 atque
2876 980 3144 1044 Dioscori,
3169 992 3402 1050 postque
3426 979 3553 1033 ﬁdei

1974 1074 2379 1139 deﬁnitionem,
2413 1068 2927 1143 Tlieodorusatque
2968 1073 3090 1127 ibus
3122 1074 3174 1126 in
3205 1073 3446 1126 concilio
3468 1086 3557 1125 se-

1974 1166 2178 1222 derint.
2214 1166 2465 1221 Sieenim
2492 1169 2573 1223 eis
2605 1168 2658 1221 in
2683 1183 2787 1222 suo
2810 1167 2957 1221 libro
2976 1165 3153 1219 visum
3176 1175 3261 1219 est
3279 1164 3464 1219 dicere
3488 1164 3563 1218 de

1975 1257 2792 1315 revereritissimisTheodoreto
2809 1267 2972 1328 atque
2989 1259 3082 1313 iba
3100 1258 3375 1328 episcOpis
3390 1276 3403 1310 :
3417 1257 3561 1324 Quia

1985 1361 2205 1421 propter
2230 1352 2373 1421 quod
2397 1355 2627 1406 accusati
2651 1363 2798 1421 sunt,
2822 1364 2881 1409 ut
2911 1355 3140 1411 Nestorii
3170 1357 3363 1429 dogma
3392 1360 3565 1415 susci‘

1987 1444 2217 1512 pientes,
2255 1460 2361 1498 non
2407 1446 2612 1501 evocati
2654 1454 2801 1511 sunt,
2835 1457 2892 1501 ut
2920 1448 3170 1503 sederent
3215 1463 3337 1504 eum
3380 1462 3565 1506 sancta

1987 1535 2213 1607 synodo.
2243 1534 2350 1590 Sed
2387 1547 2730 1605 posteaquam
2758 1536 2826 1591 de
2852 1537 3095 1608 Eutyche
3122 1546 3177 1592 et
3204 1537 3461 1595 Dioscoro
3490 1541 3568 1595 fa-

1989 1638 2134 1682 ctum
2165 1634 2247 1680 est
2271 1626 2550 1695 judicium,
2583 1637 2640 1681 et
2660 1628 2917 1697 disposita
2948 1638 3071 1683 sunt
3100 1645 3129 1683 a
3157 1638 3339 1685 sancta
3361 1633 3567 1703 synodo

1992 1729 2137 1772 recta
2164 1718 2378 1771 Patrum
2414 1719 2724 1787 constituta,
2761 1733 2855 1786 per
2880 1730 2999 1787 qua
3042 1720 3485 1789 adjudicaveruut
3515 1732 3570 1783 et

311 1824 334 1858 s
377 1807 601 1875 Oportet
660 1807 925 1876 inspicere
984 1806 1049 1861 ad
1099 1807 1285 1863 Marini
1336 1810 1653 1879 epistolam,
1708 1812 1885 1866 omnia
1920 1792 1965 1853 Β
1992 1811 2316 1866 anathemati
2359 1810 2705 1879 subjecerunt
2754 1811 3060 1867 Nestorium
3102 1822 3157 1869 et
3190 1813 3486 1887 Eutychem
3517 1826 3573 1873 el

297 1903 519 1972 quidem
561 1903 677 1957 sine
710 1902 819 1958 Deo
865 1912 920 1959 et
950 1904 1112 1974 impie
1161 1905 1449 1969 dicentem,
1500 1905 1628 1959 illud
1656 1913 1889 1959 tantum-

296 1994 464 2050 Inodo
493 1994 865 2049 ostendentcm
898 1993 1052 2059 bene,
1085 1994 1208 2062 quia
1248 2009 1316 2048 ex
1346 1994 1439 2047 illo
1461 1993 1772 2049 Theodorus
1796 2009 1889 2064 per

299 2085 578 2140 Orientem
622 2086 674 2140 in
704 2086 946 2141 ecclesiis
977 2086 1456 2140 anathematizatus
1498 2094 1583 2141 est
1621 2103 1631 2135 ε
1683 2105 1703 2139 ι
1748 2087 1887 2156 quod

303 2191 413 2231 non
438 2176 679 2231 dicerent
705 2177 752 2231 si
781 2176 951 2245 ipsam
977 2176 1258 2244 epistolam
1280 2177 1349 2231 ab
1377 2176 1466 2231 lba
1486 2179 1771 2232 crederent
1792 2178 1887 2234 de-

300 2275 578 2334 negatam.
609 2266 714 2323 Sed
768 2266 1124 2335 respondeant
1169 2266 1344 2331 nobis,
1388 2269 1540 2334 cujus
1585 2270 1889 2324 testimonio

303 2361 388 2413 usi
432 2370 576 2423 sunt,
610 2360 734 2425 quia
781 2375 845 2414 ex
893 2360 985 2413 illo
1028 2360 1342 2414 Theodorus
1389 2376 1484 2429 per
1513 2360 1784 2416 Orientem
1832 2361 1888 2415 in

304 2451 553 2506 ecclesiis
569 2450 1043 2505 anathematizalus
1064 2460 1145 2505 est
1165 2450 1187 2503 ?
1209 2451 1264 2506 Si
1290 2452 1428 2506 enim
1458 2451 1574 2507 ibas
1591 2468 1745 2507 suam
1767 2467 1889 2508 esse

302 2542 520 2610 negavit
553 2541 695 2596 illam
727 2542 1026 2610 episto'am,
1066 2552 1120 2597 et
1160 2542 1440 2597 conﬁctam
1472 2545 1733 2599 adversus
1762 2559 1882 2599 eum

300 2633 377 2688 ab
400 2633 803 2689 accusatoribus
845 2634 1053 2701 dicunt,
1094 2636 1212 2690 sine
1257 2635 1587 2691 dubitatione
1639 2637 1784 2692 falsis
1814 2647 1893 2693 te-

302 2727 482 2781 stibus
506 2727 588 2783 usi
620 2737 764 2793 sunt,
794 2728 916 2796 quia
940 2742 1006 2783 ex
1038 2729 1128 2783 illo
1154 2728 1469 2785 Theodorus
1499 2744 1596 2798 per
1620 2729 1889 2786 Orientem

304 2818 365 2873 in
391 2819 637 2874 ecclesiis
661 2818 1142 2874 anathematizatus
1171 2829 1273 2875 est.
1305 2820 1362 2876 Si
1383 2821 1757 2891 autem,’qnod
1781 2835 1893 2876 ma~

307 2909 391 2977 gis
420 2907 745 2963 credendum
776 2920 880 2973 est,
909 2910 1178 2979 denegant
1203 2911 1324 2981 quia
1374 2910 1521 2965 falsis
1550 2913 1779 2967 testibus
1807 2913 1890 2967 usi

304 3009 455 3063 situt,
486 2998 625 3055 seire
653 3014 712 3054 se
761 3002 951 3055 iterum
983 3002 1236 3069 produnt,
1266 3003 1407 3073 quod
1436 3004 1578 3057 illam
1608 3006 1889 3072 epistolam

307 3103 463 3144 suam
496 3088 663 3143 fuisse
686 3088 806 3144 ibas
832 3090 1117 3160 episcopus
1145 3107 1250 3148 non
1280 3094 1509 3164 negavit,
1533 3106 1587 3150 et
1615 3096 1783 3165 ipsam
1801 3112 1888 3168 sy-

308 3180 481 3234 nodus
500 3154 1263 3248 pronunﬂavit—orthodoxam.
1288 3154 1586 3249 Postremo,
1606 3154 1734 3255 quid
1756 3154 1890 3254 opus
1917 3154 1964 3223 ε

314 3282 433 3327 erat
468 3271 771 3339 epistolam,
795 3287 902 3326 nou
928 3287 967 3326 so
992 3272 1100 3327 ium
1133 3274 1409 3341 privatam.
1439 3287 1489 3330 et
1517 3276 1582 3329 ad
1607 3277 1891 3346 synodum,

306 3364 449 3417 sicut
473 3362 767 3430 aiﬁrmant,
796 3364 1096 3419 nullatenus
1120 3366 1496 3435 pertinentem,
1517 3384 1700 3422 verum
1732 3371 1891 3423 etiam

311 3452 467 3520 cujus
490 3463 677 3509 auctor
702 3464 843 3509 esset
870 3456 1125 3522 incertus,
1155 3457 1473 3511 universalis
1506 3458 1755 3513 Ecclesia:
1793 3476 1893 3513 nu.

310 3560 405 3613 per
434 3547 778 3601 condemnari
807 3550 1071 3602 sententia
1097 3549 1119 3601 ?
1150 3548 1197 3601 si
1230 3558 1406 3603 tamen
1435 3551 1701 3603 sententia
1730 3551 1893 3607 fuisse

312 3637 546 3693 dicenda
568 3649 673 3701 est,
696 3638 781 3691 ubi
803 3640 915 3693 sub.
933 3640 1156 3707 criptor,
1186 3654 1292 3692 non
1320 3640 1460 3709 quod
1491 3641 1753 3695 sentiebat
1773 3656 1895 3711 ape-

308 3729 439 3792 ruit,
475 3728 567 3783 sed
597 3729 872 3799 exemplar
915 3730 1090 3795 potius
1119 3730 1363 3785 formula:
1415 3730 1517 3785 sibi
1564 3730 1703 3785 dam
1746 3743 1892 3785 tran-

307 3820 550 3888 scripsit.
584 3819 736 3875 Unde
765 3821 846 3874 vel
876 3820 919 3874 si
948 3820 1127 3875 omnia
1173 3837 1292 3890 qua:
1313 3822 1561 3889 superius
1600 3821 1738 3877 dicta
1769 3830 1893 3877 sunt

306 3913 628 3979 defuissent,
669 3913 800 3968 satis
828 3914 1124 3968 indicarent
1150 3929 1217 3967 ex
1246 3914 1363 3967 solo
1387 3913 1509 3968 facti
1537 3913 1702 3983 ipsius
1726 3914 1886 3968 modo

306 4007 457 4060 scire
480 4018 541 4058 se
557 4004 695 4072 quod
716 4017 747 4056 a
761 4004 989 4060 concilio
1001 4003 1284 4059 universali
1304 4012 1514 4072 recepta
1532 4004 1619 4059 sit.
1639 4005 1891 4074 Alioquin

305 4113 417 4153 non
454 4104 776 4165 quaererent,
798 4096 899 4149 nisi
931 4098 979 4148 in
1004 4093 1243 4163 ejusdem
1266 4094 1479 4149 concilii
1503 4093 1890 4164 prtejudicium,

307 4197 368 4240 ut
396 4199 521 4239 eam
569 4184 885 4237 universalis
912 4184 1146 4237 Ecclesia
1194 4184 1603 4238 condemnaret.
1637 4183 1889 4239 Desinant

304 4277 491 4345 itaque
516 4275 625 4343 jam
668 4274 900 4328 fautores
944 4274 1338 4340 haereticorum,
1371 4275 1450 4327 vel
1482 4274 1803 4341 deprehensi
1828 4289 1893 4332 as

308 4366 531 4433 proditi,
568 4377 621 4419 nt
651 4364 804 4419 nobis
851 4365 1095 4427 illudant,
1124 4363 1363 4418 studiose
1391 4363 1411 4394 ³
1432 4366 1633 4432 jactare
1661 4366 1781 4433 quia
1809 4381 1898 4437 sy-

309 4456 488 4511 nodus
517 4471 623 4508 non
653 4454 757 4510 Iba:
792 4454 1071 4523 epistolam
1113 4454 1473 4521 pronuntiavit
1497 4454 1889 4509 orthodoxam:

308 4564 381 4602 ne
413 4547 699 4600 videantur
731 4562 833 4600 non
865 4545 1063 4613 aliquid
1096 4543 1266 4597 oculis
1296 4544 1515 4608 nostris,
1547 4544 1687 4612 quod
1719 4546 1893 4601 medio
1922 4517 1972 4576 υ

306 4637 397 4690 die
432 4636 686 4701 vidimus,
716 4634 808 4689 sed
840 4633 985 4703 ipsos
1016 4633 1201 4687 oculos
1229 4632 1421 4700 quibus
1450 4632 1717 4698 videmus,
1743 4633 1895 4691 nobis

309 4728 446 4782 velle
480 4725 665 4780 iurari.

910 4855 1137 4912 CAPUT
1191 4855 1278 4910 lli.

303 4957 459 5024 Quod
486 4956 620 5025 [also
658 4955 836 5007 dicunt
864 4952 1239 5025 Theodoretnm
1277 4949 1333 5025 in
1364 4949 1579 5025 concilio
1606 4949 1893 5025 Chalcedo.

373 5017 523 5081 stensi
552 5027 651 5078 nisi
683 5036 797 5092 post
834 5024 1215 5076 damnationem
1269 5017 1516 5087 Eutychis
1559 5029 1710 5088 atque
1756 5022 1893 5076 Dio.

380 5240 405 5265 ⁸
440 5227 870 5283 acclamantibus
899 5226 952 5297 in
983 5222 1193 5297 actione
1233 5216 1402 5297 prima
1433 5224 1718 5297 multarum
1747 5237 1886 5297 pro.

305 5300 604 5354 vini-inrum
624 5297 910 5365 episcopis,
933 5294 1170 5360 judicum
1197 5291 1509 5365 auctoritate
1535 5291 1617 5346 vis
1648 5291 1882 5350 obtinuit

307 5358 683 5426 Theodoretus
706 5380 762 5420 ut
788 5358 853 5421 ex
876 5358 1084 5436 synodo
1110 5374 1216 5415 non
1248 5358 1624 5415 exturbaretur
1651 5380 1665 5417 :
1698 5377 1884 5433 postea

385 5576 400 5607 '
427 5574 563 5625 Cod.
617 5571 838 5637 Verum,
887 5576 1238 5639 episcopatum
1284 5580 1329 5625 et
1374 5574 1637 5627 ecclesiam
1689 5564 1890 5620 restitui

308 5649 406 5714 ind
428 5658 594 5714 cosse.

390 5710 410 5739 '
440 5713 583 5765 idem
609 5709 753 5776 cod.,
783 5712 911 5763 scire
936 5713 1136 5767 iterum.

385 5780 409 5813 ³
444 5780 603 5865 idem.
624 5780 769 5848 cod.,
794 5782 1055 5835 insidiose.

1994 1900 2223 1970 maligna
2277 1915 2462 1955 eorum
2507 1901 2719 1956 decreta
2772 1913 3060 1972 sequentes
3100 1921 3114 1970 ;
3154 1913 3283 1962 tunc
3328 1907 3571 1976 praedicti

1990 1992 2359 2047 Theodoretus
2382 2002 2436 2047 et
2457 1993 2575 2047 lbas
2599 1992 2850 2048 adierunt
2867 2004 3102 2049 sanctam
3128 1996 3416 2065 synodum.
3440 1998 3572 2064 Quis

1988 2084 2208 2152 ignarus
2229 2099 2416 2139 eorum
2442 2101 2561 2154 qua:
2582 2085 2632 2139 in
2664 2085 2754 2139 illa
2779 2085 2986 2157 synodo
3006 2097 3155 2157 gesta
3177 2096 3303 2142 sunt
3325 2090 3572 2145 crederet

1990 2176 2130 2245 quod
2174 2176 2259 2231 isti
2292 2176 2358 2231 de
2395 2190 2553 2231 causa
2584 2178 2791 2245 publica
2819 2186 2876 2232 et
2919 2178 2974 2231 in
3009 2188 3301 2247 conspectu
3323 2180 3567 2236 omnium

1989 2268 2088 2322 sita
2138 2269 2449 2339 conﬁngere
2499 2268 2616 2321 talia
2654 2267 2998 2337 potuissent?
3068 2267 3205 2333 Quid
3246 2270 3421 2338 ergo?
3465 2286 3571 2325 non

1991 2360 2131 2415 sedit
2151 2374 2273 2414 cum
2300 2370 2483 2414 sancta
2514 2359 2721 2430 synodo
2742 2359 3113 2415 Theodoretus
3133 2360 3443 2430 episcopus,
3468 2356 3572 2417 nisi

1991 2454 2045 2508 in
2074 2454 2285 2507 actione
2313 2464 2525 2518 octava,
2561 2462 2840 2521 postquam
2884 2452 3081 2505 iactum
3124 2461 3209 2506 est
3238 2454 3305 2507 de
3336 2453 3575 2522 Eutyche

1990 2554 2046 2600 et
2076 2544 2334 2598 Dioscoro
2358 2543 2641 2609 judicium,
2684 2552 2743 2597 et
2764 2544 3027 2612 disposita
3058 2552 3182 2597 sunt
3206 2559 3233 2595 a
3257 2552 3441 2598 sancta
3480 2557 3575 2615 sy-

1993 2637 2134 2693 nodo
2162 2645 2308 2690 recta
2339 2637 2553 2690 Patrum
2580 2635 2914 2690 constituta?
2947 2636 3013 2690 Et
3037 2637 3306 2706 quomodo
3344 2638 3577 2693 refertur

1993 2729 2045 2785 in
2073 2728 2315 2799 ejusdem
2343 2728 2533 2799 synodi
2562 2728 2750 2798 gestis,
2781 2726 2926 2798 quod
2949 2728 3001 2783 in
3032 2728 3145 2797 ipsa
3172 2730 3341 2797 prima
3367 2728 3576 2785 actione

1994 2823 2367 2879 Theodoretus
2391 2822 2531 2878 inter
2560 2824 2695 2878 alios
2719 2824 3000 2893 episcopos
3046 2824 3187 2879 sedit
3210 2828 3255 2891 ι,
3294 2827 3576 2883 consulatu

1994 2914 2253 2970 Marciani
2301 2915 2523 2984 Augusti
2547 2955 2562 2981 ,
2590 2929 2688 2969 vm
2726 2915 2845 2970 idus
2887 2914 3134 2971 Octobris
3165 2916 3191 2970 ἲ
3219 2916 3299 2971 An
3353 2928 3459 2971 non
3504 2915 3576 2974 ibi

1992 3006 2344 3062 continentur
2394 3006 2509 3061 hac
2545 3005 2753 3061 verba?
2796 3024 2821 3059 ο
2862 3005 3244 3062 Gloriosissimi
3270 3008 3480 3077 judices
3524 3010 3577 3065 cl

1994 3102 2357 3173 amplissimus
2383 3112 2602 3160 senatus
2630 3104 2881 3159 dixerunt
2909 3122 2924 3158 :
2969 3104 3299 3174 ingrediatur
3329 3119 3576 3161 reveren-

1999 3194 2232 3250 tissimus
2271 3195 2560 3265 episcopus
2586 3194 2979 3261 'i‘heodoretus,
3016 3203 3074 3250 ut
3102 3196 3169 3250 sit
3197 3197 3463 3265 particeps
3491 3211 3579 3268 sy-

1992 3284 2145 3349 nodi,
2187 3285 2309 3354 quia
2336 3293 2395 3340 et
2431 3286 2664 3339 restituit
2709 3285 2756 3340 ei
2801 3287 3170 3354 episcopatum
3212 3287 3579 3342 sanctissimus

1996 3376 2431 3445 archiepiscopus
2476 3375 2617 3441 Leo,
2663 3382 2718 3430 et
2760 3373 3153 3429 sacratissimns
3198 3389 3259 3428 ac
3310 3376 3579 3443 piissimus

1996 3464 2287 3534 imperator
2320 3466 2495 3519 sanxit
2522 3479 2642 3519 eum
2668 3466 2858 3520 adesse
2898 3472 3097 3518 sanctae
3130 3465 3359 3534 synodo.
3398 3464 3579 3520 Theo~

1995 3557 2212 3613 doretus
2243 3555 2707 3612 reverentissimns
2753 3557 3040 3625 episcopus
3070 3556 3336 3611 transiem;
3384 3557 3435 3609 in
3468 3571 3580 3612 me-

1995 3648 2142 3703 dium
2166 3648 2305 3702 dixit
2334 3649 2564 3703 :Preces
2593 3647 3151 3702 obtulisacratissimis
3183 3656 3236 3701 et
3265 3647 3286 3677 ⁵
3317 3646 3580 3701 Christia-

1997 3738 2244 3793 nissimis
2271 3738 2417 3793 orbis
2463 3735 2715 3803 dominis,
2749 3746 2805 3792 et
2850 3738 3063 3791 narravi
3086 3752 3206 3807 quae
3251 3738 3303 3792 iu
3335 3752 3420 3793 me
3462 3744 3581 3793 acta

1996 3836 2128 3884 sunt
2153 3828 2395 3892 vulnera,
2444 3836 2496 3883 et
2524 3842 2716 3897 precor
2746 3829 2841 3883 has
2870 3828 3089 3899 perlegi.
3138 3845 3159 3881 ι
3204 3828 3268 3882 Et
3296 3836 3414 3896 posl
3446 3829 3582 3883 hanc

1994 3918 2239 3988 ejusdem
2282 3919 2702 3975 reverentissimi
2754 3919 3078 3973 Theodoreti
3124 3919 3578 3987 prosecutionem,

1997 4013 2481 4083 interloquentibus
2525 4014 2717 4067 iterum
2757 4011 3158 4081 gloriosissimis
3202 4010 3472 4079 judicibus
3519 4022 3582 4064 ac

2000 4117 2212 4172 senatu,
2245 4106 2385 4174 quod
2415 4115 2468 4161 et
2490 4119 2516 4159 a
2548 4105 2890 4160 sanctissimo
2910 4104 3163 4173 episcopo
3195 4102 3405 4173 inclytre
3434 4102 3582 4156 urbis

1977 4198 2183 4263 Romae
2205 4200 2475 4268 proprium
2500 4198 2676 4252 locum
2702 4196 2995 4267 recepisset
3018 4195 3155 4250 idem
3182 4194 3579 4257 Theodoretus,

1997 4302 2051 4347 et
2090 4292 2455 4345 testimonium
2489 4288 2707 4343 haberet
2737 4286 2952 4340 Maximi
2984 4284 3305 4339 Antiocheni
3346 4283 3580 4350 episcopi

1996 4381 2137 4451 quod
2172 4380 2448 4435 catholicae
2481 4377 2601 4433 ﬁdei
2629 4389 2792 4442 esset,
2822 4375 2961 4431 sicut
2986 4375 3055 4429 ibi
3083 4374 3336 4440 scriptum
3362 4382 3464 4435 est,
3496 4386 3580 4425 se-

1998 4474 2075 4527 dit
2103 4479 2154 4526 iu
2179 4472 2374 4535 medio,
2409 4472 2634 4539 ipsoque
2664 4478 2948 4537 prasente,
2974 4475 3027 4520 et
3054 4465 3192 4519 inter
3218 4464 3352 4518 alios
3374 4464 3579 4531 episco-

2000 4579 2094 4633 pos
2112 4564 2444 4625 considente,
2460 4562 2679 4616 recitata
2702 4569 2823 4612 sunt
2845 4573 2963 4626 qua:
2990 4557 3087 4611 sub
3106 4557 3361 4609 Dioscoro
3381 4554 3578 4623 Ephesi

2002 4661 2213 4711 fuerant
2254 4664 2425 4725 gesta.
2456 4655 2695 4719 Cumque
2740 4648 3073 4703 damnandus
3117 4646 3256 4701 idem
3293 4645 3579 4701 Dioscorus

2001 4763 2125 4805 cum
2157 4748 2401 4804 iuvenali
2434 4741 2925 4812 ilierosolymitano
2944 4749 2996 4793 et
3020 4737 3335 4806 quibusdam
3360 4737 3477 4791 aliis
3502 4736 3581 4791 vis

1998 4842 2235 4905 deretur,
2251 4839 2315 4893 ad
2340 4839 2715 4903 imperatorem
2741 4833 2890 4902 prius
2913 4829 3250 4885 referendum
3270 4844 3391 4884 esse
3412 4830 3579 4883 duxe-

2000 4943 2142 4990 runt.
2197 4930 2326 4985 Illud
2363 4929 2517 4998 plane
2573 4924 2843 4980 fatendum
2876 4933 2992 4988 'est,
3039 4923 3180 4994 quod
3214 4922 3330 4976 lbas
3374 4921 3577 4991 episco-

2000 5040 2100 5097 pus
2144 5026 2198 5079 in
2239 5019 2480 5092 synodo,
2515 5032 2622 5073 non
2675 5017 2777 5072 nisi
2828 5025 3107 5086 postquam
3159 5014 3276 5083 ejus
3322 5026 3481 5066 causa
3526 5012 3585 5067 in

1994 5226 2049 5281 in
2092 5238 2303 5280 actione
2328 5227 2360 5279 8
2391 5238 2572 5294 jussus
2619 5234 2704 5277 est
2749 5220 3261 5294 anathemadieere
3303 5215 3572 5294 Nestorio.

1992 5308 2154 5367 atque
2194 5286 2532 5367 itaomnium
2564 5308 2828 5367 consensu
2861 5290 3114 5345 Ecclesiae
3144 5300 3256 5340 suae
3280 5286 3465 5339 sedem
3491 5298 3579 5338 re-

1995 5364 2157 5437 cepit,
2189 5375 2243 5420 et
2274 5366 2450 5421 locum
2480 5366 2531 5420 in
2559 5364 2783 5435 synodo.

2070 5564 2091 5593 "
2123 5564 2268 5618 idem
2291 5564 2439 5623 eod..
2461 5578 2611 5629 super
2630 5557 2857 5641 epistola.
2872 5553 3203 5635 lbtrproiota
3224 5547 3292 5601 ad
3313 5562 3445 5670 eius.

2075 5635 2094 5665 ι
2129 5633 2272 5670 ιιιρηι
2329 5654 2341 5670 .
2360 5633 2427 5670 mi
2536 5641 2904 5670 ιηιη-οηωηω-
2950 5636 3191 5670 armaarma
3236 5627 3282 5670 et
3366 5616 3576 5670 hrum-

2075 5635 2094 5665 ⁸
2129 5616 2274 5690 idem
2300 5616 2479 5697 ⁷ζοιί..
2525 5616 2905 5689 sacratissimis,
2950 5616 3191 5692 piissimis
3236 5627 3282 5671 ct
3324 5616 3576 5672 Christia-

2004 5703 2246 5758 nisst'mis.
