3974 6330
409 414 515 474 689

1509 410 1804 475 FACUNDI
1844 414 2050 475 EPISC.
2096 416 2607 479 HEii’MlANENSlS

3576 431 3697 487 640³

415 532 650 601 septima
675 543 730 589 et
756 538 943 589 octava
962 532 1202 588 sessione
1222 531 1498 588 adiscussa
1527 542 1611 588 est
1639 542 1797 603 atque
1826 532 1993 595 ﬁnita,
2024 532 2073 592 Δ
2102 532 2341 602 ejusdem
2374 538 2600 591 actionis
2642 533 2919 590 continent
2965 543 3112 604 gesta
3143 550 3157 587 :
3197 550 3223 584 «ν
3250 531 3384 588 Cum
3411 534 3689 604 legeretur

413 625 615 681 sederit
642 643 656 680 :
690 642 811 679 nam
840 634 995 679 antea
1027 624 1269 689 Nonnus,
1301 626 1389 695 qui
1426 640 1523 695 pro
1547 640 1613 681 eo
1644 625 1815 680 fuerat
1844 626 1993 680 ordi-

414 729 608 785 natus,
651 719 704 772 in
735 718 982 773 omnibus
1025 718 1323 773 actionibus
1362 718 1573 774 sedisse
1612 719 1886 788 relegitur.
1936 718 1992 773 lu

414 816 570 860 sexto
617 806 813 875 quippe
843 821 1121 875 consessu,
1151 806 1272 865 ﬁdei
1301 806 1612 863 deﬁnitione
1652 809 1911 876 perfecta,
1942 819 1995 862 et

416 897 484 949 ah
532 897 781 951 omnibus
829 899 1094 966 episcopis
1148 899 1249 951 rite
1296 897 1615 967 subscripta,
1645 899 1996 952 interlocutus

420 996 505 1039 est
535 987 849 1055 imperator,
875 996 932 1041 ut
958 989 1160 1056 aliquot
1188 986 1375 1041 diebus
1399 997 1775 1056 exspectarent
1809 1002 1996 1041 omnes

414 1078 675 1146 episcopi,
701 1086 756 1132 et
787 1079 1003 1146 privatae
1039 1093 1475 1147 quorutncnnqne
1497 1093 1674 1131 causa;
1707 1079 1903 1132 ibidem
1936 1080 1998 1132 ﬁ-

418 1174 683 1225 nirentur.
716 1172 999 1239 Postquam
1031 1171 1190 1241 igitur
1221 1172 1272 1225 in
1306 1182 1491 1225 octava
1523 1172 1763 1227 sessione
1803 1188 1996 1241 purga-

418 1270 504 1314 tus
534 1272 616 1315 est
647 1262 786 1315 idem
821 1262 957 1327 Ilias,
995 1263 1077 1315 his
1114 1277 1233 1329 qua:
1258 1263 1364 1330 jam
1395 1263 1608 1317 fuerant
1634 1264 2000 1331 superioribus

417 1355 723 1407 actionilus
772 1354 989 1407 deﬁnita
1032 1353 1385 1422 subscripsit:
1420 1356 1562 1423 quod
1612 1371 1674 1409 ex
1733 1357 1995 1409 sententia

420 1446 593 1499 sancti
644 1446 873 1498 Anatolii
914 1444 1494 1513 Constantinopolitani
1548 1448 1810 1517 episcopi,
1840 1462 1999 1515 quam

419 1535 557 1591 inter
582 1536 719 1590 alios
748 1552 907 1605 super
940 1537 1104 1605 ipsius
1132 1539 1235 1592 Ihm
1263 1552 1424 1593 causa
1456 1539 1508 1592 in
1538 1550 1725 1593 octava
1760 1540 2002 1594 sessione

419 1632 675 1700 protulit,
705 1632 988 1687 evidenter
1032 1633 1364 1697 ostenditur,
1393 1651 1512 1689 cum
1557 1636 1631 1689 ait
1678 1637 1814 1705 (Act.
1865 1636 1999 1705 10):

426 1741 445 1775 ι
491 1724 853 1778 Judicantium
900 1727 1459 1782 reverentissimorum
1493 1731 1773 1783 sententiae
1802 1730 1815 1759 ¹
1850 1730 2004 1783 inno-

421 1815 565 1870 xium
588 1816 963 1871 demonstrant
987 1818 1130 1873 Ibam
1167 1820 1662 1874 reverentissimum
1684 1821 1752 1875 ab
1775 1820 1858 1875 his
1886 1836 2005 1890 quae

2097 642 2161 681 ex
2190 628 2378 682 eadem
2422 628 2648 693 epistola
2689 640 2814 695 pars
2842 640 2961 693 quzc
2994 626 3065 677 ita
3097 624 3379 678 continet:
3426 624 3682 691 Quamvis

2100 719 2152 772 in
2186 719 2407 773 Domino
2444 719 2572 774 Jcsu
2602 718 2815 773 Chrism
2846 716 2940 770 Dei
2971 726 3022 770 et
3053 715 3283 769 hominis
3313 732 3415 769 una
3451 733 3685 785 persona

2097 812 2185 875 sit,
2216 810 2361 863 aliud
2400 823 2574 864 tamen
2617 818 2699 865 est
2736 809 2875 863 unde
2922 809 2973 861 in
3010 816 3237 876 utroque
3277 809 3577 863 communis
3602 818 3687 864 est

2097 902 2448 966 contumelia,
2502 902 2647 954 aliud
2696 901 2841 954 unde
2892 898 3192 952 communis
3242 908 3324 952 est
3372 899 3537 968 gloria
3574 902 3687 955 :de

2101 1001 2282 1047 nostro
2310 992 2452 1045 enim
2479 991 2550 1045 illi
2582 1003 2665 1046 est
2693 992 2865 1043 minor
2890 989 3044 1043 Patre
3068 989 3402 1052 humanitas;
3422 990 3489 1043 de
3524 990 3684 1045 Patre

2104 1082 2181 1136 illi
2214 1090 2297 1136 est
2343 1082 2568 1149 aequalis
2613 1097 2732 1134 cum
2787 1081 2943 1133 Patre
2994 1078 3271 1134 divinitas.
3307 1078 3685 1135 Dubitantihns

2100 1174 2416 1243 lllyricianis
2441 1184 2494 1228 et
2526 1171 2823 1227 Palmstinis
2870 1172 3330 1227 reverentissimis
3353 1174 3397 1236 ',
3432 1173 3684 1228 Theodo-

2102 1276 2248 1320 retus
2301 1266 2765 1320 reverentissimns
2824 1265 3109 1333 episcopus
3154 1264 3307 1334 Cyrri
3365 1264 3549 1318 dixit:
3594 1264 3690 1319 Est

2102 1355 2263 1410 simul
2292 1356 2599 1422 exemplum
2642 1355 2776 1409 beati
2808 1354 2995 1423 Cyrilli
3028 1354 3098 1406 ita
3144 1352 3367 1418 habens,
3404 1362 3460 1407 et
3488 1351 3691 1407 factum

2103 1444 2397 1513 hominem,
2429 1452 2483 1499 et
2530 1460 2635 1498 non
2666 1444 2999 1498 amittentem
3031 1442 3050 1472 ⁸
3076 1442 3220 1511 quod
3274 1444 3550 1512 proprium
3580 1452 3687 1498 est.

2104 1534 2414 1588 Permansit
2463 1536 2606 1588 enim
2642 1533 2782 1587 idem
2834 1533 2981 1602 quod
3021 1542 3170 1588 erat:
3216 1533 3533 1595 intelligitur
3560 1549 3689 1588 vero

2104 1624 2320 1679 murrina
2346 1633 2401 1680 et
2426 1625 2569 1679 aliud
2601 1624 2653 1678 in
2685 1625 2792 1678 alio
2819 1624 2961 1693 quod
3015 1624 3253 1688 habitat,
3284 1624 3335 1677 id
3376 1633 3478 1687 est,
3513 1623 3690 1680 divina

2105 1728 2295 1773 natura
2325 1735 2376 1772 tn
2411 1718 2763 1772 humanitate.
2791 1717 3193 1772 GltiriOSiSSimi
3233 1716 3443 1785 judiees
3488 1725 3543 1773 et
3579 1732 3690 1772 am-

2105 1810 2381 1879 plissimus
2401 1819 2619 1863 senatus
2663 1810 2953 1863 dixerunt:
2989 1808 3114 1861 Post
3147 1808 3263 1861 haec
3310 1811 3491 1862 omnia
3517 1809 3688 1864 adlmc

368 1966 374 1972 ,
422 1906 474 1961 in
496 1921 617 1960 eum
645 1916 984 1962 accusatores
1010 1909 1337 1964 intulerant:
1365 1911 1504 1965 unde
1535 1925 1748 1965 omnem
1776 1913 1827 1965 in
1864 1927 2001 1980 prae-
2033 1913 2076 1974 Β
2107 1903 2225 1971 quis
2244 1902 2493 1956 dubitat?
2528 1902 2987 1957 RcVereutissimi
3020 1902 3260 1972 episcopi
3287 1903 3688 1957 clamauerunt:

422 1999 560 2053 senti
589 1997 656 2052 de
690 2014 756 2054 eo
789 2000 1149 2069 suspicionem
1181 2002 1399 2070 abjicio,
1433 2004 1683 2069 quoniam
1706 2011 1759 2056 et
1780 2016 2006 2059 causen-

423 2086 488 2142 tit
509 2094 565 2142 et
593 2088 885 2144 subscribit
904 2090 956 2144 ei
983 2105 1102 2160 qua)
1136 2106 1277 2145 nunc
1303 2091 1369 2146 de
1403 2092 1506 2146 ﬁde
1531 2092 1653 2147 data
1681 2104 1761 2147 est
1785 2102 2005 2149 senten-

423 2178 511 2233 tia:
537 2194 566 2232 a
591 2190 782 2235 sancto
810 2182 1061 2247 concilio,
1093 2192 1146 2237 et
1185 2184 1431 2252 epistolas
1471 2186 1795 2241 sanctissimi
1834 2188 2010 2243 archi-

423 2269 667 2338 episcopi
698 2269 880 2326 Romae
907 2272 1121 2338 Leonis,
1138 2282 1191 2328 et
1217 2274 1434 2342 dignum
1463 2275 1646 2343 judico
1673 2277 2006 2347 episeOpatu,

423 2366 475 2412 et
503 2358 700 2415 habere
742 2375 926 2415 curam
965 2361 1018 2416 in
1047 2379 1150 2431 qua
1192 2364 1397 2432 pridem
1444 2367 1706 2421 existebat
1739 2368 2001 2425 Ecclesia.

425 2446 499 2501 De
523 2446 710 2502 Nonno
736 2458 913 2513 autem
942 2451 1379 2507 reverentissimo
1401 2455 1674 2522 episcopo,
1701 2457 1789 2524 qui
1834 2456 2009 2513 factus

418 2546 505 2595 est
530 2554 626 2607 pro
657 2555 746 2605 eo,
783 2539 1007 2596 formam
1036 2542 1183 2598 dabit
1224 2544 1484 2600 Maximus
1533 2548 2001 2603 reverentissimus

426 2630 790 2685 Antiochenus
805 2633 1108 2701 episcopus.
1125 2654 1143 2685 ι
1165 2634 1296 2688 Hinc
1308 2650 1435 2705 ergo
1448 2636 1727 2704 probatur,
1741 2647 1800 2692 ut
1811 2638 2008 2694 dictum

424 2728 524 2785 est,
544 2720 682 2789 quod
701 2731 821 2790 post
837 2732 1100 2789 octavam,
1117 2724 1169 2778 in
1180 2740 1284 2794 qua
1311 2742 1378 2794 pu
1388 2739 1569 2796 rgatus
1583 2735 1685 2789 est.
1705 2731 2005 2785 sessionem

428 2810 699 2880 prioribus
720 2813 936 2868 concilii
966 2815 1348 2885 subscripserit
1372 2818 1624 2887 iudicatis
1650 2836 1663 2872 :
1689 2823 1813 2891 quia
1834 2823 1901 2878 de
1922 2823 2013 2879 illo

424 2910 643 2958 sanctus
656 2904 932 2960 Anatolius
944 2906 996 2960 in
1014 2920 1109 2961 sua
1123 2908 1410 2975 sententia,
1424 2911 1565 2965 sicut
1579 2914 2011 2980 memoravimus,

429 2992 698 3048 consentit
716 3004 769 3048 et
786 2994 1094 3061 subscribit,
1122 2997 1275 3066 dixit,
1310 3015 1415 3055 non
1430 3004 1703 3057 consensit
1720 3014 1880 3073 atque
1893 3008 2016 3063 sob-

430 3085 666 3154 scripsit.
690 3086 805 3141 Non
829 3088 1009 3158 itaque
1030 3100 1237 3145 moveat
1266 3093 1406 3161 quod
1428 3108 1549 3147 cum
1579 3096 1630 3148 in
1651 3097 2018 3165 superioribus

408 3176 732 3245 .actionihus
768 3190 1094 3235 memoratus
1129 3180 1246 3236 lbas
1269 3198 1528 3253 nusquam
1559 3185 1764 3256 legatur
1790 3187 2012 3255 sedisse,

2113 1994 2279 2049 Ni-mo
2310 1993 2539 2048 dubitat.
2589 2012 2608 2045 ι
2654 1994 2778 2048 Ηεεο
2804 1994 2985 2049 omnia
3025 2008 3089 2048 ex
3117 1994 3284 2062 ipsius
3313 1995 3504 2065 synodi
3534 1996 3695 2064 gestit

2111 2085 2163 2139 in
2197 2085 2336 2139 hunc
2375 2084 2568 2138 librum
2624 2085 2886 2138 transtuli.
2919 2084 3200 2151 Quomodo
3243 2099 3373 2156 ergo
3404 2085 3604 2141 dicitur
3627 2086 3697 2141 de

2111 2179 2549 2234 reverentissimo
2596 2177 2939 2232 Tlieodoreto
2986 2178 3240 2247 episcopo
3288 2180 3428 2245 quod
3488 2177 3589 2233 nisi
3644 2179 3699 2235 in

2111 2278 2296 2323 octava
2328 2282 2434 2321 non
2468 2266 2667 2322 sederit
2719 2269 2975 2322 actione?
3007 2268 3063 2321 In
3112 2268 3322 2322 actione
3350 2282 3477 2322 vero
3520 2270 3696 2336 tertia,

2113 2360 2164 2415 iu
2195 2374 2297 2426 qua
2327 2358 2615 2412 Dioscorus
2644 2367 2729 2412 est
2766 2357 3069 2423 damnatus,
3092 2372 3210 2426 qua:
3238 2358 3333 2411 fuit
3360 2358 3548 2412 eodem
3572 2374 3701 2413 con-

2112 2449 2310 2514 sulatu,
2344 2464 2401 2502 tu
2433 2448 2552 2502 idus
2582 2447 2847 2513 Octobris,
2876 2464 2994 2517 qua:
3025 2449 3187 2504 etiam
3214 2449 3701 2518 absquejudicihus

2115 2555 2177 2593 ac
2210 2550 2399 2595 senatu
2431 2538 2697 2594 celebrata
2731 2547 2833 2605 est,
2880 2548 2933 2592 ct
2962 2539 3149 2609 prima
3193 2540 3478 2608 conjuncta
3528 2541 3580 2593 in
3611 2555 3707 2595 co-

2116 2632 2326 2686 dicibus
2352 2631 2662 2686 invenitur:
2695 2638 2999 2699 propterea,
3036 2631 3173 2685 sicut
3198 2632 3468 2695 existimo,
3502 2634 3625 2701 quia
3646 2632 3706 2686 in

2116 2723 2333 2777 actione
2357 2722 2531 2791 prima
2556 2721 2825 2790 judicatus
2853 2730 2970 2775 erat
3013 2720 3153 2777 idem
3184 2720 3471 2776 Dioscorus
3496 2722 3709 2790 episcoc

2119 2824 2275 2884 palus
2305 2813 2512 2868 honore
2539 2813 2850 2881 privandus,
2883 2822 2939 2867 ut
2970 2812 3085 2882 ejus
3113 2813 3492 2867 condemnatio
3520 2813 3708 2883 proxi-

2120 2920 2205 2960 ma
2226 2913 2576 2975 sequeretur:
2599 2911 2853 2959 caeterum
2878 2918 2985 2957 non
3007 2904 3117 2958 sola
3137 2903 3343 2957 dierum
3365 2905 3709 2973 pranotatio,

2121 3010 2306 3051 verum
2332 2995 2492 3049 etiam
2514 3003 2668 3049 tenor
2695 2995 2929 3063 ipsarum
2957 2995 3252 3058 actionum,
3276 2993 3325 3047 id
3350 3002 3434 3047 est
3456 2994 3712 3050 secunda

2118 3101 2182 3141 ac
2210 3086 2406 3153 tertiac,
2431 3100 2554 3139 cum
2580 3084 2791 3155 legitur,
2822 3083 2982 3139 docet
3008 3082 3149 3152 quod
3174 3084 3225 3137 in
3253 3082 3526 3137 codicibus
3552 3083 3711 3138 tertia

2122 3176 2286 3233 fuerit
2310 3178 2559 3231 secunda:
2585 3176 2893 3246 praeposita.
2920 3173 2975 3228 In
2999 3188 3101 3243 qua
3128 3174 3280 3229 tertia
3303 3173 3535 3238 actione.
3560 3173 3714 3241 quin-

434 3264 705 3322 invenitur
722 3278 896 3325 tamen
915 3271 964 3326 in
979 3272 1055 3326 eis
1072 3288 1191 3326 cum
1214 3272 1405 3328 Nonno
1431 3290 1524 3346 pro
1546 3277 2011 3348 seordinatojudi-

2129 3268 2440 3340 quagesimo
2465 3275 2521 3322 et
2568 3267 2750 3335 quinto
2778 3265 2917 3330 loco,
2946 3263 3170 3329 Nonno.
3196 3265 3284 3334 qui
3316 3279 3415 3332 pro
3448 3264 3537 3317 Iba
3567 3262 3715 3319 ordi~

435 3356 571 3411 catis
599 3358 809 3411 concilii
834 3359 1234 3429 subscripsisse.
1260 3361 1390 3417 Nam
1420 3373 1540 3433 post
1562 3374 1803 3421 octavam
1830 3371 2019 3424 sessio-

434 3460 580 3515 nem,
592 3463 689 3516 qua
710 3460 961 3518 purgatus
977 3450 1091 3505 [bas
1104 3452 1466 3522 episcopatum
1486 3454 1741 3512 Ecclesia:
1758 3473 1868 3513 sua:
1880 3473 2022 3513 rece-

437 3540 538 3610 pit,
560 3539 871 3608 prardictutn
892 3541 1136 3596 Nonnum
1160 3544 1212 3598 in
1235 3545 1351 3599 aliis
1372 3544 1691 3615 actionibus,
1719 3549 1909 3618 quibus
1926 3548 2018 3604 iis-

435 3630 558 3687 dem
576 3632 859 3703 episcopns
882 3633 997 3689 lbas
1022 3634 1281 3702 interfuit,
1302 3652 1398 3691 nec
1418 3637 1644 3705 sedisse,
1660 3655 1760 3695 nec
1781 3641 2018 3696 subscri-

437 3725 614 3793 psisse
639 3740 783 3795 repet
800 3726 956 3781 imus.
991 3726 1047 3781 ln
1069 3728 1301 3783 secunda
1333 3744 1547 3800 quoque
1569 3732 1802 3797 actione,
1826 3748 1943 3803 qua:
1964 3735 2016 3788 in

436 3814 713 3871 codicibus
735 3817 954 3887 quidem
992 3828 1114 3887 post
1154 3819 1365 3873 tertiam
1396 3819 1675 3887 scribitur,
1700 3822 1799 3876 fuit
1837 3834 2017 3878 autem

435 3905 627 3962 eodem
654 3908 957 3973 consulatu,
979 3924 1033 3961 v1
1061 3908 1182 3964 idus
1207 3909 1475 3975 Octobris,
1506 3911 1558 3965 in
1583 3928 1683 3979 qua
1710 3911 1779 3967 de
1806 3916 2019 3970 statutis

438 3994 559 4052 ﬁdei
584 4005 839 4052 tractatus
856 3990 1064 4066 incipit,
1085 4000 1415 4054 centesimus
1436 4008 1489 4054 et
1512 4000 1825 4057 undecimus
1844 4003 2020 4059 Theo—

436 4084 657 4142 doretus
706 4088 865 4142 sedit.
902 4088 1147 4159 Cumque
1201 4099 1321 4158 post
1367 4089 1741 4145 recitationem
1791 4095 2019 4164 symboli

437 4184 799 4232 trecentorum
822 4179 1008 4234 decem
1031 4190 1087 4235 et
1110 4189 1233 4236 octo
1250 4181 1466 4235 Patrum
1493 4183 1581 4250 qui
1604 4184 1741 4252 apud
1766 4185 2016 4255 Nicaeam,

442 4273 499 4319 ct
540 4274 756 4319 centum
785 4278 840 4323 et
867 4269 1249 4341 quinquaginta
1280 4272 1369 4341 qui
1397 4272 1536 4342 apud
1568 4272 2020 4346 Constantinopo-

436 4351 531 4408 lim
562 4352 799 4421 fuerunt,
834 4366 890 4413 et
912 4358 1138 4414 duarum
1170 4361 1525 4430 epistolarum
1554 4360 1694 4419 beati
1724 4364 1930 4436 Cyrilli,
1966 4368 2019 4423 id

436 4452 522 4509 est
549 4445 615 4500 ad
643 4445 948 4504 Nestorium
972 4458 1026 4505 et
1047 4450 1115 4506 ad
1137 4451 1397 4508 Joannem
1418 4453 1830 4523 Antiocbcnum,
1857 4460 2019 4514 etiam

437 4548 590 4605 papa:
618 4535 812 4592 Leonis
839 4538 906 4594 ad
934 4538 1248 4596 Flavianum
1285 4543 1615 4613 relegeretur
1639 4547 1888 4615 epistola,
1922 4549 2022 4603 du-

438 4626 669 4687 bitantes
700 4630 915 4701 quidam
942 4633 1010 4688 de
1047 4635 1320 4706 aliquibus
1347 4638 1528 4692 verbis
1558 4638 1727 4706 ipsius
1755 4640 2017 4709 epistolas,

2121 3372 2278 3418 natus
2318 3360 2510 3423 fuerat,
2562 3358 2933 3414 subscribente
2975 3369 3135 3425 atque
3180 3357 3441 3413 dicente:
3487 3359 3715 3414 Nonnus

2120 3455 2402 3523 episcopus
2430 3450 2661 3505 civitatis
2711 3450 2996 3505 Edessena;
3044 3448 3369 3518 subscripsi;
3400 3449 3568 3504 etiam
3600 3450 3717 3519 ipse

2120 3545 2236 3601 lbas
2268 3542 2565 3598 centesimo
2611 3544 3006 3612 septuagesimo
3034 3540 3266 3609 septimo
3289 3540 3429 3607 loco,
3460 3542 3605 3595 sicut
3630 3543 3714 3595 in-

2121 3634 2399 3700 venimus,
2431 3632 2759 3687 damnationi
2801 3631 2919 3700 ejus
2969 3633 3040 3685 ita
3073 3631 3398 3687 subscribit:
3430 3631 3553 3687 [bas
3602 3634 3714 3702 epi-

2120 3740 2316 3795 scopus
2346 3723 2632 3778 Edessena:
2675 3724 2907 3777 civitatis
2932 3723 3223 3792 Sul'scripsi
3245 3740 3260 3789 ;
3286 3724 3486 3781 deinde
3523 3735 3716 3795 quarto

2121 3832 2400 3879 consessu.
2447 3815 2636 3871 eodem
2686 3815 2982 3880 consulatu,
3031 3826 3183 3870 sexto
3214 3816 3422 3871 decimo
3451 3818 3712 3873 calendas

2122 3908 2472 3974 Novembris,
2504 3907 2856 3963 centesimum
2906 3906 3277 3962 duodecimum
3308 3907 3714 3964 Theodoreturn

2120 3999 2429 4068 episcopum
2458 3998 2685 4065 sedisse,
2717 4008 2771 4054 et
2788 4013 2949 4068 super
2969 4007 3260 4053 memorata
3283 4000 3512 4068 epistola
3538 4001 3715 4055 sancti

2122 4093 2320 4149 Leonis
2358 4093 2635 4163 trigesimo
2675 4102 2732 4147 et
2758 4100 2948 4147 octavo
2975 4092 3091 4147 loco
3136 4092 3518 4147 interlocutum
3550 4093 3717 4149 fuisse

2123 4187 2441 4255 reperimus,
2488 4186 2576 4241 ubi
2617 4187 2873 4255 scriptum
2917 4195 3041 4239 est:
3090 4205 3109 4238 ο
3155 4186 3533 4241 Theodoretus
3565 4202 3720 4242 reve-

2123 4278 2465 4334 rentissimus
2493 4278 2777 4347 episcOpus
2814 4276 2968 4346 Cyrri
2998 4276 3133 4330 dixit
3162 4295 3175 4330 :
3206 4276 3455 4331 Concinit
3482 4278 3721 4347 epistola

2122 4370 2444 4427 sanctissimi
2478 4371 2710 4439 episcopi
2737 4369 2759 4400 ⁸
2788 4370 2985 4424 domini
3015 4369 3210 4424 Leonis
3232 4369 3352 4425 ﬁdei
3374 4384 3406 4423 a
3436 4374 3645 4426 sanctis
3666 4381 3722 4427 et

2123 4463 2446 4519 beatissimis
2474 4461 2716 4516 Patrihus
2746 4462 2797 4515 in
2845 4460 3023 4515 Nicma
3063 4463 3342 4530 expositae,
3371 4474 3426 4516 et
3473 4463 3722 4532 symbolo

2126 4554 2245 4608 ﬁdei
2277 4555 2327 4609 in
2356 4552 2813 4621 Constantinopoli
2835 4551 3035 4607 dictata
3064 4567 3094 4605 a
3118 4562 3334 4608 centum
3357 4566 3412 4608 et
3446 4556 3719 4623 quinqua-

2126 4644 2292 4715 ginta,
2344 4654 2400 4699 et
2444 4644 2681 4712 epistolis
2730 4643 2870 4697 beati
2926 4642 3138 4713 Cyrilli.
3191 4661 3210 4695 ι
3258 4644 3331 4696 De
3359 4645 3551 4711 quinta
3592 4659 3725 4700 vero

439 4722 581 4791 quod
625 4732 680 4778 et
707 4725 950 4780 secundo
988 4725 1125 4781 libro
1140 4703 1270 4795 viam
1319 4703 1592 4791 diximus,
1620 4703 1811 4783 eodem
1844 4703 2022 4787 Theo;
2048 4703 2104 4766 D
2128 4703 2361 4801 actione,
2393 4703 2511 4805 qua:
2543 4735 2641 4789 fuit
2663 4734 2850 4788 eodem
2888 4703 3188 4798 consulatu,
3220 4703 3511 4788 undecimo
3541 4737 3726 4790 calen-

438 4813 630 4873 doreto
680 4820 943 4876 rationem
1000 4820 1258 4877 reddente
1306 4821 1503 4877 ﬁrmati
1548 4832 1691 4876 sunt.
1741 4822 1830 4880 Sic
1877 4828 2019 4883 enim

512 5025 539 5055 α
561 5017 716 5087 Aliud
744 5025 825 5072 est
862 5017 1051 5087 synodi
1077 5019 1264 5083 sessio,
1296 5018 1439 5073 aliud
1468 5018 1632 5085 actio,
1662 5035 1781 5075 cum
1810 5020 1863 5074 in
1905 5037 2013 5077 uno

440 5086 704 5161 Interdum
742 5086 996 5161 consessu
1045 5089 1529 5161 plurclcausaiiel
1572 5089 1811 5145 actiones
1843 5094 2011 5161 expli-

441 5157 820 5229 carisoleant.
868 5156 922 5211 In
974 5160 1178 5227 synodo
1224 5157 1645 5214 Clialcedonensi
1690 5176 1781 5215 sex
1834 5156 2017 5229 primat

443 5227 711 5301 sessiones
759 5244 850 5282 sex
899 5229 1400 5301 omninoactiones
1452 5232 1749 5295 continent,
1797 5227 2018 5301 singulae

441 5298 711 5370 singulas;
738 5310 789 5351 at
818 5302 987 5352 sessio
1008 5300 1232 5365 septima
1257 5310 1366 5353 tres
1393 5306 1631 5355 actiones
1656 5298 2017 5370 amplectitur,

444 5368 753 5435 sciitimam,
779 5379 1020 5423 octavam
1040 5378 1101 5429 ct
1130 5385 1321 5423 nonani
1347 5388 1360 5435 ;
1391 5382 1575 5425 octava
1604 5368 1780 5425 autem
1810 5373 2018 5426 unicam

442 5440 734 5505 actionem,
759 5455 950 5507 nempe
975 5441 1253 5511 decimam.
1286 5441 1519 5507 Denique
1549 5442 1737 5511 synodi
1760 5444 2021 5498 universas

440 5511 737 5577 sessiones,
768 5511 900 5575 sive,
927 5522 981 5564 ut
1005 5510 1285 5565 Liberatus
1313 5526 1430 5580 i-ap.
1460 5514 1526 5566 15
1556 5510 1725 5571 vocat.
1751 5514 2023 5567 secretarii

516 5667 532 5698 ⁸
564 5666 700 5719 Cod.
732 5663 950 5730 Veron.,
975 5664 1328 5720 Judicantinm
1356 5667 1873 5719 reverentissimorum
1921 5668 2029 5731 epi-

441 5744 708 5805 δωρον-ωτι
735 5737 879 5798 ﬁdes,
907 5746 952 5789 et
983 5738 1130 5789 lect'o
1160 5739 1389 5790 omnium
1419 5738 1731 5803 prolotorum
1758 5738 2029 5792 innoxium

444 5805 990 5878 cernenstrrmt‘lbam,
1021 5816 1126 5862 etc.
1180 5808 1335 5863 Paria
1368 5809 1611 5878 leguntur
1650 5816 1754 5864 act.
1804 5808 1868 5861 lt)
1898 5822 2029 5862 eon-

449 5873 557 5930 cilii
591 5874 845 5929 Chalced.

2130 4830 2224 4885 das
2253 4828 2587 4892 Novembris,
2618 4827 2670 4882 in
2703 4843 2804 4898 qua
2834 4828 2980 4897 prius
3007 4828 3273 4898 expositio
3320 4827 3445 4883 ﬁdei
3494 4829 3728 4884 recitata

2122 5023 2271 5079 fuere
2311 5023 2614 5087 duodecim,
2655 5026 2890 5097 actiones
2940 5039 3067 5079 vero
3096 5024 3357 5097 sedecim.
3391 5024 3498 5081 lhze
3558 5029 3725 5097 igitur

2123 5109 2302 5157 causa,
2337 5110 2493 5163 quant
2532 5110 2669 5148 nona
2696 5106 2748 5149 et
2775 5095 2978 5151 decima
3020 5095 3207 5164 synodi
3251 5096 3470 5151 actione
3506 5095 3728 5154 discus-

2124 5180 2236 5218 sam
2280 5180 2439 5233 supra
2490 5168 2918 5230 observavimus,
2952 5178 3096 5219 recte
3143 5179 3173 5217 a
3218 5165 3471 5219 Facundo
3526 5173 3731 5235 partim

2126 5236 2404 5297 septimae,
2440 5235 2629 5302 partim
2686 5246 2891 5287 octavze
2947 5235 3171 5289 sessioni
3229 5237 3551 5298 ascrihitor;
3594 5254 3729 5293 cum

2127 5308 2269 5358 actio
2316 5319 2484 5366 nona,
2520 5314 2577 5356 ut
2620 5305 2819 5358 dictum
2849 5313 2960 5370 est,
2988 5306 3052 5357 ad
3085 5304 3371 5372 septimam
3415 5308 3731 5365 sessionem

2132 5375 2412 5444 pertineat,
2436 5375 2645 5428 decima
2672 5374 2737 5427 ad
2763 5385 3027 5427 octavam.
3056 5375 3231 5441 Quare
3256 5392 3379 5443 qua:
3410 5380 3567 5444 paulo
3603 5391 3735 5444 post

2129 5461 2199 5499 ex
2244 5448 2486 5499 sessione
2515 5456 2700 5499 octava
2734 5445 3103 5512 proferuntur,
3139 5447 3189 5498 in
3243 5448 3347 5499 acti
3372 5464 3456 5502 me
3508 5449 3736 5511 decima

2133 5531 2276 5585 repet
2293 5527 2492 5570 tuntur.

2207 5675 2227 5743 ξ
2260 5673 2401 5727 Idem
2426 5671 2573 5738 cod.,
2604 5673 3019 5727 mwontissimis
3046 5673 3315 5743 episcopis.

2207 5742 2227 5775 ⁸
2258 5743 2397 5797 Idem
2421 5744 2569 5807 corl.,
2592 5756 2890 5797 mu’antem.

2206 5814 2227 5844 ⁸
2258 5814 2395 5868 idem
2427 5813 2569 5882 cud.,
2610 5814 2998 5882 archiepiswpi.
