  <div class='ocr_page' id='page_1' title='image "/cluster/home/n/w/nwhite01/storage/ocr_20150623/67/hvd.32044073505141/328.png"; bbox 0 0 3974 6330; ppageno 0'>
   <div class='ocr_carea' id='block_1_1' title="bbox 259 270 359 326">
    <p class='ocr_par' dir='ltr' id='par_1_1' title="bbox 259 270 359 326">
     <span class='ocr_line' id='line_1_1' title="bbox 259 270 359 326; baseline -0.03 0"><span class='ocrx_word' id='word_1_1' title='bbox 259 270 359 326; x_wconf 68' lang='grc' dir='ltr'><strong>θιι</strong></span> 
     </span>
    </p>
   </div>
   <div class='ocr_carea' id='block_1_2' title="bbox 1211 278 2685 337">
    <p class='ocr_par' dir='ltr' id='par_1_2' title="bbox 1211 278 2685 337">
     <span class='ocr_line' id='line_1_2' title="bbox 1211 278 2685 337; baseline -0.001 0"><span class='ocrx_word' id='word_1_2' title='bbox 1211 282 1349 337; x_wconf 74' lang='lat' dir='ltr'><strong>PRO</strong></span> <span class='ocrx_word' id='word_1_3' title='bbox 1385 279 1813 337; x_wconf 74' lang='lat' dir='ltr'><strong>DEFENSIONE</strong></span> <span class='ocrx_word' id='word_1_4' title='bbox 1853 278 2068 335; x_wconf 80' lang='lat' dir='ltr'><strong>TRiUM</strong></span> <span class='ocrx_word' id='word_1_5' title='bbox 2107 278 2425 337; x_wconf 62' lang='lat' dir='ltr'><strong>CAPITUL.</strong></span> <span class='ocrx_word' id='word_1_6' title='bbox 2461 279 2585 335; x_wconf 85' lang='lat' dir='ltr'><strong>LIB.</strong></span> <span class='ocrx_word' id='word_1_7' title='bbox 2624 280 2685 335; x_wconf 80' lang='lat' dir='ltr'><strong>V.</strong></span> 
     </span>
    </p>
   </div>
   <div class='ocr_carea' id='block_1_3' title="bbox 3442 274 3546 333">
    <p class='ocr_par' dir='ltr' id='par_1_3' title="bbox 3442 274 3546 333">
     <span class='ocr_line' id='line_1_3' title="bbox 3442 274 3546 333; baseline -0.038 -1"><span class='ocrx_word' id='word_1_8' title='bbox 3442 274 3546 333; x_wconf 45' lang='lat'><strong>6.12</strong></span> 
     </span>
    </p>
   </div>
   <div class='ocr_carea' id='block_1_4' title="bbox 250 390 3531 473">
    <p class='ocr_par' dir='ltr' id='par_1_4' title="bbox 250 390 3531 473">
     <span class='ocr_line' id='line_1_4' title="bbox 250 390 3531 473; baseline 0.003 -25"><span class='ocrx_word' id='word_1_9' title='bbox 250 404 339 449; x_wconf 83' lang='lat' dir='ltr'><strong>est</strong></span> <span class='ocrx_word' id='word_1_10' title='bbox 366 402 530 463; x_wconf 86' lang='lat' dir='ltr'><strong>atque</strong></span> <span class='ocrx_word' id='word_1_11' title='bbox 554 390 619 445; x_wconf 87' lang='lat' dir='ltr'><strong>ad</strong></span> <span class='ocrx_word' id='word_1_12' title='bbox 651 403 1024 459; x_wconf 67' lang='lat' dir='ltr'><strong>imperatorem</strong></span> <span class='ocrx_word' id='word_1_13' title='bbox 1077 395 1265 461; x_wconf 83' lang='lat' dir='ltr'><strong>relata,</strong></span> <span class='ocrx_word' id='word_1_14' title='bbox 1301 409 1355 449; x_wconf 92' lang='lat' dir='ltr'><strong>ut</strong></span> <span class='ocrx_word' id='word_1_15' title='bbox 1396 409 1577 464; x_wconf 73' lang='lat' dir='ltr'><strong>pttSiea</strong></span> <span class='ocrx_word' id='word_1_16' title='bbox 1607 396 1839 449; x_wconf 85' lang='lat' dir='ltr'><strong>subscri-</strong></span> <span class='ocrx_word' id='word_1_17' title='bbox 1871 402 1916 456; x_wconf 77' lang='grc' dir='ltr'>Α</span> <span class='ocrx_word' id='word_1_18' title='bbox 1946 400 2124 446; x_wconf 85' lang='lat' dir='ltr'><strong>ccant.</strong></span> <span class='ocrx_word' id='word_1_19' title='bbox 2186 391 2382 447; x_wconf 78' lang='lat' dir='ltr'><strong>Verum</strong></span> <span class='ocrx_word' id='word_1_20' title='bbox 2424 401 2548 459; x_wconf 86' lang='lat' dir='ltr'><strong>est,</strong></span> <span class='ocrx_word' id='word_1_21' title='bbox 2624 410 2731 449; x_wconf 92' lang='lat' dir='ltr'><strong>non</strong></span> <span class='ocrx_word' id='word_1_22' title='bbox 2785 393 3085 451; x_wconf 69' lang='lat' dir='ltr'><strong>interfuerit</strong></span> <span class='ocrx_word' id='word_1_23' title='bbox 3138 398 3531 473; x_wconf 80' lang='lat' dir='ltr'><strong>Theodoretus,</strong></span> 
     </span>
    </p>
   </div>
   <div class='ocr_carea' id='block_1_5' title="bbox 259 485 1840 557">
    <p class='ocr_par' dir='ltr' id='par_1_5' title="bbox 259 485 1840 557">
     <span class='ocr_line' id='line_1_5' title="bbox 259 485 1840 557; baseline 0.003 -20"><span class='ocrx_word' id='word_1_24' title='bbox 259 485 528 554; x_wconf 83' lang='lat' dir='ltr'><strong>ptinnihus</strong></span> <span class='ocrx_word' id='word_1_25' title='bbox 558 486 796 539; x_wconf 89' lang='lat' dir='ltr'><strong>onmium</strong></span> <span class='ocrx_word' id='word_1_26' title='bbox 850 486 1171 551; x_wconf 87' lang='lat' dir='ltr'><strong>ﬁrmaretur,</strong></span> <span class='ocrx_word' id='word_1_27' title='bbox 1220 489 1348 541; x_wconf 83' lang='lat' dir='ltr'><strong>nihil</strong></span> <span class='ocrx_word' id='word_1_28' title='bbox 1382 488 1609 557; x_wconf 77' lang='lat' dir='ltr'><strong>probare</strong></span> <span class='ocrx_word' id='word_1_29' title='bbox 1652 502 1840 555; x_wconf 78' lang='lat' dir='ltr'><strong>possu-</strong></span> 
     </span>
    </p>
   </div>
   <div class='ocr_carea' id='block_1_6' title="bbox 230 577 1836 649">
    <p class='ocr_par' dir='ltr' id='par_1_6' title="bbox 230 577 1836 649">
     <span class='ocr_line' id='line_1_6' title="bbox 230 577 1836 649; baseline 0.002 -18"><span class='ocrx_word' id='word_1_30' title='bbox 230 592 409 645; x_wconf 81' lang='lat' dir='ltr'><strong>mus:</strong></span> <span class='ocrx_word' id='word_1_31' title='bbox 438 577 560 648; x_wconf 85' lang='lat' dir='ltr'><strong>quia</strong></span> <span class='ocrx_word' id='word_1_32' title='bbox 591 584 647 631; x_wconf 89' lang='lat' dir='ltr'><strong>et</strong></span> <span class='ocrx_word' id='word_1_33' title='bbox 675 577 1000 646; x_wconf 75' lang='lat' dir='ltr'><strong>subscriptio</strong></span> <span class='ocrx_word' id='word_1_34' title='bbox 1041 579 1202 633; x_wconf 62' lang='lat' dir='ltr'><strong>dilata</strong></span> <span class='ocrx_word' id='word_1_35' title='bbox 1252 590 1354 642; x_wconf 83' lang='lat' dir='ltr'><strong>est,</strong></span> <span class='ocrx_word' id='word_1_36' title='bbox 1386 580 1836 649; x_wconf 80' lang='lat' dir='ltr'><strong>quemadmodum</strong></span> 
     </span>
    </p>
   </div>
   <div class='ocr_carea' id='block_1_7' title="bbox 255 667 1834 741">
    <p class='ocr_par' dir='ltr' id='par_1_7' title="bbox 255 667 1834 741">
     <span class='ocr_line' id='line_1_7' title="bbox 255 667 1834 741; baseline 0.003 -18"><span class='ocrx_word' id='word_1_37' title='bbox 255 667 391 729; x_wconf 76' lang='lat' dir='ltr'><strong>dixi,</strong></span> <span class='ocrx_word' id='word_1_38' title='bbox 421 678 478 724; x_wconf 89' lang='lat' dir='ltr'><strong>et</strong></span> <span class='ocrx_word' id='word_1_39' title='bbox 507 668 561 723; x_wconf 89' lang='lat' dir='ltr'><strong>in</strong></span> <span class='ocrx_word' id='word_1_40' title='bbox 591 669 701 737; x_wconf 89' lang='lat' dir='ltr'><strong>ipsa</strong></span> <span class='ocrx_word' id='word_1_41' title='bbox 732 669 1010 736; x_wconf 70' lang='lat' dir='ltr'><strong>relatione,</strong></span> <span class='ocrx_word' id='word_1_42' title='bbox 1043 688 1143 739; x_wconf 84' lang='lat' dir='ltr'><strong>qua</strong></span> <span class='ocrx_word' id='word_1_43' title='bbox 1172 681 1419 726; x_wconf 75' lang='lat' dir='ltr'><strong>narratur</strong></span> <span class='ocrx_word' id='word_1_44' title='bbox 1441 672 1632 741; x_wconf 79' lang='lat' dir='ltr'><strong>quibus</strong></span> <span class='ocrx_word' id='word_1_45' title='bbox 1657 673 1834 727; x_wconf 78' lang='lat' dir='ltr'><strong>consi-</strong></span> 
     </span>
    </p>
   </div>
   <div class='ocr_carea' id='block_1_8' title="bbox 257 758 1839 829">
    <p class='ocr_par' dir='ltr' id='par_1_8' title="bbox 257 758 1839 829">
     <span class='ocr_line' id='line_1_8' title="bbox 257 758 1839 829; baseline 0.003 -15"><span class='ocrx_word' id='word_1_46' title='bbox 257 758 510 815; x_wconf 90' lang='lat' dir='ltr'><strong>dentibus</strong></span> <span class='ocrx_word' id='word_1_47' title='bbox 528 759 715 815; x_wconf 87' lang='lat' dir='ltr'><strong>eadem</strong></span> <span class='ocrx_word' id='word_1_48' title='bbox 741 764 1005 829; x_wconf 69' lang='lat' dir='ltr'><strong>espositio</strong></span> <span class='ocrx_word' id='word_1_49' title='bbox 1031 763 1152 817; x_wconf 89' lang='lat' dir='ltr'><strong>ﬁdei</strong></span> <span class='ocrx_word' id='word_1_50' title='bbox 1182 764 1378 819; x_wconf 89' lang='lat' dir='ltr'><strong>relecta</strong></span> <span class='ocrx_word' id='word_1_51' title='bbox 1397 772 1498 829; x_wconf 92' lang='lat' dir='ltr'><strong>est,</strong></span> <span class='ocrx_word' id='word_1_52' title='bbox 1528 764 1839 818; x_wconf 83' lang='lat' dir='ltr'><strong>denomina-</strong></span> 
     </span>
    </p>
   </div>
   <div class='ocr_carea' id='block_1_9' title="bbox 256 848 1838 924">
    <p class='ocr_par' dir='ltr' id='par_1_9' title="bbox 256 848 1838 924">
     <span class='ocr_line' id='line_1_9' title="bbox 256 848 1838 924; baseline 0.003 -19"><span class='ocrx_word' id='word_1_53' title='bbox 256 851 325 906; x_wconf 89' lang='lat' dir='ltr'><strong>tis</strong></span> <span class='ocrx_word' id='word_1_54' title='bbox 359 848 432 904; x_wconf 88' lang='lat' dir='ltr'><strong>ibi</strong></span> <span class='ocrx_word' id='word_1_55' title='bbox 466 849 653 920; x_wconf 87' lang='lat' dir='ltr'><strong>legatis</strong></span> <span class='ocrx_word' id='word_1_56' title='bbox 683 850 940 906; x_wconf 83' lang='lat' dir='ltr'><strong>Romanis</strong></span> <span class='ocrx_word' id='word_1_57' title='bbox 968 862 1020 907; x_wconf 91' lang='lat' dir='ltr'><strong>et</strong></span> <span class='ocrx_word' id='word_1_58' title='bbox 1058 855 1176 907; x_wconf 87' lang='lat' dir='ltr'><strong>aliis</strong></span> <span class='ocrx_word' id='word_1_59' title='bbox 1223 853 1601 924; x_wconf 73' lang='lat' dir='ltr'><strong>quinquaginta</strong></span> <span class='ocrx_word' id='word_1_60' title='bbox 1629 854 1838 910; x_wconf 90' lang='lat' dir='ltr'><strong>duobus</strong></span> 
     </span>
    </p>
   </div>
   <div class='ocr_carea' id='block_1_10' title="bbox 250 940 1837 1015">
    <p class='ocr_par' dir='ltr' id='par_1_10' title="bbox 250 940 1837 1015">
     <span class='ocr_line' id='line_1_10' title="bbox 250 940 1837 1015; baseline 0.003 -20"><span class='ocrx_word' id='word_1_61' title='bbox 250 940 543 1010; x_wconf 87' lang='lat' dir='ltr'><strong>episc0pis,</strong></span> <span class='ocrx_word' id='word_1_62' title='bbox 571 940 796 1007; x_wconf 91' lang='lat' dir='ltr'><strong>dicitur,</strong></span> <span class='ocrx_word' id='word_1_63' title='bbox 830 941 1245 999; x_wconf 86' lang='lat' dir='ltr'><strong>Considentibus</strong></span> <span class='ocrx_word' id='word_1_64' title='bbox 1274 945 1379 999; x_wconf 91' lang='lat' dir='ltr'><strong>illis</strong></span> <span class='ocrx_word' id='word_1_65' title='bbox 1406 956 1461 1000; x_wconf 92' lang='lat' dir='ltr'><strong>et</strong></span> <span class='ocrx_word' id='word_1_66' title='bbox 1482 946 1683 1015; x_wconf 83' lang='lat' dir='ltr'><strong>reliqua</strong></span> <span class='ocrx_word' id='word_1_67' title='bbox 1714 960 1837 1000; x_wconf 84' lang='lat' dir='ltr'><strong>san-</strong></span> 
     </span>
    </p>
   </div>
   <div class='ocr_carea' id='block_1_11' title="bbox 248 1031 1838 1103">
    <p class='ocr_par' dir='ltr' id='par_1_11' title="bbox 248 1031 1838 1103">
     <span class='ocr_line' id='line_1_11' title="bbox 248 1031 1838 1103; baseline 0.004 -17"><span class='ocrx_word' id='word_1_68' title='bbox 248 1042 337 1086; x_wconf 87' lang='lat' dir='ltr'><strong>cta</strong></span> <span class='ocrx_word' id='word_1_69' title='bbox 358 1042 413 1087; x_wconf 91' lang='lat' dir='ltr'><strong>et</strong></span> <span class='ocrx_word' id='word_1_70' title='bbox 443 1031 734 1086; x_wconf 85' lang='lat' dir='ltr'><strong>universali</strong></span> <span class='ocrx_word' id='word_1_71' title='bbox 754 1034 980 1103; x_wconf 86' lang='lat' dir='ltr'><strong>synodo,</strong></span> <span class='ocrx_word' id='word_1_72' title='bbox 1014 1044 1219 1090; x_wconf 89' lang='lat' dir='ltr'><strong>tacetur</strong></span> <span class='ocrx_word' id='word_1_73' title='bbox 1238 1046 1415 1092; x_wconf 89' lang='lat' dir='ltr'><strong>autem</strong></span> <span class='ocrx_word' id='word_1_74' title='bbox 1443 1037 1511 1092; x_wconf 88' lang='lat' dir='ltr'><strong>de</strong></span> <span class='ocrx_word' id='word_1_75' title='bbox 1532 1038 1838 1092; x_wconf 81' lang='lat' dir='ltr'><strong>nominibus</strong></span> 
     </span>
    </p>
   </div>
   <div class='ocr_carea' id='block_1_12' title="bbox 251 1124 1835 1197">
    <p class='ocr_par' dir='ltr' id='par_1_12' title="bbox 251 1124 1835 1197">
     <span class='ocr_line' id='line_1_12' title="bbox 251 1124 1835 1197; baseline 0.004 -20"><span class='ocrx_word' id='word_1_76' title='bbox 251 1134 598 1178; x_wconf 63' lang='lat' dir='ltr'><strong>casterorum.</strong></span> <span class='ocrx_word' id='word_1_77' title='bbox 628 1124 683 1178; x_wconf 84' lang='grc' dir='ltr'><strong>ιυ</strong></span> <span class='ocrx_word' id='word_1_78' title='bbox 716 1125 927 1179; x_wconf 89' lang='lat' dir='ltr'><strong>actione</strong></span> <span class='ocrx_word' id='word_1_79' title='bbox 957 1141 1083 1183; x_wconf 91' lang='lat' dir='ltr'><strong>vero</strong></span> <span class='ocrx_word' id='word_1_80' title='bbox 1109 1140 1282 1192; x_wconf 81' lang='lat' dir='ltr'><strong>sexta,</strong></span> <span class='ocrx_word' id='word_1_81' title='bbox 1312 1129 1501 1184; x_wconf 89' lang='lat' dir='ltr'><strong>eodem</strong></span> <span class='ocrx_word' id='word_1_82' title='bbox 1531 1131 1835 1197; x_wconf 89' lang='lat' dir='ltr'><strong>consulatu,</strong></span> 
     </span>
    </p>
   </div>
   <div class='ocr_carea' id='block_1_13' title="bbox 251 1216 1840 1289">
    <p class='ocr_par' dir='ltr' id='par_1_13' title="bbox 251 1216 1840 1289">
     <span class='ocr_line' id='line_1_13' title="bbox 251 1216 1840 1289; baseline 0.006 -21"><span class='ocrx_word' id='word_1_83' title='bbox 251 1231 347 1269; x_wconf 86' lang='lat' dir='ltr'><strong>vnt</strong></span> <span class='ocrx_word' id='word_1_84' title='bbox 399 1216 652 1271; x_wconf 88' lang='lat' dir='ltr'><strong>calendas</strong></span> <span class='ocrx_word' id='word_1_85' title='bbox 679 1217 1017 1283; x_wconf 74' lang='lat' dir='ltr'><strong>Novembris,</strong></span> <span class='ocrx_word' id='word_1_86' title='bbox 1052 1221 1104 1273; x_wconf 92' lang='lat' dir='ltr'><strong>in</strong></span> <span class='ocrx_word' id='word_1_87' title='bbox 1136 1236 1237 1289; x_wconf 86' lang='lat' dir='ltr'><strong>qua</strong></span> <span class='ocrx_word' id='word_1_88' title='bbox 1274 1236 1505 1289; x_wconf 85' lang='lat' dir='ltr'><strong>praesens</strong></span> <span class='ocrx_word' id='word_1_89' title='bbox 1535 1222 1628 1275; x_wconf 89' lang='lat' dir='ltr'><strong>fuit</strong></span> <span class='ocrx_word' id='word_1_90' title='bbox 1657 1232 1711 1277; x_wconf 88' lang='lat' dir='ltr'><strong>et</strong></span> <span class='ocrx_word' id='word_1_91' title='bbox 1740 1224 1840 1277; x_wconf 91' lang='lat' dir='ltr'><strong>im-</strong></span> 
     </span>
    </p>
   </div>
   <div class='ocr_carea' id='block_1_14' title="bbox 252 1308 1837 1379">
    <p class='ocr_par' dir='ltr' id='par_1_14' title="bbox 252 1308 1837 1379">
     <span class='ocr_line' id='line_1_14' title="bbox 252 1308 1837 1379; baseline 0.005 -20"><span class='ocrx_word' id='word_1_92' title='bbox 252 1316 491 1376; x_wconf 84' lang='lat' dir='ltr'><strong>perator,</strong></span> <span class='ocrx_word' id='word_1_93' title='bbox 535 1318 588 1361; x_wconf 87' lang='lat' dir='ltr'><strong>et</strong></span> <span class='ocrx_word' id='word_1_94' title='bbox 620 1323 807 1363; x_wconf 86' lang='lat' dir='ltr'><strong>omnes</strong></span> <span class='ocrx_word' id='word_1_95' title='bbox 851 1308 1146 1363; x_wconf 71' lang='lat' dir='ltr'><strong>definitioni</strong></span> <span class='ocrx_word' id='word_1_96' title='bbox 1202 1310 1321 1366; x_wconf 89' lang='lat' dir='ltr'><strong>ﬁdei</strong></span> <span class='ocrx_word' id='word_1_97' title='bbox 1364 1312 1837 1379; x_wconf 73' lang='lat' dir='ltr'><strong>substrripserunt,</strong></span> 
     </span>
    </p>
   </div>
   <div class='ocr_carea' id='block_1_15' title="bbox 254 1398 1839 1475">
    <p class='ocr_par' dir='ltr' id='par_1_15' title="bbox 254 1398 1839 1475">
     <span class='ocr_line' id='line_1_15' title="bbox 254 1398 1839 1475; baseline 0.006 -23"><span class='ocrx_word' id='word_1_98' title='bbox 254 1398 772 1454; x_wconf 80' lang='lat' dir='ltr'><strong>anathematizantes</strong></span> <span class='ocrx_word' id='word_1_99' title='bbox 801 1398 1104 1456; x_wconf 81' lang='lat' dir='ltr'><strong>Nestorium</strong></span> <span class='ocrx_word' id='word_1_100' title='bbox 1146 1412 1201 1458; x_wconf 91' lang='lat' dir='ltr'><strong>ct</strong></span> <span class='ocrx_word' id='word_1_101' title='bbox 1233 1405 1524 1475; x_wconf 85' lang='lat' dir='ltr'><strong>Eutycltem</strong></span> <span class='ocrx_word' id='word_1_102' title='bbox 1555 1414 1611 1461; x_wconf 87' lang='lat' dir='ltr'><strong>et</strong></span> <span class='ocrx_word' id='word_1_103' title='bbox 1650 1420 1839 1462; x_wconf 90' lang='lat' dir='ltr'><strong>omnes</strong></span> 
     </span>
    </p>
   </div>
   <div class='ocr_carea' id='block_1_16' title="bbox 253 1491 1842 1567">
    <p class='ocr_par' dir='ltr' id='par_1_16' title="bbox 253 1491 1842 1567">
     <span class='ocr_line' id='line_1_16' title="bbox 253 1491 1842 1567; baseline 0.006 -26"><span class='ocrx_word' id='word_1_104' title='bbox 253 1491 525 1543; x_wconf 83' lang='lat' dir='ltr'><strong>contraria</strong></span> <span class='ocrx_word' id='word_1_105' title='bbox 557 1491 892 1555; x_wconf 76' lang='lat' dir='ltr'><strong>sentientes,</strong></span> <span class='ocrx_word' id='word_1_106' title='bbox 920 1492 1187 1548; x_wconf 89' lang='lat' dir='ltr'><strong>invenitur</strong></span> <span class='ocrx_word' id='word_1_107' title='bbox 1216 1495 1432 1550; x_wconf 73' lang='lat' dir='ltr'><strong>Nonnus</strong></span> <span class='ocrx_word' id='word_1_108' title='bbox 1467 1496 1673 1551; x_wconf 83' lang='lat' dir='ltr'><strong>sedisse</strong></span> <span class='ocrx_word' id='word_1_109' title='bbox 1699 1498 1842 1567; x_wconf 87' lang='lat' dir='ltr'><strong>vige-</strong></span> 
     </span>
    </p>
   </div>
   <div class='ocr_carea' id='block_1_17' title="bbox 253 1582 1841 1659">
    <p class='ocr_par' dir='ltr' id='par_1_17' title="bbox 253 1582 1841 1659">
     <span class='ocr_line' id='line_1_17' title="bbox 253 1582 1841 1659; baseline 0.004 -23"><span class='ocrx_word' id='word_1_110' title='bbox 253 1582 425 1636; x_wconf 82' lang='lat' dir='ltr'><strong>simus</strong></span> <span class='ocrx_word' id='word_1_111' title='bbox 477 1591 718 1647; x_wconf 87' lang='lat' dir='ltr'><strong>octavus,</strong></span> <span class='ocrx_word' id='word_1_112' title='bbox 763 1585 1150 1653; x_wconf 85' lang='lat' dir='ltr'><strong>subscripsisse</strong></span> <span class='ocrx_word' id='word_1_113' title='bbox 1193 1598 1369 1642; x_wconf 91' lang='lat' dir='ltr'><strong>autem</strong></span> <span class='ocrx_word' id='word_1_114' title='bbox 1402 1588 1706 1659; x_wconf 77' lang='lat' dir='ltr'><strong>trigesitnus</strong></span> <span class='ocrx_word' id='word_1_115' title='bbox 1735 1590 1841 1658; x_wconf 87' lang='lat' dir='ltr'><strong>pri-</strong></span> 
     </span>
    </p>
   </div>
   <div class='ocr_carea' id='block_1_18' title="bbox 252 1672 1841 1747">
    <p class='ocr_par' dir='ltr' id='par_1_18' title="bbox 252 1672 1841 1747">
     <span class='ocr_line' id='line_1_18' title="bbox 252 1672 1841 1747; baseline 0.006 -21"><span class='ocrx_word' id='word_1_116' title='bbox 252 1688 375 1726; x_wconf 56' lang='lat' dir='ltr'><strong>mus</strong></span> <span class='ocrx_word' id='word_1_117' title='bbox 408 1672 506 1725; x_wconf 63' lang='lat' dir='ltr'><strong>hoc</strong></span> <span class='ocrx_word' id='word_1_118' title='bbox 540 1674 698 1727; x_wconf 91' lang='lat' dir='ltr'><strong>modo</strong></span> <span class='ocrx_word' id='word_1_119' title='bbox 724 1693 736 1727; x_wconf 88' lang='lat'><strong>:</strong></span> <span class='ocrx_word' id='word_1_120' title='bbox 767 1673 987 1731; x_wconf 84' lang='lat' dir='ltr'><strong>Nonnus</strong></span> <span class='ocrx_word' id='word_1_121' title='bbox 1009 1677 1290 1747; x_wconf 81' lang='lat' dir='ltr'><strong>episeOpus</strong></span> <span class='ocrx_word' id='word_1_122' title='bbox 1321 1679 1606 1735; x_wconf 65' lang='lat' dir='ltr'><strong>Edessena:</strong></span> <span class='ocrx_word' id='word_1_123' title='bbox 1637 1688 1841 1736; x_wconf 83' lang='lat' dir='ltr'><strong>metro-</strong></span> 
     </span>
    </p>
   </div>
   <div class='ocr_carea' id='block_1_19' title="bbox 1944 486 3533 563">
    <p class='ocr_par' dir='ltr' id='par_1_19' title="bbox 1944 486 3533 563">
     <span class='ocr_line' id='line_1_19' title="bbox 1944 486 3533 563; baseline 0.007 -24"><span class='ocrx_word' id='word_1_124' title='bbox 1944 488 2083 540; x_wconf 88' lang='lat' dir='ltr'><strong>sieut</strong></span> <span class='ocrx_word' id='word_1_125' title='bbox 2129 500 2230 541; x_wconf 89' lang='lat' dir='ltr'><strong>nec</strong></span> <span class='ocrx_word' id='word_1_126' title='bbox 2269 487 2407 551; x_wconf 88' lang='lat' dir='ltr'><strong>lbas,</strong></span> <span class='ocrx_word' id='word_1_127' title='bbox 2462 486 2922 544; x_wconf 78' lang='lat' dir='ltr'><strong>Chalcedonensis</strong></span> <span class='ocrx_word' id='word_1_128' title='bbox 2950 491 3248 547; x_wconf 87' lang='lat' dir='ltr'><strong>deﬁnitioni</strong></span> <span class='ocrx_word' id='word_1_129' title='bbox 3281 498 3533 563; x_wconf 85' lang='lat' dir='ltr'><strong>concilii;</strong></span> 
     </span>
    </p>
   </div>
   <div class='ocr_carea' id='block_1_20' title="bbox 1946 575 3535 655">
    <p class='ocr_par' dir='ltr' id='par_1_20' title="bbox 1946 575 3535 655">
     <span class='ocr_line' id='line_1_20' title="bbox 1946 575 3535 655; baseline 0.009 -27"><span class='ocrx_word' id='word_1_130' title='bbox 1946 575 2186 631; x_wconf 83' lang='lat' dir='ltr'><strong>lueccine</strong></span> <span class='ocrx_word' id='word_1_131' title='bbox 2236 576 2464 632; x_wconf 87' lang='lat' dir='ltr'><strong>dicenda</strong></span> <span class='ocrx_word' id='word_1_132' title='bbox 2509 588 2683 641; x_wconf 85' lang='lat' dir='ltr'><strong>erant,</strong></span> <span class='ocrx_word' id='word_1_133' title='bbox 2720 587 2777 632; x_wconf 91' lang='lat' dir='ltr'><strong>ut</strong></span> <span class='ocrx_word' id='word_1_134' title='bbox 2820 581 3228 639; x_wconf 68' lang='lat' dir='ltr'><strong>Ostenderemus</strong></span> <span class='ocrx_word' id='word_1_135' title='bbox 3254 586 3535 655; x_wconf 71' lang='lat' dir='ltr'><strong>epistolam</strong></span> 
     </span>
    </p>
   </div>
   <div class='ocr_carea' id='block_1_21' title="bbox 1950 667 3538 750">
    <p class='ocr_par' dir='ltr' id='par_1_21' title="bbox 1950 667 3538 750">
     <span class='ocr_line' id='line_1_21' title="bbox 1950 667 3538 750; baseline 0.012 -33"><span class='ocrx_word' id='word_1_136' title='bbox 1950 667 2277 723; x_wconf 83' lang='lat' dir='ltr'><strong>venerabilis</strong></span> <span class='ocrx_word' id='word_1_137' title='bbox 2307 668 2436 734; x_wconf 74' lang='lat' dir='ltr'><strong>Ihm,</strong></span> <span class='ocrx_word' id='word_1_138' title='bbox 2479 683 2585 723; x_wconf 92' lang='lat' dir='ltr'><strong>non</strong></span> <span class='ocrx_word' id='word_1_139' title='bbox 2612 669 2677 722; x_wconf 77' lang='lat' dir='ltr'><strong>ad</strong></span> <span class='ocrx_word' id='word_1_140' title='bbox 2702 668 2915 725; x_wconf 83' lang='lat' dir='ltr'><strong>decreta</strong></span> <span class='ocrx_word' id='word_1_141' title='bbox 2962 673 3127 741; x_wconf 85' lang='lat' dir='ltr'><strong>ipsius</strong></span> <span class='ocrx_word' id='word_1_142' title='bbox 3170 678 3379 734; x_wconf 88' lang='lat' dir='ltr'><strong>concilii</strong></span> <span class='ocrx_word' id='word_1_143' title='bbox 3408 693 3538 750; x_wconf 87' lang='lat' dir='ltr'><strong>pcr-</strong></span> 
     </span>
    </p>
   </div>
   <div class='ocr_carea' id='block_1_22' title="bbox 1943 758 3537 839">
    <p class='ocr_par' dir='ltr' id='par_1_22' title="bbox 1943 758 3537 839">
     <span class='ocr_line' id='line_1_22' title="bbox 1943 758 3537 839; baseline 0.008 -27"><span class='ocrx_word' id='word_1_144' title='bbox 1943 760 2135 824; x_wconf 90' lang='lat' dir='ltr'><strong>tinere,</strong></span> <span class='ocrx_word' id='word_1_145' title='bbox 2169 760 2291 829; x_wconf 83' lang='lat' dir='ltr'><strong>quia</strong></span> <span class='ocrx_word' id='word_1_146' title='bbox 2341 768 2459 829; x_wconf 90' lang='lat' dir='ltr'><strong>post</strong></span> <span class='ocrx_word' id='word_1_147' title='bbox 2511 758 2633 815; x_wconf 89' lang='lat' dir='ltr'><strong>ﬁdei</strong></span> <span class='ocrx_word' id='word_1_148' title='bbox 2680 760 3049 819; x_wconf 88' lang='lat' dir='ltr'><strong>deﬁnitionem</strong></span> <span class='ocrx_word' id='word_1_149' title='bbox 3080 766 3149 821; x_wconf 90' lang='lat' dir='ltr'><strong>de</strong></span> <span class='ocrx_word' id='word_1_150' title='bbox 3192 764 3281 822; x_wconf 87' lang='lat' dir='ltr'><strong>illa</strong></span> <span class='ocrx_word' id='word_1_151' title='bbox 3319 767 3537 839; x_wconf 88' lang='lat' dir='ltr'><strong>judica-</strong></span> 
     </span>
    </p>
   </div>
   <div class='ocr_carea' id='block_1_23' title="bbox 1942 848 3540 919">
    <p class='ocr_par' dir='ltr' id='par_1_23' title="bbox 1942 848 3540 919">
     <span class='ocr_line' id='line_1_23' title="bbox 1942 848 3540 919; baseline 0.01 -18"><span class='ocrx_word' id='word_1_152' title='bbox 1942 857 2055 903; x_wconf 86' lang='lat' dir='ltr'><strong>tutn</strong></span> <span class='ocrx_word' id='word_1_153' title='bbox 2099 849 2225 904; x_wconf 87' lang='lat' dir='ltr'><strong>est?</strong></span> <span class='ocrx_word' id='word_1_154' title='bbox 2271 848 2360 905; x_wconf 90' lang='lat' dir='ltr'><strong>Sic</strong></span> <span class='ocrx_word' id='word_1_155' title='bbox 2387 848 2550 919; x_wconf 83' lang='lat' dir='ltr'><strong>igitur</strong></span> <span class='ocrx_word' id='word_1_156' title='bbox 2576 852 2738 906; x_wconf 81' lang='lat' dir='ltr'><strong>etiam</strong></span> <span class='ocrx_word' id='word_1_157' title='bbox 2782 867 3018 909; x_wconf 87' lang='lat' dir='ltr'><strong>canones</strong></span> <span class='ocrx_word' id='word_1_158' title='bbox 3042 855 3422 915; x_wconf 62' lang='lat' dir='ltr'><strong>ecclesiastica</strong></span> <span class='ocrx_word' id='word_1_159' title='bbox 3451 860 3540 918; x_wconf 77' lang='lat' dir='ltr'><strong>di-</strong></span> 
     </span>
    </p>
   </div>
   <div class='ocr_carea' id='block_1_24' title="bbox 1940 940 3532 1011">
    <p class='ocr_par' dir='ltr' id='par_1_24' title="bbox 1940 940 3532 1011">
     <span class='ocr_line' id='line_1_24' title="bbox 1940 940 3532 1011; baseline 0.008 -19"><span class='ocrx_word' id='word_1_160' title='bbox 1940 940 2198 1008; x_wconf 60' lang='lat' dir='ltr'><strong>sciplina,</strong></span> <span class='ocrx_word' id='word_1_161' title='bbox 2254 940 2341 1009; x_wconf 91' lang='lat' dir='ltr'><strong>qui</strong></span> <span class='ocrx_word' id='word_1_162' title='bbox 2384 940 2589 996; x_wconf 86' lang='lat' dir='ltr'><strong>utiliter</strong></span> <span class='ocrx_word' id='word_1_163' title='bbox 2634 940 2706 994; x_wconf 91' lang='lat' dir='ltr'><strong>ibi</strong></span> <span class='ocrx_word' id='word_1_164' title='bbox 2761 951 2889 997; x_wconf 90' lang='lat' dir='ltr'><strong>sunt</strong></span> <span class='ocrx_word' id='word_1_165' title='bbox 2938 952 3061 1011; x_wconf 90' lang='lat' dir='ltr'><strong>post</strong></span> <span class='ocrx_word' id='word_1_166' title='bbox 3106 945 3481 1005; x_wconf 86' lang='lat' dir='ltr'><strong>definitionem</strong></span> <span class='ocrx_word' id='word_1_167' title='bbox 3512 952 3532 984; x_wconf 77' lang='grc' dir='ltr'>ι</span> 
     </span>
    </p>
   </div>
   <div class='ocr_carea' id='block_1_25' title="bbox 1941 1030 3538 1106">
    <p class='ocr_par' dir='ltr' id='par_1_25' title="bbox 1941 1030 3538 1106">
     <span class='ocr_line' id='line_1_25' title="bbox 1941 1030 3538 1106; baseline 0.009 -23"><span class='ocrx_word' id='word_1_168' title='bbox 1941 1032 2241 1098; x_wconf 81' lang='lat' dir='ltr'><strong>constituti,</strong></span> <span class='ocrx_word' id='word_1_169' title='bbox 2290 1045 2397 1085; x_wconf 91' lang='lat' dir='ltr'><strong>non</strong></span> <span class='ocrx_word' id='word_1_170' title='bbox 2452 1030 2517 1086; x_wconf 88' lang='lat' dir='ltr'><strong>ad</strong></span> <span class='ocrx_word' id='word_1_171' title='bbox 2566 1031 2812 1087; x_wconf 86' lang='lat' dir='ltr'><strong>eamdem</strong></span> <span class='ocrx_word' id='word_1_172' title='bbox 2843 1034 3104 1104; x_wconf 81' lang='lat' dir='ltr'><strong>synodum</strong></span> <span class='ocrx_word' id='word_1_173' title='bbox 3137 1035 3405 1106; x_wconf 90' lang='lat' dir='ltr'><strong>pertinere</strong></span> <span class='ocrx_word' id='word_1_174' title='bbox 3455 1040 3538 1097; x_wconf 88' lang='lat' dir='ltr'><strong>di-</strong></span> 
     </span>
    </p>
   </div>
   <div class='ocr_carea' id='block_1_26' title="bbox 1942 1122 3537 1197">
    <p class='ocr_par' dir='ltr' id='par_1_26' title="bbox 1942 1122 3537 1197">
     <span class='ocr_line' id='line_1_26' title="bbox 1942 1122 3537 1197; baseline 0.006 -19"><span class='ocrx_word' id='word_1_175' title='bbox 1942 1131 2150 1178; x_wconf 86' lang='lat' dir='ltr'><strong>centur.</strong></span> <span class='ocrx_word' id='word_1_176' title='bbox 2185 1124 2249 1177; x_wconf 82' lang='lat' dir='ltr'><strong>Et</strong></span> <span class='ocrx_word' id='word_1_177' title='bbox 2289 1122 2494 1177; x_wconf 91' lang='lat' dir='ltr'><strong>utinam</strong></span> <span class='ocrx_word' id='word_1_178' title='bbox 2523 1122 2788 1179; x_wconf 88' lang='lat' dir='ltr'><strong>docerent</strong></span> <span class='ocrx_word' id='word_1_179' title='bbox 2830 1127 2913 1181; x_wconf 91' lang='lat' dir='ltr'><strong>cui</strong></span> <span class='ocrx_word' id='word_1_180' title='bbox 2945 1128 3155 1197; x_wconf 85' lang='lat' dir='ltr'><strong>synodo</strong></span> <span class='ocrx_word' id='word_1_181' title='bbox 3186 1130 3309 1184; x_wconf 90' lang='lat' dir='ltr'><strong>illos</strong></span> <span class='ocrx_word' id='word_1_182' title='bbox 3338 1130 3537 1187; x_wconf 85' lang='lat' dir='ltr'><strong>debea—</strong></span> 
     </span>
    </p>
   </div>
   <div class='ocr_carea' id='block_1_27' title="bbox 1942 1215 3538 1285">
    <p class='ocr_par' dir='ltr' id='par_1_27' title="bbox 1942 1215 3538 1285">
     <span class='ocr_line' id='line_1_27' title="bbox 1942 1215 3538 1285; baseline 0.007 -17"><span class='ocrx_word' id='word_1_183' title='bbox 1942 1230 2061 1269; x_wconf 86' lang='lat' dir='ltr'><strong>mus</strong></span> <span class='ocrx_word' id='word_1_184' title='bbox 2104 1217 2389 1282; x_wconf 86' lang='lat' dir='ltr'><strong>ascribere,</strong></span> <span class='ocrx_word' id='word_1_185' title='bbox 2440 1215 2486 1271; x_wconf 88' lang='lat' dir='ltr'><strong>si</strong></span> <span class='ocrx_word' id='word_1_186' title='bbox 2535 1231 2597 1271; x_wconf 89' lang='lat' dir='ltr'><strong>ea</strong></span> <span class='ocrx_word' id='word_1_187' title='bbox 2629 1232 2800 1285; x_wconf 67' lang='lat' dir='ltr'><strong>quaaa</strong></span> <span class='ocrx_word' id='word_1_188' title='bbox 2829 1218 3259 1276; x_wconf 81' lang='lat' dir='ltr'><strong>Chalcedonensi</strong></span> <span class='ocrx_word' id='word_1_189' title='bbox 3305 1223 3538 1279; x_wconf 87' lang='lat' dir='ltr'><strong>concilio</strong></span> 
     </span>
    </p>
   </div>
   <div class='ocr_carea' id='block_1_28' title="bbox 1944 1308 3538 1375">
    <p class='ocr_par' dir='ltr' id='par_1_28' title="bbox 1944 1308 3538 1375">
     <span class='ocr_line' id='line_1_28' title="bbox 1944 1308 3538 1375; baseline 0.008 -15"><span class='ocrx_word' id='word_1_190' title='bbox 1944 1318 2094 1373; x_wconf 82' lang='lat' dir='ltr'><strong>gesta</strong></span> <span class='ocrx_word' id='word_1_191' title='bbox 2124 1318 2268 1375; x_wconf 89' lang='lat' dir='ltr'><strong>sunt,</strong></span> <span class='ocrx_word' id='word_1_192' title='bbox 2295 1308 2747 1364; x_wconf 89' lang='lat' dir='ltr'><strong>Chalcedonensis</strong></span> <span class='ocrx_word' id='word_1_193' title='bbox 2776 1312 2992 1366; x_wconf 89' lang='lat' dir='ltr'><strong>concilii</strong></span> <span class='ocrx_word' id='word_1_194' title='bbox 3021 1326 3123 1367; x_wconf 90' lang='lat' dir='ltr'><strong>non</strong></span> <span class='ocrx_word' id='word_1_195' title='bbox 3155 1323 3299 1369; x_wconf 88' lang='lat' dir='ltr'><strong>sunt.</strong></span> <span class='ocrx_word' id='word_1_196' title='bbox 3335 1314 3538 1373; x_wconf 83' lang='lat' dir='ltr'><strong>Deinde</strong></span> 
     </span>
    </p>
   </div>
   <div class='ocr_carea' id='block_1_29' title="bbox 1942 1400 3538 1470">
    <p class='ocr_par' dir='ltr' id='par_1_29' title="bbox 1942 1400 3538 1470">
     <span class='ocr_line' id='line_1_29' title="bbox 1942 1400 3538 1470; baseline 0.006 -19"><span class='ocrx_word' id='word_1_197' title='bbox 1942 1400 2213 1468; x_wconf 89' lang='lat' dir='ltr'><strong>quomodo</strong></span> <span class='ocrx_word' id='word_1_198' title='bbox 2242 1401 2507 1454; x_wconf 86' lang='lat' dir='ltr'><strong>contraria</strong></span> <span class='ocrx_word' id='word_1_199' title='bbox 2528 1442 2542 1463; x_wconf 90' lang='lat'><strong>,</strong></span> <span class='ocrx_word' id='word_1_200' title='bbox 2574 1409 2628 1455; x_wconf 90' lang='lat' dir='ltr'><strong>et</strong></span> <span class='ocrx_word' id='word_1_201' title='bbox 2668 1402 2953 1470; x_wconf 85' lang='lat' dir='ltr'><strong>semetipsa</strong></span> <span class='ocrx_word' id='word_1_202' title='bbox 3000 1402 3312 1460; x_wconf 88' lang='lat' dir='ltr'><strong>destruente</strong></span> <span class='ocrx_word' id='word_1_203' title='bbox 3359 1421 3538 1462; x_wconf 87' lang='lat' dir='ltr'><strong>asser-</strong></span> 
     </span>
    </p>
   </div>
   <div class='ocr_carea' id='block_1_30' title="bbox 1945 1489 3536 1568">
    <p class='ocr_par' dir='ltr' id='par_1_30' title="bbox 1945 1489 3536 1568">
     <span class='ocr_line' id='line_1_30' title="bbox 1945 1489 3536 1568; baseline 0.009 -25"><span class='ocrx_word' id='word_1_204' title='bbox 1945 1490 2111 1554; x_wconf 88' lang='lat' dir='ltr'><strong>tione,</strong></span> <span class='ocrx_word' id='word_1_205' title='bbox 2144 1489 2231 1543; x_wconf 91' lang='lat' dir='ltr'><strong>illa</strong></span> <span class='ocrx_word' id='word_1_206' title='bbox 2265 1490 2503 1560; x_wconf 87' lang='lat' dir='ltr'><strong>synodus</strong></span> <span class='ocrx_word' id='word_1_207' title='bbox 2532 1493 2858 1547; x_wconf 78' lang='lat' dir='ltr'><strong>excusetur?</strong></span> <span class='ocrx_word' id='word_1_208' title='bbox 2906 1493 3036 1548; x_wconf 83' lang='lat' dir='ltr'><strong>Nam</strong></span> <span class='ocrx_word' id='word_1_209' title='bbox 3067 1494 3158 1565; x_wconf 92' lang='lat' dir='ltr'><strong>qui</strong></span> <span class='ocrx_word' id='word_1_210' title='bbox 3188 1510 3285 1551; x_wconf 74' lang='lat' dir='ltr'><strong>nos</strong></span> <span class='ocrx_word' id='word_1_211' title='bbox 3335 1499 3387 1552; x_wconf 89' lang='lat' dir='ltr'><strong>in</strong></span> <span class='ocrx_word' id='word_1_212' title='bbox 3418 1499 3536 1568; x_wconf 83' lang='lat' dir='ltr'><strong>ejus</strong></span> 
     </span>
    </p>
   </div>
   <div class='ocr_carea' id='block_1_31' title="bbox 1946 1582 3537 1658">
    <p class='ocr_par' dir='ltr' id='par_1_31' title="bbox 1946 1582 3537 1658">
     <span class='ocr_line' id='line_1_31' title="bbox 1946 1582 3537 1658; baseline 0.01 -27"><span class='ocrx_word' id='word_1_213' title='bbox 1946 1583 2313 1649; x_wconf 70' lang='lat' dir='ltr'><strong>purgationem</strong></span> <span class='ocrx_word' id='word_1_214' title='bbox 2344 1583 2628 1636; x_wconf 88' lang='lat' dir='ltr'><strong>voluerunt</strong></span> <span class='ocrx_word' id='word_1_215' title='bbox 2655 1582 2856 1650; x_wconf 83' lang='lat' dir='ltr'><strong>dicere,</strong></span> <span class='ocrx_word' id='word_1_216' title='bbox 2905 1584 3048 1652; x_wconf 72' lang='lat' dir='ltr'><strong>quod</strong></span> <span class='ocrx_word' id='word_1_217' title='bbox 3079 1601 3238 1641; x_wconf 90' lang='lat' dir='ltr'><strong>nemo</strong></span> <span class='ocrx_word' id='word_1_218' title='bbox 3268 1591 3537 1658; x_wconf 86' lang='lat' dir='ltr'><strong>respicere</strong></span> 
     </span>
    </p>
   </div>
   <div class='ocr_carea' id='block_1_32' title="bbox 1944 1669 3537 1747">
    <p class='ocr_par' dir='ltr' id='par_1_32' title="bbox 1944 1669 3537 1747">
     <span class='ocr_line' id='line_1_32' title="bbox 1944 1669 3537 1747; baseline 0.008 -23"><span class='ocrx_word' id='word_1_219' title='bbox 1944 1671 2142 1725; x_wconf 85' lang='lat' dir='ltr'><strong>debeat</strong></span> <span class='ocrx_word' id='word_1_220' title='bbox 2169 1686 2231 1725; x_wconf 90' lang='lat' dir='ltr'><strong>ea</strong></span> <span class='ocrx_word' id='word_1_221' title='bbox 2260 1686 2382 1740; x_wconf 63' lang='lat' dir='ltr'><strong>quae</strong></span> <span class='ocrx_word' id='word_1_222' title='bbox 2403 1680 2525 1727; x_wconf 88' lang='lat' dir='ltr'><strong>ante</strong></span> <span class='ocrx_word' id='word_1_223' title='bbox 2557 1669 2851 1741; x_wconf 84' lang='lat' dir='ltr'><strong>perfectum</strong></span> <span class='ocrx_word' id='word_1_224' title='bbox 2877 1674 3135 1743; x_wconf 84' lang='lat' dir='ltr'><strong>judicium</strong></span> <span class='ocrx_word' id='word_1_225' title='bbox 3166 1691 3195 1730; x_wconf 88' lang='lat' dir='ltr'><strong>a</strong></span> <span class='ocrx_word' id='word_1_226' title='bbox 3218 1677 3537 1747; x_wconf 85' lang='lat' dir='ltr'><strong>quibusdam</strong></span> 
     </span>
    </p>
   </div>
   <div class='ocr_carea' id='block_1_33' title="bbox 250 1760 3539 1851">
    <p class='ocr_par' dir='ltr' id='par_1_33' title="bbox 250 1760 3539 1851">
     <span class='ocr_line' id='line_1_33' title="bbox 250 1760 3539 1851; baseline 0.005 -34"><span class='ocrx_word' id='word_1_227' title='bbox 250 1764 395 1834; x_wconf 86' lang='lat' dir='ltr'><strong>polis</strong></span> <span class='ocrx_word' id='word_1_228' title='bbox 437 1764 699 1820; x_wconf 87' lang='lat' dir='ltr'><strong>deﬁniens</strong></span> <span class='ocrx_word' id='word_1_229' title='bbox 746 1768 1056 1837; x_wconf 88' lang='lat' dir='ltr'><strong>snbseripsi.</strong></span> <span class='ocrx_word' id='word_1_230' title='bbox 1102 1768 1218 1825; x_wconf 89' lang='lat' dir='ltr'><strong>lbas</strong></span> <span class='ocrx_word' id='word_1_231' title='bbox 1260 1773 1445 1836; x_wconf 88' lang='lat' dir='ltr'><strong>etiam,</strong></span> <span class='ocrx_word' id='word_1_232' title='bbox 1478 1776 1742 1842; x_wconf 80' lang='lat' dir='ltr'><strong>quamvis,</strong></span> <span class='ocrx_word' id='word_1_233' title='bbox 1786 1783 1843 1828; x_wconf 93' lang='lat' dir='ltr'><strong>ut</strong></span> <span class='ocrx_word' id='word_1_234' title='bbox 1879 1794 1919 1851; x_wconf 76' lang='grc' dir='ltr'><strong><em>Β</em></strong></span> <span class='ocrx_word' id='word_1_235' title='bbox 1947 1760 2165 1816; x_wconf 59' lang='lat' dir='ltr'><strong>forma&quot;</strong></span> <span class='ocrx_word' id='word_1_236' title='bbox 2193 1762 2334 1817; x_wconf 59' lang='lat' dir='ltr'><strong>die“</strong></span> <span class='ocrx_word' id='word_1_237' title='bbox 2357 1776 2497 1827; x_wconf 61' lang='lat' dir='ltr'><strong>S‘W:</strong></span> <span class='ocrx_word' id='word_1_238' title='bbox 2553 1762 2649 1817; x_wconf 62' lang='lat' dir='ltr'><strong>Sed</strong></span> <span class='ocrx_word' id='word_1_239' title='bbox 2675 1778 2790 1832; x_wconf 58' lang='lat' dir='ltr'><strong>qua?</strong></span> <span class='ocrx_word' id='word_1_240' title='bbox 2821 1764 2877 1817; x_wconf 77' lang='grc' dir='ltr'><strong>ίη</strong></span> <span class='ocrx_word' id='word_1_241' title='bbox 2934 1766 3121 1821; x_wconf 68' lang='lat' dir='ltr'><strong>“mmo</strong></span> <span class='ocrx_word' id='word_1_242' title='bbox 3160 1768 3351 1823; x_wconf 69' lang='grc' dir='ltr'><strong>οῖ’άίηϐ</strong></span> <span class='ocrx_word' id='word_1_243' title='bbox 3397 1769 3539 1825; x_wconf 71' lang='lat' dir='ltr'><strong>deﬁ-</strong></span> 
     </span>
    </p>
   </div>
   <div class='ocr_carea' id='block_1_34' title="bbox 251 1853 1843 1929">
    <p class='ocr_par' dir='ltr' id='par_1_34' title="bbox 251 1853 1843 1929">
     <span class='ocr_line' id='line_1_34' title="bbox 251 1853 1843 1929; baseline 0.009 -23"><span class='ocrx_word' id='word_1_244' title='bbox 251 1853 512 1921; x_wconf 73' lang='lat' dir='ltr'><strong>diximus,</strong></span> <span class='ocrx_word' id='word_1_245' title='bbox 543 1855 748 1911; x_wconf 76' lang='lat' dir='ltr'><strong>Sedisse</strong></span> <span class='ocrx_word' id='word_1_246' title='bbox 777 1874 882 1912; x_wconf 90' lang='lat' dir='ltr'><strong>non</strong></span> <span class='ocrx_word' id='word_1_247' title='bbox 907 1860 1195 1929; x_wconf 76' lang='lat' dir='ltr'><strong>relegatur,</strong></span> <span class='ocrx_word' id='word_1_248' title='bbox 1221 1862 1487 1916; x_wconf 87' lang='lat' dir='ltr'><strong>invenitur</strong></span> <span class='ocrx_word' id='word_1_249' title='bbox 1519 1874 1695 1919; x_wconf 90' lang='lat' dir='ltr'><strong>tamen</strong></span> <span class='ocrx_word' id='word_1_250' title='bbox 1723 1865 1843 1920; x_wconf 88' lang='lat' dir='ltr'><strong>sub-</strong></span> 
     </span>
    </p>
   </div>
   <div class='ocr_carea' id='block_1_35' title="bbox 254 1950 1843 2028">
    <p class='ocr_par' dir='ltr' id='par_1_35' title="bbox 254 1950 1843 2028">
     <span class='ocr_line' id='line_1_35' title="bbox 254 1950 1843 2028; baseline 0.007 -26"><span class='ocrx_word' id='word_1_251' title='bbox 254 1950 545 2020; x_wconf 88' lang='lat' dir='ltr'><strong>scripsisse</strong></span> <span class='ocrx_word' id='word_1_252' title='bbox 576 1952 953 2022; x_wconf 87' lang='lat' dir='ltr'><strong>nonagesimus</strong></span> <span class='ocrx_word' id='word_1_253' title='bbox 986 1954 1037 2007; x_wconf 93' lang='lat' dir='ltr'><strong>in</strong></span> <span class='ocrx_word' id='word_1_254' title='bbox 1071 1953 1151 2007; x_wconf 84' lang='lat' dir='ltr'><strong>bis</strong></span> <span class='ocrx_word' id='word_1_255' title='bbox 1179 1955 1391 2009; x_wconf 89' lang='lat' dir='ltr'><strong>verbis:</strong></span> <span class='ocrx_word' id='word_1_256' title='bbox 1420 1956 1537 2011; x_wconf 90' lang='lat' dir='ltr'><strong>lbas</strong></span> <span class='ocrx_word' id='word_1_257' title='bbox 1563 1959 1843 2028; x_wconf 75' lang='lat' dir='ltr'><strong>episcenos</strong></span> 
     </span>
    </p>
   </div>
   <div class='ocr_carea' id='block_1_36' title="bbox 251 2041 1843 2114">
    <p class='ocr_par' dir='ltr' id='par_1_36' title="bbox 251 2041 1843 2114">
     <span class='ocr_line' id='line_1_36' title="bbox 251 2041 1843 2114; baseline 0.004 -18"><span class='ocrx_word' id='word_1_258' title='bbox 251 2042 563 2097; x_wconf 76' lang='lat' dir='ltr'><strong>f-ldcssenus</strong></span> <span class='ocrx_word' id='word_1_259' title='bbox 592 2041 860 2098; x_wconf 86' lang='lat' dir='ltr'><strong>definiens</strong></span> <span class='ocrx_word' id='word_1_260' title='bbox 907 2045 1218 2114; x_wconf 87' lang='lat' dir='ltr'><strong>subscripsi.</strong></span> <span class='ocrx_word' id='word_1_261' title='bbox 1254 2044 1358 2101; x_wconf 90' lang='lat' dir='ltr'><strong>Sed</strong></span> <span class='ocrx_word' id='word_1_262' title='bbox 1394 2054 1449 2101; x_wconf 92' lang='lat' dir='ltr'><strong>et</strong></span> <span class='ocrx_word' id='word_1_263' title='bbox 1476 2047 1843 2103; x_wconf 83' lang='lat' dir='ltr'><strong>Tbeodoretus</strong></span> 
     </span>
    </p>
   </div>
   <div class='ocr_carea' id='block_1_37' title="bbox 248 2131 1841 2205">
    <p class='ocr_par' dir='ltr' id='par_1_37' title="bbox 248 2131 1841 2205">
     <span class='ocr_line' id='line_1_37' title="bbox 248 2131 1841 2205; baseline 0.004 -20"><span class='ocrx_word' id='word_1_264' title='bbox 248 2131 584 2186; x_wconf 71' lang='lat' dir='ltr'><strong>centesimus</strong></span> <span class='ocrx_word' id='word_1_265' title='bbox 638 2134 900 2201; x_wconf 82' lang='lat' dir='ltr'><strong>septimus</strong></span> <span class='ocrx_word' id='word_1_266' title='bbox 955 2133 1177 2198; x_wconf 90' lang='lat' dir='ltr'><strong>sedisse,</strong></span> <span class='ocrx_word' id='word_1_267' title='bbox 1231 2135 1615 2205; x_wconf 85' lang='lat' dir='ltr'><strong>subscripsisse</strong></span> <span class='ocrx_word' id='word_1_268' title='bbox 1662 2146 1841 2192; x_wconf 76' lang='lat' dir='ltr'><strong>autem</strong></span> 
     </span>
    </p>
   </div>
   <div class='ocr_carea' id='block_1_38' title="bbox 254 2220 1841 2292">
    <p class='ocr_par' dir='ltr' id='par_1_38' title="bbox 254 2220 1841 2292">
     <span class='ocr_line' id='line_1_38' title="bbox 254 2220 1841 2292; baseline 0.006 -20"><span class='ocrx_word' id='word_1_269' title='bbox 254 2220 588 2277; x_wconf 86' lang='lat' dir='ltr'><strong>centesimus</strong></span> <span class='ocrx_word' id='word_1_270' title='bbox 619 2231 671 2275; x_wconf 90' lang='lat' dir='ltr'><strong>et</strong></span> <span class='ocrx_word' id='word_1_271' title='bbox 723 2223 1025 2292; x_wconf 84' lang='lat' dir='ltr'><strong>trigesimus</strong></span> <span class='ocrx_word' id='word_1_272' title='bbox 1055 2226 1245 2279; x_wconf 87' lang='lat' dir='ltr'><strong>tertius</strong></span> <span class='ocrx_word' id='word_1_273' title='bbox 1289 2225 1341 2278; x_wconf 93' lang='lat' dir='ltr'><strong>in</strong></span> <span class='ocrx_word' id='word_1_274' title='bbox 1384 2225 1588 2281; x_wconf 85' lang='lat' dir='ltr'><strong>eisdem</strong></span> <span class='ocrx_word' id='word_1_275' title='bbox 1618 2229 1797 2282; x_wconf 85' lang='lat' dir='ltr'><strong>verbis</strong></span> <span class='ocrx_word' id='word_1_276' title='bbox 1827 2245 1841 2281; x_wconf 90' lang='lat'><strong>:</strong></span> 
     </span>
    </p>
   </div>
   <div class='ocr_carea' id='block_1_39' title="bbox 251 2313 1846 2385">
    <p class='ocr_par' dir='ltr' id='par_1_39' title="bbox 251 2313 1846 2385">
     <span class='ocr_line' id='line_1_39' title="bbox 251 2313 1846 2385; baseline 0.004 -18"><span class='ocrx_word' id='word_1_277' title='bbox 251 2313 627 2369; x_wconf 83' lang='lat' dir='ltr'><strong>Tbeodoretus</strong></span> <span class='ocrx_word' id='word_1_278' title='bbox 655 2314 811 2384; x_wconf 88' lang='lat' dir='ltr'><strong>Cyrri</strong></span> <span class='ocrx_word' id='word_1_279' title='bbox 843 2324 870 2352; x_wconf 74' lang='grc'>⁸</span> <span class='ocrx_word' id='word_1_280' title='bbox 898 2315 1162 2371; x_wconf 90' lang='lat' dir='ltr'><strong>deﬁniens</strong></span> <span class='ocrx_word' id='word_1_281' title='bbox 1209 2316 1525 2385; x_wconf 82' lang='lat' dir='ltr'><strong>subscripsi.</strong></span> <span class='ocrx_word' id='word_1_282' title='bbox 1566 2319 1846 2385; x_wconf 81' lang='lat' dir='ltr'><strong>Quomodo</strong></span> 
     </span>
    </p>
   </div>
   <div class='ocr_carea' id='block_1_40' title="bbox 252 2403 1844 2472">
    <p class='ocr_par' dir='ltr' id='par_1_40' title="bbox 252 2403 1844 2472">
     <span class='ocr_line' id='line_1_40' title="bbox 252 2403 1844 2472; baseline 0.006 -17"><span class='ocrx_word' id='word_1_283' title='bbox 252 2403 417 2472; x_wconf 76' lang='lat' dir='ltr'><strong>igitur</strong></span> <span class='ocrx_word' id='word_1_284' title='bbox 467 2404 724 2459; x_wconf 88' lang='lat' dir='ltr'><strong>adversus</strong></span> <span class='ocrx_word' id='word_1_285' title='bbox 773 2414 973 2459; x_wconf 89' lang='lat' dir='ltr'><strong>tantam</strong></span> <span class='ocrx_word' id='word_1_286' title='bbox 1022 2421 1198 2461; x_wconf 90' lang='lat' dir='ltr'><strong>rerum</strong></span> <span class='ocrx_word' id='word_1_287' title='bbox 1243 2406 1563 2462; x_wconf 86' lang='lat' dir='ltr'><strong>evidentiam</strong></span> <span class='ocrx_word' id='word_1_288' title='bbox 1608 2409 1844 2465; x_wconf 82' lang='lat' dir='ltr'><strong>fautores</strong></span> 
     </span>
    </p>
   </div>
   <div class='ocr_carea' id='block_1_41' title="bbox 252 2493 1846 2568">
    <p class='ocr_par' dir='ltr' id='par_1_41' title="bbox 252 2493 1846 2568">
     <span class='ocr_line' id='line_1_41' title="bbox 252 2493 1846 2568; baseline 0.007 -20"><span class='ocrx_word' id='word_1_289' title='bbox 252 2493 634 2550; x_wconf 72' lang='lat' dir='ltr'><strong>haereticorum</strong></span> <span class='ocrx_word' id='word_1_290' title='bbox 664 2497 878 2552; x_wconf 85' lang='lat' dir='ltr'><strong>mentiri</strong></span> <span class='ocrx_word' id='word_1_291' title='bbox 915 2512 1021 2552; x_wconf 89' lang='lat' dir='ltr'><strong>non</strong></span> <span class='ocrx_word' id='word_1_292' title='bbox 1070 2498 1278 2568; x_wconf 89' lang='lat' dir='ltr'><strong>puduit,</strong></span> <span class='ocrx_word' id='word_1_293' title='bbox 1307 2508 1363 2554; x_wconf 91' lang='lat' dir='ltr'><strong>ut</strong></span> <span class='ocrx_word' id='word_1_294' title='bbox 1406 2500 1648 2557; x_wconf 90' lang='lat' dir='ltr'><strong>dicerent</strong></span> <span class='ocrx_word' id='word_1_295' title='bbox 1676 2502 1846 2560; x_wconf 82' lang='lat' dir='ltr'><strong>Theo-</strong></span> 
     </span>
    </p>
   </div>
   <div class='ocr_carea' id='block_1_42' title="bbox 250 2586 1843 2659">
    <p class='ocr_par' dir='ltr' id='par_1_42' title="bbox 250 2586 1843 2659">
     <span class='ocr_line' id='line_1_42' title="bbox 250 2586 1843 2659; baseline 0.004 -19"><span class='ocrx_word' id='word_1_296' title='bbox 250 2586 501 2641; x_wconf 87' lang='lat' dir='ltr'><strong>doretum</strong></span> <span class='ocrx_word' id='word_1_297' title='bbox 550 2589 883 2657; x_wconf 88' lang='lat' dir='ltr'><strong>episcopum,</strong></span> <span class='ocrx_word' id='word_1_298' title='bbox 911 2589 1012 2644; x_wconf 88' lang='lat' dir='ltr'><strong>nisi</strong></span> <span class='ocrx_word' id='word_1_299' title='bbox 1042 2599 1161 2659; x_wconf 87' lang='lat' dir='ltr'><strong>post</strong></span> <span class='ocrx_word' id='word_1_300' title='bbox 1188 2589 1554 2647; x_wconf 89' lang='lat' dir='ltr'><strong>deﬁnitionem</strong></span> <span class='ocrx_word' id='word_1_301' title='bbox 1586 2592 1711 2647; x_wconf 75' lang='grc' dir='ltr'><strong>[Μιςί</strong></span> <span class='ocrx_word' id='word_1_302' title='bbox 1739 2609 1843 2647; x_wconf 90' lang='lat' dir='ltr'><strong>non</strong></span> 
     </span>
    </p>
   </div>
   <div class='ocr_carea' id='block_1_43' title="bbox 252 2677 1848 2753">
    <p class='ocr_par' dir='ltr' id='par_1_43' title="bbox 252 2677 1848 2753">
     <span class='ocr_line' id='line_1_43' title="bbox 252 2677 1848 2753; baseline 0.005 -22"><span class='ocrx_word' id='word_1_303' title='bbox 252 2677 567 2734; x_wconf 79' lang='lat' dir='ltr'><strong>interfuisse</strong></span> <span class='ocrx_word' id='word_1_304' title='bbox 595 2680 864 2736; x_wconf 88' lang='lat' dir='ltr'><strong>concilio?</strong></span> <span class='ocrx_word' id='word_1_305' title='bbox 898 2682 960 2735; x_wconf 88' lang='lat' dir='ltr'><strong>Et</strong></span> <span class='ocrx_word' id='word_1_306' title='bbox 991 2690 1167 2738; x_wconf 85' lang='lat' dir='ltr'><strong>tamen</strong></span> <span class='ocrx_word' id='word_1_307' title='bbox 1212 2681 1388 2738; x_wconf 86' lang='lat' dir='ltr'><strong>adhuc</strong></span> <span class='ocrx_word' id='word_1_308' title='bbox 1428 2685 1653 2753; x_wconf 85' lang='lat' dir='ltr'><strong>exigunt</strong></span> <span class='ocrx_word' id='word_1_309' title='bbox 1687 2683 1738 2738; x_wconf 90' lang='lat' dir='ltr'><strong>in</strong></span> <span class='ocrx_word' id='word_1_310' title='bbox 1768 2692 1848 2739; x_wconf 93' lang='lat' dir='ltr'><strong>tot</strong></span> 
     </span>
    </p>
   </div>
   <div class='ocr_carea' id='block_1_44' title="bbox 250 2769 1847 2845">
    <p class='ocr_par' dir='ltr' id='par_1_44' title="bbox 250 2769 1847 2845">
     <span class='ocr_line' id='line_1_44' title="bbox 250 2769 1847 2845; baseline 0.004 -21"><span class='ocrx_word' id='word_1_311' title='bbox 250 2769 576 2825; x_wconf 89' lang='lat' dir='ltr'><strong>falsitatibus</strong></span> <span class='ocrx_word' id='word_1_312' title='bbox 620 2771 973 2842; x_wconf 63' lang='lat' dir='ltr'><strong>deprehensi,</strong></span> <span class='ocrx_word' id='word_1_313' title='bbox 1021 2783 1081 2828; x_wconf 91' lang='lat' dir='ltr'><strong>ut</strong></span> <span class='ocrx_word' id='word_1_314' title='bbox 1125 2788 1312 2829; x_wconf 91' lang='lat' dir='ltr'><strong>eorum</strong></span> <span class='ocrx_word' id='word_1_315' title='bbox 1358 2775 1665 2845; x_wconf 82' lang='lat' dir='ltr'><strong>testimonio</strong></span> <span class='ocrx_word' id='word_1_316' title='bbox 1705 2790 1847 2830; x_wconf 88' lang='lat' dir='ltr'><strong>nunc</strong></span> 
     </span>
    </p>
   </div>
   <div class='ocr_carea' id='block_1_45' title="bbox 250 2864 1847 2935">
    <p class='ocr_par' dir='ltr' id='par_1_45' title="bbox 250 2864 1847 2935">
     <span class='ocr_line' id='line_1_45' title="bbox 250 2864 1847 2935; baseline 0.004 -18"><span class='ocrx_word' id='word_1_317' title='bbox 250 2864 651 2917; x_wconf 87' lang='lat' dir='ltr'><strong>condemnetur</strong></span> <span class='ocrx_word' id='word_1_318' title='bbox 673 2864 920 2932; x_wconf 88' lang='lat' dir='ltr'><strong>epistola,</strong></span> <span class='ocrx_word' id='word_1_319' title='bbox 952 2880 1111 2935; x_wconf 90' lang='lat' dir='ltr'><strong>quam</strong></span> <span class='ocrx_word' id='word_1_320' title='bbox 1138 2874 1264 2920; x_wconf 85' lang='lat' dir='ltr'><strong>ante</strong></span> <span class='ocrx_word' id='word_1_321' title='bbox 1305 2875 1517 2921; x_wconf 89' lang='lat' dir='ltr'><strong>centum</strong></span> <span class='ocrx_word' id='word_1_322' title='bbox 1548 2865 1717 2923; x_wconf 87' lang='lat' dir='ltr'><strong>ferme</strong></span> <span class='ocrx_word' id='word_1_323' title='bbox 1751 2883 1847 2923; x_wconf 79' lang='lat' dir='ltr'><strong>an-</strong></span> 
     </span>
    </p>
   </div>
   <div class='ocr_carea' id='block_1_46' title="bbox 246 2952 1850 3028">
    <p class='ocr_par' dir='ltr' id='par_1_46' title="bbox 246 2952 1850 3028">
     <span class='ocr_line' id='line_1_46' title="bbox 246 2952 1850 3028; baseline 0.004 -22"><span class='ocrx_word' id='word_1_324' title='bbox 246 2968 351 3006; x_wconf 81' lang='lat' dir='ltr'><strong>nos</strong></span> <span class='ocrx_word' id='word_1_325' title='bbox 380 2952 700 3007; x_wconf 87' lang='lat' dir='ltr'><strong>universalis</strong></span> <span class='ocrx_word' id='word_1_326' title='bbox 731 2955 966 3024; x_wconf 84' lang='lat' dir='ltr'><strong>synodus</strong></span> <span class='ocrx_word' id='word_1_327' title='bbox 1004 2955 1338 3025; x_wconf 87' lang='lat' dir='ltr'><strong>approbavit.</strong></span> <span class='ocrx_word' id='word_1_328' title='bbox 1374 2956 1505 3023; x_wconf 84' lang='lat' dir='ltr'><strong>Quis</strong></span> <span class='ocrx_word' id='word_1_329' title='bbox 1533 2957 1681 3011; x_wconf 83' lang='lat' dir='ltr'><strong>dabit</strong></span> <span class='ocrx_word' id='word_1_330' title='bbox 1706 2957 1850 3028; x_wconf 88' lang='lat' dir='ltr'><strong>judi-</strong></span> 
     </span>
    </p>
   </div>
   <div class='ocr_carea' id='block_1_47' title="bbox 245 3045 1847 3119">
    <p class='ocr_par' dir='ltr' id='par_1_47' title="bbox 245 3045 1847 3119">
     <span class='ocr_line' id='line_1_47' title="bbox 245 3045 1847 3119; baseline 0.004 -20"><span class='ocrx_word' id='word_1_331' title='bbox 245 3046 400 3101; x_wconf 82' lang='lat' dir='ltr'><strong>cium</strong></span> <span class='ocrx_word' id='word_1_332' title='bbox 452 3045 678 3113; x_wconf 70' lang='lat' dir='ltr'><strong>justum,</strong></span> <span class='ocrx_word' id='word_1_333' title='bbox 710 3056 765 3100; x_wconf 90' lang='lat' dir='ltr'><strong>et</strong></span> <span class='ocrx_word' id='word_1_334' title='bbox 807 3063 912 3102; x_wconf 90' lang='lat' dir='ltr'><strong>non</strong></span> <span class='ocrx_word' id='word_1_335' title='bbox 946 3047 1048 3117; x_wconf 86' lang='lat' dir='ltr'><strong>ipsi</strong></span> <span class='ocrx_word' id='word_1_336' title='bbox 1097 3050 1271 3117; x_wconf 86' lang='lat' dir='ltr'><strong>potius</strong></span> <span class='ocrx_word' id='word_1_337' title='bbox 1320 3048 1716 3105; x_wconf 85' lang='lat' dir='ltr'><strong>damnabuntur</strong></span> <span class='ocrx_word' id='word_1_338' title='bbox 1759 3050 1847 3119; x_wconf 89' lang='lat' dir='ltr'><strong>qui</strong></span> 
     </span>
    </p>
   </div>
   <div class='ocr_carea' id='block_1_48' title="bbox 1945 1852 3538 1929">
    <p class='ocr_par' dir='ltr' id='par_1_48' title="bbox 1945 1852 3538 1929">
     <span class='ocr_line' id='line_1_48' title="bbox 1945 1852 3538 1929; baseline 0.005 -22"><span class='ocrx_word' id='word_1_339' title='bbox 1945 1853 2082 1917; x_wconf 88' lang='lat' dir='ltr'><strong>nita;</strong></span> <span class='ocrx_word' id='word_1_340' title='bbox 2113 1852 2215 1922; x_wconf 88' lang='lat' dir='ltr'><strong>ipsi</strong></span> <span class='ocrx_word' id='word_1_341' title='bbox 2240 1862 2427 1907; x_wconf 84' lang='lat' dir='ltr'><strong>contra</strong></span> <span class='ocrx_word' id='word_1_342' title='bbox 2451 1868 2592 1907; x_wconf 93' lang='lat' dir='ltr'><strong>nunc</strong></span> <span class='ocrx_word' id='word_1_343' title='bbox 2622 1855 2642 1885; x_wconf 80' lang='grc'>³</span> <span class='ocrx_word' id='word_1_344' title='bbox 2680 1854 2909 1908; x_wconf 89' lang='lat' dir='ltr'><strong>suadent</strong></span> <span class='ocrx_word' id='word_1_345' title='bbox 2933 1864 2991 1909; x_wconf 91' lang='lat' dir='ltr'><strong>ut</strong></span> <span class='ocrx_word' id='word_1_346' title='bbox 3021 1870 3116 1926; x_wconf 91' lang='lat' dir='ltr'><strong>per</strong></span> <span class='ocrx_word' id='word_1_347' title='bbox 3144 1856 3246 1913; x_wconf 89' lang='lat' dir='ltr'><strong>hoc</strong></span> <span class='ocrx_word' id='word_1_348' title='bbox 3274 1860 3538 1929; x_wconf 86' lang='lat' dir='ltr'><strong>synodum</strong></span> 
     </span>
    </p>
   </div>
   <div class='ocr_carea' id='block_1_49' title="bbox 1944 1944 3534 2024">
    <p class='ocr_par' dir='ltr' id='par_1_49' title="bbox 1944 1944 3534 2024">
     <span class='ocr_line' id='line_1_49' title="bbox 1944 1944 3534 2024; baseline 0.006 -26"><span class='ocrx_word' id='word_1_349' title='bbox 1944 1944 2317 2011; x_wconf 78' lang='lat' dir='ltr'><strong>defendamus,</strong></span> <span class='ocrx_word' id='word_1_350' title='bbox 2364 1947 2486 2016; x_wconf 89' lang='lat' dir='ltr'><strong>quia</strong></span> <span class='ocrx_word' id='word_1_351' title='bbox 2516 1956 2637 2016; x_wconf 90' lang='lat' dir='ltr'><strong>post</strong></span> <span class='ocrx_word' id='word_1_352' title='bbox 2665 1946 3034 2003; x_wconf 88' lang='lat' dir='ltr'><strong>deﬁnitionem</strong></span> <span class='ocrx_word' id='word_1_353' title='bbox 3065 1948 3135 2004; x_wconf 90' lang='lat' dir='ltr'><strong>de</strong></span> <span class='ocrx_word' id='word_1_354' title='bbox 3190 1950 3282 2005; x_wconf 79' lang='lat' dir='ltr'><strong>illa</strong></span> <span class='ocrx_word' id='word_1_355' title='bbox 3323 1953 3394 2007; x_wconf 90' lang='lat' dir='ltr'><strong>sit</strong></span> <span class='ocrx_word' id='word_1_356' title='bbox 3422 1954 3534 2024; x_wconf 78' lang='lat' dir='ltr'><strong>epi-</strong></span> 
     </span>
    </p>
   </div>
   <div class='ocr_carea' id='block_1_50' title="bbox 1945 2038 3537 2110">
    <p class='ocr_par' dir='ltr' id='par_1_50' title="bbox 1945 2038 3537 2110">
     <span class='ocr_line' id='line_1_50' title="bbox 1945 2038 3537 2110; baseline 0.008 -18"><span class='ocrx_word' id='word_1_357' title='bbox 1945 2038 2082 2093; x_wconf 86' lang='lat' dir='ltr'><strong>stola</strong></span> <span class='ocrx_word' id='word_1_358' title='bbox 2132 2038 2456 2109; x_wconf 86' lang='lat' dir='ltr'><strong>judicatum,</strong></span> <span class='ocrx_word' id='word_1_359' title='bbox 2506 2048 2563 2094; x_wconf 89' lang='lat' dir='ltr'><strong>ttt</strong></span> <span class='ocrx_word' id='word_1_360' title='bbox 2614 2054 2711 2095; x_wconf 91' lang='lat' dir='ltr'><strong>nos</strong></span> <span class='ocrx_word' id='word_1_361' title='bbox 2752 2049 2975 2110; x_wconf 87' lang='lat' dir='ltr'><strong>postea,</strong></span> <span class='ocrx_word' id='word_1_362' title='bbox 3045 2058 3151 2099; x_wconf 90' lang='lat' dir='ltr'><strong>non</strong></span> <span class='ocrx_word' id='word_1_363' title='bbox 3198 2053 3405 2102; x_wconf 87' lang='lat' dir='ltr'><strong>tantum</strong></span> <span class='ocrx_word' id='word_1_364' title='bbox 3458 2048 3537 2105; x_wconf 89' lang='lat' dir='ltr'><strong>rei</strong></span> 
     </span>
    </p>
   </div>
   <div class='ocr_carea' id='block_1_51' title="bbox 1943 2131 3535 2199">
    <p class='ocr_par' dir='ltr' id='par_1_51' title="bbox 1943 2131 3535 2199">
     <span class='ocr_line' id='line_1_51' title="bbox 1943 2131 3535 2199; baseline 0.005 -16"><span class='ocrx_word' id='word_1_365' title='bbox 1943 2132 2273 2196; x_wconf 83' lang='lat' dir='ltr'><strong>ostensione,</strong></span> <span class='ocrx_word' id='word_1_366' title='bbox 2328 2144 2513 2184; x_wconf 89' lang='lat' dir='ltr'><strong>verum</strong></span> <span class='ocrx_word' id='word_1_367' title='bbox 2565 2131 2727 2185; x_wconf 87' lang='lat' dir='ltr'><strong>etiam</strong></span> <span class='ocrx_word' id='word_1_368' title='bbox 2781 2131 2949 2199; x_wconf 88' lang='lat' dir='ltr'><strong>ipsius</strong></span> <span class='ocrx_word' id='word_1_369' title='bbox 2996 2143 3192 2189; x_wconf 69' lang='lat' dir='ltr'><strong>nostra:</strong></span> <span class='ocrx_word' id='word_1_370' title='bbox 3218 2136 3535 2193; x_wconf 87' lang='lat' dir='ltr'><strong>assertionis</strong></span> 
     </span>
    </p>
   </div>
   <div class='ocr_carea' id='block_1_52' title="bbox 1944 2221 3532 2286">
    <p class='ocr_par' dir='ltr' id='par_1_52' title="bbox 1944 2221 3532 2286">
     <span class='ocr_line' id='line_1_52' title="bbox 1944 2221 3532 2286; baseline 0.008 -12"><span class='ocrx_word' id='word_1_371' title='bbox 1944 2221 2325 2276; x_wconf 85' lang='lat' dir='ltr'><strong>contrarietate</strong></span> <span class='ocrx_word' id='word_1_372' title='bbox 2351 2222 2689 2275; x_wconf 82' lang='lat' dir='ltr'><strong>convincam.</strong></span> <span class='ocrx_word' id='word_1_373' title='bbox 2724 2222 2792 2276; x_wconf 87' lang='lat' dir='ltr'><strong>At</strong></span> <span class='ocrx_word' id='word_1_374' title='bbox 2814 2238 2918 2276; x_wconf 92' lang='lat' dir='ltr'><strong>non</strong></span> <span class='ocrx_word' id='word_1_375' title='bbox 2950 2224 3019 2277; x_wconf 91' lang='lat' dir='ltr'><strong>ita</strong></span> <span class='ocrx_word' id='word_1_376' title='bbox 3050 2240 3148 2280; x_wconf 89' lang='lat' dir='ltr'><strong>nos</strong></span> <span class='ocrx_word' id='word_1_377' title='bbox 3178 2227 3316 2280; x_wconf 89' lang='lat' dir='ltr'><strong>ratio</strong></span> <span class='ocrx_word' id='word_1_378' title='bbox 3345 2228 3532 2286; x_wconf 87' lang='lat' dir='ltr'><strong>deﬁcit</strong></span> 
     </span>
    </p>
   </div>
   <div class='ocr_carea' id='block_1_53' title="bbox 1944 2310 3539 2386">
    <p class='ocr_par' dir='ltr' id='par_1_53' title="bbox 1944 2310 3539 2386">
     <span class='ocr_line' id='line_1_53' title="bbox 1944 2310 3539 2386; baseline 0.006 -23"><span class='ocrx_word' id='word_1_379' title='bbox 1944 2310 2011 2364; x_wconf 84' lang='lat' dir='ltr'><strong>ad</strong></span> <span class='ocrx_word' id='word_1_380' title='bbox 2063 2310 2455 2366; x_wconf 74' lang='lat' dir='ltr'><strong>defendendam</strong></span> <span class='ocrx_word' id='word_1_381' title='bbox 2514 2311 2779 2382; x_wconf 84' lang='lat' dir='ltr'><strong>synodum</strong></span> <span class='ocrx_word' id='word_1_382' title='bbox 2833 2327 2994 2383; x_wconf 87' lang='lat' dir='ltr'><strong>super</strong></span> <span class='ocrx_word' id='word_1_383' title='bbox 3024 2314 3130 2371; x_wconf 75' lang='lat' dir='ltr'><strong>lbte</strong></span> <span class='ocrx_word' id='word_1_384' title='bbox 3177 2317 3425 2386; x_wconf 87' lang='lat' dir='ltr'><strong>epistola,</strong></span> <span class='ocrx_word' id='word_1_385' title='bbox 3480 2327 3539 2373; x_wconf 94' lang='lat' dir='ltr'><strong>ut</strong></span> 
     </span>
    </p>
   </div>
   <div class='ocr_carea' id='block_1_54' title="bbox 1940 2400 3533 2473">
    <p class='ocr_par' dir='ltr' id='par_1_54' title="bbox 1940 2400 3533 2473">
     <span class='ocr_line' id='line_1_54' title="bbox 1940 2400 3533 2473; baseline 0.006 -17"><span class='ocrx_word' id='word_1_386' title='bbox 1940 2400 2070 2457; x_wconf 83' lang='lat' dir='ltr'><strong>inde</strong></span> <span class='ocrx_word' id='word_1_387' title='bbox 2100 2402 2246 2457; x_wconf 90' lang='lat' dir='ltr'><strong>illam</strong></span> <span class='ocrx_word' id='word_1_388' title='bbox 2284 2413 2471 2457; x_wconf 88' lang='lat' dir='ltr'><strong>contra</strong></span> <span class='ocrx_word' id='word_1_389' title='bbox 2512 2403 2971 2473; x_wconf 83' lang='lat' dir='ltr'><strong>Eutychianorum</strong></span> <span class='ocrx_word' id='word_1_390' title='bbox 3017 2407 3315 2463; x_wconf 74' lang='lat' dir='ltr'><strong>calumnias</strong></span> <span class='ocrx_word' id='word_1_391' title='bbox 3360 2410 3533 2465; x_wconf 86' lang='lat' dir='ltr'><strong>inani-</strong></span> 
     </span>
    </p>
   </div>
   <div class='ocr_carea' id='block_1_55' title="bbox 1947 2493 3536 2558">
    <p class='ocr_par' dir='ltr' id='par_1_55' title="bbox 1947 2493 3536 2558">
     <span class='ocr_line' id='line_1_55' title="bbox 1947 2493 3536 2558; baseline 0.007 -12"><span class='ocrx_word' id='word_1_392' title='bbox 1947 2500 2030 2547; x_wconf 89' lang='lat' dir='ltr'><strong>ter</strong></span> <span class='ocrx_word' id='word_1_393' title='bbox 2074 2498 2315 2549; x_wconf 84' lang='lat' dir='ltr'><strong>excusari</strong></span> <span class='ocrx_word' id='word_1_394' title='bbox 2339 2493 2586 2558; x_wconf 84' lang='lat' dir='ltr'><strong>velimus,</strong></span> <span class='ocrx_word' id='word_1_395' title='bbox 2621 2494 2762 2550; x_wconf 91' lang='lat' dir='ltr'><strong>unde</strong></span> <span class='ocrx_word' id='word_1_396' title='bbox 2787 2504 2972 2550; x_wconf 90' lang='lat' dir='ltr'><strong>contra</strong></span> <span class='ocrx_word' id='word_1_397' title='bbox 3001 2496 3343 2554; x_wconf 83' lang='lat' dir='ltr'><strong>Nestorianos</strong></span> <span class='ocrx_word' id='word_1_398' title='bbox 3369 2514 3536 2557; x_wconf 82' lang='lat' dir='ltr'><strong>excu-</strong></span> 
     </span>
    </p>
   </div>
   <div class='ocr_carea' id='block_1_56' title="bbox 1947 2582 3533 2663">
    <p class='ocr_par' dir='ltr' id='par_1_56' title="bbox 1947 2582 3533 2663">
     <span class='ocr_line' id='line_1_56' title="bbox 1947 2582 3533 2663; baseline 0.008 -26"><span class='ocrx_word' id='word_1_399' title='bbox 1947 2585 2057 2637; x_wconf 84' lang='lat' dir='ltr'><strong>sari</strong></span> <span class='ocrx_word' id='word_1_400' title='bbox 2092 2597 2198 2637; x_wconf 88' lang='lat' dir='ltr'><strong>non</strong></span> <span class='ocrx_word' id='word_1_401' title='bbox 2232 2582 2425 2639; x_wconf 85' lang='lat' dir='ltr'><strong>valeat.</strong></span> <span class='ocrx_word' id='word_1_402' title='bbox 2459 2584 2589 2639; x_wconf 85' lang='lat' dir='ltr'><strong>Nam</strong></span> <span class='ocrx_word' id='word_1_403' title='bbox 2613 2585 2657 2640; x_wconf 89' lang='lat' dir='ltr'><strong>si</strong></span> <span class='ocrx_word' id='word_1_404' title='bbox 2682 2586 2755 2641; x_wconf 94' lang='lat' dir='ltr'><strong>ob</strong></span> <span class='ocrx_word' id='word_1_405' title='bbox 2778 2587 2880 2642; x_wconf 90' lang='lat' dir='ltr'><strong>hoc</strong></span> <span class='ocrx_word' id='word_1_406' title='bbox 2902 2588 3141 2644; x_wconf 89' lang='lat' dir='ltr'><strong>deﬁnitio</strong></span> <span class='ocrx_word' id='word_1_407' title='bbox 3170 2589 3292 2646; x_wconf 85' lang='lat' dir='ltr'><strong>ﬁdei</strong></span> <span class='ocrx_word' id='word_1_408' title='bbox 3334 2608 3453 2663; x_wconf 73' lang='lat' dir='ltr'><strong>quae</strong></span> <span class='ocrx_word' id='word_1_409' title='bbox 3476 2594 3533 2650; x_wconf 89' lang='lat' dir='ltr'><strong>in</strong></span> 
     </span>
    </p>
   </div>
   <div class='ocr_carea' id='block_1_57' title="bbox 1949 2672 3534 2749">
    <p class='ocr_par' dir='ltr' id='par_1_57' title="bbox 1949 2672 3534 2749">
     <span class='ocr_line' id='line_1_57' title="bbox 1949 2672 3534 2749; baseline 0.008 -24"><span class='ocrx_word' id='word_1_410' title='bbox 1949 2672 2037 2726; x_wconf 87' lang='lat' dir='ltr'><strong>illa</strong></span> <span class='ocrx_word' id='word_1_411' title='bbox 2059 2674 2263 2745; x_wconf 83' lang='lat' dir='ltr'><strong>synodo</strong></span> <span class='ocrx_word' id='word_1_412' title='bbox 2292 2674 2431 2728; x_wconf 87' lang='lat' dir='ltr'><strong>facta</strong></span> <span class='ocrx_word' id='word_1_413' title='bbox 2456 2684 2560 2743; x_wconf 89' lang='lat' dir='ltr'><strong>est,</strong></span> <span class='ocrx_word' id='word_1_414' title='bbox 2600 2686 2788 2731; x_wconf 87' lang='lat' dir='ltr'><strong>contra</strong></span> <span class='ocrx_word' id='word_1_415' title='bbox 2841 2677 3298 2749; x_wconf 85' lang='lat' dir='ltr'><strong>Eutycbianorum</strong></span> <span class='ocrx_word' id='word_1_416' title='bbox 3325 2684 3534 2738; x_wconf 85' lang='lat' dir='ltr'><strong>calum-</strong></span> 
     </span>
    </p>
   </div>
   <div class='ocr_carea' id='block_1_58' title="bbox 1949 2763 3534 2839">
    <p class='ocr_par' dir='ltr' id='par_1_58' title="bbox 1949 2763 3534 2839">
     <span class='ocr_line' id='line_1_58' title="bbox 1949 2763 3534 2839; baseline 0.01 -22"><span class='ocrx_word' id='word_1_417' title='bbox 1949 2764 2066 2818; x_wconf 83' lang='lat' dir='ltr'><strong>nias</strong></span> <span class='ocrx_word' id='word_1_418' title='bbox 2095 2763 2432 2831; x_wconf 83' lang='lat' dir='ltr'><strong>defendatur,</strong></span> <span class='ocrx_word' id='word_1_419' title='bbox 2459 2767 2583 2836; x_wconf 88' lang='lat' dir='ltr'><strong>quia</strong></span> <span class='ocrx_word' id='word_1_420' title='bbox 2615 2777 2834 2835; x_wconf 91' lang='lat' dir='ltr'><strong>propter</strong></span> <span class='ocrx_word' id='word_1_421' title='bbox 2861 2770 3003 2839; x_wconf 87' lang='lat' dir='ltr'><strong>quod</strong></span> <span class='ocrx_word' id='word_1_422' title='bbox 3035 2775 3268 2828; x_wconf 84' lang='lat' dir='ltr'><strong>accusati</strong></span> <span class='ocrx_word' id='word_1_423' title='bbox 3320 2775 3534 2833; x_wconf 88' lang='lat' dir='ltr'><strong>fuerant</strong></span> 
     </span>
    </p>
   </div>
   <div class='ocr_carea' id='block_1_59' title="bbox 1949 2853 3531 2934">
    <p class='ocr_par' dir='ltr' id='par_1_59' title="bbox 1949 2853 3531 2934">
     <span class='ocr_line' id='line_1_59' title="bbox 1949 2853 3531 2934; baseline 0.009 -26"><span class='ocrx_word' id='word_1_424' title='bbox 1949 2853 2321 2911; x_wconf 84' lang='lat' dir='ltr'><strong>Theodoretus</strong></span> <span class='ocrx_word' id='word_1_425' title='bbox 2341 2866 2395 2911; x_wconf 90' lang='lat' dir='ltr'><strong>et</strong></span> <span class='ocrx_word' id='word_1_426' title='bbox 2416 2856 2552 2922; x_wconf 86' lang='lat' dir='ltr'><strong>lbas,</strong></span> <span class='ocrx_word' id='word_1_427' title='bbox 2587 2867 2642 2911; x_wconf 93' lang='lat' dir='ltr'><strong>ut</strong></span> <span class='ocrx_word' id='word_1_428' title='bbox 2668 2857 2904 2914; x_wconf 85' lang='lat' dir='ltr'><strong>Nestorii</strong></span> <span class='ocrx_word' id='word_1_429' title='bbox 2925 2859 3119 2931; x_wconf 70' lang='lat' dir='ltr'><strong>dogma</strong></span> <span class='ocrx_word' id='word_1_430' title='bbox 3150 2864 3531 2934; x_wconf 86' lang='lat' dir='ltr'><strong>suscipientes,</strong></span> 
     </span>
    </p>
   </div>
   <div class='ocr_carea' id='block_1_60' title="bbox 1951 2948 3532 3029">
    <p class='ocr_par' dir='ltr' id='par_1_60' title="bbox 1951 2948 3532 3029">
     <span class='ocr_line' id='line_1_60' title="bbox 1951 2948 3532 3029; baseline 0.009 -28"><span class='ocrx_word' id='word_1_431' title='bbox 1951 2962 2058 3001; x_wconf 88' lang='lat' dir='ltr'><strong>non</strong></span> <span class='ocrx_word' id='word_1_432' title='bbox 2080 2948 2287 3003; x_wconf 86' lang='lat' dir='ltr'><strong>evocati</strong></span> <span class='ocrx_word' id='word_1_433' title='bbox 2305 2958 2498 3003; x_wconf 81' lang='lat' dir='ltr'><strong>suntut</strong></span> <span class='ocrx_word' id='word_1_434' title='bbox 2518 2959 2642 3005; x_wconf 90' lang='lat' dir='ltr'><strong>ante</strong></span> <span class='ocrx_word' id='word_1_435' title='bbox 2664 2952 2915 3008; x_wconf 81' lang='lat' dir='ltr'><strong>sederent</strong></span> <span class='ocrx_word' id='word_1_436' title='bbox 2931 2968 3053 3008; x_wconf 92' lang='lat' dir='ltr'><strong>cum</strong></span> <span class='ocrx_word' id='word_1_437' title='bbox 3083 2965 3266 3012; x_wconf 90' lang='lat' dir='ltr'><strong>sancta</strong></span> <span class='ocrx_word' id='word_1_438' title='bbox 3290 2960 3532 3029; x_wconf 82' lang='lat' dir='ltr'><strong>synodo:</strong></span> 
     </span>
    </p>
   </div>
   <div class='ocr_carea' id='block_1_61' title="bbox 1950 3036 3534 3112">
    <p class='ocr_par' dir='ltr' id='par_1_61' title="bbox 1950 3036 3534 3112">
     <span class='ocr_line' id='line_1_61' title="bbox 1950 3036 3534 3112; baseline 0.013 -22"><span class='ocrx_word' id='word_1_439' title='bbox 1950 3036 2022 3092; x_wconf 90' lang='lat' dir='ltr'><strong>ob</strong></span> <span class='ocrx_word' id='word_1_440' title='bbox 2069 3037 2171 3092; x_wconf 89' lang='lat' dir='ltr'><strong>hoc</strong></span> <span class='ocrx_word' id='word_1_441' title='bbox 2225 3048 2415 3093; x_wconf 90' lang='lat' dir='ltr'><strong>contra</strong></span> <span class='ocrx_word' id='word_1_442' title='bbox 2466 3040 2904 3098; x_wconf 85' lang='lat' dir='ltr'><strong>Nestorianorum</strong></span> <span class='ocrx_word' id='word_1_443' title='bbox 2960 3047 3259 3103; x_wconf 81' lang='lat' dir='ltr'><strong>calumnias</strong></span> <span class='ocrx_word' id='word_1_444' title='bbox 3320 3050 3534 3112; x_wconf 87' lang='lat' dir='ltr'><strong>defendi</strong></span> 
     </span>
    </p>
   </div>
   <div class='ocr_carea' id='block_1_62' title="bbox 244 3136 3531 3235">
    <p class='ocr_par' dir='ltr' id='par_1_62' title="bbox 244 3136 3531 3235">
     <span class='ocr_line' id='line_1_62' title="bbox 244 3136 3531 3235; baseline 0.002 -43"><span class='ocrx_word' id='word_1_445' title='bbox 244 3139 380 3192; x_wconf 62' lang='lat' dir='ltr'><strong>tulit</strong></span> <span class='ocrx_word' id='word_1_446' title='bbox 437 3137 857 3192; x_wconf 74' lang='lat' dir='ltr'><strong>confinxerunt?</strong></span> <span class='ocrx_word' id='word_1_447' title='bbox 899 3139 1007 3193; x_wconf 82' lang='lat' dir='ltr'><strong>Aut</strong></span> <span class='ocrx_word' id='word_1_448' title='bbox 1049 3139 1317 3208; x_wconf 89' lang='lat' dir='ltr'><strong>quomodo</strong></span> <span class='ocrx_word' id='word_1_449' title='bbox 1363 3140 1713 3197; x_wconf 89' lang='lat' dir='ltr'><strong>admittentur</strong></span> <span class='ocrx_word' id='word_1_450' title='bbox 1760 3141 1842 3196; x_wconf 86' lang='lat' dir='ltr'><strong>vel</strong></span> <span class='ocrx_word' id='word_1_451' title='bbox 1868 3175 1915 3235; x_wconf 61' lang='grc' dir='ltr'>Ο</span> <span class='ocrx_word' id='word_1_452' title='bbox 1954 3150 2060 3189; x_wconf 91' lang='lat' dir='ltr'><strong>non</strong></span> <span class='ocrx_word' id='word_1_453' title='bbox 2090 3136 2464 3205; x_wconf 75' lang='lat' dir='ltr'><strong>poterit,quod</strong></span> <span class='ocrx_word' id='word_1_454' title='bbox 2481 3136 2761 3191; x_wconf 81' lang='lat' dir='ltr'><strong>Anatolius</strong></span> <span class='ocrx_word' id='word_1_455' title='bbox 2778 3136 3531 3215; x_wconf 84' lang='lat' dir='ltr'><strong>Constantinopolitanus,qui</strong></span> 
     </span>
    </p>
   </div>
   <div class='ocr_carea' id='block_1_63' title="bbox 248 3228 1843 3302">
    <p class='ocr_par' dir='ltr' id='par_1_63' title="bbox 248 3228 1843 3302">
     <span class='ocr_line' id='line_1_63' title="bbox 248 3228 1843 3302; baseline 0.002 -18"><span class='ocrx_word' id='word_1_456' title='bbox 248 3229 501 3285; x_wconf 81' lang='lat' dir='ltr'><strong>attestari</strong></span> <span class='ocrx_word' id='word_1_457' title='bbox 541 3228 624 3283; x_wconf 85' lang='lat' dir='ltr'><strong>vel</strong></span> <span class='ocrx_word' id='word_1_458' title='bbox 676 3243 931 3285; x_wconf 89' lang='lat' dir='ltr'><strong>accusare</strong></span> <span class='ocrx_word' id='word_1_459' title='bbox 979 3245 1298 3300; x_wconf 90' lang='lat' dir='ltr'><strong>quemquam</strong></span> <span class='ocrx_word' id='word_1_460' title='bbox 1352 3242 1541 3286; x_wconf 84' lang='lat' dir='ltr'><strong>contra</strong></span> <span class='ocrx_word' id='word_1_461' title='bbox 1596 3243 1843 3302; x_wconf 88' lang='lat' dir='ltr'><strong>paternos</strong></span> 
     </span>
    </p>
   </div>
   <div class='ocr_carea' id='block_1_64' title="bbox 236 3319 1844 3389">
    <p class='ocr_par' dir='ltr' id='par_1_64' title="bbox 236 3319 1844 3389">
     <span class='ocr_line' id='line_1_64' title="bbox 236 3319 1844 3389; baseline 0.005 -18"><span class='ocrx_word' id='word_1_462' title='bbox 236 3333 513 3377; x_wconf 78' lang='lat' dir='ltr'><strong>canotteS.</strong></span> <span class='ocrx_word' id='word_1_463' title='bbox 546 3335 680 3389; x_wconf 82' lang='lat' dir='ltr'><strong>quos</strong></span> <span class='ocrx_word' id='word_1_464' title='bbox 730 3322 781 3373; x_wconf 90' lang='lat' dir='ltr'><strong>in</strong></span> <span class='ocrx_word' id='word_1_465' title='bbox 831 3322 991 3375; x_wconf 83' lang='lat' dir='ltr'><strong>tantis</strong></span> <span class='ocrx_word' id='word_1_466' title='bbox 1041 3319 1411 3375; x_wconf 74' lang='grc' dir='ltr'><strong>οοτινίιιείιηιιε</strong></span> <span class='ocrx_word' id='word_1_467' title='bbox 1459 3337 1578 3377; x_wconf 88' lang='lat' dir='ltr'><strong>esse</strong></span> <span class='ocrx_word' id='word_1_468' title='bbox 1624 3326 1844 3379; x_wconf 89' lang='lat' dir='ltr'><strong>menda-</strong></span> 
     </span>
    </p>
   </div>
   <div class='ocr_carea' id='block_1_65' title="bbox 244 3408 1836 3479">
    <p class='ocr_par' dir='ltr' id='par_1_65' title="bbox 244 3408 1836 3479">
     <span class='ocr_line' id='line_1_65' title="bbox 244 3408 1836 3479; baseline 0.001 -14"><span class='ocrx_word' id='word_1_469' title='bbox 244 3411 391 3465; x_wconf 78' lang='lat' dir='ltr'><strong>ces?</strong></span> <span class='ocrx_word' id='word_1_470' title='bbox 420 3408 486 3464; x_wconf 80' lang='lat' dir='ltr'><strong>Et</strong></span> <span class='ocrx_word' id='word_1_471' title='bbox 516 3409 559 3463; x_wconf 89' lang='lat' dir='ltr'><strong>si</strong></span> <span class='ocrx_word' id='word_1_472' title='bbox 586 3409 705 3479; x_wconf 88' lang='lat' dir='ltr'><strong>quis</strong></span> <span class='ocrx_word' id='word_1_473' title='bbox 744 3409 978 3464; x_wconf 88' lang='lat' dir='ltr'><strong>noluerit</strong></span> <span class='ocrx_word' id='word_1_474' title='bbox 1009 3410 1200 3465; x_wconf 87' lang='lat' dir='ltr'><strong>talibus</strong></span> <span class='ocrx_word' id='word_1_475' title='bbox 1227 3411 1473 3466; x_wconf 89' lang='lat' dir='ltr'><strong>assentiri</strong></span> <span class='ocrx_word' id='word_1_476' title='bbox 1524 3412 1836 3479; x_wconf 88' lang='lat' dir='ltr'><strong>mendaciis,</strong></span> 
     </span>
    </p>
   </div>
   <div class='ocr_carea' id='block_1_66' title="bbox 240 3501 1841 3571">
    <p class='ocr_par' dir='ltr' id='par_1_66' title="bbox 240 3501 1841 3571">
     <span class='ocr_line' id='line_1_66' title="bbox 240 3501 1841 3571; baseline 0.002 -13"><span class='ocrx_word' id='word_1_477' title='bbox 240 3504 552 3558; x_wconf 67' lang='lat' dir='ltr'><strong>haereticus</strong></span> <span class='ocrx_word' id='word_1_478' title='bbox 579 3501 894 3570; x_wconf 82' lang='lat' dir='ltr'><strong>appeilatur,</strong></span> <span class='ocrx_word' id='word_1_479' title='bbox 927 3509 1175 3571; x_wconf 87' lang='lat' dir='ltr'><strong>tanquam</strong></span> <span class='ocrx_word' id='word_1_480' title='bbox 1205 3502 1578 3559; x_wconf 70' lang='lat' dir='ltr'><strong>brereticorum</strong></span> <span class='ocrx_word' id='word_1_481' title='bbox 1606 3506 1673 3558; x_wconf 87' lang='lat' dir='ltr'><strong>sit</strong></span> <span class='ocrx_word' id='word_1_482' title='bbox 1699 3506 1841 3561; x_wconf 73' lang='lat' dir='ltr'><strong>nolle</strong></span> 
     </span>
    </p>
   </div>
   <div class='ocr_carea' id='block_1_67' title="bbox 234 3593 1838 3662">
    <p class='ocr_par' dir='ltr' id='par_1_67' title="bbox 234 3593 1838 3662">
     <span class='ocr_line' id='line_1_67' title="bbox 234 3593 1838 3662; baseline 0.001 -12"><span class='ocrx_word' id='word_1_483' title='bbox 234 3595 498 3650; x_wconf 81' lang='lat' dir='ltr'><strong>mentiri.</strong></span> <span class='ocrx_word' id='word_1_484' title='bbox 534 3593 628 3649; x_wconf 88' lang='lat' dir='ltr'><strong>llis</strong></span> <span class='ocrx_word' id='word_1_485' title='bbox 667 3609 827 3661; x_wconf 82' lang='lat' dir='ltr'><strong>porro</strong></span> <span class='ocrx_word' id='word_1_486' title='bbox 869 3594 1187 3649; x_wconf 84' lang='lat' dir='ltr'><strong>falsitatibus</strong></span> <span class='ocrx_word' id='word_1_487' title='bbox 1232 3596 1655 3662; x_wconf 74' lang='lat' dir='ltr'><strong>subscribentes,</strong></span> <span class='ocrx_word' id='word_1_488' title='bbox 1693 3607 1746 3652; x_wconf 93' lang='lat' dir='ltr'><strong>et</strong></span> <span class='ocrx_word' id='word_1_489' title='bbox 1787 3599 1838 3653; x_wconf 93' lang='lat' dir='ltr'><strong>in</strong></span> 
     </span>
    </p>
   </div>
   <div class='ocr_carea' id='block_1_68' title="bbox 238 3687 1845 3760">
    <p class='ocr_par' dir='ltr' id='par_1_68' title="bbox 238 3687 1845 3760">
     <span class='ocr_line' id='line_1_68' title="bbox 238 3687 1845 3760; baseline 0.001 -15"><span class='ocrx_word' id='word_1_490' title='bbox 238 3690 463 3745; x_wconf 76' lang='lat' dir='ltr'><strong>talibus</strong></span> <span class='ocrx_word' id='word_1_491' title='bbox 507 3687 895 3743; x_wconf 85' lang='lat' dir='ltr'><strong>constituentes</strong></span> <span class='ocrx_word' id='word_1_492' title='bbox 925 3688 1288 3743; x_wconf 81' lang='lat' dir='ltr'><strong>defensionem</strong></span> <span class='ocrx_word' id='word_1_493' title='bbox 1338 3689 1560 3760; x_wconf 88' lang='lat' dir='ltr'><strong>synodi,</strong></span> <span class='ocrx_word' id='word_1_494' title='bbox 1593 3691 1717 3760; x_wconf 91' lang='lat' dir='ltr'><strong>quid</strong></span> <span class='ocrx_word' id='word_1_495' title='bbox 1747 3706 1845 3760; x_wconf 88' lang='lat' dir='ltr'><strong>pro</strong></span> 
     </span>
    </p>
   </div>
   <div class='ocr_carea' id='block_1_69' title="bbox 236 3780 1845 3852">
    <p class='ocr_par' dir='ltr' id='par_1_69' title="bbox 236 3780 1845 3852">
     <span class='ocr_line' id='line_1_69' title="bbox 236 3780 1845 3852; baseline -0.001 -13"><span class='ocrx_word' id='word_1_496' title='bbox 236 3784 349 3838; x_wconf 75' lang='lat' dir='ltr'><strong>illa</strong></span> <span class='ocrx_word' id='word_1_497' title='bbox 398 3782 693 3852; x_wconf 88' lang='lat' dir='ltr'><strong>poterimus</strong></span> <span class='ocrx_word' id='word_1_498' title='bbox 745 3780 1089 3852; x_wconf 83' lang='lat' dir='ltr'><strong>Eutycbianis</strong></span> <span class='ocrx_word' id='word_1_499' title='bbox 1120 3786 1462 3851; x_wconf 87' lang='lat' dir='ltr'><strong>respondere,</strong></span> <span class='ocrx_word' id='word_1_500' title='bbox 1513 3798 1633 3837; x_wconf 91' lang='lat' dir='ltr'><strong>cum</strong></span> <span class='ocrx_word' id='word_1_501' title='bbox 1674 3784 1845 3838; x_wconf 80' lang='lat' dir='ltr'><strong>matti—</strong></span> 
     </span>
    </p>
   </div>
   <div class='ocr_carea' id='block_1_70' title="bbox 232 3874 1847 3945">
    <p class='ocr_par' dir='ltr' id='par_1_70' title="bbox 232 3874 1847 3945">
     <span class='ocr_line' id='line_1_70' title="bbox 232 3874 1847 3945; baseline 0 -14"><span class='ocrx_word' id='word_1_502' title='bbox 232 3877 397 3931; x_wconf 74' lang='lat' dir='ltr'><strong>[esta</strong></span> <span class='ocrx_word' id='word_1_503' title='bbox 445 3888 546 3929; x_wconf 73' lang='lat' dir='ltr'><strong>nos</strong></span> <span class='ocrx_word' id='word_1_504' title='bbox 590 3874 814 3929; x_wconf 78' lang='lat' dir='ltr'><strong>veritate</strong></span> <span class='ocrx_word' id='word_1_505' title='bbox 853 3875 1232 3930; x_wconf 77' lang='lat' dir='ltr'><strong>convicerinti</strong></span> <span class='ocrx_word' id='word_1_506' title='bbox 1262 3878 1367 3930; x_wconf 80' lang='lat' dir='ltr'><strong>Aut</strong></span> <span class='ocrx_word' id='word_1_507' title='bbox 1407 3887 1601 3945; x_wconf 88' lang='lat' dir='ltr'><strong>quanta</strong></span> <span class='ocrx_word' id='word_1_508' title='bbox 1658 3891 1847 3931; x_wconf 87' lang='lat' dir='ltr'><strong>neces-</strong></span> 
     </span>
    </p>
   </div>
   <div class='ocr_carea' id='block_1_71' title="bbox 227 3966 1844 4035">
    <p class='ocr_par' dir='ltr' id='par_1_71' title="bbox 227 3966 1844 4035">
     <span class='ocr_line' id='line_1_71' title="bbox 227 3966 1844 4035; baseline 0.001 -14"><span class='ocrx_word' id='word_1_509' title='bbox 227 3970 420 4022; x_wconf 83' lang='lat' dir='ltr'><strong>sitate</strong></span> <span class='ocrx_word' id='word_1_510' title='bbox 470 3966 768 4021; x_wconf 81' lang='lat' dir='ltr'><strong>videbimur</strong></span> <span class='ocrx_word' id='word_1_511' title='bbox 814 3966 879 4020; x_wconf 87' lang='lat' dir='ltr'><strong>ad</strong></span> <span class='ocrx_word' id='word_1_512' title='bbox 922 3967 1043 4019; x_wconf 80' lang='lat' dir='ltr'><strong>talia</strong></span> <span class='ocrx_word' id='word_1_513' title='bbox 1089 3967 1398 4035; x_wconf 82' lang='lat' dir='ltr'><strong>confugisse</strong></span> <span class='ocrx_word' id='word_1_514' title='bbox 1443 3969 1758 4035; x_wconf 85' lang='lat' dir='ltr'><strong>mendacia,</strong></span> <span class='ocrx_word' id='word_1_515' title='bbox 1792 3969 1844 4022; x_wconf 91' lang='lat' dir='ltr'><strong>in</strong></span> 
     </span>
    </p>
   </div>
   <div class='ocr_carea' id='block_1_72' title="bbox 224 4059 1844 4131">
    <p class='ocr_par' dir='ltr' id='par_1_72' title="bbox 224 4059 1844 4131">
     <span class='ocr_line' id='line_1_72' title="bbox 224 4059 1844 4131; baseline 0.002 -20"><span class='ocrx_word' id='word_1_516' title='bbox 224 4063 456 4131; x_wconf 72' lang='lat' dir='ltr'><strong>quibus</strong></span> <span class='ocrx_word' id='word_1_517' title='bbox 523 4059 722 4113; x_wconf 75' lang='lat' dir='ltr'><strong>latendi</strong></span> <span class='ocrx_word' id='word_1_518' title='bbox 785 4059 962 4114; x_wconf 78' lang='lat' dir='ltr'><strong>nullus</strong></span> <span class='ocrx_word' id='word_1_519' title='bbox 1023 4070 1106 4114; x_wconf 86' lang='lat' dir='ltr'><strong>est</strong></span> <span class='ocrx_word' id='word_1_520' title='bbox 1156 4062 1344 4127; x_wconf 86' lang='lat' dir='ltr'><strong>locus,</strong></span> <span class='ocrx_word' id='word_1_521' title='bbox 1403 4072 1651 4130; x_wconf 85' lang='lat' dir='ltr'><strong>tanquam</strong></span> <span class='ocrx_word' id='word_1_522' title='bbox 1713 4063 1844 4116; x_wconf 78' lang='lat' dir='ltr'><strong>nihil</strong></span> 
     </span>
    </p>
   </div>
   <div class='ocr_carea' id='block_1_73' title="bbox 222 4150 1847 4223">
    <p class='ocr_par' dir='ltr' id='par_1_73' title="bbox 222 4150 1847 4223">
     <span class='ocr_line' id='line_1_73' title="bbox 222 4150 1847 4223; baseline -0.001 -14"><span class='ocrx_word' id='word_1_523' title='bbox 222 4150 745 4220; x_wconf 73' lang='lat' dir='ltr'><strong>remanseritquod</strong></span> <span class='ocrx_word' id='word_1_524' title='bbox 776 4167 876 4221; x_wconf 87' lang='lat' dir='ltr'><strong>pro</strong></span> <span class='ocrx_word' id='word_1_525' title='bbox 905 4152 1093 4206; x_wconf 77' lang='lat' dir='ltr'><strong>eadem</strong></span> <span class='ocrx_word' id='word_1_526' title='bbox 1124 4166 1305 4206; x_wconf 88' lang='lat' dir='ltr'><strong>sancta</strong></span> <span class='ocrx_word' id='word_1_527' title='bbox 1348 4154 1554 4223; x_wconf 89' lang='lat' dir='ltr'><strong>synodo</strong></span> <span class='ocrx_word' id='word_1_528' title='bbox 1582 4154 1847 4208; x_wconf 56' lang='lat' dir='ltr'><strong>veraciter</strong></span> 
     </span>
    </p>
   </div>
   <div class='ocr_carea' id='block_1_74' title="bbox 220 4242 1849 4313">
    <p class='ocr_par' dir='ltr' id='par_1_74' title="bbox 220 4242 1849 4313">
     <span class='ocr_line' id='line_1_74' title="bbox 220 4242 1849 4313; baseline -0.002 -12"><span class='ocrx_word' id='word_1_529' title='bbox 220 4242 591 4313; x_wconf 71' lang='lat' dir='ltr'><strong>respondere</strong></span> <span class='ocrx_word' id='word_1_530' title='bbox 620 4242 933 4312; x_wconf 84' lang='lat' dir='ltr'><strong>possimus?</strong></span> <span class='ocrx_word' id='word_1_531' title='bbox 962 4242 1077 4296; x_wconf 87' lang='lat' dir='ltr'><strong>Non</strong></span> <span class='ocrx_word' id='word_1_532' title='bbox 1103 4258 1230 4312; x_wconf 81' lang='lat' dir='ltr'><strong>ergo</strong></span> <span class='ocrx_word' id='word_1_533' title='bbox 1253 4244 1407 4299; x_wconf 91' lang='lat' dir='ltr'><strong>nobis</strong></span> <span class='ocrx_word' id='word_1_534' title='bbox 1454 4245 1849 4312; x_wconf 83' lang='lat' dir='ltr'><strong>persuadebunt</strong></span> 
     </span>
    </p>
   </div>
   <div class='ocr_carea' id='block_1_75' title="bbox 210 4335 1848 4409">
    <p class='ocr_par' dir='ltr' id='par_1_75' title="bbox 210 4335 1848 4409">
     <span class='ocr_line' id='line_1_75' title="bbox 210 4335 1848 4409; baseline 0.001 -19"><span class='ocrx_word' id='word_1_535' title='bbox 210 4340 343 4409; x_wconf 79' lang='lat' dir='ltr'><strong>qui</strong></span> <span class='ocrx_word' id='word_1_536' title='bbox 383 4335 840 4405; x_wconf 77' lang='lat' dir='ltr'><strong>Eutyehianorum</strong></span> <span class='ocrx_word' id='word_1_537' title='bbox 872 4335 1169 4390; x_wconf 87' lang='lat' dir='ltr'><strong>calumnias</strong></span> <span class='ocrx_word' id='word_1_538' title='bbox 1198 4337 1525 4391; x_wconf 86' lang='lat' dir='ltr'><strong>simulatorie</strong></span> <span class='ocrx_word' id='word_1_539' title='bbox 1553 4336 1848 4392; x_wconf 87' lang='lat' dir='ltr'><strong>refellendo</strong></span> 
     </span>
    </p>
   </div>
   <div class='ocr_carea' id='block_1_76' title="bbox 211 4427 1848 4499">
    <p class='ocr_par' dir='ltr' id='par_1_76' title="bbox 211 4427 1848 4499">
     <span class='ocr_line' id='line_1_76' title="bbox 211 4427 1848 4499; baseline -0.001 -15"><span class='ocrx_word' id='word_1_540' title='bbox 211 4427 649 4493; x_wconf 75' lang='lat' dir='ltr'><strong>comburam,</strong></span> <span class='ocrx_word' id='word_1_541' title='bbox 695 4436 752 4479; x_wconf 93' lang='lat' dir='ltr'><strong>ut</strong></span> <span class='ocrx_word' id='word_1_542' title='bbox 796 4427 1039 4481; x_wconf 87' lang='lat' dir='ltr'><strong>dicamus</strong></span> <span class='ocrx_word' id='word_1_543' title='bbox 1077 4428 1220 4495; x_wconf 88' lang='lat' dir='ltr'><strong>quod</strong></span> <span class='ocrx_word' id='word_1_544' title='bbox 1271 4444 1372 4482; x_wconf 90' lang='lat' dir='ltr'><strong>non</strong></span> <span class='ocrx_word' id='word_1_545' title='bbox 1416 4439 1538 4482; x_wconf 87' lang='lat' dir='ltr'><strong>ante</strong></span> <span class='ocrx_word' id='word_1_546' title='bbox 1586 4430 1848 4499; x_wconf 83' lang='lat' dir='ltr'><strong>synodum</strong></span> 
     </span>
    </p>
   </div>
   <div class='ocr_carea' id='block_1_77' title="bbox 1946 3228 3533 3303">
    <p class='ocr_par' dir='ltr' id='par_1_77' title="bbox 1946 3228 3533 3303">
     <span class='ocr_line' id='line_1_77' title="bbox 1946 3228 3533 3303; baseline 0.006 -23"><span class='ocrx_word' id='word_1_547' title='bbox 1946 3236 2072 3282; x_wconf 91' lang='lat' dir='ltr'><strong>ante</strong></span> <span class='ocrx_word' id='word_1_548' title='bbox 2094 3228 2484 3281; x_wconf 83' lang='lat' dir='ltr'><strong>Antiocltenum</strong></span> <span class='ocrx_word' id='word_1_549' title='bbox 2509 3229 2741 3297; x_wconf 88' lang='lat' dir='ltr'><strong>priorem</strong></span> <span class='ocrx_word' id='word_1_550' title='bbox 2770 3228 2880 3282; x_wconf 91' lang='lat' dir='ltr'><strong>illic</strong></span> <span class='ocrx_word' id='word_1_551' title='bbox 2898 3228 3005 3284; x_wconf 91' lang='lat' dir='ltr'><strong>sibi</strong></span> <span class='ocrx_word' id='word_1_552' title='bbox 3036 3230 3213 3285; x_wconf 89' lang='lat' dir='ltr'><strong>locum</strong></span> <span class='ocrx_word' id='word_1_553' title='bbox 3244 3246 3533 3303; x_wconf 63' lang='lat' dir='ltr'><strong>usurpave«</strong></span> 
     </span>
    </p>
   </div>
   <div class='ocr_carea' id='block_1_78' title="bbox 1946 3318 3536 3387">
    <p class='ocr_par' dir='ltr' id='par_1_78' title="bbox 1946 3318 3536 3387">
     <span class='ocr_line' id='line_1_78' title="bbox 1946 3318 3536 3387; baseline 0.006 -14"><span class='ocrx_word' id='word_1_554' title='bbox 1946 3327 2049 3381; x_wconf 89' lang='lat' dir='ltr'><strong>rat,</strong></span> <span class='ocrx_word' id='word_1_555' title='bbox 2100 3330 2151 3372; x_wconf 87' lang='lat' dir='ltr'><strong>et</strong></span> <span class='ocrx_word' id='word_1_556' title='bbox 2182 3319 2293 3387; x_wconf 86' lang='lat' dir='ltr'><strong>ipse</strong></span> <span class='ocrx_word' id='word_1_557' title='bbox 2324 3319 2584 3373; x_wconf 77' lang='lat' dir='ltr'><strong>Maximus</strong></span> <span class='ocrx_word' id='word_1_558' title='bbox 2616 3318 3008 3386; x_wconf 81' lang='lat' dir='ltr'><strong>Antiocltenus,</strong></span> <span class='ocrx_word' id='word_1_559' title='bbox 3035 3321 3383 3380; x_wconf 79' lang='lat' dir='ltr'><strong>etJuvenalis</strong></span> <span class='ocrx_word' id='word_1_560' title='bbox 3411 3324 3536 3382; x_wconf 83' lang='lat' dir='ltr'><strong>Ilie-</strong></span> 
     </span>
    </p>
   </div>
   <div class='ocr_carea' id='block_1_79' title="bbox 1947 3410 3536 3483">
    <p class='ocr_par' dir='ltr' id='par_1_79' title="bbox 1947 3410 3536 3483">
     <span class='ocr_line' id='line_1_79' title="bbox 1947 3410 3536 3483; baseline 0.004 -18"><span class='ocrx_word' id='word_1_561' title='bbox 1947 3412 2367 3482; x_wconf 80' lang='lat' dir='ltr'><strong>rosolyniitanus</strong></span> <span class='ocrx_word' id='word_1_562' title='bbox 2393 3410 2465 3465; x_wconf 91' lang='lat' dir='ltr'><strong>ibi</strong></span> <span class='ocrx_word' id='word_1_563' title='bbox 2492 3411 2873 3481; x_wconf 83' lang='lat' dir='ltr'><strong>sederunt,qui</strong></span> <span class='ocrx_word' id='word_1_564' title='bbox 2899 3411 2981 3467; x_wconf 80' lang='lat' dir='ltr'><strong>vel</strong></span> <span class='ocrx_word' id='word_1_565' title='bbox 3003 3413 3251 3483; x_wconf 77' lang='lat' dir='ltr'><strong>dogmate</strong></span> <span class='ocrx_word' id='word_1_566' title='bbox 3278 3417 3357 3470; x_wconf 90' lang='lat' dir='ltr'><strong>vel</strong></span> <span class='ocrx_word' id='word_1_567' title='bbox 3388 3432 3536 3472; x_wconf 86' lang='lat' dir='ltr'><strong>com-</strong></span> 
     </span>
    </p>
   </div>
   <div class='ocr_carea' id='block_1_80' title="bbox 1946 3504 3532 3577">
    <p class='ocr_par' dir='ltr' id='par_1_80' title="bbox 1946 3504 3532 3577">
     <span class='ocr_line' id='line_1_80' title="bbox 1946 3504 3532 3577; baseline 0.004 -18"><span class='ocrx_word' id='word_1_568' title='bbox 1946 3506 2202 3559; x_wconf 84' lang='lat' dir='ltr'><strong>munione</strong></span> <span class='ocrx_word' id='word_1_569' title='bbox 2228 3504 2686 3577; x_wconf 83' lang='lat' dir='ltr'><strong>Entychianorum</strong></span> <span class='ocrx_word' id='word_1_570' title='bbox 2718 3504 2907 3573; x_wconf 89' lang='lat' dir='ltr'><strong>polluti</strong></span> <span class='ocrx_word' id='word_1_571' title='bbox 2937 3514 3061 3559; x_wconf 87' lang='lat' dir='ltr'><strong>ante</strong></span> <span class='ocrx_word' id='word_1_572' title='bbox 3106 3505 3343 3561; x_wconf 89' lang='lat' dir='ltr'><strong>fuerant.</strong></span> <span class='ocrx_word' id='word_1_573' title='bbox 3396 3508 3532 3565; x_wconf 76' lang='lat' dir='ltr'><strong>Nam</strong></span> 
     </span>
    </p>
   </div>
   <div class='ocr_carea' id='block_1_81' title="bbox 1952 3592 3537 3664">
    <p class='ocr_par' dir='ltr' id='par_1_81' title="bbox 1952 3592 3537 3664">
     <span class='ocr_line' id='line_1_81' title="bbox 1952 3592 3537 3664; baseline 0.002 -13"><span class='ocrx_word' id='word_1_574' title='bbox 1952 3605 2007 3651; x_wconf 92' lang='lat' dir='ltr'><strong>et</strong></span> <span class='ocrx_word' id='word_1_575' title='bbox 2034 3595 2362 3651; x_wconf 78' lang='lat' dir='ltr'><strong>venerabilis</strong></span> <span class='ocrx_word' id='word_1_576' title='bbox 2387 3593 2687 3660; x_wconf 82' lang='lat' dir='ltr'><strong>Anatolius,</strong></span> <span class='ocrx_word' id='word_1_577' title='bbox 2722 3592 2894 3664; x_wconf 86' lang='lat' dir='ltr'><strong>ejecto</strong></span> <span class='ocrx_word' id='word_1_578' title='bbox 2924 3610 3021 3663; x_wconf 88' lang='lat' dir='ltr'><strong>pro</strong></span> <span class='ocrx_word' id='word_1_579' title='bbox 3048 3609 3174 3650; x_wconf 78' lang='lat' dir='ltr'><strong>vera</strong></span> <span class='ocrx_word' id='word_1_580' title='bbox 3200 3596 3306 3651; x_wconf 88' lang='lat' dir='ltr'><strong>ﬁde</strong></span> <span class='ocrx_word' id='word_1_581' title='bbox 3327 3599 3396 3653; x_wconf 89' lang='lat' dir='ltr'><strong>ab</strong></span> <span class='ocrx_word' id='word_1_582' title='bbox 3427 3597 3537 3654; x_wconf 85' lang='lat' dir='ltr'><strong>Eu-</strong></span> 
     </span>
    </p>
   </div>
   <div class='ocr_carea' id='block_1_82' title="bbox 1949 3686 3537 3762">
    <p class='ocr_par' dir='ltr' id='par_1_82' title="bbox 1949 3686 3537 3762">
     <span class='ocr_line' id='line_1_82' title="bbox 1949 3686 3537 3762; baseline 0.001 -17"><span class='ocrx_word' id='word_1_583' title='bbox 1949 3690 2216 3762; x_wconf 86' lang='lat' dir='ltr'><strong>tycbianis</strong></span> <span class='ocrx_word' id='word_1_584' title='bbox 2262 3691 2415 3744; x_wconf 90' lang='lat' dir='ltr'><strong>beato</strong></span> <span class='ocrx_word' id='word_1_585' title='bbox 2446 3686 2721 3754; x_wconf 81' lang='lat' dir='ltr'><strong>Flaviano,</strong></span> <span class='ocrx_word' id='word_1_586' title='bbox 2752 3695 2806 3744; x_wconf 92' lang='lat' dir='ltr'><strong>et</strong></span> <span class='ocrx_word' id='word_1_587' title='bbox 2837 3695 3056 3742; x_wconf 87' lang='lat' dir='ltr'><strong>sanctus</strong></span> <span class='ocrx_word' id='word_1_588' title='bbox 3080 3688 3341 3745; x_wconf 80' lang='lat' dir='ltr'><strong>Maximus</strong></span> <span class='ocrx_word' id='word_1_589' title='bbox 3386 3692 3537 3747; x_wconf 84' lang='lat' dir='ltr'><strong>sitni-</strong></span> 
     </span>
    </p>
   </div>
   <div class='ocr_carea' id='block_1_83' title="bbox 1952 3783 3542 3856">
    <p class='ocr_par' dir='ltr' id='par_1_83' title="bbox 1952 3783 3542 3856">
     <span class='ocr_line' id='line_1_83' title="bbox 1952 3783 3542 3856; baseline 0.001 -15"><span class='ocrx_word' id='word_1_590' title='bbox 1952 3788 2074 3841; x_wconf 89' lang='lat' dir='ltr'><strong>liter</strong></span> <span class='ocrx_word' id='word_1_591' title='bbox 2096 3802 2191 3856; x_wconf 90' lang='lat' dir='ltr'><strong>pro</strong></span> <span class='ocrx_word' id='word_1_592' title='bbox 2218 3785 2426 3839; x_wconf 89' lang='lat' dir='ltr'><strong>Domno</strong></span> <span class='ocrx_word' id='word_1_593' title='bbox 2468 3785 2722 3855; x_wconf 89' lang='lat' dir='ltr'><strong>episcopo</strong></span> <span class='ocrx_word' id='word_1_594' title='bbox 2758 3785 2826 3839; x_wconf 90' lang='lat' dir='ltr'><strong>ab</strong></span> <span class='ocrx_word' id='word_1_595' title='bbox 2853 3786 2932 3840; x_wconf 85' lang='lat' dir='ltr'><strong>eis</strong></span> <span class='ocrx_word' id='word_1_596' title='bbox 2963 3783 3134 3839; x_wconf 92' lang='lat' dir='ltr'><strong>fuerat</strong></span> <span class='ocrx_word' id='word_1_597' title='bbox 3156 3784 3454 3851; x_wconf 88' lang='lat' dir='ltr'><strong>ordinatus,</strong></span> <span class='ocrx_word' id='word_1_598' title='bbox 3484 3796 3542 3843; x_wconf 93' lang='lat' dir='ltr'><strong>et</strong></span> 
     </span>
    </p>
   </div>
   <div class='ocr_carea' id='block_1_84' title="bbox 1950 3875 3535 3948">
    <p class='ocr_par' dir='ltr' id='par_1_84' title="bbox 1950 3875 3535 3948">
     <span class='ocr_line' id='line_1_84' title="bbox 1950 3875 3535 3948; baseline 0.002 -16"><span class='ocrx_word' id='word_1_599' title='bbox 1950 3878 2223 3932; x_wconf 85' lang='lat' dir='ltr'><strong>Juvenalis</strong></span> <span class='ocrx_word' id='word_1_600' title='bbox 2263 3878 2313 3931; x_wconf 92' lang='lat' dir='ltr'><strong>in</strong></span> <span class='ocrx_word' id='word_1_601' title='bbox 2347 3876 2518 3946; x_wconf 92' lang='lat' dir='ltr'><strong>ipsum</strong></span> <span class='ocrx_word' id='word_1_602' title='bbox 2563 3876 2759 3946; x_wconf 80' lang='lat' dir='ltr'><strong>dogma</strong></span> <span class='ocrx_word' id='word_1_603' title='bbox 2809 3875 3203 3948; x_wconf 82' lang='lat' dir='ltr'><strong>Eutychianum</strong></span> <span class='ocrx_word' id='word_1_604' title='bbox 3249 3877 3447 3947; x_wconf 86' lang='lat' dir='ltr'><strong>lapsus,</strong></span> <span class='ocrx_word' id='word_1_605' title='bbox 3469 3880 3535 3935; x_wconf 84' lang='lat' dir='ltr'><strong>ab</strong></span> 
     </span>
    </p>
   </div>
   <div class='ocr_carea' id='block_1_85' title="bbox 1956 3968 3529 4039">
    <p class='ocr_par' dir='ltr' id='par_1_85' title="bbox 1956 3968 3529 4039">
     <span class='ocr_line' id='line_1_85' title="bbox 1956 3968 3529 4039; baseline 0 -13"><span class='ocrx_word' id='word_1_606' title='bbox 1956 3972 2189 4026; x_wconf 66' lang='lat' dir='ltr'><strong>Ecclesia</strong></span> <span class='ocrx_word' id='word_1_607' title='bbox 2213 3980 2324 4025; x_wconf 87' lang='lat' dir='ltr'><strong>erat</strong></span> <span class='ocrx_word' id='word_1_608' title='bbox 2347 3971 2634 4025; x_wconf 82' lang='lat' dir='ltr'><strong>exclusus:</strong></span> <span class='ocrx_word' id='word_1_609' title='bbox 2675 3968 2817 4039; x_wconf 91' lang='lat' dir='ltr'><strong>quod</strong></span> <span class='ocrx_word' id='word_1_610' title='bbox 2837 3980 2891 4023; x_wconf 93' lang='lat' dir='ltr'><strong>et</strong></span> <span class='ocrx_word' id='word_1_611' title='bbox 2916 3968 3108 4025; x_wconf 67' lang='lat' dir='ltr'><strong>litterae</strong></span> <span class='ocrx_word' id='word_1_612' title='bbox 3139 3969 3278 4024; x_wconf 88' lang='lat' dir='ltr'><strong>beati</strong></span> <span class='ocrx_word' id='word_1_613' title='bbox 3328 3970 3529 4027; x_wconf 87' lang='lat' dir='ltr'><strong>Leonis</strong></span> 
     </span>
    </p>
   </div>
   <div class='ocr_carea' id='block_1_86' title="bbox 1952 4062 3535 4128">
    <p class='ocr_par' dir='ltr' id='par_1_86' title="bbox 1952 4062 3535 4128">
     <span class='ocr_line' id='line_1_86' title="bbox 1952 4062 3535 4128; baseline 0.001 -10"><span class='ocrx_word' id='word_1_614' title='bbox 1952 4072 2007 4118; x_wconf 88' lang='lat' dir='ltr'><strong>et</strong></span> <span class='ocrx_word' id='word_1_615' title='bbox 2031 4064 2257 4117; x_wconf 79' lang='lat' dir='ltr'><strong>aliorum</strong></span> <span class='ocrx_word' id='word_1_616' title='bbox 2306 4064 2632 4128; x_wconf 85' lang='lat' dir='ltr'><strong>scriptorum</strong></span> <span class='ocrx_word' id='word_1_617' title='bbox 2674 4071 3018 4115; x_wconf 89' lang='lat' dir='ltr'><strong>monumenta</strong></span> <span class='ocrx_word' id='word_1_618' title='bbox 3070 4062 3366 4118; x_wconf 87' lang='lat' dir='ltr'><strong>declarant.</strong></span> <span class='ocrx_word' id='word_1_619' title='bbox 3413 4062 3535 4119; x_wconf 83' lang='lat' dir='ltr'><strong>Non</strong></span> 
     </span>
    </p>
   </div>
   <div class='ocr_carea' id='block_1_87' title="bbox 1952 4150 3540 4223">
    <p class='ocr_par' dir='ltr' id='par_1_87' title="bbox 1952 4150 3540 4223">
     <span class='ocr_line' id='line_1_87' title="bbox 1952 4150 3540 4223; baseline 0 -14"><span class='ocrx_word' id='word_1_620' title='bbox 1952 4166 2080 4223; x_wconf 80' lang='lat' dir='ltr'><strong>ergo</strong></span> <span class='ocrx_word' id='word_1_621' title='bbox 2111 4155 2185 4208; x_wconf 81' lang='lat' dir='ltr'><strong>sic</strong></span> <span class='ocrx_word' id='word_1_622' title='bbox 2214 4154 2439 4207; x_wconf 84' lang='lat' dir='ltr'><strong>velimus</strong></span> <span class='ocrx_word' id='word_1_623' title='bbox 2463 4152 2583 4207; x_wconf 88' lang='lat' dir='ltr'><strong>ﬁdei</strong></span> <span class='ocrx_word' id='word_1_624' title='bbox 2609 4166 2727 4221; x_wconf 67' lang='lat' dir='ltr'><strong>quae</strong></span> <span class='ocrx_word' id='word_1_625' title='bbox 2751 4152 2801 4206; x_wconf 89' lang='lat' dir='ltr'><strong>in</strong></span> <span class='ocrx_word' id='word_1_626' title='bbox 2836 4150 2924 4205; x_wconf 87' lang='lat' dir='ltr'><strong>illa</strong></span> <span class='ocrx_word' id='word_1_627' title='bbox 2956 4150 3163 4223; x_wconf 87' lang='lat' dir='ltr'><strong>synodo</strong></span> <span class='ocrx_word' id='word_1_628' title='bbox 3191 4151 3398 4208; x_wconf 86' lang='lat' dir='ltr'><strong>ﬁrmata</strong></span> <span class='ocrx_word' id='word_1_629' title='bbox 3431 4163 3540 4222; x_wconf 88' lang='lat' dir='ltr'><strong>est,</strong></span> 
     </span>
    </p>
   </div>
   <div class='ocr_carea' id='block_1_88' title="bbox 1953 4243 3543 4313">
    <p class='ocr_par' dir='ltr' id='par_1_88' title="bbox 1953 4243 3543 4313">
     <span class='ocr_line' id='line_1_88' title="bbox 1953 4243 3543 4313; baseline -0.001 -13"><span class='ocrx_word' id='word_1_630' title='bbox 1953 4247 2244 4300; x_wconf 83' lang='lat' dir='ltr'><strong>constituta</strong></span> <span class='ocrx_word' id='word_1_631' title='bbox 2275 4244 2584 4309; x_wconf 86' lang='lat' dir='ltr'><strong>defendere,</strong></span> <span class='ocrx_word' id='word_1_632' title='bbox 2619 4252 2759 4298; x_wconf 89' lang='lat' dir='ltr'><strong>utea</strong></span> <span class='ocrx_word' id='word_1_633' title='bbox 2789 4243 3033 4297; x_wconf 87' lang='lat' dir='ltr'><strong>dicamus</strong></span> <span class='ocrx_word' id='word_1_634' title='bbox 3061 4258 3182 4311; x_wconf 69' lang='lat' dir='ltr'><strong>quae</strong></span> <span class='ocrx_word' id='word_1_635' title='bbox 3210 4258 3307 4300; x_wconf 91' lang='lat' dir='ltr'><strong>nos</strong></span> <span class='ocrx_word' id='word_1_636' title='bbox 3327 4243 3543 4313; x_wconf 89' lang='lat' dir='ltr'><strong>quidem</strong></span> 
     </span>
    </p>
   </div>
   <div class='ocr_carea' id='block_1_89' title="bbox 1956 4333 3541 4403">
    <p class='ocr_par' dir='ltr' id='par_1_89' title="bbox 1956 4333 3541 4403">
     <span class='ocr_line' id='line_1_89' title="bbox 1956 4333 3541 4403; baseline -0.001 -12"><span class='ocrx_word' id='word_1_637' title='bbox 1956 4338 2090 4391; x_wconf 81' lang='lat' dir='ltr'><strong>nihil</strong></span> <span class='ocrx_word' id='word_1_638' title='bbox 2143 4345 2329 4390; x_wconf 89' lang='lat' dir='ltr'><strong>contra</strong></span> <span class='ocrx_word' id='word_1_639' title='bbox 2377 4335 2763 4403; x_wconf 83' lang='lat' dir='ltr'><strong>Eutycbianos,</strong></span> <span class='ocrx_word' id='word_1_640' title='bbox 2814 4333 2907 4389; x_wconf 87' lang='lat' dir='ltr'><strong>sed</strong></span> <span class='ocrx_word' id='word_1_641' title='bbox 2964 4334 3312 4388; x_wconf 77' lang='lat' dir='ltr'><strong>Nestorianos</strong></span> <span class='ocrx_word' id='word_1_642' title='bbox 3357 4344 3541 4390; x_wconf 90' lang='lat' dir='ltr'><strong>contra</strong></span> 
     </span>
    </p>
   </div>
   <div class='ocr_carea' id='block_1_90' title="bbox 1956 4408 3539 4495">
    <p class='ocr_par' dir='ltr' id='par_1_90' title="bbox 1956 4408 3539 4495">
     <span class='ocr_line' id='line_1_90' title="bbox 1956 4408 3539 4495; baseline -0.002 -14"><span class='ocrx_word' id='word_1_643' title='bbox 1956 4408 2253 4482; x_wconf 72' lang='lat' dir='ltr'><strong>Ecclesium</strong></span> <span class='ocrx_word' id='word_1_644' title='bbox 2300 4427 2584 4495; x_wconf 87' lang='lat' dir='ltr'><strong>pluritnutn</strong></span> <span class='ocrx_word' id='word_1_645' title='bbox 2629 4425 2840 4494; x_wconf 84' lang='lat' dir='ltr'><strong>juvant.</strong></span> <span class='ocrx_word' id='word_1_646' title='bbox 2894 4424 3143 4493; x_wconf 78' lang='lat' dir='ltr'><strong>Nunquid</strong></span> <span class='ocrx_word' id='word_1_647' title='bbox 3176 4440 3304 4478; x_wconf 90' lang='lat' dir='ltr'><strong>vero</strong></span> <span class='ocrx_word' id='word_1_648' title='bbox 3334 4432 3539 4479; x_wconf 87' lang='lat' dir='ltr'><strong>tantum</strong></span> 
     </span>
    </p>
   </div>
   <div class='ocr_carea' id='block_1_91' title="bbox 214 4503 3541 4596">
    <p class='ocr_par' dir='ltr' id='par_1_91' title="bbox 214 4503 3541 4596">
     <span class='ocr_line' id='line_1_91' title="bbox 214 4503 3541 4596; baseline -0.002 -25"><span class='ocrx_word' id='word_1_649' title='bbox 214 4524 539 4590; x_wconf 65' lang='lat' dir='ltr'><strong>ingressus</strong></span> <span class='ocrx_word' id='word_1_650' title='bbox 604 4526 692 4571; x_wconf 85' lang='lat' dir='ltr'><strong>est</strong></span> <span class='ocrx_word' id='word_1_651' title='bbox 736 4516 1129 4583; x_wconf 63' lang='lat' dir='ltr'><strong>TitﬁfMlOl‘tflllS,</strong></span> <span class='ocrx_word' id='word_1_652' title='bbox 1191 4534 1351 4587; x_wconf 89' lang='lat' dir='ltr'><strong>quam</strong></span> <span class='ocrx_word' id='word_1_653' title='bbox 1397 4520 1465 4573; x_wconf 89' lang='lat' dir='ltr'><strong>de</strong></span> <span class='ocrx_word' id='word_1_654' title='bbox 1504 4520 1642 4589; x_wconf 82' lang='lat' dir='ltr'><strong>Euty</strong></span> <span class='ocrx_word' id='word_1_655' title='bbox 1681 4520 1747 4575; x_wconf 90' lang='lat' dir='ltr'><strong>be</strong></span> <span class='ocrx_word' id='word_1_656' title='bbox 1794 4531 1850 4575; x_wconf 90' lang='lat' dir='ltr'><strong>et</strong></span> <span class='ocrx_word' id='word_1_657' title='bbox 1879 4537 1931 4596; x_wconf 80' lang='lat' dir='ltr'><strong>D</strong></span> <span class='ocrx_word' id='word_1_658' title='bbox 1962 4518 2141 4571; x_wconf 86' lang='lat' dir='ltr'><strong>valere</strong></span> <span class='ocrx_word' id='word_1_659' title='bbox 2166 4523 2409 4586; x_wconf 86' lang='lat' dir='ltr'><strong>possunt,</strong></span> <span class='ocrx_word' id='word_1_660' title='bbox 2443 4516 2507 4568; x_wconf 92' lang='lat' dir='ltr'><strong>ad</strong></span> <span class='ocrx_word' id='word_1_661' title='bbox 2532 4503 2892 4567; x_wconf 86' lang='lat' dir='ltr'><strong>inclinandum</strong></span> <span class='ocrx_word' id='word_1_662' title='bbox 2948 4511 3000 4565; x_wconf 93' lang='lat' dir='ltr'><strong>in</strong></span> <span class='ocrx_word' id='word_1_663' title='bbox 3039 4527 3191 4565; x_wconf 89' lang='lat' dir='ltr'><strong>suam</strong></span> <span class='ocrx_word' id='word_1_664' title='bbox 3224 4511 3541 4566; x_wconf 83' lang='lat' dir='ltr'><strong>sententiam</strong></span> 
     </span>
    </p>
   </div>
   <div class='ocr_carea' id='block_1_92' title="bbox 208 4608 1849 4677">
    <p class='ocr_par' dir='ltr' id='par_1_92' title="bbox 208 4608 1849 4677">
     <span class='ocr_line' id='line_1_92' title="bbox 208 4608 1849 4677; baseline 0 -14"><span class='ocrx_word' id='word_1_665' title='bbox 208 4613 525 4669; x_wconf 62' lang='lat' dir='ltr'><strong>Dat-scum</strong></span> <span class='ocrx_word' id='word_1_666' title='bbox 550 4608 744 4661; x_wconf 72' lang='lat' dir='ltr'><strong>factum</strong></span> <span class='ocrx_word' id='word_1_667' title='bbox 791 4618 873 4661; x_wconf 85' lang='lat' dir='ltr'><strong>est</strong></span> <span class='ocrx_word' id='word_1_668' title='bbox 912 4608 1189 4677; x_wconf 87' lang='lat' dir='ltr'><strong>judicium,</strong></span> <span class='ocrx_word' id='word_1_669' title='bbox 1234 4620 1284 4663; x_wconf 91' lang='lat' dir='ltr'><strong>et</strong></span> <span class='ocrx_word' id='word_1_670' title='bbox 1315 4610 1573 4677; x_wconf 83' lang='lat' dir='ltr'><strong>expositio</strong></span> <span class='ocrx_word' id='word_1_671' title='bbox 1596 4610 1718 4666; x_wconf 89' lang='lat' dir='ltr'><strong>ﬁdei</strong></span> <span class='ocrx_word' id='word_1_672' title='bbox 1744 4621 1849 4666; x_wconf 92' lang='lat' dir='ltr'><strong>ter-</strong></span> 
     </span>
    </p>
   </div>
   <div class='ocr_carea' id='block_1_93' title="bbox 204 4701 1847 4774">
    <p class='ocr_par' dir='ltr' id='par_1_93' title="bbox 204 4701 1847 4774">
     <span class='ocr_line' id='line_1_93' title="bbox 204 4701 1847 4774; baseline 0.001 -15"><span class='ocrx_word' id='word_1_673' title='bbox 204 4708 486 4762; x_wconf 76' lang='lat' dir='ltr'><strong>minata.</strong></span> <span class='ocrx_word' id='word_1_674' title='bbox 521 4701 643 4755; x_wconf 64' lang='lat' dir='ltr'><strong>llaec</strong></span> <span class='ocrx_word' id='word_1_675' title='bbox 666 4703 807 4754; x_wconf 84' lang='lat' dir='ltr'><strong>enim</strong></span> <span class='ocrx_word' id='word_1_676' title='bbox 835 4702 880 4756; x_wconf 86' lang='lat' dir='ltr'><strong>si</strong></span> <span class='ocrx_word' id='word_1_677' title='bbox 903 4716 1023 4756; x_wconf 91' lang='lat' dir='ltr'><strong>cum</strong></span> <span class='ocrx_word' id='word_1_678' title='bbox 1050 4703 1155 4755; x_wconf 89' lang='lat' dir='ltr'><strong>illis</strong></span> <span class='ocrx_word' id='word_1_679' title='bbox 1183 4704 1444 4767; x_wconf 85' lang='lat' dir='ltr'><strong>dicamus.</strong></span> <span class='ocrx_word' id='word_1_680' title='bbox 1477 4705 1660 4774; x_wconf 85' lang='lat' dir='ltr'><strong>procul</strong></span> <span class='ocrx_word' id='word_1_681' title='bbox 1683 4705 1847 4761; x_wconf 91' lang='lat' dir='ltr'><strong>dubio</strong></span> 
     </span>
    </p>
   </div>
   <div class='ocr_carea' id='block_1_94' title="bbox 197 4795 1845 4863">
    <p class='ocr_par' dir='ltr' id='par_1_94' title="bbox 197 4795 1845 4863">
     <span class='ocr_line' id='line_1_94' title="bbox 197 4795 1845 4863; baseline 0.004 -18"><span class='ocrx_word' id='word_1_682' title='bbox 197 4795 655 4858; x_wconf 66' lang='lat' dir='ltr'><strong>convincimur,</strong></span> <span class='ocrx_word' id='word_1_683' title='bbox 703 4810 801 4848; x_wconf 89' lang='lat' dir='ltr'><strong>nec</strong></span> <span class='ocrx_word' id='word_1_684' title='bbox 830 4795 1091 4849; x_wconf 89' lang='lat' dir='ltr'><strong>evitamus</strong></span> <span class='ocrx_word' id='word_1_685' title='bbox 1121 4796 1496 4849; x_wconf 63' lang='lat' dir='ltr'><strong>haereticorum</strong></span> <span class='ocrx_word' id='word_1_686' title='bbox 1526 4798 1845 4863; x_wconf 84' lang='lat' dir='ltr'><strong>calumnias,</strong></span> 
     </span>
    </p>
   </div>
   <div class='ocr_carea' id='block_1_95' title="bbox 191 4886 1849 4957">
    <p class='ocr_par' dir='ltr' id='par_1_95' title="bbox 191 4886 1849 4957">
     <span class='ocr_line' id='line_1_95' title="bbox 191 4886 1849 4957; baseline 0 -15"><span class='ocrx_word' id='word_1_687' title='bbox 191 4894 329 4951; x_wconf 66' lang='grc' dir='ltr'><strong>,οὐ</strong></span> <span class='ocrx_word' id='word_1_688' title='bbox 394 4886 575 4957; x_wconf 67' lang='lat' dir='ltr'><strong>niagis</strong></span> <span class='ocrx_word' id='word_1_689' title='bbox 603 4888 879 4956; x_wconf 75' lang='lat' dir='ltr'><strong>magisque</strong></span> <span class='ocrx_word' id='word_1_690' title='bbox 909 4887 1198 4940; x_wconf 77' lang='lat' dir='ltr'><strong>firmamus.</strong></span> <span class='ocrx_word' id='word_1_691' title='bbox 1251 4887 1435 4941; x_wconf 88' lang='lat' dir='ltr'><strong>Sciant</strong></span> <span class='ocrx_word' id='word_1_692' title='bbox 1470 4903 1598 4957; x_wconf 86' lang='lat' dir='ltr'><strong>ergo</strong></span> <span class='ocrx_word' id='word_1_693' title='bbox 1644 4904 1740 4942; x_wconf 92' lang='lat' dir='ltr'><strong>nos</strong></span> <span class='ocrx_word' id='word_1_694' title='bbox 1771 4890 1849 4943; x_wconf 85' lang='lat' dir='ltr'><strong>itt-</strong></span> 
     </span>
    </p>
   </div>
   <div class='ocr_carea' id='block_1_96' title="bbox 192 4975 1849 5050">
    <p class='ocr_par' dir='ltr' id='par_1_96' title="bbox 192 4975 1849 5050">
     <span class='ocr_line' id='line_1_96' title="bbox 192 4975 1849 5050; baseline -0.001 -16"><span class='ocrx_word' id='word_1_695' title='bbox 192 4986 528 5050; x_wconf 50' lang='lat' dir='ltr'><strong>aetlsgere,</strong></span> <span class='ocrx_word' id='word_1_696' title='bbox 557 4977 647 5047; x_wconf 88' lang='lat' dir='ltr'><strong>qui</strong></span> <span class='ocrx_word' id='word_1_697' title='bbox 688 4977 841 5030; x_wconf 88' lang='lat' dir='ltr'><strong>nobis</strong></span> <span class='ocrx_word' id='word_1_698' title='bbox 872 4975 994 5029; x_wconf 84' lang='lat' dir='ltr'><strong>ta!ia</strong></span> <span class='ocrx_word' id='word_1_699' title='bbox 1029 4977 1351 5045; x_wconf 80' lang='lat' dir='ltr'><strong>persuadere</strong></span> <span class='ocrx_word' id='word_1_700' title='bbox 1395 4978 1447 5029; x_wconf 92' lang='lat' dir='ltr'><strong>ni</strong></span> <span class='ocrx_word' id='word_1_701' title='bbox 1475 4990 1654 5043; x_wconf 87' lang='lat' dir='ltr'><strong>untur,</strong></span> <span class='ocrx_word' id='word_1_702' title='bbox 1709 4979 1849 5045; x_wconf 77' lang='lat' dir='ltr'><strong>quod</strong></span> 
     </span>
    </p>
   </div>
   <div class='ocr_carea' id='block_1_97' title="bbox 189 5067 1850 5139">
    <p class='ocr_par' dir='ltr' id='par_1_97' title="bbox 189 5067 1850 5139">
     <span class='ocr_line' id='line_1_97' title="bbox 189 5067 1850 5139; baseline -0.007 -4"><span class='ocrx_word' id='word_1_703' title='bbox 189 5074 418 5135; x_wconf 69' lang='lat' dir='ltr'><strong>viniis</strong></span> <span class='ocrx_word' id='word_1_704' title='bbox 449 5067 787 5125; x_wconf 82' lang='lat' dir='ltr'><strong>familiariter</strong></span> <span class='ocrx_word' id='word_1_705' title='bbox 826 5068 1128 5124; x_wconf 88' lang='lat' dir='ltr'><strong>inimicitias</strong></span> <span class='ocrx_word' id='word_1_706' title='bbox 1172 5084 1293 5123; x_wconf 88' lang='lat' dir='ltr'><strong>cum</strong></span> <span class='ocrx_word' id='word_1_707' title='bbox 1324 5067 1667 5139; x_wconf 81' lang='lat' dir='ltr'><strong>Eutycbianis</strong></span> <span class='ocrx_word' id='word_1_708' title='bbox 1691 5086 1850 5125; x_wconf 76' lang='lat' dir='ltr'><strong>exer-</strong></span> 
     </span>
    </p>
   </div>
   <div class='ocr_carea' id='block_1_98' title="bbox 283 5231 1847 5335">
    <p class='ocr_par' dir='ltr' id='par_1_98' title="bbox 283 5231 1847 5335">
     <span class='ocr_line' id='line_1_98' title="bbox 283 5231 1847 5335; baseline -0.001 -47"><span class='ocrx_word' id='word_1_709' title='bbox 283 5252 319 5280; x_wconf 77' lang='grc' dir='ltr'><strong><em>ο</em></strong></span> <span class='ocrx_word' id='word_1_710' title='bbox 368 5237 452 5291; x_wconf 83' lang='lat' dir='ltr'><strong>In</strong></span> <span class='ocrx_word' id='word_1_711' title='bbox 478 5235 610 5335; x_wconf 60' lang='lat' dir='ltr'><strong>actis</strong></span> <span class='ocrx_word' id='word_1_712' title='bbox 622 5232 824 5335; x_wconf 54' lang='lat' dir='ltr'><strong>gynodi</strong></span> <span class='ocrx_word' id='word_1_713' title='bbox 842 5231 1171 5335; x_wconf 54' lang='grc' dir='ltr'><strong>ςιοῖξώρητος</strong></span> <span class='ocrx_word' id='word_1_714' title='bbox 1188 5231 1465 5335; x_wconf 49' lang='lat' dir='ltr'><strong>inivssus;</strong></span> <span class='ocrx_word' id='word_1_715' title='bbox 1487 5234 1646 5313; x_wconf 67' lang='grc' dir='ltr'><strong>Κύρου</strong></span> <span class='ocrx_word' id='word_1_716' title='bbox 1668 5232 1847 5335; x_wconf 54' lang='grc' dir='ltr'><strong>ὁρίῖαξ</strong></span> 
     </span>
     <span class='ocr_line' id='line_1_99' title="bbox 304 5304 1818 5335; baseline 0 0"><span class='ocrx_word' id='word_1_717' title='bbox 304 5315 343 5335; x_wconf 32' lang='grc' dir='ltr'><strong>ἐκ</strong></span> <span class='ocrx_word' id='word_1_718' title='bbox 387 5328 409 5335; x_wconf 64' lang='grc' dir='ltr'><em>ρ</em></span> <span class='ocrx_word' id='word_1_719' title='bbox 431 5328 481 5335; x_wconf 56' lang='grc' dir='ltr'><strong>ρη.</strong></span> <span class='ocrx_word' id='word_1_720' title='bbox 504 5326 543 5335; x_wconf 63' lang='grc' dir='ltr'><strong>Δ.-</strong></span> <span class='ocrx_word' id='word_1_721' title='bbox 665 5318 793 5335; x_wconf 64' lang='grc' dir='ltr'><strong>ιιοιω</strong></span> <span class='ocrx_word' id='word_1_722' title='bbox 863 5304 955 5335; x_wconf 51' lang='grc' dir='ltr'><strong>’.ιη</strong></span> <span class='ocrx_word' id='word_1_723' title='bbox 976 5315 1207 5335; x_wconf 58' lang='lat' dir='ltr'><strong>Iuntl-CVII</strong></span> <span class='ocrx_word' id='word_1_724' title='bbox 1258 5320 1320 5335; x_wconf 63' lang='grc' dir='ltr'><strong>ιι»</strong></span> <span class='ocrx_word' id='word_1_725' title='bbox 1361 5319 1441 5335; x_wconf 76' lang='lat' dir='ltr'><strong>.slll</strong></span> <span class='ocrx_word' id='word_1_726' title='bbox 1498 5319 1578 5335; x_wconf 81' lang='lat' dir='ltr'><strong>l-III</strong></span> <span class='ocrx_word' id='word_1_727' title='bbox 1636 5318 1742 5335; x_wconf 62' lang='grc' dir='ltr'><strong>...ιιι</strong></span> <span class='ocrx_word' id='word_1_728' title='bbox 1770 5322 1818 5335; x_wconf 79' lang='grc' dir='ltr'>ιιι</span> 
     </span>
    </p>
   </div>
   <div class='ocr_carea' id='block_1_99' title="bbox 180 5303 1846 5449">
    <p class='ocr_par' dir='ltr' id='par_1_99' title="bbox 180 5303 1846 5449">
     <span class='ocr_line' id='line_1_100' title="bbox 182 5303 1846 5388; baseline -0.001 -31"><span class='ocrx_word' id='word_1_729' title='bbox 182 5304 566 5382; x_wconf 62' lang='grc' dir='ltr'><strong>ὑπέγραψα.</strong></span> <span class='ocrx_word' id='word_1_730' title='bbox 622 5303 793 5386; x_wconf 64' lang='lat' dir='ltr'><strong>syria!</strong></span> <span class='ocrx_word' id='word_1_731' title='bbox 841 5303 1222 5388; x_wconf 33' lang='lat' dir='ltr'><strong>Euphr&#39;atesiazv</strong></span> <span class='ocrx_word' id='word_1_732' title='bbox 1258 5305 1465 5365; x_wconf 80' lang='lat' dir='ltr'><strong>urbem,</strong></span> <span class='ocrx_word' id='word_1_733' title='bbox 1498 5303 1579 5355; x_wconf 77' lang='lat' dir='ltr'><strong>t-ui</strong></span> <span class='ocrx_word' id='word_1_734' title='bbox 1636 5303 1846 5387; x_wconf 69' lang='lat' dir='ltr'><strong>priefutt</strong></span> 
     </span>
     <span class='ocr_line' id='line_1_101' title="bbox 180 5372 1842 5449; baseline -0.004 -20"><span class='ocrx_word' id='word_1_735' title='bbox 180 5377 669 5449; x_wconf 50' lang='grc' dir='ltr'><strong>τιιυθόυηξῑιιιιἱ</strong></span> <span class='ocrx_word' id='word_1_736' title='bbox 691 5375 777 5428; x_wconf 81' lang='lat' dir='ltr'><strong>alti</strong></span> <span class='ocrx_word' id='word_1_737' title='bbox 800 5372 1277 5449; x_wconf 25' lang='lat' dir='ltr'><strong>Cyrrbun‘thxdppoa</strong></span> <span class='ocrx_word' id='word_1_738' title='bbox 1299 5383 1509 5449; x_wconf 76' lang='lat' dir='ltr'><strong>vocant,</strong></span> <span class='ocrx_word' id='word_1_739' title='bbox 1536 5381 1591 5425; x_wconf 85' lang='grc' dir='ltr'>ιιι</span> <span class='ocrx_word' id='word_1_740' title='bbox 1618 5372 1842 5449; x_wconf 72' lang='lat' dir='ltr'><strong>Pltutns,</strong></span> 
     </span>
    </p>
   </div>
   <div class='ocr_carea' id='block_1_100' title="bbox 181 5444 1847 5526">
    <p class='ocr_par' dir='ltr' id='par_1_100' title="bbox 181 5444 1847 5526">
     <span class='ocr_line' id='line_1_102' title="bbox 181 5444 1847 5526; baseline -0.014 -10"><span class='ocrx_word' id='word_1_741' title='bbox 181 5456 614 5526; x_wconf 41' lang='lat' dir='ltr'><strong>“utterly-us,</strong></span> <span class='ocrx_word' id='word_1_742' title='bbox 640 5444 974 5524; x_wconf 78' lang='lat' dir='ltr'><strong>Stephanus;</strong></span> <span class='ocrx_word' id='word_1_743' title='bbox 1007 5445 1095 5498; x_wconf 86' lang='lat' dir='ltr'><strong>alii</strong></span> <span class='ocrx_word' id='word_1_744' title='bbox 1138 5444 1337 5526; x_wconf 73' lang='lat' dir='ltr'><strong>C_&#39;yru_m</strong></span> <span class='ocrx_word' id='word_1_745' title='bbox 1372 5446 1543 5526; x_wconf 56' lang='grc' dir='ltr'><strong>κύρτας),</strong></span> <span class='ocrx_word' id='word_1_746' title='bbox 1577 5444 1847 5526; x_wconf 63' lang='lat' dir='ltr'><strong>quomodo</strong></span> 
     </span>
    </p>
   </div>
   <div class='ocr_carea' id='block_1_101' title="bbox 177 5513 1845 5597">
    <p class='ocr_par' dir='ltr' id='par_1_101' title="bbox 177 5513 1845 5597">
     <span class='ocr_line' id='line_1_103' title="bbox 177 5513 1845 5597; baseline -0.005 -24"><span class='ocrx_word' id='word_1_747' title='bbox 177 5513 371 5597; x_wconf 52' lang='lat'><strong>59...]</strong></span> <span class='ocrx_word' id='word_1_748' title='bbox 407 5514 826 5597; x_wconf 70' lang='lat' dir='ltr'><strong>Tlteodoretum</strong></span> <span class='ocrx_word' id='word_1_749' title='bbox 852 5518 1024 5597; x_wconf 68' lang='lat' dir='ltr'><strong>ipsum</strong></span> <span class='ocrx_word' id='word_1_750' title='bbox 1044 5513 1259 5597; x_wconf 76' lang='lat' dir='ltr'><strong>passim,</strong></span> <span class='ocrx_word' id='word_1_751' title='bbox 1284 5513 1598 5597; x_wconf 68' lang='lat' dir='ltr'><strong>Procopium</strong></span> <span class='ocrx_word' id='word_1_752' title='bbox 1615 5514 1683 5568; x_wconf 87' lang='lat' dir='ltr'><strong>de</strong></span> <span class='ocrx_word' id='word_1_753' title='bbox 1697 5515 1845 5596; x_wconf 54' lang='lat' dir='ltr'><strong>[Edi-</strong></span> 
     </span>
    </p>
   </div>
   <div class='ocr_carea' id='block_1_102' title="bbox 180 5586 1845 5659">
    <p class='ocr_par' dir='ltr' id='par_1_102' title="bbox 180 5586 1845 5659">
     <span class='ocr_line' id='line_1_104' title="bbox 180 5586 1845 5659; baseline 0.004 -20"><span class='ocrx_word' id='word_1_754' title='bbox 180 5586 398 5659; x_wconf 54' lang='grc' dir='ltr'><strong>ηλιίδς,</strong></span> <span class='ocrx_word' id='word_1_755' title='bbox 447 5596 516 5640; x_wconf 82' lang='lat' dir='ltr'><strong>et</strong></span> <span class='ocrx_word' id='word_1_756' title='bbox 560 5586 860 5640; x_wconf 78' lang='lat' dir='ltr'><strong>Hieroclem</strong></span> <span class='ocrx_word' id='word_1_757' title='bbox 890 5586 941 5639; x_wconf 90' lang='lat' dir='ltr'><strong>in</strong></span> <span class='ocrx_word' id='word_1_758' title='bbox 973 5586 1327 5659; x_wconf 75' lang='lat' dir='ltr'><strong>Synecdcmo,</strong></span> <span class='ocrx_word' id='word_1_759' title='bbox 1362 5586 1449 5639; x_wconf 87' lang='lat' dir='ltr'><strong>ubi</strong></span> <span class='ocrx_word' id='word_1_760' title='bbox 1482 5586 1597 5654; x_wconf 77' lang='lat' dir='ltr'><strong>ejus</strong></span> <span class='ocrx_word' id='word_1_761' title='bbox 1630 5589 1845 5659; x_wconf 62' lang='lat' dir='ltr'><strong>Provin-</strong></span> 
     </span>
    </p>
   </div>
   <div class='ocr_carea' id='block_1_103' title="bbox 176 5657 1803 5733">
    <p class='ocr_par' dir='ltr' id='par_1_103' title="bbox 176 5657 1803 5733">
     <span class='ocr_line' id='line_1_105' title="bbox 176 5657 1803 5733; baseline -0.002 -19"><span class='ocrx_word' id='word_1_762' title='bbox 176 5657 305 5731; x_wconf 52' lang='grc' dir='ltr'><strong>ἀπε</strong></span> <span class='ocrx_word' id='word_1_763' title='bbox 348 5663 556 5719; x_wconf 67' lang='lat' dir='ltr'><strong>urbes</strong></span> <span class='ocrx_word' id='word_1_764' title='bbox 587 5666 955 5720; x_wconf 74' lang='lat' dir='ltr'><strong>recensentur,</strong></span> <span class='ocrx_word' id='word_1_765' title='bbox 984 5658 1278 5729; x_wconf 69' lang='grc' dir='ltr'><strong>Ἱερὰπολις,</strong></span> <span class='ocrx_word' id='word_1_766' title='bbox 1309 5659 1463 5733; x_wconf 65' lang='grc' dir='ltr'><strong>Κύρος</strong></span> <span class='ocrx_word' id='word_1_767' title='bbox 1484 5702 1497 5727; x_wconf 85' lang='grc'><em>,</em></span> <span class='ocrx_word' id='word_1_768' title='bbox 1528 5657 1803 5728; x_wconf 78' lang='grc' dir='ltr'><strong>Σαμόσατα</strong></span> 
     </span>
    </p>
   </div>
   <div class='ocr_carea' id='block_1_104' title="bbox 270 5790 1324 5863">
    <p class='ocr_par' dir='ltr' id='par_1_104' title="bbox 270 5790 1324 5863">
     <span class='ocr_line' id='line_1_106' title="bbox 270 5790 1324 5863; baseline 0.005 -18"><span class='ocrx_word' id='word_1_769' title='bbox 270 5811 295 5845; x_wconf 74' lang='grc' dir='ltr'><strong>ο</strong></span> <span class='ocrx_word' id='word_1_770' title='bbox 336 5791 530 5862; x_wconf 70' lang='lat' dir='ltr'><strong>cod.</strong></span> <span class='ocrx_word' id='word_1_771' title='bbox 564 5790 785 5863; x_wconf 64' lang='lat' dir='ltr'><strong>Verum,</strong></span> <span class='ocrx_word' id='word_1_772' title='bbox 814 5792 1156 5862; x_wconf 71' lang='lat' dir='ltr'><strong>deﬁnitionem</strong></span> <span class='ocrx_word' id='word_1_773' title='bbox 1182 5793 1324 5858; x_wconf 72' lang='lat' dir='ltr'><strong>ﬁdei.</strong></span> 
     </span>
    </p>
   </div>
   <div class='ocr_carea' id='block_1_105' title="bbox 1955 4600 3539 4671">
    <p class='ocr_par' dir='ltr' id='par_1_105' title="bbox 1955 4600 3539 4671">
     <span class='ocr_line' id='line_1_107' title="bbox 1955 4600 3539 4671; baseline -0.003 -8"><span class='ocrx_word' id='word_1_774' title='bbox 1955 4608 2236 4663; x_wconf 90' lang='lat' dir='ltr'><strong>concilium</strong></span> <span class='ocrx_word' id='word_1_775' title='bbox 2250 4606 2622 4661; x_wconf 85' lang='lat' dir='ltr'><strong>Theodorctus</strong></span> <span class='ocrx_word' id='word_1_776' title='bbox 2644 4612 2698 4659; x_wconf 92' lang='lat' dir='ltr'><strong>et</strong></span> <span class='ocrx_word' id='word_1_777' title='bbox 2729 4604 2867 4666; x_wconf 87' lang='lat' dir='ltr'><strong>lbas,</strong></span> <span class='ocrx_word' id='word_1_778' title='bbox 2892 4611 3148 4671; x_wconf 89' lang='lat' dir='ltr'><strong>quantum</strong></span> <span class='ocrx_word' id='word_1_779' title='bbox 3166 4600 3539 4658; x_wconf 75' lang='lat' dir='ltr'><strong>Constantino-</strong></span> 
     </span>
    </p>
   </div>
   <div class='ocr_carea' id='block_1_106' title="bbox 1957 4693 3542 4768">
    <p class='ocr_par' dir='ltr' id='par_1_106' title="bbox 1957 4693 3542 4768">
     <span class='ocr_line' id='line_1_108' title="bbox 1957 4693 3542 4768; baseline -0.002 -15"><span class='ocrx_word' id='word_1_780' title='bbox 1957 4700 2220 4768; x_wconf 84' lang='lat' dir='ltr'><strong>politattus</strong></span> <span class='ocrx_word' id='word_1_781' title='bbox 2258 4710 2309 4753; x_wconf 89' lang='lat' dir='ltr'><strong>et</strong></span> <span class='ocrx_word' id='word_1_782' title='bbox 2374 4696 2739 4750; x_wconf 80' lang='lat' dir='ltr'><strong>Atttiucltenus</strong></span> <span class='ocrx_word' id='word_1_783' title='bbox 2789 4702 2950 4763; x_wconf 85' lang='lat' dir='ltr'><strong>atque</strong></span> <span class='ocrx_word' id='word_1_784' title='bbox 3015 4693 3542 4765; x_wconf 83' lang='lat' dir='ltr'><strong>Hierosolymitanus</strong></span> 
     </span>
    </p>
   </div>
   <div class='ocr_carea' id='block_1_107' title="bbox 1955 4786 3543 4864">
    <p class='ocr_par' dir='ltr' id='par_1_107' title="bbox 1955 4786 3543 4864">
     <span class='ocr_line' id='line_1_109' title="bbox 1955 4786 3543 4864; baseline -0.004 -15"><span class='ocrx_word' id='word_1_785' title='bbox 1955 4796 2213 4863; x_wconf 82' lang='lat' dir='ltr'><strong>episcopi,</strong></span> <span class='ocrx_word' id='word_1_786' title='bbox 2239 4796 2326 4864; x_wconf 86' lang='lat' dir='ltr'><strong>qui</strong></span> <span class='ocrx_word' id='word_1_787' title='bbox 2371 4794 2525 4862; x_wconf 88' lang='lat' dir='ltr'><strong>primi</strong></span> <span class='ocrx_word' id='word_1_788' title='bbox 2559 4800 2676 4859; x_wconf 86' lang='lat' dir='ltr'><strong>post</strong></span> <span class='ocrx_word' id='word_1_789' title='bbox 2706 4789 2906 4857; x_wconf 73' lang='lat' dir='ltr'><strong>legatos</strong></span> <span class='ocrx_word' id='word_1_790' title='bbox 2948 4786 3259 4855; x_wconf 69' lang='lat' dir='ltr'><strong>apostolica:</strong></span> <span class='ocrx_word' id='word_1_791' title='bbox 3281 4787 3426 4843; x_wconf 87' lang='lat' dir='ltr'><strong>sedis</strong></span> <span class='ocrx_word' id='word_1_792' title='bbox 3474 4788 3543 4843; x_wconf 86' lang='lat' dir='ltr'><strong>ibi</strong></span> 
     </span>
    </p>
   </div>
   <div class='ocr_carea' id='block_1_108' title="bbox 1956 4879 3542 4954">
    <p class='ocr_par' dir='ltr' id='par_1_108' title="bbox 1956 4879 3542 4954">
     <span class='ocr_line' id='line_1_110' title="bbox 1956 4879 3542 4954; baseline -0.006 -11"><span class='ocrx_word' id='word_1_793' title='bbox 1956 4888 2231 4954; x_wconf 87' lang='lat' dir='ltr'><strong>sederunt,</strong></span> <span class='ocrx_word' id='word_1_794' title='bbox 2265 4896 2320 4939; x_wconf 93' lang='lat' dir='ltr'><strong>ut</strong></span> <span class='ocrx_word' id='word_1_795' title='bbox 2344 4885 2412 4939; x_wconf 89' lang='lat' dir='ltr'><strong>dc</strong></span> <span class='ocrx_word' id='word_1_796' title='bbox 2443 4884 2558 4937; x_wconf 73' lang='lat' dir='ltr'><strong>aliis</strong></span> <span class='ocrx_word' id='word_1_797' title='bbox 2580 4896 2737 4951; x_wconf 87' lang='lat' dir='ltr'><strong>quam</strong></span> <span class='ocrx_word' id='word_1_798' title='bbox 2768 4879 3013 4949; x_wconf 88' lang='lat' dir='ltr'><strong>plurimis</strong></span> <span class='ocrx_word' id='word_1_799' title='bbox 3056 4886 3290 4945; x_wconf 87' lang='lat' dir='ltr'><strong>taceam,</strong></span> <span class='ocrx_word' id='word_1_800' title='bbox 3336 4879 3423 4949; x_wconf 90' lang='lat' dir='ltr'><strong>qui</strong></span> <span class='ocrx_word' id='word_1_801' title='bbox 3451 4894 3542 4949; x_wconf 84' lang='lat' dir='ltr'><strong>pet</strong></span> 
     </span>
    </p>
   </div>
   <div class='ocr_carea' id='block_1_109' title="bbox 1956 4967 3543 5047">
    <p class='ocr_par' dir='ltr' id='par_1_109' title="bbox 1956 4967 3543 5047">
     <span class='ocr_line' id='line_1_111' title="bbox 1956 4967 3543 5047; baseline -0.007 -13"><span class='ocrx_word' id='word_1_802' title='bbox 1956 4977 2323 5047; x_wconf 87' lang='lat' dir='ltr'><strong>impotentiam</strong></span> <span class='ocrx_word' id='word_1_803' title='bbox 2358 4973 2595 5029; x_wconf 87' lang='lat' dir='ltr'><strong>Dioscori</strong></span> <span class='ocrx_word' id='word_1_804' title='bbox 2638 4973 2687 5025; x_wconf 91' lang='lat' dir='ltr'><strong>in</strong></span> <span class='ocrx_word' id='word_1_805' title='bbox 2716 4970 3128 5024; x_wconf 78' lang='lat' dir='ltr'><strong>afﬁrmationem</strong></span> <span class='ocrx_word' id='word_1_806' title='bbox 3151 4968 3413 5039; x_wconf 82' lang='lat' dir='ltr'><strong>dogmatis</strong></span> <span class='ocrx_word' id='word_1_807' title='bbox 3437 4967 3543 5024; x_wconf 85' lang='lat' dir='ltr'><strong>Eu-</strong></span> 
     </span>
    </p>
   </div>
   <div class='ocr_carea' id='block_1_110' title="bbox 1959 5062 3545 5144">
    <p class='ocr_par' dir='ltr' id='par_1_110' title="bbox 1959 5062 3545 5144">
     <span class='ocr_line' id='line_1_112' title="bbox 1959 5062 3545 5144; baseline -0.004 -19"><span class='ocrx_word' id='word_1_808' title='bbox 1959 5072 2190 5144; x_wconf 85' lang='lat' dir='ltr'><strong>tyebiani</strong></span> <span class='ocrx_word' id='word_1_809' title='bbox 2221 5070 2425 5124; x_wconf 81' lang='lat' dir='ltr'><strong>subacti</strong></span> <span class='ocrx_word' id='word_1_810' title='bbox 2473 5068 2617 5137; x_wconf 86' lang='lat' dir='ltr'><strong>prius</strong></span> <span class='ocrx_word' id='word_1_811' title='bbox 2647 5064 2892 5129; x_wconf 87' lang='lat' dir='ltr'><strong>fuerant;</strong></span> <span class='ocrx_word' id='word_1_812' title='bbox 2942 5070 3035 5117; x_wconf 91' lang='lat' dir='ltr'><strong>aut</strong></span> <span class='ocrx_word' id='word_1_813' title='bbox 3061 5070 3240 5116; x_wconf 85' lang='lat' dir='ltr'><strong>tantus</strong></span> <span class='ocrx_word' id='word_1_814' title='bbox 3266 5062 3417 5117; x_wconf 88' lang='lat' dir='ltr'><strong>labor</strong></span> <span class='ocrx_word' id='word_1_815' title='bbox 3462 5073 3545 5119; x_wconf 85' lang='lat' dir='ltr'><strong>est</strong></span> 
     </span>
    </p>
   </div>
   <div class='ocr_carea' id='block_1_111' title="bbox 1956 5223 3543 5300">
    <p class='ocr_par' dir='ltr' id='par_1_111' title="bbox 1956 5223 3543 5300">
     <span class='ocr_line' id='line_1_113' title="bbox 1956 5223 3543 5300; baseline -0.008 -13"><span class='ocrx_word' id='word_1_816' title='bbox 1956 5244 2011 5289; x_wconf 80' lang='lat' dir='ltr'><strong>et</strong></span> <span class='ocrx_word' id='word_1_817' title='bbox 2060 5232 2299 5300; x_wconf 59' lang='lat' dir='ltr'><strong>reliqum.</strong></span> <span class='ocrx_word' id='word_1_818' title='bbox 2352 5228 2556 5286; x_wconf 79' lang='lat' dir='ltr'><strong>Eodem</strong></span> <span class='ocrx_word' id='word_1_819' title='bbox 2590 5225 2770 5300; x_wconf 70' lang='lat' dir='ltr'><strong>modo</strong></span> <span class='ocrx_word' id='word_1_820' title='bbox 2809 5226 2955 5300; x_wconf 72' lang='lat' dir='ltr'><strong>cives</strong></span> <span class='ocrx_word' id='word_1_821' title='bbox 3003 5224 3084 5278; x_wconf 88' lang='lat' dir='ltr'><strong>vel</strong></span> <span class='ocrx_word' id='word_1_822' title='bbox 3135 5227 3410 5300; x_wconf 60' lang='grc' dir='ltr'><strong>κνεησταε,</strong></span> <span class='ocrx_word' id='word_1_823' title='bbox 3460 5223 3543 5300; x_wconf 76' lang='lat' dir='ltr'><strong>vel</strong></span> 
     </span>
    </p>
   </div>
   <div class='ocr_carea' id='block_1_112' title="bbox 1954 5294 3546 5381">
    <p class='ocr_par' dir='ltr' id='par_1_112' title="bbox 1954 5294 3546 5381">
     <span class='ocr_line' id='line_1_114' title="bbox 1954 5294 3546 5381; baseline -0.011 -22"><span class='ocrx_word' id='word_1_824' title='bbox 1954 5294 2243 5381; x_wconf 66' lang='grc' dir='ltr'><strong>κυρῥησαὲαἰ</strong></span> <span class='ocrx_word' id='word_1_825' title='bbox 2273 5318 2299 5352; x_wconf 90' lang='lat' dir='ltr'><strong>a</strong></span> <span class='ocrx_word' id='word_1_826' title='bbox 2333 5298 2687 5357; x_wconf 73' lang='lat' dir='ltr'><strong>scriptoribus</strong></span> <span class='ocrx_word' id='word_1_827' title='bbox 2717 5296 3081 5381; x_wconf 49' lang='lat' dir='ltr'><strong>app-eilalntur,</strong></span> <span class='ocrx_word' id='word_1_828' title='bbox 3123 5304 3177 5347; x_wconf 85' lang='lat' dir='ltr'><strong>et</strong></span> <span class='ocrx_word' id='word_1_829' title='bbox 3311 5294 3546 5381; x_wconf 71' lang='lat' dir='ltr'><strong>nummis</strong></span> 
     </span>
    </p>
   </div>
   <div class='ocr_carea' id='block_1_113' title="bbox 1954 5364 3548 5444">
    <p class='ocr_par' dir='ltr' id='par_1_113' title="bbox 1954 5364 3548 5444">
     <span class='ocr_line' id='line_1_115' title="bbox 1954 5364 3548 5444; baseline -0.01 -16"><span class='ocrx_word' id='word_1_830' title='bbox 1954 5364 2187 5444; x_wconf 70' lang='lat' dir='ltr'><strong>antiquis</strong></span> <span class='ocrx_word' id='word_1_831' title='bbox 2239 5373 2634 5444; x_wconf 73' lang='lat' dir='ltr'><strong>Antoninorum</strong></span> <span class='ocrx_word' id='word_1_832' title='bbox 2693 5364 2765 5423; x_wconf 11' lang='lat' dir='ltr'><strong>ac,</strong></span> <span class='ocrx_word' id='word_1_833' title='bbox 2815 5366 3181 5444; x_wconf 62' lang='lat' dir='ltr'><strong>Pliilipporum</strong></span> <span class='ocrx_word' id='word_1_834' title='bbox 3218 5364 3403 5429; x_wconf 71' lang='lat' dir='ltr'><strong>legere</strong></span> <span class='ocrx_word' id='word_1_835' title='bbox 3441 5370 3548 5415; x_wconf 77' lang='lat' dir='ltr'><strong>est:</strong></span> 
     </span>
    </p>
   </div>
   <div class='ocr_carea' id='block_1_114' title="bbox 1955 5436 3545 5518">
    <p class='ocr_par' dir='ltr' id='par_1_114' title="bbox 1955 5436 3545 5518">
     <span class='ocr_line' id='line_1_116' title="bbox 1955 5436 3545 5518; baseline -0.013 -17"><span class='ocrx_word' id='word_1_836' title='bbox 1955 5449 2066 5506; x_wconf 74' lang='grc' dir='ltr'><strong>Διὸς</strong></span> <span class='ocrx_word' id='word_1_837' title='bbox 2085 5436 2098 5444; x_wconf 61' lang='grc'><em>’</em></span> <span class='ocrx_word' id='word_1_838' title='bbox 2114 5445 2412 5499; x_wconf 72' lang='grc' dir='ltr'><strong>καταϐάτω</strong></span> <span class='ocrx_word' id='word_1_839' title='bbox 2444 5436 2886 5518; x_wconf 38' lang='grc' dir='ltr'><strong>βυρρηστῷνκνθι</strong></span> <span class='ocrx_word' id='word_1_840' title='bbox 2918 5441 3225 5518; x_wconf 61' lang='grc' dir='ltr'><strong>ΙὶγρινιρντέξνΔ</strong></span> <span class='ocrx_word' id='word_1_841' title='bbox 3238 5445 3545 5518; x_wconf 43' lang='lat' dir='ltr'><strong>“lupa-2</strong></span> 
     </span>
    </p>
   </div>
   <div class='ocr_carea' id='block_1_115' title="bbox 1954 5500 3548 5580">
    <p class='ocr_par' dir='ltr' id='par_1_115' title="bbox 1954 5500 3548 5580">
     <span class='ocr_line' id='line_1_117' title="bbox 1954 5500 3548 5580; baseline -0.011 -7"><span class='ocrx_word' id='word_1_842' title='bbox 1954 5500 2114 5578; x_wconf 53' lang='lat' dir='ltr'><strong>&quot;at,</strong></span> <span class='ocrx_word' id='word_1_843' title='bbox 2145 5530 2265 5567; x_wconf 89' lang='lat' dir='ltr'><strong>cum</strong></span> <span class='ocrx_word' id='word_1_844' title='bbox 2298 5500 2618 5580; x_wconf 67' lang='lat' dir='ltr'><strong>templo&#39;viel</strong></span> <span class='ocrx_word' id='word_1_845' title='bbox 2644 5500 2934 5566; x_wconf 82' lang='lat' dir='ltr'><strong>sitttulacto</strong></span> <span class='ocrx_word' id='word_1_846' title='bbox 2963 5500 3109 5559; x_wconf 63' lang='lat' dir='ltr'><strong>lovis</strong></span> <span class='ocrx_word' id='word_1_847' title='bbox 3134 5500 3427 5565; x_wconf 68' lang='lat' dir='ltr'><strong>Catabatte,</strong></span> <span class='ocrx_word' id='word_1_848' title='bbox 3458 5500 3548 5572; x_wconf 80' lang='lat' dir='ltr'><strong>qui</strong></span> 
     </span>
    </p>
   </div>
   <div class='ocr_carea' id='block_1_116' title="bbox 1958 5585 2580 5641">
    <p class='ocr_par' dir='ltr' id='par_1_116' title="bbox 1958 5585 2580 5641">
     <span class='ocr_line' id='line_1_118' title="bbox 1958 5585 2580 5641; baseline -0.014 0"><span class='ocrx_word' id='word_1_849' title='bbox 1958 5590 2009 5641; x_wconf 85' lang='lat' dir='ltr'><strong>in</strong></span> <span class='ocrx_word' id='word_1_850' title='bbox 2037 5600 2098 5641; x_wconf 86' lang='lat' dir='ltr'><strong>ea</strong></span> <span class='ocrx_word' id='word_1_851' title='bbox 2124 5585 2256 5639; x_wconf 89' lang='lat' dir='ltr'><strong>urbe</strong></span> <span class='ocrx_word' id='word_1_852' title='bbox 2282 5585 2580 5639; x_wconf 84' lang='lat' dir='ltr'><strong>colebatur.</strong></span> 
     </span>
    </p>
   </div>
   <div class='ocr_carea' id='block_1_117' title="bbox 2030 5781 2639 5852">
    <p class='ocr_par' dir='ltr' id='par_1_117' title="bbox 2030 5781 2639 5852">
     <span class='ocr_line' id='line_1_119' title="bbox 2030 5781 2639 5852; baseline -0.003 -11"><span class='ocrx_word' id='word_1_853' title='bbox 2030 5790 2050 5821; x_wconf 71' lang='grc' dir='ltr'>ι</span> <span class='ocrx_word' id='word_1_854' title='bbox 2077 5786 2223 5841; x_wconf 78' lang='lat' dir='ltr'><strong>Idem</strong></span> <span class='ocrx_word' id='word_1_855' title='bbox 2255 5787 2406 5852; x_wconf 86' lang='lat' dir='ltr'><strong>cod.,</strong></span> <span class='ocrx_word' id='word_1_856' title='bbox 2438 5781 2639 5839; x_wconf 74' lang='lat' dir='ltr'><strong>iterum.</strong></span> 
     </span>
    </p>
   </div>
  </div>
