3974 6330
286 294 345 341 δί
359 295 393 348 5

1139 298 1271 353 uno
1312 294 1733 351 ossaesrone
1761 292 1979 351 metu
2018 264 2333 353 carum.
2378 297 2485 355 LIB
2553 304 2609 356 ν.

3454 263 3598 344 (ηδ’

284 425 391 464 non
417 410 590 465 solum
615 424 709 479 per
738 411 927 466 fratres
949 412 1038 481 qui
1062 414 1233 467 vicem
1254 427 1427 467 meam
1452 411 1690 466 exsecuti
1722 420 1869 478 sunt,
1901 413 1947 469 Α
1978 412 2205 466 aestimet
2235 415 2449 470 nomine
2480 418 2837 481 roborandus;
2862 414 3133 471 infirmum
3159 426 3316 485 atque
3345 415 3554 468 irritum

282 500 380 555 sed
410 500 570 555 etiam
602 515 698 569 per
726 500 1169 569 approbationem
1203 512 1479 573 gestorum
1503 501 1863 574 synodalium,

284 592 553 662 propriam
604 592 880 648 vobiscum
916 595 1100 650 unisse
1146 595 1490 651 sententiam.
1529 614 1550 649 ι
1582 595 1696 650 Νοη
1740 611 1869 664 ergo

280 682 453 735 solam
485 680 607 736 tidei
634 680 1025 749 definitionem,
1060 683 1153 739 sed
1182 684 1295 753 ipsa
1322 694 1467 754 gesta
1504 684 1777 756 synodalia
1809 699 1868 740 se

279 773 596 843 mttuntiat
614 774 958 843 approbasse.
984 773 1116 830 Illud
1141 790 1270 829 vero
1289 774 1429 844 quod
1458 791 1522 829 ex
1551 775 1867 844 quihusdam

282 861 427 917 beati
457 863 648 917 Leonis
674 864 938 933 epistolis,
966 864 1031 919 ad
1052 865 1422 935 deceptionem
1452 866 1708 929 facilium,
1734 872 1869 921 sicut

279 954 385 1008 alia
411 956 782 1025 decerpentes,
813 958 962 1012 aiunt
1002 974 1123 1012 eum
1156 958 1377 1025 dixisse,
1404 961 1544 1030 quod
1575 959 1640 1015 ad
1663 961 1870 1016 exstin-

278 1045 545 1113 guendam
578 1046 747 1100 solam
778 1046 1039 1102 haeresem
1067 1058 1123 1103 et
1150 1049 1215 1103 ad
1244 1048 1665 1105 confirmandam
1687 1052 1871 1107 catho—

281 1136 439 1191 licam
468 1136 649 1201 tidem,
680 1136 1119 1193 Chalcedonense
1145 1139 1430 1194 concilium
1460 1139 1622 1196 fuerit
1650 1156 1873 1211 congre-

278 1235 486 1297 gatum,
511 1237 567 1282 et
595 1242 928 1297 qumcunque
953 1229 1077 1283 talia
1107 1230 1159 1283 in
1183 1229 1299 1300 ejus
1324 1229 1515 1285 litteris
1548 1232 1867 1299 invenimus,

277 1326 341 1372 ut
362 1319 524 1373 etiam
550 1334 615 1373 cx
662 1319 762 1374 hoc
790 1335 924 1390 quos
963 1322 1233 1390 pntuerint
1266 1322 1318 1377 in
1367 1323 1869 1379 condemnationem

278 1410 525 1479 epistolae
548 1411 707 1480 hujus
738 1411 1022 1476 adducant,
1056 1421 1309 1483 tanquam
1342 1413 1408 1469 ab
1437 1414 1556 1483 ipso
1587 1431 1691 1469 non
1712 1413 1875 1471 fuerit

277 1502 609 1570 approbata;
645 1510 749 1557 non
786 1506 1012 1573 propter
1042 1507 1144 1558 hoc
1183 1506 1323 1574 quod
1353 1504 1420 1559 ab
1446 1520 1511 1561 eo
1541 1506 1738 1561 dictum
1766 1517 1868 1573 est,

277 1591 349 1646 ah
376 1592 492 1646 istis
516 1593 828 1647 assumitur.
864 1594 931 1647 Et
959 1594 1160 1649 idcirco
1209 1611 1331 1663 nos,
1361 1610 1457 1651 cur
1500 1596 1601 1652 hoe
1640 1608 1694 1653 et
1735 1614 1868 1668 quo-

278 1682 443 1739 modo
458 1683 673 1752 dixerit,
698 1686 1061 1741 ostendamus.
1085 1688 1364 1742 Anatolius
1386 1690 1587 1761 quippe
1604 1691 1870 1746 Constan-

1971 501 2076 556 erit
2131 505 2387 575 quidquid
2455 523 2481 559 a
2549 508 2923 578 prmitictorum
2984 506 3201 560 Patrum
3264 504 3555 559 canunibns

1970 593 2309 665 discreparit,
2344 612 2569 666 quorum
2618 598 2820 669 regulis
2848 598 3140 668 apostolica
3185 595 3344 651 sedes
3391 611 3551 664 quant

1971 684 2413 741 reverentissime
2447 698 2665 742 utatur:
2697 691 3017 759 scriptorum
3051 702 3314 752 meorum,
3361 685 3557 755 quibus

1972 776 2552 846 Censtantinopolitani
2581 780 2834 835 antistitis
2868 791 3091 834 conatus
3138 778 3327 848 repuii,
3358 779 3555 849 poterit

1973 862 2227 915 sanctitas
2270 871 2448 933 vestra
2494 864 2719 920 lectione
2745 878 3074 933 cognoscere
3111 878 3215 924 me.
3263 863 3555 917 auxiliante

1972 949 2084 1005 Deo
2113 960 2318 1018 nostro,
2344 928 2399 1008 et
2418 953 2697 1009 catholica:
2729 928 2851 1008 fidei
2884 962 2936 1009 et
2968 963 3310 1024 paternarum
3355 953 3555 1007 consti-

1975 1042 2235 1096 tutionum
2256 1057 2375 1099 esse
2405 1044 2703 1099 custodem.
2726 1065 2746 1099 ι
2781 1047 2920 1101 Ecce
2939 1047 3097 1101 etiam
3126 1046 3179 1100 in
3210 1044 3308 1099 hac
3335 1043 3559 1115 epistola

1972 1146 2129 1201 quam
2162 1133 2349 1188 beatus
2383 1134 2493 1189 Leo
2514 1134 2579 1189 ad
2604 1144 2839 1190 sanctam
2873 1136 3133 1207 synodum
3158 1136 3393 1204 scripsit,
3424 1134 3559 1189 nihil

1976 1224 2117 1277 aliud
2150 1225 2275 1288 sibi,
2310 1225 2363 1278 in
2388 1226 2573 1280 eadem
2597 1228 2803 1296 synodo
2848 1228 3188 1298 diSplicuisse
3224 1226 3558 1300 pronuntiat,

1976 1313 2077 1367 nisi
2109 1315 2253 1383 quod
2294 1315 2572 1373 Anatolius
2604 1317 3229 1388 ConstantEnopolitanus
3274 1320 3560 1388 episeopus

1980 1405 2155 1471 priore
2188 1421 2343 1475 quam
2397 1409 2766 1465 Antirchenus
2810 1412 2928 1467 loco
2964 1412 3154 1468 sedere
3201 1411 3559 1481 praesumpsit.

1975 1496 2029 1551 Si
2088 1498 2398 1567 quominus,
2450 1515 2557 1553 non
2588 1502 2754 1555 solam
2780 1504 3304 1575 sententiam-super
3331 1501 3559 1573 epistola

1977 1588 2081 1642 ibm
2115 1589 2376 1659 prolatam
2399 1592 2645 1660 culpasse
2665 1594 2890 1661 dicetur,
2916 1595 3007 1650 sed
3032 1597 3191 1669 etiam
3220 1595 3357 1666 quod
3382 1595 3561 1649 eidem

1976 1687 2408 1743 reVrrentissimo
2439 1688 2544 1745 ilia:
2568 1692 2906 1761 episcopatus
2929 1702 3013 1747 est
3042 1693 3307 1757 redditus,
3341 1706 3560 1745 omnes-

281 1774 673 1844 tinopoiitanus
712 1776 1022 1845 episcopus,
1072 1781 1223 1847 quia,
1258 1780 1397 1835 sicut
1438 1785 1868 1848 memoravimus,
1909 1779 1947 1837 Β
1977 1785 2081 1838 Que
2102 1787 2340 1831 canones
2367 1794 2504 1848 quos
2536 1781 2644 1835 illic
2677 1782 2849 1837 sancti
2880 1782 3065 1838 Patres
3113 1782 3315 1836 utiliter
3353 1790 3561 1836 statue-

279 1864 464 1934 priore
487 1879 645 1935 quam
665 1866 929 1922 Maximus
950 1869 1317 1925 Autiochenus
1348 1871 1466 1926 loco
1491 1873 1542 1927 in
1571 1875 1759 1929 eadem
1782 1892 1869 1947 .«y-

278 1954 426 2010 nodo
454 1956 751 2013 consedere
776 1970 1224 2029 praesumpserat:
1256 1963 1325 2018 ob
1349 1964 1486 2020 hanc
1504 1981 1718 2022 causam
1749 1968 1871 2024 bea-

279 2056 367 2103 tus
392 2047 527 2115 Leo,
557 2052 801 2107 scribens
833 2052 897 2106 ad
928 2052 1102 2123 ipsum
1137 2055 1469 2127 Anatolium,
1518 2059 1653 2116 dixit
1679 2062 1868 2133 (Epist.

279 2138 377 2209 53)
405 2158 419 2193 :
450 2160 469 2193 ι
507 2132 673 2197 Doleo
717 2147 877 2199 etiam
927 2146 982 2199 in
1027 2146 1128 2202 hoc
1150 2149 1495 2206 dilectionem
1556 2161 1698 2206 tuam
1747 2132 1870 2211 esse

281 2233 616 2302 prolapsam,
666 2245 727 2291 ut
770 2238 1164 2294 secretissimae
1212 2240 1552 2297 Nicaeuorum
1603 2261 1869 2302 canonum

279 2326 701 2380 cotistitutiones
730 2329 943 2382 coneris
986 2331 1363 2402 confringere,
1395 2342 1647 2403 tanquam
1678 2352 1871 2406 oppor-

277 2420 412 2468 tune
433 2428 493 2468 se
518 2413 612 2468 tibi
644 2412 745 2469 hoc
779 2426 989 2486 tempus
1017 2418 1295 2485 obtulerit,
1321 2435 1427 2491 quo
1449 2425 1666 2479 secundi
1698 2426 1869 2481 hono-

281 2504 362 2559 ris
410 2506 745 2576 privilegium
800 2509 960 2564 sedes
1008 2510 1369 2566 Alexandrina
1430 2514 1758 2583 perdiderit,
1814 2527 1866 2572 et

277 2597 617 2653 Antiochena
662 2600 904 2657 Ecclesia
954 2606 1337 2673 proprietatem
1381 2608 1551 2662 tertite
1600 2608 1873 2677 dignitatis

274 2687 545 2754 amiserit,
574 2698 634 2743 ut
677 2690 762 2745 his
802 2690 933 2746 locis
972 2693 1079 2763 juri
1112 2702 1207 2749 tuo
1235 2695 1486 2763 subditis,
1534 2713 1724 2756 omnes
1759 2716 1873 2756 me-

274 2778 590 2848 tropolitani
622 2781 861 2851 episcOpi
893 2783 1111 2854 proprio
1159 2783 1363 2841 honore
1393 2790 1686 2857 priventur.
1731 2790 1862 2858 Qui-

274 2870 378 2926 bus
408 2871 666 2927 inauditis
690 2882 747 2928 et
771 2888 1041 2945 nunquam
1073 2886 1199 2933 ante
1226 2879 1461 2945 tentatis,
1490 2881 1561 2934 ita
1593 2882 1861 2949 praeveni-

273 2963 353 3017 τίς
368 2964 703 3031 excessibus,
726 2976 785 3021 ut
798 2975 1037 3021 sanctam
1048 2968 1332 3038 synodum,
1348 2971 1414 3025 ad
1428 2972 1873 3043 exstinguendam

272 3054 449 3110 solam
468 3054 738 3123 haeresim,
763 3066 817 3112 et
842 3056 923 3124 ad
934 3057 1397 3116 conﬁrmationem
1418 3060 1542 3118 fidei
1566 3064 1868 3136 catholicae,

1975 1872 2100 1916 runt
2133 1863 2202 1919 de
2249 1866 2587 1927 observantia
2632 1874 3005 1929 ecclesiasticae
3044 1873 3360 1942 disciplinae,
3404 1887 3561 1943 quam

1979 1952 2097 2021 ejus
2127 1954 2375 2012 inimicus
2411 1957 2517 2015 Leo
2549 1963 2891 2032 impugnasse
2932 1964 3248 2031 lirmabitur,
3276 1973 3328 2019 et
3368 1974 3563 2019 caetera

1973 2059 2093 2113 quae
2126 2048 2431 2118 specialiter
2479 2052 2546 2106 de
2588 2053 2886 2124 quibusque
2942 2056 3185 2124 personis
3226 2054 3294 2108 ibi
3346 2054 3562 2109 decreta

1972 2144 2119 2204 sunt,
2148 2136 2453 2211 infregisse.
2489 2147 2595 2198 Aut
2630 2144 2675 2200 si
2727 2144 2829 2201 hoc
2874 2147 3045 2215 palam
3087 2147 3154 2202 de
3194 2131 3351 2200 beato
3381 2144 3563 2202 Leone

1973 2226 2158 2283 dicere
2204 2246 2309 2285 non
2353 2244 2702 2301 praesumunt,
2758 2236 3056 2307 intelligant
3097 2237 3393 2299 nobiscum,
3439 2236 3563 2307 quia

1971 2331 2091 2373 cum
2120 2321 2188 2375 de
2215 2322 2297 2376 his
2324 2333 2525 2380 tantum
2555 2326 2764 2384 duobus
2796 2330 2850 2383 in
2873 2329 3299 2395 Chalcedonensi
3324 2331 3556 2386 concilio

1974 2412 2142 2480 gesﬁs
2169 2414 2757 2487 Constantinorioiitano
2785 2423 3039 2493 episcopo
3067 2424 3352 2491 scriberet,
3380 2424 3431 2480 id
3455 2435 3560 2494 est,

1971 2499 2040 2555 de
2066 2499 2187 2556 fidei
2213 2517 2369 2559 causa
2394 2522 2491 2576 pro
2528 2524 2630 2580 qua
2678 2510 2849 2579 ipsum
2889 2513 3178 2568 concilium
3214 2512 3387 2569 fuerat
3434 2529 3564 2570 con-

1971 2602 2272 2662 gregatum,
2298 2606 2352 2652 et
2383 2598 2450 2654 de
2476 2603 2704 2670 superba
2735 2603 2853 2672 ejus
2876 2603 3131 2671 elatione,
3155 2590 3309 2670 dixit,
3344 2605 3414 2664 Ut
3441 2622 3564 2662 san-

1972 2690 2112 2738 ctam
2141 2686 2399 2756 synodum
2432 2690 2497 2745 ad
2526 2692 2966 2763 exstinguendam
3008 2695 3177 2751 solam
3219 2696 3463 2753 haeresim
3510 2706 3564 2756 et

1974 2776 2042 2831 ad
2079 2777 2540 2839 conﬁrmationem
2580 2784 2701 2841 fidei
2731 2786 3033 2853 catholicae,
3081 2788 3260 2843 studio
3305 2789 3564 2845 Christia-

1974 2867 2179 2924 nissimi
2198 2871 2452 2944 principis
2472 2885 2867 2948 congregatam,
2892 2878 2945 2933 in
2970 2879 3308 2936 occasionem
3329 2882 3565 2937 ambitus

1976 2964 2161 3021 trahas
2184 2974 2237 3021 et
2261 2982 2484 3037 qumque
2506 2968 2698 3025 similia
2721 2970 2772 3025 in
2799 2971 2915 3043 ejus
2937 2972 3524 3043 inveniunturepistolis
3547 2990 3562 3026 :

1980 3054 2087 3110 duo
2107 3056 2221 3111 sola
2243 3074 2361 3127 quae
2388 3060 2618 3115 diximus
2639 3063 2690 3116 in
2728 3063 2811 3117 his
2840 3064 3016 3119 verbis
3038 3064 3337 3133 dijudicaus
3354 3066 3422 3121 de
3447 3065 3563 3136 qui-

273 3144 465 3200 studio
504 3146 951 3205 Christianissimi
977 3150 1236 3222 principis
1258 3166 1656 3225 congregatam,
1691 3159 1745 3213 in
1776 3174 1865 3214 oc-
1890 3140 1939 3205 C
1969 3142 2071 3201 bus
2094 3146 2290 3203 fecerat
2313 3151 2659 3218 mentionem,
2687 3169 2789 3208 non
2814 3154 2971 3210 etiam
2989 3167 3181 3212 caetera
3205 3173 3323 3226 qua:
3346 3157 3418 3212 ibi
3436 3165 3561 3213 sunt
3628 3207 3633 3211 .

272 3238 555 3293 casionem
597 3232 830 3295 ambitus
880 3241 1081 3309 trahat,
1112 3249 1170 3298 et
1209 3252 1268 3299 ut
1311 3245 1672 3301 cobibentiam
1713 3262 1865 3305 sinam

274 3330 378 3386 tibi
407 3330 569 3387 dedat
593 3331 861 3401 impellas.
899 3351 920 3387 ι
955 3332 1073 3389 Non
1102 3350 1231 3407 ergo
1260 3352 1325 3393 ex
1373 3337 1457 3392 his
1492 3347 1652 3413 atque
1685 3340 1869 3411 hujus-

274 3421 457 3491 modi,
492 3437 613 3493 qua
649 3423 737 3478 vel
787 3424 853 3478 ad
884 3424 1057 3494 ipsum
1098 3428 1430 3495 Anatolium,
1499 3430 1581 3486 vel
1621 3432 1687 3484 ad
1736 3432 1869 3486 alios

273 3525 473 3571 contra
515 3518 687 3583 ipsum
733 3517 1045 3574 Anatolium
1094 3518 1435 3576 beatissimus
1482 3521 1591 3577 Leo
1634 3522 1868 3593 scripsit,

275 3616 535 3677 “manus
558 3606 628 3663 ah
653 3621 725 3662 eo
749 3608 969 3665 concilii
1005 3610 1325 3666 sententiam
1360 3613 1721 3680 reprobatam,
1753 3630 1872 3689 quin

274 3713 449 3767 super
466 3698 698 3769 epistula
739 3699 847 3755 lbm
874 3701 1084 3770 prolata
1127 3711 1229 3758 est.
1256 3704 1518 3772 Quoniam
1549 3704 1753 3761 idcirco
1799 3708 1873 3762 ait

276 3797 530 3845 sanetam
558 3791 824 3861 synodum
844 3792 909 3847 ad
934 3793 1379 3867 exstinguendam
1405 3795 1573 3850 solam
1602 3795 1869 3864 haeresim,

278 3890 339 3937 et
358 3882 427 3937 ad
448 3881 914 3939 conﬁrmationem
936 3885 1059 3941 tidei
1081 3886 1385 3952 catholicae,
1412 3888 1591 3942 studio
1613 3886 1876 3943 Christia-

278 3974 497 4031 πίειίωί
527 3976 787 4047 principis
803 3988 1208 4049 eongregatam,
1242 3990 1299 4033 ut
1336 3994 1399 4034 ea
1424 3996 1542 4051 quae
1580 3996 1676 4050 pro
1705 3982 1877 4036 ambi-

282 4064 1051 4138 tioneCoustantinopolitani
1082 4070 1322 4141 episcopi
1376 4069 1587 4127 fuerant
1623 4080 1877 4144 usurpata

276 4161 632 4227 dissolveret,
660 4163 805 4235 quod
831 4164 885 4219 in
921 4163 1041 4220 aliis
1068 4179 1282 4235 quoque
1314 4166 1530 4235 scriptis
1560 4166 1679 4237 ejus
1708 4168 1878 4223 multo

282 4252 523 4323 amplius
544 4254 844 4323 apparebit.
868 4254 1116 4326 Alioquin
1141 4270 1436 4311 evacuasse
1459 4256 1658 4312 dicitur
1682 4265 1877 4313 cmtera

280 4358 409 4413 qua
435 4342 490 4399 in
518 4343 608 4399 illa
637 4344 848 4417 synodo
883 4356 1033 4416 gesta
1083 4355 1209 4400 sunt
1246 4362 1262 4399 :
1315 4347 1404 4414 qui
1455 4345 1628 4402 eidem
1671 4362 1881 4417 quoque

281 4441 493 4489 saneta
517 4436 713 4506 synodi
728 4436 873 4506 apud
892 4435 1286 4492 Chalcedonem
1320 4437 1517 4493 habitae
1537 4451 1658 4492 cum
1681 4439 1881 4496 similia

1970 3248 2137 3307 gesta.
2171 3236 2324 3292 Sicut
2352 3243 2641 3310 Apostolus
2662 3241 2729 3296 ad
2766 3242 3136 3315 Piiilippenses
3171 3245 3238 3301 de
3281 3246 3563 3303 Timetlieo

1969 3330 2211 3384 scribens
2236 3330 2347 3384 ait:
2374 3330 2538 3399 Spero
2568 3343 2737 3386 autem
2768 3336 2819 3389 in
2853 3334 3125 3389 Dominum
3173 3336 3351 3391 Jesum
3388 3337 3563 3391 Timo-

1971 3420 2139 3474 theum
2169 3422 2269 3474 cito
2301 3423 2496 3477 mittere
2528 3425 2597 3477 ad
2629 3441 2711 3479 vos
2745 3441 2762 3478 :
2793 3436 2847 3479 ut
2873 3437 2920 3479 et
2953 3443 3042 3497 ego
3088 3427 3217 3479 bona
3248 3429 3419 3480 animo
3465 3430 3562 3481 sim

1973 3513 2189 3579 cognitis
2212 3529 2326 3578 quae
2351 3514 2487 3566 circa
2512 3531 2596 3568 vos
2624 3524 2765 3571 sunt.
2795 3515 3064 3569 Neminem
3088 3517 3223 3571 enim
3251 3517 3411 3571 habeo
3438 3535 3562 3572 una-

1974 3604 2257 3673 nimemqni
2278 3605 2474 3660 sincera
2493 3605 2762 3671 a/fectione
2788 3624 2880 3677 pro
2902 3607 3039 3663 vobis
3055 3608 3306 3662 sollicitus
3327 3611 3410 3663 sit.
3439 3608 3564 3662 0m-

1974 3709 2061 3748 nes
2107 3695 2240 3747 enim
2290 3711 2385 3749 sua
2435 3706 2692 3765 qumrunt,
2744 3715 2843 3752 non
2883 3715 2997 3768 quis
3033 3704 3152 3752 sunt
3197 3696 3323 3752 Jesu
3370 3696 3564 3754 Christi

1977 3783 2144 3857 (Phil.
2170 3794 2248 3851 ‘n,
2290 3788 2403 3858 l9).
2428 3786 2543 3842 Non
2569 3792 2621 3844 in
2646 3788 2825 3845 Titum
2855 3790 3145 3857 etLucam,
3178 3805 3283 3846 non
3324 3792 3374 3845 in
3419 3791 3562 3861 Epa-

1980 3876 2286 3946 phroditum
2312 3886 2367 3933 et
2399 3879 2659 3947 Marcum,
2692 3896 2796 3935 non
2821 3881 2873 3937 in
2897 3892 3124 3937 exteros
3144 3896 3450 3937 sermonem
3481 3882 3566 3936 in-

1979 3969 2227 4037 tendens,
2249 3970 2319 4027 de
2348 3972 2542 4040 quibus
2566 3973 2619 4027 in
2648 3973 2835 4033 eadem
2860 3974 3083 4042 epistola
3112 3970 3245 4027 dicit
3274 3990 3286 4025 :
3320 3973 3569 4031 Evodiam

1978 4074 2127 4131 rogo,
2155 4070 2203 4114 et
2237 4061 2538 4133 Syntychen
2570 4064 2833 4133 deprecor,
2862 4064 2917 4117 id
2964 4065 3131 4135 ipsum
3157 4079 3335 4131 sapere
3362 4065 3416 4117 in
3460 4062 3569 4118 Do-

1982 4154 2145 4207 mina.
2202 4152 2375 4206 Etiam
2420 4169 2544 4224 rogo
2573 4164 2619 4208 et
2649 4164 2714 4220 te,
2756 4171 2996 4225 germane
3024 4171 3254 4226 compar,
3286 4156 3477 4228 adjuva
3503 4154 3570 4207 il-

1983 4246 2062 4300 las
2090 4262 2203 4315 quis
2232 4262 2426 4300 mecum
2457 4247 2812 4301 laboraverunt
2841 4246 2896 4300 in
2927 4245 3229 4320 Evangelia,
3282 4263 3399 4302 cum
3452 4246 3571 4300 Cle—

1984 4350 2150 4393 mente
2177 4347 2225 4392 et
2276 4340 2471 4393 ceteris
2501 4339 2886 4404 adiuvatoribus
2915 4339 3059 4404 meis,
3115 4354 3329 4409 quorum
3361 4338 3570 4389 nomina

1986 4440 2104 4483 sunt
2133 4431 2185 4481 in
2211 4427 2341 4482 libro
2370 4428 2486 4483 vita
2515 4428 2735 4499 (Philip.
2777 4444 2850 4492 tv,
2879 4427 2971 4499 2);
3000 4429 3093 4484 sed
3144 4430 3195 4481 in
3227 4427 3349 4480 illos
3375 4427 3569 4493 potius,

282 4526 621 4597 mpiger,
654 4538 713 4582 ιιι
739 4529 1090 4584 intentionem
1120 4528 1387 4584 ἀίοιοι-ιηη
1438 4544 1658 4585 suorum
1706 4533 1873 4586 omni-
1904 4519 1959 4581 D
1982 4520 2049 4575 de
2076 4519 2271 4589 quibus
2325 4517 2396 4571 ibi
2424 4516 2499 4570 ait
2535 4532 2551 4574 :
2589 4516 2763 4571 Videte
2793 4534 2963 4585 canes,
3007 4519 3169 4571 ridete
3196 4517 3357 4570 malos
3385 4530 3570 4584 operu-

281 4615 390 4671 hus
419 4617 676 4685 aperiret,
706 4618 885 4673 intulit
914 4628 1075 4690 atque
1118 4620 1192 4674 ait
1222 4618 1416 4690 (Epist.
1446 4622 1538 4691 6i)
1565 4640 1577 4675 :
1613 4640 1633 4675 ο
1667 4623 1741 4678 De
1782 4639 1873 4678 cu-

280 4708 589 4764 stodiendis
614 4724 829 4781 quoque
849 4722 1160 4766 sanctorum
1184 4711 1399 4768 Patrum
1430 4718 1644 4768 statutis
1676 4729 1794 4783 qua:
1820 4714 1872 4767 in

282 4798 502 4870 synodo
521 4799 736 4857 Nioaana
762 4802 1160 4857 inviolabilibus
1189 4812 1314 4857 sunt
1344 4802 1447 4858 lixa
1478 4803 1730 4870 decretis,
1775 4806 1875 4859 oli-

281 4892 615 4947 servantiam
644 4902 839 4949 vestra
858 4894 1153 4949 sanctitatis
1174 4895 1461 4961 admoneo,
1484 4906 1538 4950 ut
1560 4896 1681 4967 jura
1702 4898 1878 4953 eccle-

281 4983 517 5048 siarum,
546 4984 685 5039 sicut
712 4987 779 5040 ab
802 4985 903 5040 iliis
931 4985 1186 5041 trecentis
1214 4985 1401 5041 decem
1431 4995 1487 5041 et
1514 4995 1636 5041 octo
1659 4988 1677 5019 ⁸
1709 4987 1877 5044 Patri-

284 5078 395 5129 bus
418 5074 679 5131 divinitus
706 5077 982 5145 inspiratis
1020 5088 1147 5134 sunt
1190 5078 1455 5144 ordinata,
1502 5091 1876 5150 permaneant.

283 5164 436 5220 Nihil
457 5165 692 5222 alicam
714 5167 958 5238 improbe
980 5169 1325 5238 concupiscat
1346 5168 1389 5233 ',
1419 5182 1520 5226 nec
1543 5186 1641 5241 per
1660 5173 1881 5228 alterius

284 5256 727 5314 inminutionem
780 5274 931 5314 suum
989 5260 1185 5331 aliquis
1245 5269 1452 5332 quarat
1516 5276 1880 5335 augmentum.

284 5346 708 5415 (pannulibet
729 5352 875 5406 enim
912 5354 1140 5408 extortis
1169 5355 1623 5410 assentationibus
1655 5365 1679 5394 ι
1706 5372 1766 5413 se
1799 5357 1884 5412 in-

283 5446 468 5492 struat
495 5440 746 5497 vanitatis
772 5442 957 5508 eiatio,
988 5451 1041 5497 et
1070 5443 1335 5513 appetitus
1365 5457 1492 5501 suos
1532 5446 1883 5501 conciliormu

366 5629 393 5656 ⁶
426 5617 552 5673 Isid.
583 5622 765 5684 Mem,
796 5639 880 5675 asc
912 5621 1192 5676 visionibus.

369 5694 386 5767 ξ
413 5691 549 5767 tigri.
590 5691 807 5767 Verum,
842 5696 1069 5745 trecentis
1092 5696 1262 5767 decem
1290 5703 1337 5748 et
1356 5706 1567 5767 septem.

366 5762 388 5793 ⁸
410 5760 557 5815 idem
585 5762 685 5817 cod
712 5802 730 5828 ,
774 5766 1003 5831 improba
1033 5762 1248 5816 ambitus
1281 5760 1608 5841 concupiscat
1626 5777 1653 5827 ;-
1672 5764 1723 5819 in
1763 5764 1879 5819 edi-

1978 4612 2101 4675 rios,
2137 4610 2301 4663 videte
2325 4607 2661 4662 concisionem
2687 4606 2910 4679 (Philip.
2942 4623 3020 4671 Ill,
3056 4606 3132 4675 2).
3162 4607 3255 4661 llis
3285 4605 3462 4678 itaque
3484 4622 3570 4660 so-

1983 4702 2049 4756 lis
2075 4700 2360 4757 conferens
2381 4699 2743 4762 Timiilllellm,
2777 4698 2948 4753 dixit:
2982 4697 3261 4753 Neminem
3290 4700 3433 4753 enim
3477 4699 3571 4751 iia-

1980 4793 2083 4849 heo
2136 4796 2468 4857 unanimem,
2523 4791 2608 4861 qui
2639 4792 2687 4843 in
2719 4791 2925 4844 sincera
2955 4790 3236 4845 affectione
3286 4805 3383 4862 pro
3416 4790 3569 4845 vobis

1982 4886 2242 4941 sollicitus
2271 4886 2376 4951 sit,
2408 4892 2461 4938 et
2488 4896 2583 4938 eos
2608 4891 2813 4939 tantum
2834 4884 3084 4953 attendit,
3106 4892 3160 4939 ut
3187 4882 3413 4949 diceret,
3441 4882 3568 4939 Orn-

1987 4994 2079 5032 nes
2109 4977 2250 5030 enim
2283 4989 2375 5029 sua
2406 4984 2669 5046 qumrunt,
2709 4992 2815 5030 non
2844 4992 2959 5046 quae
2989 4986 3113 5031 sunt
3164 4975 3363 5030 Christi
3414 4974 3565 5030 Jesn.

1988 5067 2225 5137 Den’que
2269 5082 2388 5120 cum
2416 5067 2484 5122 de
2516 5067 2635 5136 ipso
2666 5067 2821 5123 beato
2861 5066 3144 5124 Timotheo
3175 5067 3403 5136 loquens
3428 5066 3574 5123 dit-e-

1988 5167 2071 5212 ret
2097 5173 2110 5212 :
2146 5156 2561 5226 Experimentum
2594 5165 2761 5210 autem
2793 5159 2902 5229 ejus
2928 5172 3232 5227 cognoscens
3261 5155 3303 5225 ³,
3332 5156 3574 5227 quoniam

1991 5247 2120 5300 sicut
2166 5249 2304 5315 patri
2330 5244 2472 5315 ﬁlius
2506 5262 2704 5299 mecum
2732 5247 2934 5300 servivit
2974 5248 3026 5299 in
3073 5244 3368 5316 Evangelia.
3424 5244 3573 5300 Hunc

1991 5340 2148 5411 igitur
2180 5356 2327 5409 spero
2356 5355 2433 5394 me
2478 5340 2673 5393 mittere
2698 5355 2716 5394 :
2744 5356 2863 5395 mox
2900 5349 2952 5392 ut
2995 5341 3165 5393 videro
3193 5352 3308 5406 quae
3335 5338 3468 5389 circa
3499 5349 3574 5385 me

1996 5442 2134 5486 sunt.
2165 5430 2382 5497 Conﬁdo
2425 5439 2593 5485 autem
2623 5430 2677 5483 in
2709 5429 2951 5496 Domino,
2979 5430 3221 5499 quoniam
3251 5434 3297 5485 et
3343 5425 3449 5496 ipse
3474 5424 3572 5474 cito

1996 5627 2137 5679 tione
2160 5626 2433 5693 Quesnclli
2460 5627 2617 5694 epist.
2650 5625 2739 5687 87.
2766 5622 3025 5743 improbus
3054 5621 3295 5677 ambitus.
3324 5689 3334 5699 .
3418 5686 3428 5697 .

2061 5696 2081 5725 ³
2112 5690 2375 5743 Cnmmsre
2399 5697 2438 5743 is
2471 5698 2521 5743 in
2555 5698 2781 5743 editione
2852 5700 3050 5743 .attua:
3100 5698 3385 5743 ευαηοδειιε
3419 5704 3428 5743 Ι

2061 5696 2081 5725 ³
2112 5690 2375 5766 εοῂηοετι
2399 5697 2438 5747 is
2471 5690 2521 5748 in
2555 5698 2781 5750 editione
2832 5690 3050 5756 Latina;
3100 5690 3385 5761 cognoscite
3414 5690 3566 5756 juxta

1991 5765 2146 5821 [idem
2177 5768 2352 5824 (ἐγερεῖ
2379 5775 2573 5826 textus.
2603 5774 2879 5827 γινώσκετε.
