3974 6330
403 347 502 403 M7

1470 335 1770 394 FACUNDI
1811 331 2033 391 EPISC.
2068 330 2575 391 HERMIANENSIS

3583 323 3690 380 ωε

405 461 601 513 ueniam
624 472 689 509 an
710 472 797 511 vos
816 453 1073 525 (Philipp.
1092 450 1282 521 ".22).
1306 450 1378 505 lbi
1400 458 1615 505 secutus
1640 448 1871 519 adjecit:
1897 447 2007 501 Ne-
2036 448 2087 507 Α
2112 450 2339 517 scripta,
2375 449 2418 502 si
2444 447 2693 501 nolumus
2724 456 2912 501 omnes
2950 454 3184 497 canones
3215 437 3415 495 utiliter
3442 453 3471 490 a
3493 441 3693 493 s:u.ct's

407 566 681 605 cess-artum
721 557 890 601 autem
920 544 1201 600 existimavi
1255 542 1666 613 Epaphroditum
1694 542 1923 611 fratrem,
1954 544 2001 591 et

2111 540 2358 594 Patribus
2390 540 2440 592 in
2468 537 2655 594 eadem
2685 534 2892 606 synodo
2914 536 3258 595 constitutos,
3284 541 3339 585 et
3360 538 3561 584 czetc-ra
3577 543 3694 596 quas

409 651 815 713 cooperatorem,
864 648 911 693 et
944 636 1339 692 commilitonem
1370 651 1561 702 meum,
1591 643 1811 687 vestrum
1837 640 2003 684 autem
2106 632 2158 687 in
2185 631 2512 701 specialibus
2537 639 2982 698 quorumcunque
3009 625 3187 679 causis
3214 622 3288 676 ibi
3313 621 3523 675 ﬁrmata
3546 630 3695 685 sunt,

412 734 700 803 apostolum
725 740 772 783 et
802 731 1089 783 ministrant
1134 727 1443 782 necessitatis
1488 740 1635 790 metu,
1693 725 1893 777 mittere
1936 722 2005 775 ad
2108 728 2162 783 in
2190 728 2448 795 majorem
2481 739 2642 794 quam
2664 736 2807 777 nunc
2831 720 3081 789 patimur,
3106 715 3571 769 conturbationem
3598 713 3697 766 Ec.

414 837 500 875 vos
530 837 549 874 :
581 821 821 891 quoniam
848 818 1054 887 quidem
1083 833 1254 871 omnes
1301 831 1387 869 vos
1417 815 1759 876 deiderabat,
1807 821 1853 865 et
1883 825 2005 864 mm-
2107 818 2287 875 clesiae
2313 829 2674 873 commovere.
2707 812 2839 879 Quis
2865 820 3045 864 autem
3067 808 3134 862 de
3165 808 3323 862 beato
3350 806 3529 861 Leone
3553 805 3700 859 dice-

416 924 523 966 stus
555 920 684 977 erat,
733 922 1000 990 propterea
1025 909 1161 977 quod
1220 908 1438 960 audistis
1479 905 1625 959 illum
1663 903 2002 971 inﬁrmatam.

2110 925 2170 965 re
2196 908 2410 971 audeat,
2428 906 2677 976 quoniam
2704 904 2749 957 si
2771 902 3083 958 Nestoriaua
3104 907 3252 955 esset
3278 899 3503 966 epistola
3529 912 3691 964 quam

420 1003 560 1058 Nam
588 988 882 1070 infirmatus
907 1007 980 1054 est
1004 1015 1159 1067 usque
1180 997 1248 1052 ad
1274 1006 1513 1061 mortem;
1545 997 1631 1049 sed
1665 993 1805 1047 Deus
1831 992 2012 1046 miser-
2111 998 2347 1071 synodus
2370 996 2709 1067 approbavit,
2732 992 3035 1065 posthabita
3059 991 3389 1059 blasphemia
3412 1004 3515 1059 qua
3540 988 3699 1044 Clu-i.

394 1109 500 1167 tus
526 1106 599 1151 est
630 1096 762 1161 eius.
796 1092 919 1148 Non
949 1095 1113 1146 solum
1144 1102 1317 1144 autem
1348 1092 1483 1161 ejus,
1514 1102 1686 1140 verum
1711 1085 1860 1139 etiam
1891 1082 2011 1147 mei,

421 1205 485 1244 ne
521 1188 786 1242 tristitiam
820 1202 972 1253 super
1025 1184 1285 1238 tristitiam
1342 1182 1599 1235 haberem.
1659 1174 2014 1231 Festinantius

424 1298 548 1353 ergo
574 1280 688 1333 misi
709 1277 883 1341 illum,
913 1286 968 1330 ut
994 1277 1101 1329 viso
1130 1292 1187 1329 eo
1214 1275 1398 1327 iterum
1430 1271 1719 1342 gaudeatis,
1751 1277 1796 1323 et
1828 1282 1919 1339 ego
1946 1266 2017 1319 si-

427 1389 487 1425 ne
518 1370 720 1422 tristitia
753 1370 868 1422 sim.
927 1365 1159 1436 Excipite
1191 1366 1357 1433 itaque
1402 1364 1550 1416 illum
1580 1377 1694 1414 cum
1748 1359 1937 1431 gaudio
1964 1357 2019 1410 in

428 1462 670 1523 Domino,
703 1469 748 1514 et
775 1457 1070 1529 hajusmodi
1100 1473 1215 1511 cum
1247 1456 1438 1509 honore
1462 1454 1693 1507 habetote
1725 1466 1743 1505 :
1773 1450 2017 1521 quoniam

428 1564 631 1623 propter
654 1567 782 1621 opus
809 1549 998 1603 Christi
1028 1564 1186 1617 usque.
1217 1549 1284 1599 ad
1313 1554 1525 1600 mortem
1547 1543 1781 1608 arcessit,
1815 1540 2021 1594 tradens

430 1647 649 1699 animum
691 1659 857 1709 suam,
899 1652 953 1695 ut
1000 1642 1233 1707 impleret
1262 1642 1314 1692 id
1345 1639 1485 1710 quod
1514 1638 1650 1691 vobis
1698 1636 1872 1690 deerat
1902 1649 2023 1705 erga

433 1755 597 1791 meum
622 1735 910 1804 obsequium
936 1733 1124 1804 (Ibid.,
1158 1730 1272 1802 25).
1300 1731 1547 1801 Nunquid
1574 1730 1714 1784 hunc
1743 1726 2022 1798 Epaphro-

434 1829 602 1882 ditum
633 1826 1054 1895 Philippensinm
1079 1823 1403 1893 apostolum,
1423 1834 1473 1875 et
1500 1820 1633 1874 alios
1661 1819 1778 1888 ejus
1806 1827 2020 1872 sanctos
2048 1808 2099 1868 Β

435 1920 491 1973 in
523 1917 811 1988 Evangelio
841 1916 1139 1984 adjutores,
1172 1929 1351 1970 sermo
1373 1913 1519 1967 Pauli
1550 1911 1859 1967 attendebat
1889 1924 2021 1980 apo-

436 2011 557 2065 stoli
588 2009 818 2064 dicentis
847 2027 859 2061 :
894 2008 1171 2063 Neminem
1202 2007 1343 2061 enim
1369 2005 1541 2060 habeo
1570 2005 1901 2067 unanimem,
1934 2000 2025 2069 qui

438 2105 646 2157 sincera
695 2101 977 2156 affectione
1025 2116 1121 2169 pro
1168 2098 1323 2153 vobis
1363 2097 1628 2152 sollicitus
1675 2097 1747 2150 sit
1792 2107 2027 2150 :omncs

435 2193 578 2251 enim
621 2206 714 2246 sua
747 2199 1014 2259 qumrunt,
1044 2206 1151 2244 non
1190 2204 1310 2259 qua:
1355 2197 1481 2243 sunt
1528 2187 1732 2242 Christi
1780 2186 1942 2251 .lesu;
1971 2193 2027 2239 et

439 2302 545 2341 non
576 2286 754 2355 potius
785 2284 907 2338 illos
935 2283 1003 2339 de
1046 2282 1239 2351 quibus
1282 2296 1441 2348 supra
1469 2280 1578 2349 jam
1631 2277 1900 2333 diximus?
1946 2276 2027 2332 An

441 2378 711 2435 unanimis
744 2375 1139 2446 Epaphroditus
1171 2389 1275 2429 non
1309 2373 1477 2428 fuis‘se
1508 2371 1840 2441 perhibetur.
1874 2385 1979 2438 quo
2010 2368 2027 2398 ί

444 2470 512 2525 ali
533 2468 843 2524 inﬁrmitate
874 2476 1146 2532 revocato,
1171 2465 1274 2521 sibi
1304 2479 1520 2536 quoque
1542 2463 1707 2518 Deum
1750 2461 2030 2515 misertnm

443 2559 591 2621 dicit,
609 2574 676 2612 ne
699 2558 767 2612 de
788 2558 880 2612 illo
908 2558 1177 2612 tristitiam
1195 2571 1356 2626 super
1380 2554 1653 2609 tristitiam
1674 2551 1934 2609 haberet?
1951 2552 2031 2605 An

446 2665 546 2720 pro
566 2648 999 2717 Philippensibus
1013 2663 1118 2701 non
1141 2655 1258 2702 erat
1278 2655 1493 2700 sanctus
1508 2641 1902 2713 Epaphroditus
1923 2641 2035 2697 sin-

446 2757 570 2798 cera
594 2738 879 2795 affectione
904 2738 1185 2804 sollicitus,
1216 2752 1351 2807 quos
1375 2734 1560 2790 videre
1582 2733 1947 2799 desiderabat,
1981 2739 2035 2787 et

447 2839 667 2902 prepter
684 2845 908 2901 quorum
929 2829 996 2885 de
1020 2844 1114 2884 sua
1144 2827 1455 2882 inﬁrmitate
1478 2823 1787 2880 mmstitiam
1812 2831 2036 2879 mmstus

448 2932 584 2986 erat,
603 2936 669 2977 eo
684 2920 826 2991 quod
844 2919 1110 2975 audierint
1124 2918 1271 2973 illum
1286 2917 1632 2980 inﬁrmalum;
1648 2926 1700 2970 et
1713 2917 1802 2986 qui
1820 2924 2037 2986 propter

448 3028 585 3083 opus
634 3012 833 3067 Christi
864 3025 1033 3081 usque
1063 3009 1129 3065 ad
1174 3019 1402 3065 mortem
1441 3016 1766 3074 accesserat,
1820 3007 2037 3062 tradens

448 3107 683 3161 animam
706 3118 857 3158 suam
881 3112 939 3159 ut
967 3102 1218 3173 impleret
1246 3101 1298 3157 id
1322 3102 1464 3171 quod
1496 3102 1547 3157 ei
1581 3100 1771 3156 deerat
1789 3114 1912 3169 erga
1937 3100 2033 3156 ob-

452 3198 692 3265 sequium
720 3194 902 3249 Paulii
933 3194 1083 3249 Unde
1112 3193 1275 3248 etiam
1309 3191 1502 3246 merito
1518 3192 1598 3246 eis
1617 3188 2033 3257 commendavit,
2061 3174 2110 3237 C

455 3295 513 3343 ut
533 3285 835 3355 huiusmodi
866 3299 987 3339 cum
1017 3283 1226 3340 honore
1247 3284 1528 3339 haberent.
1562 3281 1633 3339 Ut
1662 3282 1823 3355 igitur
1842 3281 2037 3336 Paulus

453 3378 729 3445 apostolus
760 3375 1196 3445 Philippensibus
1224 3376 1292 3430 de
1320 3376 1603 3431 Timotheo
1639 3376 1900 3442 scribens,
1931 3391 2037 3429 non

454 3472 633 3527 Titum
665 3480 720 3526 et
744 3470 963 3533 Lucam,
988 3486 1097 3524 non
1130 3468 1550 3539 Epaphroditum
1571 3477 1621 3521 et
1646 3469 1901 3531 Marcum,
1932 3482 2039 3522 non

348 3604 355 3610 .
453 3572 681 3618 caeteros
703 3576 830 3617 suos
859 3562 1135 3631 adjutores
1163 3575 1394 3629 quorum
1437 3558 1652 3615 nomina
1673 3569 1797 3614 sunt
1823 3559 1874 3614 in
1906 3558 2040 3615 libro

455 3656 598 3721 vilae,
642 3652 869 3707 attendit
909 3667 1029 3707 cum
1060 3651 1264 3706 diceret
1291 3669 1303 3703 :
1338 3648 1617 3705 Neminem
1650 3649 1822 3705 habeo
1851 3650 2040 3705 unani-

456 3761 617 3815 mem,
649 3746 740 3815 qui
767 3745 976 3799 sincera
1007 3743 1287 3798 affectione
1313 3759 1411 3814 pro
1440 3743 1594 3797 vobis
1624 3742 1890 3797 sollicitus
1919 3740 1991 3795 sit
2022 3758 2037 3795 :

457 3853 643 3894 omnes
673 3838 817 3892 enim
847 3852 942 3891 sua
970 3844 1238 3907 qumrunt,
1284 3850 1389 3890 non
1418 3850 1539 3905 quas
1567 3842 1693 3891 sunt
1718 3832 1916 3888 Christi
1947 3831 2041 3889 .le-

455 3945 551 3997 su;
581 3930 675 3985 sed
705 3930 824 3984 illos
846 3931 1024 4000 potius
1051 3930 1118 3983 de
1145 3927 1339 3999 quibus
1360 3927 1428 3982 ab
1454 3941 1522 3982 eo
1566 3926 1766 3981 dictum
1791 3936 1874 3979 est
1902 3943 1913 3978 :
1952 3925 2041 3979 Vi-

456 4019 579 4075 dete
607 4034 784 4083 canes,
829 4019 1005 4074 videte
1035 4016 1203 4071 malos
1232 4017 1535 4086 operarios,
1564 4016 1746 4070 videte
1773 4015 2041 4071 concisio-

457 4126 604 4166 nem.
627 4110 702 4164 lta
728 4111 890 4164 etiam
907 4110 1251 4165 beatissimus
1277 4108 1385 4162 Leo
1405 4106 1669 4170 scribens,
1696 4122 1799 4159 non
1817 4116 2041 4161 sentcn-

459 4202 586 4256 tiam
639 4215 799 4269 super
837 4200 1119 4267 epistolam
1153 4199 1261 4255 lbte
1297 4199 1578 4268 prolatam,
1634 4214 1805 4266 neque
1831 4198 2041 4268 episco-

459 4298 640 4361 patum
671 4289 923 4359 praedicto
952 4290 1054 4344 lbae
1084 4290 1379 4356 redditum,
1411 4298 1468 4345 et
1494 4298 1685 4345 caetera
1716 4306 1835 4359 qua:
1880 4292 1931 4344 in
1957 4305 2042 4363 sy-

460 4382 602 4437 nodo
630 4380 1056 4437 Chalcedonensi
1085 4380 1153 4437 de
1182 4381 1499 4451 quibusdam
1536 4382 1783 4450 personis
1826 4381 2042 4436 decreta

459 4484 603 4541 sunt,
636 4491 808 4546 neque
834 4491 1003 4531 canon
1014 4492 1073 4532 es
1093 4475 1475 4532 ecclesiastica:
1492 4475 1787 4545 disciplina:
1811 4476 2042 4531 salubri-

460 4576 544 4623 ter
576 4567 680 4621 illic
708 4583 735 4620 a
782 4568 982 4621 sanctis
1010 4567 1257 4621 Patribus
1286 4567 1606 4622 constitutos
1637 4566 1883 4629 attendit.
1925 4581 2045 4622 cum
2074 4552 2128 4613 Ῑ)

460 4656 665 4712 diceret
694 4674 709 4712 :
741 4656 807 4713 Ut
836 4668 1072 4712 sanctam
1097 4656 1360 4727 synodum
1388 4656 1453 4710 ad
1483 4658 1927 4726 exstinguendam
1951 4673 2043 4713 so-

462 4747 572 4801 lum
605 4747 875 4813 haeresim,
905 4756 961 4802 et
1003 4747 1069 4801 ad
1100 4746 1560 4802 confirmationem
1600 4747 1723 4802 ﬁdei
1770 4749 2049 4805 catholicae

463 4839 641 4895 studio
671 4840 1114 4895 Christianissimi
1148 4840 1405 4910 principis
1426 4852 1821 4910 congregatam,
1876 4841 1927 4895 in
1954 4855 2050 4897 oc-

463 4930 732 4985 casionem
761 4930 990 4985 ambitus
1012 4932 1216 4997 trahas,
1248 4933 1268 4965 '
1297 4940 1354 4986 et
1379 4932 1460 4986 his
1488 4932 1711 4997 similia;
1743 4933 1837 4988 sed
1861 4949 2049 5003 super-

466 5021 592 5075 bam
624 5020 801 5090 potius
827 5020 1116 5076 elationem
1160 5022 1740 5093 Constantinopolitani
1788 5026 2045 5092 episcopi,

465 5113 607 5167 sicut
629 5113 740 5179 ipsa
765 5113 924 5169 verba
958 5115 1074 5182 ejus
1101 5115 1358 5170 indicant.
1383 5116 1513 5170 Nam
1542 5131 1640 5171 nec
1664 5117 1808 5172 aliud
1844 5118 2050 5174 inveni-

466 5212 558 5258 tur
587 5204 639 5258 in
661 5203 862 5259 eisdem
895 5204 1009 5260 suis
1037 5206 1279 5274 epistolis
1304 5208 1565 5277 arguisse.
1599 5207 1690 5264 Sic
1716 5208 1871 5263 nobis
1890 5210 2049 5265 intel-

465 5294 673 5367 ligenda
704 5308 830 5351 sunt
850 5298 1010 5353 verba
1032 5298 1256 5354 Romani
1287 5298 1503 5367 Leonis,
1534 5302 1611 5355 sic
1631 5302 2047 5371 apostolicorum

463 5388 785 5461 scriptorum
815 5391 1075 5461 exemplis
1104 5390 1397 5446 asserenda
1427 5401 1549 5447 sunt
1569 5392 1714 5448 sedis
1741 5397 2051 5464 apostolicae

548 5581 575 5613 ο
595 5573 653 5628 lu
682 5573 813 5629 edit.
844 5573 1011 5628 sancti
1044 5573 1237 5629 Leonis
1263 5573 1357 5627 hoc
1385 5572 1659 5627 inseritur.

536 5743 555 5774 ‘
580 5740 713 5798 Cod.
767 5743 985 5810 νει-οη..
1023 5744 1407 5816 Epaphroditus
1438 5762 1535 5799 non
1569 5746 1687 5814 fuit,
1718 5764 1865 5816 quem
1900 5750 2049 5805 "tini-

466 5819 627 5865 stram
652 5818 959 5873 necessitatis
988 5833 1095 5873 sunt
1117 5819 1275 5888 fuisse
1302 5818 1550 5888 perhibet,
1574 5834 1695 5887 quo,
1725 5830 1830 5874 etc.

2114 1101 2229 1148 stus
2259 1101 2483 1161 negatur
2508 1088 2651 1143 Deus
2672 1101 2793 1144 esse
2812 1087 2951 1155 quod
2979 1094 3084 1153 est,
3102 1083 3170 1138 de
3198 1082 3301 1138 hoc
3328 1080 3703 1137 tantummodo

2115 1192 2425 1247 causentur,
2458 1179 2600 1249 quod
2631 1182 2682 1233 iu
2715 1177 2802 1233 illa
2832 1177 3052 1249 synodo
3078 1190 3216 1230 unus
3255 1176 3543 1243 episcopus
3596 1189 3704 1228 non

2116 1276 2236 1329 loco
2255 1288 2355 1328 suo
2377 1270 2720 1327 consederit?
2763 1270 2930 1336 Igitur
2969 1276 3060 1323 aut
3090 1268 3191 1324 hoc
3216 1268 3388 1322 solum
3429 1277 3706 1334 peccatum

2117 1361 2364 1433 estquod
2394 1363 2445 1417 in
2486 1360 2693 1434 synodo
2732 1359 3163 1415 Chalcedonensi
3220 1358 3411 1413 beatus
3440 1358 3549 1413 Leo
3601 1358 3706 1414 sibi

2119 1454 2459 1521 displicuisse
2502 1466 2606 1508 non
2635 1452 2837 1516 tacuit;
2887 1460 2981 1505 aut
3000 1450 3047 1504 si
3076 1460 3130 1505 et
3158 1449 3300 1503 aliud
3334 1465 3454 1504 esse
3485 1450 3707 1515 dicitur,

2121 1546 2296 1601 minus
2319 1545 2559 1614 profecto
2586 1554 2668 1599 est
2697 1558 2763 1598 eo
2789 1551 3028 1612 peccato,
3083 1542 3224 1613 quod
3255 1544 3539 1611 episeoptts
3566 1542 3708 1599 Con-

2122 1639 2631 1709 Stantinopolitanus
2671 1637 2932 1692 admisit:
2980 1643 3235 1690 castarum
3279 1651 3547 1700 nunquam
3598 1636 3708 1693 Leo

2124 1739 2331 1802 posset,
2364 1729 2552 1787 relicta
2586 1729 2809 1784 ham-sis
2835 1743 3019 1794 causa,
3047 1728 3116 1782 de
3147 1728 3302 1781 unius
3332 1730 3565 1799 episcopi
3595 1745 3710 1784 ses-

2127 1821 2280 1877 sione
2326 1820 2566 1876 causari.
2610 1819 2936 1875 Ostendatur
2965 1829 3143 1873 autem
3186 1819 3362 1884 nobis,
3416 1820 3710 1885 ubicunque

2126 1914 2316 1969 beatus
2364 1911 2474 1967 Leo
2498 1911 2629 1966 dixit
2654 1910 2856 1993 tEpist.
2890 1909 2982 1978 62)
3039 1926 3145 1965 non
3177 1910 3357 1963 omnia
3398 1926 3458 1965 se
3484 1924 3604 1978 qum
3658 1912 3712 1965 in

2128 2007 2214 2062 illa
2245 2008 2451 2078 synodo
2478 2016 2594 2060 acta
2621 2012 2747 2058 sunt
2765 2002 3110 2068 confirmare,
3140 2003 3282 2071 quod
3314 2004 3481 2074 ipsius
3520 2004 3714 2073 synodi

2128 2109 2446 2157 sententam
2472 2113 2636 2168 super
2655 2096 2880 2167 epistola
2907 2096 3011 2152 [bas
3032 2096 3349 2161 detestetur,
3378 2111 3441 2151 ac
3469 2112 3574 2153 non
3612 2112 3714 2165 po-

2130 2194 2237 2249 tius
2284 2191 2856 2259 Constantinopolitani
2901 2189 3138 2259 episcopi
3176 2190 3521 2243 ambitionem
3552 2189 3716 2243 casti—

2129 2292 2221 2354 get
2242 2292 2399 2353 atque
2422 2291 2698 2347 coerceat;
2725 2291 2780 2338 et
2806 2284 2921 2351 ipso
2944 2290 3185 2351 purgato,
3209 2281 3323 2336 sola
3347 2280 3584 2352 synodus
3608 2282 3719 2336 cri-

2131 2372 2264 2428 tnini
2293 2372 2610 2442 subjacebit,
2639 2371 2683 2425 si
2715 2387 2842 2426 vere
2871 2370 3187 2426 Nestoriana
3215 2378 3301 2425 est
3337 2385 3496 2439 quam
3524 2385 3721 2437 ηιμ-υς

2132 2464 2279 2519 bavit
2305 2465 2553 2534 epistola.
2584 2463 2718 2518 Nam
2760 2471 2816 2518 et
2842 2463 3076 2518 Maximo
3106 2460 3441 2518 Amici-bene
3476 2461 3723 2516 scribens

2134 2557 2275 2613 idem
2300 2558 2488 2614 beatus
2512 2557 2643 2625 Leo,
2674 2558 2759 2612 cui
2794 2556 3081 2626 praedictus
3102 2555 3725 2626 Constantinopolitanns

2134 2647 2418 2704 Anatolius
2444 2649 2760 2719 dignitatem
2787 2649 2961 2704 tertiae
2989 2648 3135 2703 sedis
3160 2649 3373 2704 auferre
3400 2657 3727 2709 tentaverat,

2137 2741 2239 2799 hoc
2264 2742 2407 2812 quod
2435 2740 2730 2797 asserimus
2784 2740 3127 2796 manifestum
3154 2741 3404 2796 omnibus
3433 2740 3602 2796 facit:
3630 2741 3731 2810 qui

2136 2839 2258 2901 post
2281 2830 2469 2900 multa,
2500 2845 2619 2899 qua:
2646 2837 2701 2885 et
2729 2830 3046 2900 acceptabili
3077 2831 3287 2886 ratione
3304 2838 3361 2886 et
3388 2831 3727 2900 increpatio~

2136 2938 2205 2979 ne
2248 2921 2578 2989 vehementi,
2619 2936 2781 2991 super
2826 2920 3016 2979 eadem
3067 2924 3479 2991 praesumptione
3520 2924 3734 2980 loeutus

2137 3022 2241 3079 est,
2276 3014 2556 3085 epistolam
2581 3014 2652 3069 ita
2673 3013 2948 3069 concludit
2974 3031 2988 3067 :
3019 3032 3039 3066 ι
3074 3013 3340 3083 Quidquid
3364 3015 3504 3070 enirn
3532 3023 3735 3083 praeter

2140 3105 2402 3177 speciales
2429 3119 2618 3161 causas
2643 3105 2983 3178 synodalium
3017 3105 3366 3183 cpnciliorum
3392 3106 3459 3161 ad
3498 3122 3736 3162 examen

2142 3198 2444 3269 episcotiale
2472 3197 2733 3263 defertur,
2758 3206 2936 3269 potest
2960 3198 3190 3269 aliquam
3216 3198 3250 3253 d
3270 3197 3737 3268 judicandihabe-

2140 3305 2199 3345 re
2224 3289 2511 3355 rationem,
2542 3288 2587 3343 si
2619 3288 2751 3345 nihil
2768 3289 2836 3347 de
2863 3305 2930 3345 eo
2950 3298 3078 3346 esta
3099 3291 3299 3345 sanctis
3323 3289 3569 3344 Patr-ibus
3586 3289 3737 3358 apud

2140 3380 2371 3436 Nicmam
2413 3380 2713 3436 definitum.
2768 3379 2901 3436 Nam
2938 3381 3078 3451 quod
3108 3381 3178 3436 ab
3205 3380 3420 3437 illorum
3451 3381 3655 3451 regulis
3682 3390 3739 3438 et

2140 3473 2521 3529 constitutione
2566 3472 2864 3538 discordat.
2917 3474 3230 3542 apostolica:
3259 3472 3406 3528 sedis
3452 3487 3735 3542 nunquam

2142 3565 2339 3635 poterit
2364 3564 2607 3620 obtinere
2635 3578 2981 3623 consensum.
3014 3565 3224 3632 Quanta
3257 3578 3384 3621 vero
3405 3573 3433 3601 ι
3458 3562 3741 3632 diligentia

2141 3655 2474 3710 custodiatur
2493 3670 2525 3709 a
2548 3652 2728 3722 nobis,
2743 3654 3141 3724 exemplaribus
3169 3652 3285 3723 ejus
3312 3653 3555 3722 epistola
3572 3668 3740 3722 quam

2142 3748 2210 3803 ad
2260 3747 2911 3816 ConstantinOpolitanum
2940 3749 3252 3815 episcOpum
3303 3744 3742 3812 reirenantesip-

2143 3839 2255 3895 sius
2273 3838 2618 3907 cupiditatem
2649 3838 2967 3903 direximus,
2994 3837 3280 3897 instructis
3308 3852 3507 3907 :quam
3533 3836 3587 3890 in
3617 3851 3743 3891 om-

2144 3931 2288 3985 nium
2321 3930 2545 3985 fratrum
2575 3939 2635 3985 et
2655 3929 3102 3986 consacerdotum
3124 3938 3426 3986 nostrorum
3448 3928 3615 3983 facies
3641 3943 3744 3982 no-

2144 4024 2313 4079 titiam
2368 4022 2670 4092 pervenire,
2709 4033 2768 4079 ut
2796 4022 3047 4078 noverint
3090 4036 3275 4091 pacem
3319 4020 3745 4079 ecclesiasticar-

2146 4130 2240 4183 per
2288 4114 2628 4169 concordiam
2660 4114 2771 4172 Deo
2809 4114 3055 4183 placitam
3102 4114 3305 4170 debere
3328 4112 3559 4169 servari.
3596 4111 3747 4166 Illud

2143 4221 2358 4276 quoque
2406 4205 2750 4283 dilectionem
2802 4214 2950 4259 tuam
3005 4205 3265 4262 convenit
3310 4217 3642 4275 prmcavere,
3686 4213 3753 4257 ut

2145 4304 2341 4366 praeter
2386 4310 2482 4351 eos
2529 4298 2619 4365 qui
2644 4303 2771 4349 sunt
2799 4294 3015 4350 Domini
3062 4295 3396 4360 sacerdOtes,
3426 4293 3606 4348 nullus
3636 4292 3751 4347 sibi

2148 4386 2376 4443 docendi
2405 4396 2459 4441 et
2486 4386 2811 4455 praedicandi
2847 4385 2938 4456 jus
2966 4384 3161 4443 audeat
3189 4386 3484 4448 vindicare.
3512 4385 3631 4439 sive
3652 4383 3753 4439 ille

2149 4479 2467 4544 monachus,
2500 4480 2618 4535 sive
2639 4479 2732 4535 ille
2761 4479 2952 4546 laicus,
2982 4480 3074 4549 qui
3106 4479 3335 4547 alicujus
3366 4478 3607 4533 scientia
3637 4491 3749 4531 uo-

2154 4574 2295 4628 mine
2326 4558 2604 4645 glorietur.
2636 4572 2769 4641 Quia
2798 4574 2903 4627 etsi
2924 4573 3217 4642 optandum
3248 4580 3407 4628 estut
3424 4586 3622 4627 omnes
3644 4571 3755 4625 Ec-

2152 4665 2331 4720 clesia:
2360 4664 2456 4720 lilii
2504 4679 2625 4734 qute
2649 4674 2791 4719 recta
2823 4671 2881 4717 et
2907 4678 3034 4719 sana
3066 4673 3194 4719 sunt
3233 4664 3473 4733 sapiant,
3522 4676 3637 4717 non
3660 4673 3756 4716 ta-

2155 4773 2275 4813 men
2302 4756 2715 4826 permittendum
2748 4764 2832 4811 est
2859 4763 2919 4809 ut
2941 4757 3222 4825 quisquam
3253 4763 3406 4811 eatea
3434 4754 3754 4809 sacerdota-

2155 4850 2257 4906 lem
2290 4851 2535 4905 ordinem
2581 4847 2928 4913 eonstitutus,
2971 4846 3195 4917 gradum
3224 4846 3327 4923 sibi
3376 4844 3757 4914 ιιι-παλαιοῖς

2155 4951 2429 4998 assumat:
2464 4956 2587 4998 cum
2635 4943 2690 4995 in
2738 4940 2980 4995 Ecclesia
3011 4939 3105 4995 Dei
3135 4940 3315 4995 omnia
3341 4937 3597 4993 ordinata
3626 4952 3760 4991 esse

2152 5033 2453 5095 conveniat,
2487 5042 2544 5086 ut
2575 5033 2626 5086 in
2658 5046 2763 5085 uno
2791 5031 2989 5085 Christi
3018 5045 3267 5099 corpore,
3303 5039 3361 5085 et
3384 5028 3758 5085 excellentio-

2154 5140 2214 5179 ra
2242 5124 2479 5179 membra
2503 5139 2659 5179 suum
2690 5122 2923 5177 ofﬁcium
2954 5123 3233 5192 impleant,
3273 5129 3329 5176 et
3350 5120 3616 5175 inferiora
3657 5134 3761 5173 suo

2155 5216 2455 5287 perieribus
2501 5229 2607 5269 non
2638 5213 2921 5270 resultent.
2958 5232 2977 5267 ι
3010 5211 3285 5271 Manifesta
3308 5218 3458 5277 sunt,
3482 5219 3758 5280 quantum

2158 5315 2308 5378 puto,
2355 5321 2456 5361 nec
2482 5306 2589 5359 ullo
2626 5320 2746 5374 qua
2792 5305 3210 5363 memoravimus
3237 5312 3401 5373 egent
3426 5304 3760 5369 interprete,

2158 5408 2214 5453 ut
2242 5397 2467 5471 intelligi
2495 5406 2657 5467 queat
2679 5397 2821 5467 quod
2849 5411 2912 5452 ea
2934 5406 3120 5452 contra
3161 5391 3767 5463 Constantinopolitassi

2230 5752 2250 5780 ⁸
2285 5749 2426 5803 ldevn
2464 5748 2609 5810 cod.,
2662 5757 2710 5801 et
2739 5755 2792 5803 ut
2822 5748 2999 5802 cohibe
3019 5749 3158 5801 :tt'rrm
3189 5746 3315 5820 [lein
3351 5745 3774 5820 conuiuatum]

2156 5836 2300 5876 suam
2328 5821 2417 5875 tibi
2444 5822 2623 5879 dedat.
2651 5820 2904 5892 impeltas,
2926 5836 2973 5873 et
2997 5820 3074 5872 his
3100 5818 3313 5874 simil.a.
