3974 6330
230 278 332 335 639

1068 277 1201 335 PRO
1244 264 1675 334 DEFENSIONE
1715 270 1933 330 TRIUM
1969 269 2287 328 CAPITUL.
2329 269 2456 325 LIB.
2492 271 2552 326 V.

3409 276 3521 335 650

230 394 465 466 episcopi
500 393 869 459 ambitionem,
920 409 1025 451 non
1077 404 1264 451 contra
1294 395 1611 451 sententiam
1658 404 1822 461 super
1849 392 1901 451 Α
1927 389 1999 459 la,
2031 404 2126 461 per
2150 406 2307 461 quam
2331 393 2575 449 similiter
2594 395 2734 451 devii
2758 396 2946 452 horum
2974 392 3293 471 scriptorum
3321 379 3519 465 Leonis

229 490 514 558 epistolam
548 488 654 543 Iba:
684 489 968 559 prolatam,
1004 490 1194 547 beatus
1212 490 1319 547 Leo
1342 491 1562 546 dixerit.
1592 488 1722 542 Nam
1751 488 1825 543 si-

231 583 428 636 militer
459 582 699 637 scribens
727 581 889 637 etiam
912 581 1179 638 Marciano
1207 582 1429 653 principi
1458 589 1513 636 et
1529 578 1825 635 Pulcherias

232 679 487 743 Augustae
519 671 713 745 (Epist.
749 674 817 728 74
844 683 893 727 et
933 673 1052 745 75),
1089 689 1221 743 quas
1245 672 1500 744 epistolas
1526 683 1826 727 memorare

232 766 547 836 perlongum
578 774 684 833 est,
738 780 844 819 non
876 765 943 820 de
973 765 1077 820 alia
1119 779 1278 820 causa
1307 766 1675 835 conqueritur.
1721 760 1826 816 Ve-

230 874 347 913 rum
374 858 516 928 quod
548 858 699 926 pejus
721 865 823 922 est,
853 865 910 913 et
932 858 1021 912 illa
1045 872 1142 928 pro
1168 857 1359 928 quibus
1388 857 1526 912 dicta
1558 862 1685 910 sunt
1709 853 1826 908 nul-

234 950 318 1005 lus
341 950 631 1005 observare
659 949 935 1017 dignatur,
969 961 1021 1005 et
1043 950 1261 1017 insuper
1287 962 1407 1019 qua:
1432 948 1532 1002 alia
1572 953 1699 1001 sunt
1746 946 1827 999 in-

234 1042 474 1097 tentione
495 1041 822 1109 conscripta,
848 1042 901 1095 in
938 1041 1304 1110 prmjudicium
1334 1039 1459 1095 fidei
1488 1052 1633 1094 saeva
1661 1034 1827 1092 inter-

235 1135 534 1204 pretatione
584 1141 884 1188 vertuntur.
938 1133 1271 1188 Contradicit
1316 1139 1494 1186 autem
1550 1130 1824 1185 nobiscum

234 1241 369 1298 papa
424 1227 693 1291 Gelasius,
730 1226 918 1280 melior
957 1235 1010 1280 et
1040 1224 1422 1293 acceptabilior
1449 1223 1715 1277 dictorum
1743 1220 1826 1275 sui

236 1320 653 1387 prmdecessoris
677 1320 964 1387 interpres,
999 1322 1087 1389 qui
1131 1319 1372 1373 scribens
1402 1316 1663 1372 universis
1709 1314 1826 1383 epi-

232 1413 413 1481 scopis
447 1426 542 1481 per
568 1411 898 1466 Dardaniam
923 1410 1249 1474 constitutis,
1280 1424 1342 1465 ea
1368 1425 1486 1480 quae
1508 1407 1828 1463 memoravi-

234 1518 378 1570 mus,
414 1518 519 1557 non
550 1502 617 1557 ad
650 1502 1067 1556 destructionem
1097 1501 1378 1556 sententiae
1405 1514 1569 1569 super
1600 1497 1827 1568 epistola

233 1595 341 1651 ibas
364 1596 609 1663 prolata,
652 1595 745 1650 sed
776 1594 840 1648 ad
865 1594 1219 1649 coercendam
1250 1589 1827 1660 Constantinopolitoni

232 1684 469 1757 episcopi
493 1688 989 1756 prmsumptlonem,
1017 1683 1230 1739 ab'eato
1259 1683 1441 1737 Leone
1479 1681 1676 1750 scripta
1709 1680 1829 1734 esse

1928 484 2250 553 interpretes
2276 485 2619 553 refellantur;
2649 488 2742 544 sed
2762 490 3115 559 judicavimus
3142 494 3279 552 hanc
3306 515 3469 553 unum
3491 501 3525 561 *7

1928 575 2095 629 solam
2125 590 2301 631 causa:
2328 576 2593 633 sufﬁcere.
2648 577 2840 636 Verum
2869 592 3004 649 esto,
3035 589 3258 643 semotis
3288 588 3370 643 his
3397 605 3515 644 om-

1930 670 2105 739 nibus,
2132 680 2348 741 putetur
2368 671 2479 728 Leo
2504 672 2781 742 Romanis,
2822 676 2887 731 ad
2916 677 3294 737 destruendam
3326 662 3515 753 synodi

1927 774 2090 831 super
2125 762 2349 830 epistola
2378 764 2483 819 Iba:
2512 765 2833 836 sententiam
2860 768 2949 823 illa
2980 770 3198 831 dixisse.
3238 774 3522 841 Quomodo

1929 868 2059 923 ergo
2102 855 2224 911 hinc
2250 858 2487 929 synodus
2536 861 2904 929 excusabitur,
2938 880 3055 934 qum
3082 878 3136 921 et
3164 870 3431 939 recepisse
3458 870 3523 924 il-

1929 946 2032 1000 lam
2063 948 2370 1017 epistolam,
2422 950 2563 1019 quod
2614 952 2750 1008 false
2780 966 3025 1025 negatum
3074 968 3174 1024 est,
3208 970 3260 1015 et
3301 948 3405 1015 non
3433 961 3529 1017 des

1929 1037 2115 1093 buisse
2161 1039 2402 1108 recipere
2441 1040 2620 1097 Leone
2666 1044 3094 1114 reprehendente
3143 1049 3521 1105 convincitur?

1928 1126 2191 1194 Quocirca
2221 1130 2265 1185 si
2286 1130 2361 1185 ita
2384 1132 2714 1203 accipiantur
2740 1134 3044 1205 hujusmodi
3068 1140 3227 1195 verba
3247 1155 3365 1212 qua:
3392 1157 3519 1215 pro-

1931 1219 2181 1276 feruntdr
2210 1222 2349 1279 beati
2399 1224 2611 1293 Leonis,
2640 1229 2824 1297 procul
2853 1230 3014 1286 dubio
3064 1247 3169 1287 non
3196 1235 3520 1305 repellendae

1931 1313 2260 1368 accusationi
2281 1316 2491 1385 synodi,
2520 1318 2612 1374 sed
2642 1321 3021 1379 conﬁrmanda:
3050 1326 3366 1394 proficient;
3392 1337 3446 1383 et
3473 1329 3520 1383 si

1930 1403 2245 1459 Nestoriana
2298 1406 2385 1462 illa
2433 1406 2629 1463 dicitur
2670 1409 2914 1480 epistola,
2959 1414 3142 1470 beatus
3169 1416 3381 1486 quidem
3413 1417 3522 1473 Leo

1933 1495 2197 1565 fortassis,
2233 1499 2304 1553 uti
2334 1498 2441 1567 jam
2493 1500 2690 1556 dictum
2720 1512 2818 1567 est,
2870 1519 2901 1558 a
2950 1504 3264 1561 Nestoriano
3294 1509 3523 1564 crimine
3582 1523 3591 1534 '

1934 1589 2288 1657 defendetur;
2320 1592 2415 1647 sed
2465 1593 2622 1662 plane
2662 1595 2897 1665 synodus
2928 1596 3377 1654 Chalcedonensis
3408 1601 3523 1670 ipso

1944 1690 2079 1738 teste
2108 1683 2447 1739 damnabitur
2474 1702 2487 1751 ;
2520 1695 2677 1755 atque
2702 1688 2719 1716 ³
2751 1687 3070 1743 videbuntur
3096 1691 3330 1746 haeretici
3354 1690 3523 1762 Euty-

232 1779 536 1836 conlirmat.
569 1778 659 1833 Sic
679 1780 822 1833 enim
852 1777 981 1833 dicit
1012 1795 1025 1829 :
1057 1795 1076 1829 ι
1111 1778 1261 1832 Sicut
1290 1776 1537 1847 quamvis
1559 1787 1722 1842 parva
1750 1771 1829 1828 ci-
1861 1775 1909 1835 B
1936 1774 2113 1828 chiani
2147 1789 2251 1831 non
2284 1775 2550 1833 immerito
2600 1792 2657 1832 se
2679 1794 2707 1832 a
2740 1787 2920 1834 nostra
2970 1782 3348 1840 communione
3393 1786 3524 1840 sub-

232 1874 372 1929 vitas
401 1872 805 1942 praerogativam
839 1870 1124 1941 prasentis
1171 1870 1319 1939 regni
1352 1883 1460 1924 non
1490 1866 1700 1931 minuit,
1747 1867 1851 1921 sic

180 2022 187 2025 _
233 1966 531 2036 itnperialis
585 1965 867 2035 praesentia
900 1978 1207 2019 mensuram
1259 1960 1674 2031 dispensationis
1703 1957 1824 2013 reli-

231 2058 400 2128 giosas
430 2072 535 2110 non
567 2064 757 2111 mutat.
786 2054 873 2110 Sic
922 2055 1063 2109 clara
1094 2053 1224 2109 urbs
1269 2052 1360 2108 illa
1400 2058 1663 2121 potestate
1692 2062 1828 2118 prte-

231 2149 403 2204 sentis
451 2148 682 2213 imperii,
710 2146 897 2216 religio
926 2146 1027 2201 sub
1065 2145 1253 2201 eadem
1282 2153 1306 2182 ³
1337 2153 1463 2199 tunc
1494 2144 1671 2207 firma,
1704 2150 1827 2195 tunc
1858 2194 1859 2197 η

232 2240 427 2304 libera,
461 2246 586 2293 tunc
612 2247 865 2307 provecta
895 2236 1159 2305 consistit,
1183 2235 1231 2291 si
1258 2234 1438 2305 potius
1460 2233 1565 2288 hoc
1592 2245 1827 2303 praesen-

233 2342 287 2388 te
342 2331 615 2401 propriam
649 2336 832 2385 teneat
860 2329 976 2384 sine
1002 2329 1110 2383 ulla
1159 2326 1561 2397 perturbatione
1607 2337 1824 2379 mensu-

232 2436 373 2478 ram.
409 2421 689 2476 Postremo
715 2421 761 2475 si
782 2420 881 2475 sibi
905 2416 973 2475 de
1006 2418 1343 2488 imperatoris
1365 2418 1643 2487 praesentia
1676 2416 1827 2472 blan-

234 2514 479 2579 diuntur,
511 2522 565 2567 et
589 2512 714 2567 inde
745 2520 933 2580 putant
961 2510 1567 2579 Constantinopolitanae
1597 2506 1826 2564 civitatis

234 2603 471 2672 episcopi
498 2601 762 2669 potiorem
795 2601 908 2655 fieri
936 2615 1092 2671 posse
1118 2612 1423 2670 personam,
1450 2598 1665 2654 audiant
1689 2598 1829 2653 Mar-

229 2693 447 2747 cianum
472 2691 719 2759 ejusdem
745 2690 1041 2761 principem
1069 2690 1319 2756 civitatis,
1355 2699 1699 2759 posteaquam
1731 2703 1829 2759 pro

236 2793 526 2852 augmento
541 2781 685 2837 urbis
708 2781 873 2853 ipsius
894 2782 1190 2837 sacerdotis
1206 2782 1530 2837 intercessor
1544 2781 1827 2849 accedens,

233 2882 426 2929 contra
448 2874 663 2945 regulas
685 2874 928 2952 obtinere
955 2873 1083 2929 nihil
1108 2874 1301 2941 potuit,
1324 2881 1524 2928 sanctae
1553 2874 1828 2930 memoria:

236 2980 431 3040 papam
456 2964 690 3022 Leonem
719 2966 944 3019 summis
976 2964 1225 3020 laudibus
1270 2975 1638 3034 prosecutum,
1686 2964 1829 3035 quod

234 3073 508 3116 canonum
539 3059 749 3130 regulas
770 3059 958 3114 violari
998 3058 1141 3113 nulla
1173 3058 1331 3114 fuerit
1358 3059 1563 3113 ratione
1604 3068 1827 3128 perpes-é

1935 1865 2202 1918 traxisse:
2234 1863 2279 1920 si
2322 1873 2499 1921 tamcn
2547 1867 2644 1937 ipsi
2693 1868 2802 1937 jam
2846 1869 3092 1925 dicentur
3120 1870 3380 1942 haeretici,
3431 1875 3523 1944 qui

1930 1954 2089 2009 etiam
2120 1954 2299 2010 Leone
2325 1966 2459 2012 teste
2485 1958 2910 2027 comprobabunt
2946 1960 3086 2030 quod
3110 1961 3418 2019 Nestoriana
3444 1966 3517 2021 sit

1927 2046 2166 2115 synodus
2195 2046 2215 2078 δ
2244 2062 2363 2117 quae
2412 2048 2465 2102 in
2513 2048 2851 2106 confessione
2889 2052 3137 2108 sacrificii
3190 2057 3523 2112 nominatur.

1932 2135 2218 2193 Videamus
2249 2146 2427 2193 tamen
2456 2140 2725 2207 quomodo
2755 2143 2835 2195 vel
2869 2141 2982 2210 ipse
3013 2144 3199 2199 beatus
3228 2146 3336 2201 Leo
3368 2157 3519 2216 pote—

1930 2224 1999 2281 rit
2025 2228 2425 2294 excusari,cum
2452 2229 2522 2284 de
2544 2231 2661 2299 ipso
2690 2246 2903 2301 quoque
2932 2234 3085 2289 nobis
3116 2235 3272 2292 fuerit
3295 2238 3521 2307 dictum,

1932 2316 2038 2373 Cur
2066 2333 2171 2373 non
2202 2322 2461 2390 promptis
2489 2329 2544 2375 et
2573 2321 2906 2379 evidentibus
2946 2328 3123 2381 verbis
3170 2338 3373 2386 tantum
3415 2333 3524 2388 cri-

1932 2422 2057 2464 men
2082 2409 2289 2479 arguit?
2320 2424 2414 2464 cur
2443 2426 2548 2466 non
2581 2420 2764 2481 aperte
2792 2427 2855 2468 ac
2886 2415 3163 2472 manifeste
3201 2422 3522 2477 sententiam

1932 2499 2122 2569 synodi
2161 2499 2531 2555 Nestorianam
2578 2503 2858 2572 epistolam
2903 2507 3252 2575 approbantis
3282 2509 3525 2582 infregit!

1932 2589 2041 2665 Cur
2069 2592 2211 2661 quod
2243 2592 2310 2646 ab
2339 2592 2456 2660 ejus
2502 2596 2734 2662 primum
2786 2594 2975 2665 legatis
3008 2599 3303 2656 nuntiatum
3351 2615 3435 2658 est
3474 2607 3526 2661 in

1934 2697 2025 2751 pra
2041 2682 2305 2753 judicium
2335 2682 2480 2752 fidei,
2507 2699 2613 2739 non
2643 2684 2712 2739 ita
2742 2686 2902 2743 sedes
2929 2689 3222 2758 apostolica
3247 2690 3267 2723 ³
3295 2695 3532 2751 auctori-

1937 2780 2043 2827 tate
2072 2788 2137 2829 ac
2164 2775 2450 2830 severitate
2492 2775 2784 2843 damnavit,
2816 2786 2875 2832 ut
2920 2778 3043 2835 hinc
3094 2781 3333 2838 Ecclesia
3385 2797 3534 2855 post-

1936 2866 2154 2921 modum
2184 2882 2289 2923 non
2320 2867 2490 2937 possit
2516 2868 2809 2940 ambigere,
2840 2870 2939 2926 nisi
2970 2874 3089 2943 quia
3117 2888 3224 2929 non
3252 2891 3376 2930 vera
3402 2893 3527 2932 cono

1937 2957 2184 3023 scientia,
2212 2960 2308 3014 sed
2363 2958 2628 3015 fallaciter
2680 2970 2736 3017 et
2793 2964 3009 3020 nomine
3059 2976 3215 3021 tenus
3262 2966 3527 3024 abdicavit

1937 3049 2263 3119 Nestorium,
2280 3050 3186 3121 prmjudicioCtnlestinidecessoris
3198 3058 3277 3112 sui
3293 3073 3532 3128 prteven-

233 3166 352 3210 sus.
408 3150 641 3207 Audinnt
685 3151 987 3206 Anatolium
1018 3150 1046 3190 b
1070 3150 1309 3221 ejusdem
1340 3149 1481 3207 sedis
1508 3149 1826 3217 antistitem,
1855 3154 1903 3213 ε
1937 3145 2057 3201 tus?
2077 3141 2327 3216 Alioquin
2360 3146 2475 3215 ejus
2504 3145 2695 3217 dogma
2725 3147 2886 3202 etiam
2918 3150 2970 3203 in
2999 3148 3103 3203 lbac
3130 3151 3350 3219 epistola
3384 3153 3534 3208 refu-

232 3243 445 3300 clerum
478 3243 654 3311 potius
695 3241 1366 3311 Const‘antinopolitanum,
1418 3256 1576 3311 quam
1608 3255 1687 3310 se,
1718 3249 1835 3297 ten-

234 3348 391 3393 tasse
418 3335 593 3403 qualia
621 3335 985 3401 conﬁtentem,
1017 3335 1247 3405 atquein
1277 3334 1560 3404 apostolici
1590 3334 1834 3403 praesulis

230 3437 413 3483 tutum
441 3427 710 3482 dicentem
744 3427 972 3498 positum
992 3436 1285 3497 potestate:
1319 3428 1600 3498 ipsumque
1623 3428 1834 3482 beatum

235 3533 435 3589 papam
457 3517 711 3582 Leonem,
734 3520 880 3575 sedis
902 3520 1209 3591 apostOlicte
1238 3518 1546 3591 praesulem,
1567 3517 1719 3589 cujus
1739 3533 1833 3589 sy-

235 3610 419 3665 nodus
448 3610 904 3666 Chalcedonensis
944 3611 1266 3667 auctoritate
1305 3610 1512 3664 ﬂrmata
1536 3618 1641 3675 est,
1685 3608 1839 3680 quid-

235 3701 372 3772 quid
407 3701 548 3756 ultra
576 3710 733 3771 quam
762 3701 831 3756 ab
876 3703 1066 3758 eodem
1098 3717 1197 3773 pro
1229 3700 1333 3755 fide
1358 3709 1413 3755 et
1460 3699 1840 3755 communione

237 3793 510 3850 catholica
552 3794 1045 3863 atque'apostolica
1093 3792 1206 3848 illic
1249 3791 1512 3863 agendum
1570 3799 1842 3847 constaret

240 3900 371 3942 esse
393 3885 720 3956 delegatum,
738 3899 834 3955 per
859 3884 1196 3941 occasionem
1218 3883 1647 3954 congregationis
1669 3883 1837 3955 illius,

238 3987 450 4048 praeter
478 3977 723 4032 Nicaanos
752 3990 988 4032 canones
1016 3991 1154 4032 nova
1183 3976 1454 4033 videretur
1482 3976 1697 4032 actione
1727 3984 1843 4034 ten-

240 4080 440 4135 tatum,
484 4070 806 4139 competenti
850 4068 1172 4125 refutatione
1217 4082 1495 4125 vacuasse.
1539 4088 1559 4122 ο
1594 4068 1841 4140 Nunquid

238 4163 464 4230 sapiens
492 4159 738 4215 Gelasius
785 4160 1124 4215 decessorem
1153 4175 1307 4214 suum
1337 4160 1549 4215 beatum
1606 4158 1842 4217 Leonem

239 4269 349 4323 pro
374 4252 647 4306 sententia
676 4250 866 4321 synodi
896 4264 1061 4320 super
1110 4250 1335 4321 epistola
1365 4252 1686 4308 venerabilis
1715 4251 1840 4322 lbce,

242 4357 317 4397 ac
344 4357 455 4396 non
482 4340 675 4410 potius,
712 4350 764 4395 ut
794 4339 1049 4407 diximus,
1094 4355 1189 4410 pro
1218 4340 1514 4397 ambitione
1536 4341 1844 4398 ConSIauti-

244 4430 551 4502 nopolitani
573 4430 812 4502 episcOpi
836 4431 1036 4486 dixisse
1079 4445 1198 4500 quae
1238 4432 1655 4488 memoravimus
1681 4434 1846 4489 intel-

1939 3245 2097 3293 taret.
2125 3237 2364 3307 Increpat
2386 3237 2665 3293 evidenter
2690 3246 2850 3309 atque
2875 3238 3219 3309 condemnat,
3240 3251 3347 3296 tam
3372 3243 3533 3299 vehe-

1937 3329 2205 3386 mentibus
2232 3345 2389 3400 quam
2412 3331 2655 3401 prolixis,
2681 3330 2777 3386 scd
2801 3331 2821 3361 ⁸
2850 3341 2905 3387 et
2933 3332 3113 3388 multis
3143 3333 3405 3403 epistolis,
3429 3350 3537 3392 non

1939 3422 2115 3478 solum
2142 3422 2403 3492 prtedicto
2432 3422 2679 3477 Anatolio
2705 3423 2965 3488 scribens,
2996 3440 3180 3480 verum
3217 3428 3379 3482 etiam
3414 3428 3530 3482 uni-

1941 3517 2371 3587 verstesynodo,
2399 3525 2455 3572 et
2483 3517 2713 3571 Maximo
2740 3517 3096 3585 AntiOcheno,
3128 3521 3362 3590 ipsisque
3393 3523 3540 3591 prin-

1942 3608 2168 3679 cipibus,
2192 3608 2333 3677 quod
2362 3608 2416 3663 in
2445 3607 2536 3663 illo
2566 3608 2794 3663 concilio
2819 3624 2956 3664 unus
2986 3610 3272 3680 cpiscopus
3303 3628 3409 3668 non
3440 3628 3544 3669 suo

1942 3700 2061 3755 loco
2106 3699 2298 3755 sedere
2341 3700 2709 3770 praesumpsit,
2755 3710 2915 3767 atque
2962 3701 3061 3756 sibi
3103 3703 3442 3773 displicuisse
3489 3707 3541 3761 ia

1945 3790 2185 3845 omnium
2218 3790 2555 3846 sacerdotum
2588 3792 2831 3845 notitiam
2867 3795 3089 3861 perferri
3133 3793 3455 3860 demandat;
3488 3807 3538 3853 ct

1945 3880 2016 3937 de
2044 3881 2235 3952 synodi
2266 3880 2552 3949 sententia,
2586 3896 2688 3949 qua
2716 3880 3027 3937 Nestoriana
3074 3884 3295 3953 cpistola
3339 3900 3539 3955 appro-

1947 3975 2068 4029 bata
2100 3982 2204 4039 est,
2237 3970 2563 4045 tacet'atque
2602 3972 2933 4041 dissimulat;
2968 3976 3051 4030 vel
3082 3980 3127 4031 si
3160 3992 3265 4032 non
3299 3986 3458 4044 tacet,
3488 3988 3542 4033 ut

1947 4066 2145 4137 dicitis,
2176 4066 2307 4122 nihil
2354 4075 2531 4123 tamen
2563 4075 2767 4137 aperte,
2800 4067 2932 4123 nihil
2963 4068 3199 4140 loquitur
3242 4069 3542 4126 evidenter.

1948 4160 2152 4230 Nempe
2181 4159 2284 4214 hoc
2310 4168 2393 4215 est
2421 4158 2566 4228 quod
2593 4159 2647 4213 in
2674 4159 2867 4215 scribis
2893 4167 2951 4215 et
2979 4158 3266 4216 Pharismis
3297 4161 3544 4232 hypocri-

1953 4254 2021 4310 tis
2049 4254 2305 4309 Dominus
2332 4253 2507 4323 arguit
2536 4251 2751 4323 (Matth.
2776 4268 2929 4324 xxttt,
2950 4251 3044 4323 25)
3073 4250 3340 4310 mentitam
3361 4264 3545 4313 etane~

1953 4345 2103 4401 thum
2129 4354 2182 4399 et
2210 4343 2481 4415 cyminum
2512 4342 2804 4410 decimare,
2830 4352 2883 4399 et
2908 4359 3027 4414 quae
3055 4354 3178 4399 sunt
3203 4344 3444 4415 graviora
3473 4334 3547 4397 le-

1952 4437 2033 4510 gis
2062 4445 2119 4493 et
2148 4434 2305 4493 ﬁdem
2338 4434 2661 4505 relinquere.
2688 4434 2892 4505 Nempe
2922 4436 3024 4489 hoc
3050 4442 3133 4489 est
3159 4433 3301 4503 quod
3334 4435 3385 4487 in
3417 4432 3547 4503 ipsis

244 4525 423 4580 lcxit?
446 4523 577 4578 Nam
603 4538 770 4594 quare
800 4537 895 4592 pro
923 4522 1028 4577 Iba:
1054 4523 1279 4593 epistola
1308 4522 1379 4578 ibi
1402 4523 1749 4595 subjungeret
1769 4525 1849 4582 di-
1878 4545 1933 4606 Ι)
1958 4531 2184 4587 ducibus
2213 4528 2373 4583 caecis
2418 4528 2669 4582 similiter
2699 4525 2967 4596 objurgat,
2996 4525 3227 4579 culicem
3275 4524 3454 4580 colare
3495 4534 3548 4579 ct

243 4629 426 4671 cens:
462 4613 563 4669 Per
603 4615 940 4669 occasionem
986 4614 1412 4684 congregationis
1440 4614 1604 4681 illius,
1651 4627 1851 4686 praeter

244 4708 503 4763 Nicmnos
548 4721 783 4761 canones
829 4719 963 4761 nova
1018 4705 1228 4761 videtur
1275 4708 1485 4762 actione
1535 4710 1847 4764 tentatum?

246 4800 444 4855 Nullus
469 4798 877 4868 igiturgconetur
902 4798 917 4828 ⁸
940 4796 1059 4865 ejus
1086 4796 1248 4851 verba
1292 4798 1345 4851 in
1374 4798 1531 4853 aliam
1558 4799 1847 4870 detorque-

248 4906 311 4946 re
334 4890 669 4947 sententiam
695 4906 708 4940 :
734 4887 987 4956 quoniam’
1004 4888 1117 4942 ‘hoc
1157 4902 1257 4943 nec
1286 4888 1398 4958 ipsa
1429 4904 1609 4944 rerum
1632 4892 1849 4948 eviden-

246 4985 346 5048 tia,
373 4995 481 5037 ncc
521 4980 768 5037 Gelasius
795 4996 958 5037 verax
1005 4982 1266 5051 permittit
1316 4983 1620 5054 interpres;
1649 4995 1700 5040 et
1729 4987 1849 5042 ideo

240 5075 499 5129 sinamus
520 5074 868 5143 apostolicam
892 5074 1075 5130 sedem
1112 5075 1449 5146 interpretari
1481 5078 1846 5148 semetipsum,

240 5176 304 5221 et
337 5178 515 5234 quare
559 5165 647 5219 illa
670 5168 947 5235 superiora
978 5180 1072 5234 per
1101 5166 1333 5223 Leonem
1360 5167 1506 5238 prius
1535 5169 1751 5239 dixerit,
1778 5187 1846 5228 ex

241 5258 339 5311 his
367 5270 495 5325 qua
520 5265 699 5325 postea
730 5272 827 5327 per
867 5257 1138 5314 Gelasium
1184 5261 1358 5317 locuta
1403 5272 1505 5329 cst,
1536 5265 1851 5335 prudentius

239 5351 626 5406 advertamus.
651 5350 746 5407 Est
766 5359 823 5407 et
848 5351 951 5407 alia
979 5352 1219 5423 ejusdem
1243 5354 1385 5413 beati
1411 5357 1611 5417 Gelasii
1643 5360 1847 5432 cpisto-

328 5517 358 5547 ³
384 5506 552 5565 Forte
574 5510 772 5565 eodem.

331 5648 352 5681 ι
385 5644 523 5700 Cod.
552 5644 773 5713 Veron.,
806 5652 997 5717 {rustra
1022 5662 1251 5707 conetur.

328 5720 353 5751 ⁹
384 5717 533 5771 Idem
572 5718 717 5785 cod.,
748 5721 920 5773 etiam.

332 5789 354 5820 ⁸
388 5789 539 5842 Idem
568 5787 713 5851 cod.,
746 5800 895 5857 atque
925 5791 1016 5845 ita.

476 5876 751 5938 Panos.
786 5878 1041 5941 LXVII.
1112 5944 1129 5959 ι

1954 4621 2215 4679 camelum
2239 4619 2454 4690 glutire.
2482 4618 2547 4673 Et
2570 4615 2697 4687 quid
2727 4624 2912 4670 contra
2938 4614 3161 4681 referre,
3187 4614 3314 4685 quid
3338 4614 3404 4669 ad
3428 4614 3548 4686 jtzec

1954 4714 2036 4768 vel
2063 4725 2159 4782 pro
2188 4711 2346 4767 beato
2363 4708 2542 4766 Leone
2570 4706 2895 4776 respondere
2929 4706 3245 4772 valebimus,
3269 4706 3421 4775 cujus
3452 4721 3550 4775 pro

1954 4802 2213 4860 catholica
2247 4800 2353 4857 fide
2380 4799 2798 4856 sollicitudinem
2828 4813 2891 4854 ac
2917 4798 3271 4867 diligentiam,
3299 4800 3452 4868 cujus
3476 4798 3553 4852 la-

1955 4897 2141 4953 borem
2167 4902 2217 4949 et
2249 4893 2584 4957 industriam,
2612 4890 2763 4959 cujus
2789 4890 3090 4946 libertatem
3120 4898 3278 4961 atque
3305 4900 3553 4946 constan.

1957 4990 2104 5055 tiam,
2136 4997 2311 5042 vestra
2359 4986 2529 5055 pietas
2575 4984 2777 5055 optime
2821 4984 2967 5038 novit
3012 4990 3065 5037 et
3107 4983 3281 5037 omnis
3315 4982 3553 5039 Ecclesia

1956 5081 2252 5153 praedicare
2296 5094 2402 5134 non
2445 5079 2652 5135 cessat?
2682 5077 2788 5133 Sed
2833 5076 3147 5133 Nestoriana
3193 5075 3282 5131 illa
3325 5092 3430 5132 non
3472 5086 3553 5133 est

1957 5179 2201 5250 epistola.
2230 5177 2362 5232 Nam
2396 5177 2637 5248 profecto
2681 5192 2787 5231 non
2831 5191 2948 5231 eam
2998 5176 3181 5232 nescio
3226 5190 3347 5247 qua:
3391 5174 3553 5230 modo

1958 5269 2237 5341 vulpecula
2271 5268 2653 5333 eutordicarct,
2683 5267 2777 5323 sed
2808 5276 2933 5323 tunc
2972 5265 3081 5323 Leo
3117 5265 3437 5322 fortissimus
3466 5264 3551 5318 iu-

1959 5364 2201 5421 vasisset.
2217 5362 2498 5431 Quomodo
2525 5370 2701 5417 autem
2723 5360 2908 5417 dicunt
2927 5359 3121 5434 synodi
3148 5374 3307 5430 super
3329 5356 3551 5428 epistola

2042 5519 2070 5559 δ
2101 5520 2157 5575 ιιι
2189 5518 2383 5576 concil.
2412 5522 2570 5576 Rom.
2603 5534 2702 5577 suo
2731 5519 3000 5575 Bonifacio
3020 5532 3143 5574 ann.
3178 5514 3301 5573 530.

2039 5656 2061 5687 ⁸
2091 5656 2234 5711 Idem
2258 5659 2404 5723 cod.,
2436 5658 2499 5710 sit
2522 5658 2611 5711 illa
2626 5657 2873 5727 synodus.

2043 5728 2062 5758 ⁵
2085 5727 2231 5782 Idem
2258 5730 2403 5792 cod.,
2433 5728 2566 5781 sedis
2586 5727 2898 5797 apostolicis.

2042 5797 2063 5828 ‘
2094 5797 2148 5850 In
2179 5802 2305 5857 cod.
2326 5797 2446 5855 cod.
2479 5796 2627 5853 deest
2654 5799 2709 5853 τὸ
2735 5796 2843 5851 sed.
