3974 6330
393 337 492 390 (iiii

396 557 553 610 qnam
577 543 592 572 ¹
620 541 852 595 fatentur
881 553 942 592 ea
972 552 1090 606 qua:
1111 535 1178 590 ab
1195 535 1285 588 illa
1309 542 1435 588 sunt
1455 534 1524 589 de
1550 531 1654 588 ﬁde
1673 538 1866 586 Statuta
1893 527 1982 582 ﬁr-

399 649 604 696 masse;
632 648 749 685 cum
779 631 831 684 in
859 630 965 684 alia
992 638 1143 699 parte
1170 635 1445 698 gestorum
1473 641 1539 679 ex
1571 624 1765 694 quibus
1793 619 1982 677 eadem

399 725 624 792 epistola
663 724 886 778 recitata
929 733 1032 788 est,
1069 719 1368 776 inveniatur
1409 718 1550 788 quod
1591 717 1822 784 scriptor
1867 715 1984 784 ejus

401 814 518 869 Ibas
547 815 615 868 de
642 813 953 889 Nestoriana
985 813 1174 869 haeresi
1204 812 1364 867 fuerit
1391 809 1708 866 accusatus?
1728 808 1818 862 Sic
1838 809 1982 862 enim

401 913 736 959 accusatores
764 903 880 974 ejus
903 903 1148 959 dixerunt
1172 920 1187 958 :
1223 921 1242 955 ι
1271 900 1401 973 Quia
1428 899 1774 956 Nestorianus
1799 906 1904 962 est,
1931 907 1986 951 et

404 995 614 1048 beatum
649 995 901 1065 Cyrillum
947 994 1261 1064 episcopum
1304 993 1619 1047 haereticum
1651 989 1922 1059 appellat:
1960 1005 1978 1038 ι

404 1096 453 1139 et
479 1101 664 1140 rursus
697 1086 890 1140 ibidem
925 1086 1229 1140 continetur
1263 1102 1277 1139 :
1314 1102 1332 1134 ι
1375 1083 1548 1137 Maras
1580 1081 1752 1135 dixit:
1780 1081 1853 1134 De
1883 1079 1988 1133 ﬁde

407 1191 684 1230 movemus
733 1175 934 1244 prius,»
993 1160 1048 1231 et
1101 1174 1203 1252 alia
1257 1175 1490 1243 capitula
1543 1182 1663 1241 pust
1712 1188 1983 1227 movemus.

414 1284 432 1316 ι
466 1265 905 1320 Reverentissimi
940 1266 1176 1334 episc0pi
1210 1265 1454 1319 dixerunt
1482 1281 1496 1316 :
1531 1264 1594 1319 Et
1621 1264 1664 1318 si
1707 1262 1987 1332 prope-ui-

409 1372 528 1408 tnus
569 1356 741 1420 vobis,
796 1365 854 1410 ut
903 1356 1092 1412 horum
1145 1356 1307 1410 trium
1348 1355 1702 1425 capitulorum
1748 1352 1989 1420 probatio

410 1447 790 1514 subsequatur,
847 1462 951 1500 non
993 1461 1058 1500 ex
1103 1447 1205 1500 hoc
1240 1445 1638 1515 inquisitionem
1681 1443 1990 1509 negavimus

413 1538 760 1606 reliquorum.
795 1554 813 1589 ι
850 1537 1024 1592 Maras
1053 1538 1190 1593 dixit
1219 1553 1233 1589 ς
1270 1539 1341 1592 De
1372 1537 1477 1592 ﬁde
1509 1550 1785 1591 movemus
1821 1535 1986 1603 ptius.

415 1625 504 1679 llis
533 1641 661 1697 ergo
687 1635 741 1681 et
768 1625 1076 1698 bujusmodi
1109 1629 1364 1698 probatur
1395 1628 1535 1699 quod
1567 1629 1846 1698 episcopus
1875 1625 1992 1680 lbas

413 1717 479 1771 de
512 1719 615 1774 ﬁde
651 1735 811 1790 quam
865 1721 1095 1776 maxime
1137 1721 1296 1776 fuerit
1343 1730 1646 1775 accusatus.
1697 1718 1826 1774 Nam
1871 1732 1991 1786 pro-

417 1821 596 1878 pterea
639 1822 823 1867 contra
869 1829 990 1869 enm
1033 1823 1384 1868 memoratam
1426 1813 1704 1883 epistolam
1757 1811 1992 1880 protule-
2028 1815 2071 1873 Β
2100 1808 2294 1862 tniliter
2336 1824 2348 1859 :

418 1915 565 1960 runt.
611 1905 714 1959 Sed
767 1913 821 1959 et
867 1907 979 1973 ijsa
1025 1905 1246 1972 epistola
1299 1906 1435 1959 duas
1476 1913 1696 1958 naturas
1739 1911 1794 1957 et
1836 1917 1993 1955 unam

419 2009 702 2062 personam
739 1995 893 2050 unius
927 1995 1043 2050 Filii
1078 1994 1291 2050 Domini
1332 1995 1459 2051 .Icsu
1492 1994 1691 2050 Christi
1724 1993 1994 2062 praedicat,

420 2099 637 2157 propter
683 2090 820 2160 quod
864 2099 918 2146 et
950 2091 1190 2160 synodus
1232 2105 1348 2145 eam
1397 2090 1762 2160 pronuntiavit
1814 2089 1996 2143 ortho-

420 2179 617 2234 doxam
651 2198 667 2235 :
701 2180 842 2249 quod
877 2181 1098 2235 verbum
1152 2198 1257 2236 non
1306 2182 1590 2252 proferret,
1635 2183 1679 2236 si
1722 2197 1827 2236 non
1859 2188 2002 2234 esst

421 2271 536 2339 ejus
566 2270 636 2327 de
667 2270 769 2326 ﬁde
792 2273 1079 2326 sententia.
1115 2272 1313 2326 Verum
1346 2288 1448 2326 non
1474 2281 1556 2326 cst
1580 2285 1746 2340 quare
1773 2271 1858 2325 hic
1889 2285 2003 2322 am-

423 2363 560 2429 plius
608 2361 972 2418 demeremur.
1029 2361 1132 2432 Ipsi
1181 2379 1297 2417 eant
1353 2379 1458 2416 non
1501 2364 1678 2418 dicant
1730 2362 2000 2416 Nestoriu-

424 2469 569 2520 nam,
605 2463 660 2508 et
697 2471 801 2508 non
839 2464 1055 2524 putetur
1099 2455 1165 2509 ad
1193 2470 1408 2510 causam
1456 2455 1576 2509 ﬁdei
1625 2454 1908 2523 pertinere.
1939 2452 2000 2508 Si

427 2555 602 2598 autem
632 2545 943 2599 Nestoriana
977 2544 1192 2604 dit-itur.
1243 2546 1309 2601 de
1339 2545 1441 2601 ﬁde
1473 2546 1654 2616 utique
1682 2554 1964 2600 accusatur
1989 2563 1998 2594 :

429 2646 480 2690 et
501 2635 750 2706 quiajam
791 2648 1037 2707 susrepta
1067 2638 1258 2692 dicitur
1288 2653 1317 2692 a
1343 2649 1527 2694 sancta
1556 2639 1781 2708 :ynodo,
1814 2652 2003 2691 conse-

430 2736 654 2796 quenter
683 2737 735 2783 et
761 2746 787 2780 a
819 2728 972 2782 beato
1009 2727 1066 2782 L'
1089 2743 1191 2783 one
1221 2729 1414 2784 dicitur
1446 2744 1561 2782 esse
1591 2730 1818 2789 ﬁrmata.
1849 2744 2005 2797 quem

431 2833 535 2873 non
572 2829 766 2888 negant
796 2833 858 2873 ea
890 2833 1008 2888 qua:
1035 2820 1105 2874 ibi
1139 2819 1206 2873 de
1238 2819 1343 2874 ﬁde
1376 2829 1494 2873 sunt
1525 2829 1716 2872 statuta
1747 2820 2007 2872 lirmassc.

432 2908 565 2964 Nam
608 2910 652 2964 si
699 2917 754 2965 et
795 2910 922 2964 illud
955 2910 1034 2965 eis
1072 2910 1432 2976 concedatur,
1484 2911 1605 2979 quia
1657 2919 1850 2979 praeter
1883 2909 2006 2963 ﬁdei

433 3004 823 3074 deﬁnitionem,
859 3014 1053 3061 caetera
1087 3021 1204 3075 qua:
1235 3006 1287 3058 in
1321 3005 1405 3058 illa
1453 3004 1658 3075 synodo
1686 3016 1833 3073 geSta
1861 3011 2007 3066 sunt.

435 3113 533 3155 nec
575 3099 1004 3164 conﬁrmaverit,
1057 3114 1228 3168 neque
1273 3097 1607 3154 damnaverit
1639 3116 1651 3151 :
1685 3099 1764 3151 sic
1800 3111 2012 3167 quoque

1473 325 1766 383 FACUNDI
1799 321 2012 380 EPISC.
2057 311 2565 374 IIEBMIANENSIS

395 450 499 505 Iba:
528 449 849 504 sententiam
898 461 1003 502 non
1048 458 1168 501 esse
1206 459 1234 497 a
1284 443 1438 497 beato
1480 443 1656 496 Leone
1690 441 1974 502 Iirmatam,
2005 439 2054 496 Α
2081 445 2208 486 cura
2249 437 2429 484 nostra
2460 423 2620 488 ratio,

3553 289 3660 347 652

2663 433 2780 489 qua:
2823 431 2920 470 nos
2951 421 3130 468 tuetur
3162 425 3222 463 at:
3257 405 3431 461 ﬁrmat
3473 405 3666 459 adver-

2084 538 2176 580 sus
2220 533 2408 576 omnes
2457 510 2940 571 contradicentium
2994 503 3322 574 quaestiones
3353 518 3368 554 :
3403 510 3480 563 ut,
3529 497 3664 552 sicut

2085 613 2374 685 Apostolus
2397 610 2527 665 dicit
2554 605 2636 678 (ll
2676 603 2857 657 Thess.
2889 615 2946 662 tt,
2968 597 3054 667 2),
3087 611 3192 650 non
3223 593 3332 647 cito
3356 593 3670 646 moveamur

2085 723 2115 762 a
2134 682 2332 761 nostro
2361 715 2544 764 sensu,
2578 710 2753 764 neque
2782 700 3102 756 terreamur,
3143 686 3228 740 vel
3259 685 3303 738 si
3335 684 3511 738 minus
3540 682 3669 736 lnne

2087 809 2372 866 possumus
2415 793 2565 856 dire,
2613 792 2728 842 sive
2760 784 3003 852 accipere
3038 780 3327 839 rationem,
3367 791 3460 829 cur
3499 789 3670 845 syno-

2087 891 2190 944 dus
2223 884 2575 941 orthodoxam
2601 876 2878 949 judicavit.
2911 872 3094 941 Neque
3123 869 3265 924 enim
3298 876 3380 920 est
3408 867 3505 918 alia
3531 880 3658 917 icon,

2084 981 2330 1038 ciliorum
2371 974 2734 1031 faciendorum
2779 967 3006 1030 utilitas,
3053 977 3212 1032 quam
3246 969 3305 1014 ttt
3329 958 3470 1028 quod
3509 957 3672 1011 intel-

2094 1077 2234 1130 lectu
2279 1086 2384 1126 non
2414 1069 2674 1137 capimus,
2707 1078 2775 1118 ex
2801 1058 3118 1116 auctoritate
3146 1055 3454 1117 credamus,
3477 1061 3531 1106 et
3559 1051 3671 1105 sic-

2092 1164 2178 1218 ubi
2236 1161 2372 1216 ratio
2414 1159 2586 1212 utinus
2617 1153 2775 1208 nobis
2815 1149 3132 1214 occurrerit,
3178 1146 3312 1199 ﬁdes
3338 1157 3404 1198 ne
3436 1143 3670 1196 labatnur

2090 1257 2198 1311 cito
2229 1262 2530 1308 succurrat.
2575 1249 2707 1302 Nam
2753 1245 2797 1299 si
2839 1252 2962 1313 post
3006 1241 3280 1294 decretum
3327 1235 3673 1300 disceptarell

2092 1345 2339 1412 licuerit,
2386 1353 2444 1398 ut
2495 1341 2701 1395 dicatur
2735 1355 2750 1391 :
2781 1336 2932 1390 Prius
2991 1332 3247 1401 probetur
3303 1326 3528 1396 cpistola
3582 1326 3671 1378 illa

2092 1441 2231 1512 quod
2269 1451 2414 1494 recta
2445 1436 2535 1498 sit,
2566 1442 2623 1488 ut
2648 1430 2898 1486 credatur
2929 1428 3091 1481 fuisse
3135 1432 3415 1490 suscepta;
3464 1434 3566 1472 non
3595 1430 3678 1473 cst

2098 1511 2265 1602 quare
2307 1532 2416 1598 jam
2468 1523 2690 1581 concilia
2741 1528 3156 1590 congregemur,
3207 1529 3306 1569 nec
3357 1511 3676 1575 terminate,

2097 1627 2202 1680 imo
2231 1639 2328 1679 nec
2359 1618 2726 1677 terminabiles
2769 1615 3016 1668 dicantur
3058 1608 3407 1678 quaestiones,
3451 1618 3676 1673 quarum

2097 1715 2341 1786 probatio
2387 1725 2599 1779 semper
2629 1707 2883 1776 exigitur.
2915 1703 3020 1757 Cur
3053 1700 3196 1756 enim
3232 1713 3336 1752 non
3367 1696 3573 1750 dicatur
3601 1694 3679 1746 si-

2395 1804 2653 1859 I‘rnbetnr
2697 1801 2842 1869 prius
2889 1795 3027 1860 quod
3077 1794 3236 1848 unius
3279 1790 3528 1845 essentia:
3575 1787 3682 1841 sint

2101 1899 2261 1952 Pater
2300 1909 2362 1966 ac
2408 1895 2592 1957 Filius,
2644 1899 2701 1944 ut
2748 1889 2995 1942 etedatur
3041 1884 3142 1938 ltoe
3195 1881 3414 1937 Nicazno
3453 1877 3686 1933 concilio

2103 1990 2474 2050 terminatum;
2525 1996 2578 2042 et
2624 1983 2745 2053 quia
2797 1973 3268 2035 eonsubstantialis
3315 1982 3398 2028 est
3428 1969 3571 2025 Patri
3616 1984 3683 2023 ac

2106 2082 2243 2136 Filio
2273 2078 2502 2146 Spiritus
2535 2084 2772 2135 sanctus,
2825 2069 2946 2141 quia
2980 2086 3083 2124 non
3125 2067 3280 2122 aliter
3311 2065 3456 2120 credi
3509 2072 3685 2132 potest

2101 2174 2243 2243 quod
2294 2175 2393 2227 hoc
2444 2168 2681 2240 synodus
2722 2159 3313 2228 tonstantinopalilana
3364 2152 3684 2208 decreverit.

2105 2268 2276 2333 Atque
2330 2265 2400 2315 ita
2451 2255 2835 2330 quarstinnibus
2891 2252 3154 2308 universis
3189 2250 3241 2303 in
3287 2247 3504 2315 antiquo
3546 2255 3688 2297 statu

2105 2355 2470 2417 manentibus,
2523 2366 2628 2403 non
2676 2347 2847 2401 ειιιιιω
2900 2343 3030 2398 nihil
3062 2343 3386 2413 synodorum
3431 2337 3690 2390 constitu-

2107 2448 2338 2504 tionibus
2392 2445 2694 2499 absolututn
2749 2454 2870 2494 esse
2927 2437 3213 2498 videbitur,
3271 2433 3364 2487 sed
3410 2432 3568 2485 etiam
3617 2428 3690 2480 ad

2109 2537 2498 2612 perpetuandas
2550 2536 2673 2590 lites
2703 2531 3054 2602 tjttmstittttunt
3107 2527 3157 2578 in
3200 2527 3278 2579 eis
3309 2521 3560 2578 memoria
3598 2533 3695 2574 reo

2107 2644 2337 2688 servata.
2388 2630 2447 2682 Et
2478 2626 2598 2681 ideo
2640 2640 2745 2679 non
2794 2625 2934 2677 idem
2981 2621 3173 2674 modus
3203 2630 3326 2670 esse
3351 2614 3510 2669 debet
3535 2622 3700 2678 atque

2109 2725 2240 2780 ordo
2264 2719 2560 2793 qumrendi,
2607 2729 2724 2786 post
2751 2715 3118 2771 deﬁnitionem
3151 2709 3364 2763 concilii
3396 2707 3556 2760 totius
3589 2705 3702 2760 L‘c-
3730 2780 3733 2782 Π

2110 2815 2290 2870 etesia:
2333 2811 2692 2867 consensione
2734 2805 2949 2871 ﬁrmati,
2989 2801 3080 2873 qui
3122 2801 3220 2855 fuit
3265 2808 3390 2856 ante
3429 2797 3702 2850 deﬁnitio

2113 2921 2254 2960 nem.
2306 2905 2458 2958 Tunc
2506 2900 2647 2956 enim
2697 2898 2834 2954 ratio
2893 2895 3149 2974 poscebat
3198 2903 3253 2945 ut
3300 2891 3342 2943 si
3393 2887 3704 2942 orthodoxa

2113 2999 2427 3066 probaretur
2471 2993 2561 3046 illa
2617 2988 2864 3058 cpistola,
2916 2977 3637 3054 suscipi-udajudicaretur
3670 2996 3704 3033 a

2117 3087 2368 3162 synodo:
2405 3098 2544 3138 nunc
2589 3093 2767 3138 autem
2819 3080 2954 3133 ratio
3001 3077 3171 3146 poscit
3232 3085 3308 3142 ut,
3358 3076 3400 3128 si
3448 3082 3704 3143 suscepta

439 3209 546 3248 non
587 3195 926 3262 po‘uerunt"
953 3209 1102 3247 nova:
1133 3193 1418 3264 diligentiae
1464 3205 1769 3262 repertores
1807 3164 2010 3248 crimen
2041 3184 2086 3245 C
2123 3182 2384 3252 probetur
2427 3195 2457 3232 a
2490 3173 2716 3246 synodo,
2757 3171 3026 3241 jndicctur
3069 3166 3387 3222 orthodoxa.
3437 3164 3582 3218 IIanc
3606 3165 3714 3217 ob-

437 3286 752 3340 tcmeritatis
801 3285 1048 3348 evadere,
1094 3284 1184 3355 qui
1225 3292 1461 3339 statuere
1507 3284 1623 3340 ausi
1671 3293 1796 3338 sunt
1839 3292 1894 3338 et
1931 3283 2014 3337 di-

439 3389 560 3431 cere
593 3393 605 3427 :
640 3374 699 3431 Si
729 3375 849 3445 quis
879 3375 1010 3429 dicit
1050 3385 1249 3430 rectam
1278 3390 1400 3430 esse
1445 3375 1513 3430 ad
1558 3376 1742 3430 Maritn
1772 3377 1791 3405 ²
1817 3375 2018 3444 episto—

438 3469 563 3532 lam,
613 3477 706 3522 aut
733 3482 850 3523 eam
877 3467 1138 3533 defendit,
1182 3476 1234 3521 et
1282 3483 1385 3522 non
1418 3465 1832 3523 anatltematizat
1874 3483 2014 3531 eam,

441 3560 726 3614 anathema
779 3559 873 3614 sit.
932 3559 1061 3613 Nam
1111 3573 1228 3613 tam
1279 3559 1734 3614 Chalcedonensis
1786 3559 2023 3628 synodus

442 3658 644 3704 rectam
686 3646 837 3713 dicit,
881 3647 989 3703 Leo
1017 3647 1099 3702 vel
1127 3649 1171 3701 si
1199 3662 1304 3703 non
1331 3649 1630 3712 continuat,
1661 3661 1766 3702 non
1795 3648 2022 3702 anathe-

445 3739 663 3794 matizat
691 3754 807 3794 eam
842 3756 854 3792 :
889 3738 1190 3794 Anathema
1219 3737 1378 3807 igitur
1409 3738 1474 3793 ab
1508 3738 1623 3793 istis
1665 3753 1786 3794 cum
1817 3738 2025 3809 synodo

446 3833 870 3890 Chalcedonensi
897 3831 1068 3888 Iactus
1095 3842 1176 3888 est
1205 3831 1332 3886 Leo.

1069 3983 1297 4040 CAPUT
1327 3983 1388 4037 Υ.

450 4101 598 4172 Quod
629 4112 742 4173 post
773 4101 974 4173 decreta
1017 4097 1355 4173 conciliorum
1409 4096 1668 4173 disputare
1699 4096 2027 4173 non__liceat_,

510 4189 609 4227 nec
630 4166 874 4224 audiendi
903 4172 1002 4223 sint
1027 4167 1360 4238 Eutychiani,
1389 4169 1433 4221 si
1463 4168 1666 4220 concilii
1689 4167 1752 4219 de
1794 4166 1900 4220 Iba:
1925 4169 2034 4237 epi-

519 4245 650 4298 stola
679 4241 967 4310 deﬁnitioni
987 4241 1248 4294 resistant.

530 4374 634 4434 Sed
691 4374 814 4444 quia
864 4371 1108 4428 evidenti
1145 4385 1208 4426 ac
1261 4369 1537 4440 multiplici
1595 4371 2038 4425 documentorum

453 4468 793 4525 convictione
821 4471 1178 4519 monstratum
1206 4471 1309 4527 est,
1334 4462 1663 4517 mendaciter
1691 4461 1871 4530 negari
1896 4459 2038 4529 quod

2120 3272 2446 3329 servantiam
2488 3266 2814 3328 tenentibus,
2853 3262 2983 3317 nihil
3011 3260 3163 3315 nobis
3195 3257 3500 3328 prtcvalehit
3533 3258 3714 3307 luere-

2124 3370 2349 3424 ticorum
2409 3362 2703 3425 calliditas,
2766 3358 2810 3413 si
2866 3355 3104 3426 judicare
3159 3367 3265 3407 non
3325 3362 3720 3419 pra:sutnatuus

2127 3459 2267 3529 quod
2323 3456 2618 3524 intelligere
2663 3465 2768 3506 non
2796 3450 3054 3504 valemus.
3105 3446 3418 3512 Quanquam
3462 3440 3718 3495 nonnihil

2126 3549 2491 3607 intelleximus
2514 3547 2572 3600 δε
2601 3544 2964 3599 intelleximus
2992 3540 3133 3595 enim
3163 3534 3535 3593 hazreticorum
3557 3534 3718 3586 tran-

2135 3643 2256 3707 des,
2285 3652 2605 3707 erroresque
2646 3632 3038 3690 convincimus.
3072 3629 3186 3683 Non
3217 3642 3344 3696 ergo
3385 3639 3566 3693 parum
3597 3632 3717 3682 ειμι.

2140 3733 2282 3804 quod
2315 3729 2575 3785 veraciter
2602 3727 2925 3783 dedocemus
2955 3736 3218 3784 errorem,
3246 3717 3348 3772 etsi
3377 3719 3582 3786 plenam
3617 3715 3724 3766 do-

2139 3841 2264 3884 cere
2302 3840 2407 3879 non
2453 3834 2737 3892 possumus
2784 3817 3086 3870 veritatem.
3143 3812 3221 3866 Ad
3277 3809 3560 3865 Jeremiam
3614 3807 3724 3860 Do-

2135 3919 2312 3975 minus
2357 3913 2528 3970 dicit:
2565 3909 2698 3966 Ecce
2743 3907 2861 3961 dedi
2899 3905 3046 3962 verba
3098 3918 3214 3956 mea
3261 3903 3312 3953 in
3361 3915 3417 3953 os
3463 3907 3633 3961 tuum,
3681 3903 3735 3948 et

2137 4006 2374 4065 constitui
2402 4013 2449 4058 te
2478 4001 2630 4058 hodie
2656 4015 2807 4067 super
2835 4006 3029 4068 gentes,
3077 4003 3125 4048 et
3165 4007 3345 4064 regna,
3376 3988 3650 4044 erudirere
3680 3995 3737 4040 et

2135 4097 2383 4166 e/fodere,
2427 4104 2473 4148 et
2519 4089 2831 4160 disperdere,
2889 4097 2936 4140 et
2977 4082 3294 4150 recediftcare
3338 4089 3384 4132 et
3429 4077 3731 4148 τεριαηιατέ

2140 4165 2272 4259 (.Ier.
2305 4201 2344 4250 ι,
2377 4184 2490 4254 10).
2520 4182 2744 4238 .Iubetur
2773 4179 2949 4245 itaque
2979 4173 3233 4244 prepheta
3265 4169 3407 4239 prius
3431 4165 3727 4222 eradicare

2141 4291 2196 4338 et
2221 4279 2479 4343 effodere,
2527 4284 2582 4331 et
2607 4271 2919 4343 disperdere
2958 4283 3172 4325 errores
3212 4276 3376 4334 atque
3421 4260 3732 4322 mendacia,

2143 4383 2198 4430 et
2247 4369 2574 4427 reaediﬁcare
2609 4375 2662 4421 et
2701 4365 2944 4434 plantare
2994 4359 3276 4415 scientiam
3322 4365 3378 4410 et
3417 4354 3734 4409 veritatem.

2145 4467 2258 4522 IIoc
2291 4461 2587 4536 perlectum
2618 4469 2700 4513 est
2743 4470 2899 4523 opus,
2929 4463 2985 4508 et
3010 4453 3113 4506 iste
3154 4445 3527 4518 praedicatoris
3554 4456 3644 4500 est
3676 4447 3736 4497 ﬁ-

454 4561 734 4633 epistolam
757 4559 1081 4633 venerabilis
1106 4558 1212 4614 Iba:
1239 4556 1478 4628 synodus
1501 4556 1520 4588 ³
1552 4555 1916 4627 pronuntiavit
1951 4569 2039 4610 or—
2063 4578 2120 4640 Β
2149 4563 2231 4616 nis
2262 4579 2275 4613 ε
2302 4573 2462 4629 quem
2492 4556 2538 4610 si
2567 4569 2674 4609 non
2701 4552 2942 4607 valemus
2985 4549 3274 4617 attingere,
3303 4551 3513 4597 certum
3553 4552 3639 4595 est
3663 4551 3735 4595 ta-

459 4649 773 4722 tltodoxam,
804 4664 858 4711 et
895 4652 1054 4708 simul
1091 4649 1340 4722 apparuit
1367 4652 1510 4720 quod
1548 4665 1666 4705 eam
1707 4665 1807 4705 nec
1853 4649 2040 4705 beatus

426 4734 569 4800 'Leo
620 4747 991 4802 Nestorianam
1042 4743 1406 4814 judicaverit,
1460 4757 1582 4796 nam
1639 4741 1820 4812 procul
1879 4740 2042 4797 dubio

465 4843 623 4894 etiam
652 4837 931 4892 manifesta
958 4835 1227 4892 sententia
1250 4833 1660 4904 vehementique
1683 4833 2004 4888 damnaret"
2031 4850 2044 4885 ε

462 4930 660 4984 sufﬁcit
707 4929 860 4982 nobis
897 4927 963 4982 ad
994 4926 1368 4982 defensionem
1399 4923 1566 4994 ipsius
1608 4924 1869 4995 epistolm,
1910 4922 2051 4992 quod

465 5037 582 5076 eam
611 5030 755 5075 tanta
786 5018 1041 5089 synodus,
1071 5029 1125 5074 et
1154 5016 1326 5088 ipsius
1353 5025 1540 5072 auctor
1567 5017 1779 5088 synodi,
1817 5017 1897 5071 vir
1921 5031 2052 5084 apo-

467 5114 709 5180 sto‘icus,
754 5120 808 5166 et
844 5108 898 5164 in
941 5110 1186 5165 doctrina
1225 5107 1468 5175 veritatis
1509 5117 1618 5164 toto
1664 5109 1794 5164 orbe
1828 5108 2046 5162 notissi-

471 5220 608 5272 mus,
637 5202 967 5272 approbavit.
998 5201 1122 5256 IIaec
1151 5210 1230 5256 est
1260 5203 1429 5271 prima
1463 5210 1516 5256 et
1557 5200 1843 5256 immobilis
1866 5214 1927 5254 ac
1952 5213 2045 5254 se-

545 5376 571 5404 ι
601 5364 801 5436 Synodi
832 5364 1128 5433 cujusque,
1179 5370 1236 5416 ut
1283 5370 1366 5414 est
1410 5361 1548 5436 apud
1587 5361 1944 5436 Athanasium
1981 5360 2036 5412 in

472 5424 816 5508 apoloéiaiﬁ,
867 5424 1195 5508 inconcussa
1228 5441 1313 5508 est
1341 5424 1650 5508 aucioritas,
1695 5440 1749 5484 et
1788 5424 2036 5508 injuriant

475 5500 678 5578 synnd'o
722 5507 844 5564 facit
881 5505 974 5577 qui
1027 5519 1138 5559 rem
1176 5503 1467 5572 judicatatn
1513 5502 1703 5554 iterum
1745 5500 2036 5565 examinat,

551 5651 566 5680 ‘
597 5650 726 5704 Cod.
766 5647 982 5713 \‘eron.,
1013 5662 1181 5711 quem,
1213 5642 1416 5698 scilicet
1449 5641 1697 5695 Leonem.

554 5723 572 5751 ⁸
601 5721 743 5775 Idem
770 5719 916 5780 cod.,
946 5718 1151 5786 impiam
1190 5713 1474 5784 epistolam.
1517 5724 1520 5726 '
1547 5747 1554 5753 -
1595 5737 1614 5766 ,τ

547 5861 568 5882 ⁸
605 5859 683 5909 Att
717 5863 949 5926 po:erunt
979 5855 1003 5907 ?

2150 4669 2270 4707 men
2319 4665 2418 4705 nos
2446 4647 2650 4718 aliquid
2703 4643 2993 4713 incepisse.
3040 4639 3173 4693 Nam
3219 4635 3640 4696 eradicavimus,
3688 4643 3737 4686 et

2153 4741 2461 4805 eﬁodimus,
2510 4749 2564 4792 et
2585 4733 3002 4804 disperdidimus
3047 4727 3190 4798 quod
3242 4725 3651 4790 eratlieandum,
3689 4733 3740 4776 et

2155 4830 2512 4889 eﬁ‘odiendum
2535 4868 2551 4895 ,
2577 4838 2632 4884 et
2660 4822 3075 4894 disperdendnm
3103 4819 3232 4883 fuit;
3264 4826 3322 4871 et
3347 4815 3394 4878 si
3421 4817 3603 4869 minus
3625 4829 3740 4881 pos-

2155 4936 2340 4980 sumus
2383 4920 2544 4976 etiam
2578 4917 2906 4973 retudiﬁcare
2949 4922 3004 4967 et
3050 4909 3375 4977 replautare,
3429 4905 3753 4958 melioribus

2157 5016 2644 5077 haereservemus,
2689 5015 2744 5062 et
2781 5007 2949 5060 simus
2996 5002 3198 5056 interea
3243 4997 3464 5050 Patrum
3508 4996 3742 5048 auctori-

2156 5112 2260 5160 tate
2289 5102 2549 5159 contenti.
2597 5100 2704 5154 Sed
2745 5097 2872 5151 dicit
2925 5093 3120 5162 aliquis
3153 5107 3170 5143 :
3198 5089 3261 5142 Et
3297 5087 3544 5154 nunquid
3587 5085 3750 5153 Euty-

2151 5195 2360 5250 chianis
2417 5191 2796 5246 auctotitatem
2845 5185 3036 5258 synodi
3085 5179 3554 5236 Chalcedonensis
3599 5177 3748 5245 obje-

2136 5357 2433 5412 ’Λσάλευτον
2459 5354 2576 5426 ἔχει
2597 5357 2686 5410 τὴν
2708 5354 2867 5426 ἰφχὺγ
2893 5350 3075 5426 iniqvo
3112 5345 3489 5426 ovivod‘as,_zai
3510 5341 3749 5412 ἀτιμάζε-

2137 5451 2219 5484 ται
2247 5427 2271 5482 ὁ
2301 5415 2966 5500 κρίνκςξ-ἐάν.παρ’ῖῖτέρων
3045 5419 3208 5500 κρίσις
3236 5415 3546 5500 ἐρχέζηται.
3587 5419 3753 5500 Qualia

2143 5478 2542 5554 inusenie—nti'a'tn
2587 5478 2735 5562 plurzi
2768 5478 2956 5545 iterum
2993 5478 3276 5542 Facundus'
3303 5478 3396 5539 lib.
3427 5496 3524 5551 stt,
3554 5497 3672 5551 cap.
3695 5478 3752 5533 θ.

2248 5636 2267 5666 ³
2299 5635 2442 5690 Idem
2465 5632 2610 5697 cod.,
2636 5626 3057 5685 Chalcedonensis
3084 5623 3334 5695 synodus.

2246 5705 2268 5737 ⁸
2299 5706 2445 5760 Idem
2467 5704 2614 5766 cod.,
2644 5699 3060 5755 intellexerimus.

2250 5853 2288 5870 "
2315 5846 2494 5907 Forte,
2525 5845 2834 5897 damnasset.
