3974 6330
280 285 388 344 855

1124 290 1254 347 PRO
1296 285 1711 345 DEFENSIOXE
1751 286 1961 344 TRIUM
2003 288 2314 347 CAPITUL.
2359 288 2484 346 LIB.
2532 291 2590 345 V.

3450 295 3545 347 63's

281 415 469 459 cturus
500 416 575 467 es,
609 410 665 457 ut
692 417 758 457 cx
787 417 851 458 eo
882 402 1255 459 Nestorianam
1292 420 1396 460 non
1425 419 1547 460 esse
1574 406 1863 460 convincas
1896 407 1939 464 Α
1970 403 2198 474 Spiritus
2226 414 2443 460 sanctus
2490 418 2583 473 per
2612 405 2924 474 prophetam
2955 406 3140 463 dicens
3173 424 3185 461 :
3217 405 3344 462 Filii
3391 413 3545 464 alieni

282 496 563 567 epistolam
601 497 924 553 venerabilis
972 497 1100 563 Ihm,
1155 498 1296 569 quod
1341 514 1458 553 eam
1508 498 1861 553 orthodoxam

282 588 583 659 judicavit:
617 603 738 642 cum
786 588 908 644 inde
949 591 1128 660 potius
1179 591 1255 644 illi
1314 598 1661 645 memoratam
1709 604 1869 661 syno-

283 683 436 750 dum,
479 682 627 736 velut
671 682 1076 747 Nestorianam,
1119 683 1259 753 quod
1289 698 1407 737 eam
1449 683 1734 752 receperit,
1764 684 1870 739 cri-

282 776 596 831 minentur?
635 775 731 829 Ubi
784 776 1015 840 primum
1066 775 1387 842 respondeo,
1417 773 1670 844 quoniam
1704 774 1871 846 Euty—

280 870 492 925 chlanis
522 869 574 922 in
603 868 704 921 hoc
730 868 943 922 debitor
977 883 1082 921 non
1116 882 1253 921 sum.
1282 868 1398 921 Non
1425 869 1565 922 cnim
1596 882 1681 923 me
1710 870 1873 923 ratio-

284 964 369 1018 nis
394 964 527 1017 ordo
564 961 825 1030 pcrtnittit
855 971 912 1015 ut
938 960 1018 1015 eis
1043 961 1418 1030 respondeam,
1449 974 1546 1015 cur
1577 962 1644 1015 ita
1692 970 1871 1030 patres

286 1057 456 1110 nostri
499 1071 661 1124 super
713 1056 940 1125 epistola
982 1056 1314 1111 venerabilis
1365 1055 1467 1109 lba:
1511 1056 1870 1111 decreverint.

285 1148 449 1203 Prius
489 1158 570 1201 est
599 1147 743 1200 enim
777 1156 834 1201 ut
871 1148 1138 1221 fateantur
1180 1147 1491 1214 nobiscum,
1525 1147 1665 1217 quod
1710 1146 1871 1201 etiam

287 1237 520 1291 concilio
577 1237 849 1305 Epltcsino
903 1236 1169 1291 ﬁrmatum
1224 1238 1527 1305 docuimus,
1590 1237 1872 1292 Dominum

288 1340 532 1384 nostrum
583 1329 763 1383 Jesutn
812 1328 1088 1383 Christum
1145 1329 1197 1382 in
1247 1328 1453 1383 duabus
1508 1328 1715 1382 naturis
1756 1341 1875 1382 esse

287 1423 645 1483 credendum,
687 1422 755 1475 de
781 1435 890 1491 quo
918 1430 1001 1474 est
1041 1421 1180 1474 inter
1206 1434 1307 1475 nos
1336 1433 1496 1491 atque
1528 1420 1647 1475 illos
1679 1418 1877 1488 princi-

289 1512 429 1580 palis
459 1511 761 1576 dissensio;
816 1521 867 1564 et
898 1510 969 1564 ita
994 1511 1209 1566 demum
1242 1511 1361 1565 facti
1404 1511 1583 1575 amici,
1616 1509 1876 1565 rationem

285 1603 390 1658 sibi
432 1602 548 1657 dari
584 1603 853 1670 p0stule‘nt
881 1604 1088 1672 paterni
1121 1603 1331 1671 jud'icii.
1365 1604 1421 1658 Si
1457 1612 1638 1658 autem
1675 1602 1876 1657 inimici

294 1704 650 1762 permanent,
698 1702 753 1749 et
794 1702 1062 1763 praecepta
1113 1695 1205 1749 Dei
1251 1702 1624 1759 contemnunt,
1678 1694 1876 1749 sanctis

1971 494 2159 547 mentiti
2183 501 2303 547 sunt
2330 493 2457 547 mihi
2487 492 2653 563 (Psal.
2684 510 2809 560 xv",
2840 492 2953 565 46).
2988 496 3088 565 Qui
3118 499 3279 554 etiam
3307 501 3351 554 si
3376 500 3546 554 Evan-

1971 584 2110 653 gelio
2161 600 2266 640 non
2312 586 2649 649 resisterent,
2702 587 2769 641 de
2801 587 2905 641 illis
2936 596 3110 645 tamen
3140 604 3199 645 se
3224 605 3344 646 esse
3391 607 3542 647 mou-

1971 685 2205 732 strareut
2245 676 2312 733 de
2336 678 2528 747 quibus
2559 678 2815 747 scriptum
2856 689 2938 733 est
2971 698 2983 732 :
3020 680 3185 735 Deum
3214 700 3267 737 se
3295 684 3543 752 proﬁten-

1972 774 2054 829 tur
2082 775 2230 839 scire,
2258 775 2405 843 {actis
2427 781 2593 827 autem
2619 781 2807 841 negant
2831 771 2956 842 (Tit.
3008 788 3047 838 ι,
3096 774 3209 840 16).
3248 792 3267 825 ι
3298 773 3406 827 llac
3447 777 3547 846 igi-

1975 878 2059 922 tur
2090 868 2226 922 beati
2257 866 2456 921 Leonis
2501 867 2823 920 auctoritate
2856 876 3039 920 nostra
3087 868 3223 926 ratio
3259 868 3545 923 conﬁrma-

1975 969 2079 1023 tur,
2112 957 2252 1028 quod
2278 957 2552 1025 disputare
2586 973 2684 1012 nos
2713 971 2833 1011 cum
2866 957 3215 1027 Eutychianis
3236 959 3299 1013 de
3321 969 3543 1015 senten-

1975 1051 2043 1103 tia
2076 1064 2241 1118 super
2270 1048 2495 1118 epistola
2525 1048 2628 1103 lbze
2655 1049 2860 1117 prolata
2888 1049 3064 1102 nullus
3089 1049 3222 1104 ordo
3253 1052 3548 1120 permittat.

1975 1141 2180 1195 Deinde
2210 1142 2478 1210 quomodo
2525 1141 2607 1197 vel
2655 1141 2753 1208 ipsi
2805 1140 3082 1196 nobiscum
3131 1153 3380 1212 quaerunt
3423 1159 3555 1198 con-

1977 1233 2217 1300 tendere,
2260 1240 2316 1287 et
2346 1247 2599 1287 accusare
2630 1243 2869 1286 sanctam
2900 1233 3186 1302 synodum,
3242 1234 3384 1303 quod
3430 1250 3548 1290 sus-

1976 1325 2179 1394 ceperit
2208 1325 2488 1392 epistolam
2532 1339 2649 1393 quae
2682 1324 3028 1391 incongruam
3058 1324 3123 1379 de
3154 1325 3311 1380 beato
3350 1328 3551 1396 Cyrillo

1978 1416 2337 1486 suspicionem
2386 1415 2466 1469 sui
2512 1416 2893 1484 conscriptoris
2940 1416 3197 1480 continet,
3252 1416 3354 1470 nisi
3405 1417 3552 1485 prius

1981 1508 2168 1563 falsam
2214 1522 2333 1563 esse
2362 1508 2714 1562 conﬁteantur
2743 1508 2983 1563 eamdem
3033 1510 3391 1576 suspicionem
3425 1510 3549 1570 lba-,

1980 1615 2082 1671 qua
2132 1598 2337 1669 putavit
2366 1599 2582 1654 beatum
2629 1598 2884 1668 Cyrillum
2940 1599 2989 1651 in
3036 1598 3241 1654 duabus
3280 1599 3550 1655 Christum

1984 1707 2208 1761 negasse
2240 1691 2489 1745 naturis?
2521 1690 2672 1744 Tunc
2697 1692 2839 1744 enim
2869 1699 3120 1760 poterunt
3146 1692 3213 1746 de
3243 1691 3438 1760 injusta
3472 1710 3558 1747 re-

297 1783 518 1838 I’atrum
540 1784 938 1840 delinitionibus
968 1786 1301 1850 resistentes,
1333 1785 1661 1854 chpiciendi
1701 1798 1764 1839 ac
1791 1799 1874 1839 re-
1911 1784 1952 1843 Β
1982 1783 2338 1851 prebensione
2365 1781 2507 1837 beati
2535 1780 2719 1851 Cyrilli
2750 1781 2893 1835 illam
2925 1783 3206 1850 epistolam
3251 1784 3551 1842 criminari.

294 1878 529 1945 pellendi
580 1886 741 1945 sunt,
790 1877 1043 1948 quoniam
1093 1878 1401 1948 importune
1444 1886 1695 1948 quaerunt
1737 1877 1879 1932 illius

289 1983 475 2025 Causae
504 1986 599 2039 per
625 1985 723 2024 nos
763 1970 982 2039 adipisei
1027 1972 1288 2037 uetitiam,
1332 1986 1489 2039 qttam
1525 1971 1655 2027 solis
1696 1971 1881 2027 amicis

291 2058 484 2114 deberi
537 2060 591 2113 in
649 2060 939 2129 Evangelia
993 2060 1250 2115 Dominus
1297 2059 1468 2114 dicit:
1512 2058 1641 2125 Vos,
1685 2060 1876 2128 inquit,

290 2150 450 2203 amici
494 2150 591 2203 mei
632 2150 771 2217 estis,
802 2151 846 2202 si
884 2151 1103 2220 feceritis
1147 2166 1262 2219 qua:
1310 2166 1401 2222 ego
1435 2150 1674 2220 praecipio
1720 2149 1879 2204 vobis.

290 2239 418 2296 Jam
444 2258 544 2295 non
572 2244 685 2295 dico
714 2259 797 2295 vos
839 2259 1027 2307 servos,
1073 2243 1195 2312 quia
1237 2259 1412 2297 servus
1461 2243 1618 2296 nescit
1650 2242 1775 2313 quid
1802 2242 1883 2312 fa-

293 2332 399 2385 ciat
425 2331 665 2385 dominus
694 2334 826 2403 ejus.
881 2332 977 2386 l'os
1014 2342 1179 2386 autem
1225 2333 1336 2386 dimi
1371 2334 1582 2397 amicos,
1620 2335 1740 2403 quia
1771 2349 1881 2388 ont-

294 2422 383 2475 nia
414 2440 525 2491 qua?
562 2423 733 2475 audivi
771 2441 803 2476 a
844 2421 997 2477 Patre
1037 2439 1170 2491 meo,
1205 2432 1325 2476 nota
1371 2424 1473 2492 feci
1519 2424 1655 2476 vobis
1701 2422 1880 2491 (Joatt.

299 2531 395 2579 xv,
430 2512 539 2585 id).
594 2514 709 2568 Non
756 2528 885 2584 ergo
913 2516 1138 2571 debetur
1187 2516 1386 2582 peccati
1420 2517 1602 2571 servis
1638 2527 1691 2570 et
1739 2531 1883 2585 pra:-

300 2614 463 2673 ccpta
508 2605 600 2659 Dei
651 2606 1030 2674 spernentibus
1074 2606 1274 2675 paterni
1304 2607 1512 2661 consilii
1541 2608 1696 2671 ratio,
1726 2609 1811 2662 vel
1840 2607 1883 2661 si

295 2712 327 2751 a
354 2697 512 2751 nobis
539 2711 657 2751 eam
686 2696 992 2766 importune
1030 2708 1190 2768 atque
1230 2706 1558 2767 pra'posterc
1602 2698 1702 2752 sibi
1733 2697 1885 2767 ﬂagi-

293 2796 415 2842 tent
443 2788 583 2842 dari.
614 2789 703 2844 Sic
731 2790 874 2844 cn'm
908 2805 1007 2845 nos
1036 2792 1223 2846 Petrus
1274 2792 1551 2861 apostolus
1571 2789 1633 2860 ⁷(1
1651 2789 1797 2846 Petr.
1831 2807 1914 2854 tu,

298 2879 392 2948 15)
442 2888 658 2947 paratos
691 2894 814 2934 esse
849 2880 1002 2949 jubet
1039 2883 1105 2935 ad
1144 2882 1578 2950 respondendum
1610 2884 1756 2937 omni
1796 2897 1891 2951 po-

296 2974 471 3028 scenti
504 2990 602 3028 rtus
637 2974 899 3028 rationem
930 2974 995 3028 de
1027 2974 1131 3028 ﬁde
1160 2984 1213 3029 et
1244 2989 1337 3043 spe
1366 2989 1485 3043 quae
1512 2977 1565 3027 in
1597 2975 1751 3028 nobis
1783 2982 1886 3039 est,

296 3081 357 3125 ut
380 3069 450 3123 ad
480 3068 655 3140 ipsum
688 3072 948 3140 pertineat
993 3072 1329 3140 apparatum,
1362 3069 1502 3139 quod
1541 3069 1737 3124 Paulus
1766 3083 1889 3124 coa—

1982 1886 2109 1931 tuuc
2156 1876 2348 1929 merito
2375 1874 2442 1930 de
2469 1874 2634 1943 ipsius
2678 1873 2882 1943 injuriis
2932 1874 3106 1944 queri,
3159 1875 3204 1930 si
3236 1889 3339 1929 non
3372 1886 3421 1929 ct
3459 1876 3559 1945 ipsi

1981 1983 2100 2021 cum
2129 1965 2385 2035 praedicto
2423 1965 2510 2019 lba
2536 1965 2737 2029 dicant,
2768 1966 2905 2032 quod
2932 1981 3086 2019 unam
3120 1966 3318 2041 Christi
3360 1968 3557 2034 przrdi-

1981 2058 2186 2114 caverit
2212 2072 2334 2112 esse
2366 2066 2628 2110 naturam.
2684 2056 2935 2125 Alioquin
2965 2057 3210 2112 eumdem
3239 2063 3562 2116 reverentis-

1983 2154 2175 2208 simum
2207 2153 2347 2206 lbam
2380 2152 2447 2207 de
2480 2152 2899 2221 reprehensione
2930 2153 3064 2207 falsa
3092 2154 3307 2222 culpare
3333 2172 3438 2211 non
3464 2173 3553 2224 po-

1986 2249 2199 2296 terunt:
2232 2242 2334 2296 nisi
2366 2241 2502 2294 forte
2535 2241 2689 2296 nobis
2722 2243 3093 2309 persuadeant,
3128 2255 3181 2299 et
3210 2246 3420 2301 beatum
3454 2250 3557 2319 (Zy-

1985 2334 2161 2388 rillum
2219 2347 2375 2387 unam
2432 2331 2629 2386 Christi
2675 2346 2741 2387 ex
2771 2332 3068 2389 divinitate
3127 2346 3182 2390 et
3232 2337 3561 2393 humanitati

1985 2428 2331 2496 compositam
2387 2426 2705 2495 praedicasse
2756 2436 3042 2495 naturam,
3095 2438 3149 2482 et
3201 2430 3560 2485 orthodoxum

1985 2521 2129 2577 Ibam
2161 2520 2260 2574 hoc
2290 2535 2393 2575 non
2426 2520 2672 2574 debuisse
2695 2520 2931 2588 culpare,
2980 2522 3122 2589 quod
3155 2522 3331 2575 omnis
3367 2523 3556 2579 Eccle-

1987 2613 2065 2667 sia
2094 2613 2381 2667 couﬁtetur
2409 2627 2530 2667 csse
2559 2612 2846 2680 culpabile.
2879 2612 3067 2667 Cernis
3098 2616 3274 2683 igitur,
3309 2616 3560 2683 religiose

1989 2705 2258 2774 princeps,
2301 2705 2366 2759 ad
2416 2706 2576 2773 hujus
2619 2705 2859 2775 epistola:
2903 2706 3269 2763 defensionem
3318 2710 3564 2764 sufficere

1989 2799 2145 2853 nobis
2188 2799 2241 2852 in
2276 2799 2531 2868 prasenti
2582 2808 2842 2867 tempore,
2890 2801 3030 2869 quod
3063 2816 3179 2854 eam
3220 2803 3564 2869 probavimus

1991 2890 2347 2946 orthodoxam
2377 2906 2406 2944 a
2430 2891 2967 2961 synodojudicatam,
2992 2908 3091 2947 nec
3117 2910 3144 2947 a
3178 2894 3331 2949 beato
3362 2894 3560 2960 Leone,

1991 2979 2131 3035 sicut
2182 2979 2500 3051 ﬁngebatur,
2550 2982 2851 3051 expulsam,
2899 2983 2991 3039 sed
3027 2985 3201 3053 potius
3239 3000 3360 3040 cum
3388 2989 3565 3043 omni-

1992 3070 2093 3125 bus
2123 3086 2243 3141 qua:
2272 3071 2344 3126 ibi
2380 3079 2505 3125 sunt
2540 3071 2609 3126 de
2653 3072 2758 3127 ﬁde
2799 3082 2993 3127 Statuta
3043 3075 3329 3131 ﬁrmatam.
3363 3078 3567 3147 Quam-

299 3162 546 3231 postulus
570 3162 687 3230 ejus
714 3172 891 3216 monet
920 3160 1142 3233 (Colon.
1180 3178 1252 3228 tv,
1297 3160 1378 3229 6),
1421 3171 1477 3214 ut
1506 3163 1738 3216 sciamus
1762 3176 1892 3231 quo.
1920 3141 1964 3203 (ἶ
1995 3162 2179 3218 obrem
2212 3163 2408 3218 sufﬁcit
2434 3163 2606 3230 nobis,
2636 3173 2693 3217 ut
2720 3164 2917 3219 dictum
2950 3177 3052 3233 est,
3087 3166 3274 3224 horum
3308 3141 3418 3226 sola
3449 3189 3569 3241 pro-

303 3252 475 3305 modo
502 3264 747 3321 oporteat
794 3266 892 3305 nos
940 3252 1226 3320 unicuique
1275 3251 1621 3320 respondere.
1653 3250 1895 3308 Scientes

302 3345 473 3416 igitur
501 3344 771 3412 quomodo
800 3355 1049 3412 oporteat
1079 3359 1175 3399 nos
1206 3343 1492 3412 unicuique
1540 3343 1890 3412 respondere,

300 3438 540 3492 dicimus
583 3447 640 3492 ut
682 3438 825 3507 prius
867 3436 938 3491 illi
970 3437 1249 3492 nobiscum
1278 3437 1347 3493 de
1391 3436 1734 3491 confessione
1764 3436 1895 3491 dua-

302 3548 429 3587 rum
474 3544 783 3585 naturarum
815 3530 1013 3585 Christi
1065 3529 1411 3594 conveniant,
1461 3544 1582 3597 qua:
1618 3536 1711 3582 aut
1757 3528 1891 3592 sola,

305 3632 400 3676 aut
433 3622 665 3674 maxima
708 3618 1063 3673 dissensionis
1091 3626 1176 3673 est
1203 3632 1361 3673 causa
1382 3634 1396 3684 ;
1420 3626 1475 3671 et
1507 3626 1631 3672 tunc
1660 3617 1892 3681 residua,

304 3719 590 3765 reservato
619 3708 830 3775 ordine,
877 3709 1237 3777 requirentur.
1286 3706 1417 3762 Nam
1465 3716 1716 3762 manente
1760 3706 1896 3760 inter

306 3819 414 3860 nos
462 3805 555 3857 illa
608 3804 932 3873 quaestione,
979 3802 1099 3873 quis
1144 3817 1251 3857 non
1292 3810 1384 3855 aut
1432 3800 1757 3869 superﬂuum
1805 3806 1898 3853 aut

308 3902 700 3964 prmposterum
742 3892 966 3961 judicet,
1009 3894 1052 3946 si
1103 3907 1224 3947 cum
1273 3892 1376 3945 illis
1420 3891 1490 3946 de
1517 3891 1707 3962 synodi
1738 3905 1898 3959 super

310 3985 536 4055 epistola
570 3985 673 4039 lbtc
695 3985 960 4040 sententia
990 3984 1365 4050 disputemus?
1397 3982 1531 4038 Hinc
1562 3983 1749 4037 beatus
1789 3982 1897 4037 Leo

309 4092 435 4132 cum
468 4076 670 4144 legatos
702 4077 967 4144 expetitos
1007 4076 1247 4142 Augusto
1292 4075 1453 4129 Leoni
1485 4075 1811 4130 directurum
1838 4088 1898 4130 se

311 4167 673 4236 promineret,
725 4167 799 4219 ait
829 4165 1019 4236 (Epist.
1044 4163 1138 4233 78)
1170 4184 1181 4217 :
1222 4184 1239 4215 t
1271 4166 1575 4221 Prmnoscat
1603 4166 1762 4235 igitur
1790 4167 1901 4235 pie-

312 4270 397 4311 tas
420 4266 535 4318 tua,
566 4258 889 4311 venerabilis
920 4259 1229 4326 imperator,
1265 4256 1362 4311 hos
1390 4272 1522 4326 quos
1552 4258 1792 4326 Spondeo
1819 4258 1901 4313 di-.

314 4348 590 4416 figendos,
640 4361 747 4400 non
792 4346 859 4400 ad
903 4347 1297 4415 conﬂigendum
1329 4362 1449 4402 cum
1477 4348 1721 4401 hostibus
1752 4348 1894 4413 ﬁdei,

317 4453 418 4493 nec
458 4438 526 4492 ad
575 4438 890 4493 certandum
938 4446 1124 4491 contra
1170 4437 1306 4492 ullos
1355 4453 1382 4491 a
1426 4437 1555 4494 sede
1608 4438 1896 4507 apostolica

1998 3252 2159 3308 batio.
2210 3253 2485 3324 Siquidem
2518 3270 2692 3324 neque
2737 3256 3031 3312 catholicus
3066 3262 3348 3330 quisquam
3397 3274 3571 3332 potest

1999 3354 2157 3401 tautae
2195 3347 2384 3418 synodi
2416 3347 2717 3402 auctoritati
2768 3350 3039 3413 resistere,
3094 3368 3267 3419 neque
3310 3369 3405 3407 nos
3436 3358 3570 3408 ratio

1997 3436 2124 3490 sinit
2151 3452 2270 3491 cum
2303 3437 2668 3507 Eutychianis,
2720 3437 2913 3492 nedum
2957 3441 3094 3494 inter
3136 3457 3253 3507 nos,
3293 3444 3568 3512 t‘rincipaii

1998 3527 2293 3596 quaestione
2317 3528 2481 3593 ﬁnita,
2511 3528 2579 3583 de
2601 3530 2860 3583 sententia
2888 3544 3050 3599 super
3067 3532 3293 3598 epistola
3324 3533 3425 3588 lba:
3451 3552 3572 3606 pro-

1999 3624 2101 3674 lata
2149 3620 2438 3689 conﬂigere
2470 3638 2483 3674 :
2517 3622 2746 3677 maxime
2797 3623 2921 3691 quia
2968 3626 3222 3694 conqueri
3268 3626 3335 3681 de
3382 3628 3570 3698 injuria

2000 3713 2138 3768 beati
2165 3712 2348 3783 Cyrilli
2380 3726 2483 3767 non
2507 3722 2796 3783 potuerunt
2826 3714 2865 3780 ¹,
2897 3730 3055 3784 quam
3081 3717 3145 3770 ad
3176 3717 3424 3773 invidiam
3458 3737 3571 3774 ma-

1997 3816 2116 3871 gna:
2142 3801 2331 3872 synodi
2363 3802 2546 3857 dolere
2576 3817 2635 3857 se
2663 3802 2891 3872 ﬁngunt,
2919 3805 3018 3859 nisi
3049 3807 3195 3873 prius
3218 3823 3340 3864 eum
3374 3810 3575 3867 fateatv

2002 3901 2086 3947 tur
2118 3892 2171 3946 in
2202 3892 2409 3947 duabus
2435 3891 2703 3948 Christum
2747 3895 3071 3963 praedicasse
3107 3899 3331 3952 naturis.
3377 3900 3574 3954 Verum

2003 3984 2084 4038 his
2126 4000 2244 4051 qua:
2296 3984 2518 4039 dicenda
2563 3984 2775 4038 fuerant
2814 3985 3167 4055 sufﬁcienter,
3217 3998 3275 4043 ttt
3325 3991 3577 4059 arbitror,

2000 4074 2301 4142 explicatis,
2344 4083 2399 4128 et
2441 4073 2508 4128 ab
2551 4075 2706 4143 hujus
2748 4076 2989 4144 epistola
3038 4077 3374 4136 discussione
3421 4084 3579 4152 longe

2001 4166 2232 4235 repulsis
2283 4167 2555 4222 ltazreticis
2598 4186 2609 4220 :
2657 4169 2779 4237 quia
2830 4185 2922 4238 per
2976 4173 3346 4241 suhrcptioncs
3396 4192 3578 4230 eorum

2003 4259 2168 4312 multa
2198 4257 2321 4311 vitia
2353 4268 2479 4311 sunt
2509 4259 2684 4313 eidem
2709 4261 2948 4328 epistola:
2974 4260 3106 4316 false
3135 4275 3292 4331 atque
3319 4266 3581 4319 fallaciter

2004 4350 2258 4417 imputata
2292 4364 2306 4401 :
2339 4348 2438 4402 hac
2478 4351 2800 4406 necessitate
2847 4353 3179 4420 compulsus,
3242 4354 3577 4409 instructioni

2007 4441 2351 4507 parvulorum
2398 4450 2739 4505 nostrorum,
2793 4456 2860 4496 ne
2909 4444 3337 4496 scandalizentur
3376 4445 3426 4497 itt
3460 4446 3580 4497 tali-

317 4533 693 4600 profecturos:
720 4531 843 4600 quia
884 4530 950 4585 de
997 4532 1154 4585 rebus
1200 4530 1340 4600 apud
1388 4530 1619 4585 Nicaeam
1672 4538 1727 4586 et
1764 4530 1903 4599 apud
1932 4515 1983 4576 Ῑ)
2010 4530 2128 4594 bus,
2164 4545 2266 4584 non
2300 4530 2450 4600 quasi
2482 4531 2698 4599 grandis
2724 4541 2780 4584 ut
2820 4531 2948 4596 Leo,
2982 4532 3073 4583 sed
3109 4534 3247 4585 inter
3276 4533 3393 4585 illos
3421 4548 3482 4600 gr
3518 4552 3578 4586 n-

318 4624 743 4687 Cltalcedonem,
783 4622 926 4678 sicut
974 4623 1083 4678 Deo
1132 4622 1352 4691 placuit,
1400 4622 1656 4689 deﬁnitis,
1703 4622 1904 4676 nullum

321 4716 588 4769 audemus
615 4715 749 4773 inire
779 4722 1082 4776 tractatum,
1111 4722 1359 4781 tauquam
1398 4712 1556 4767 dubia
1582 4713 1663 4767 vel
1697 4712 1903 4767 inﬁrma

320 4808 431 4860 sint
460 4821 581 4873 qua:
624 4815 769 4858 tanta
801 4820 895 4871 per
939 4804 1197 4872 Spiritum
1244 4813 1483 4858 sanctum
1522 4805 1633 4858 fixit
1672 4806 1906 4859 auctori-

319 4906 427 4953 tas.
475 4897 817 4951 lnstructioni
848 4905 1026 4951 autem
1077 4898 1418 4965 parvulorum
1452 4908 1780 4963 nostrorum,
1818 4900 1907 4967 qui

320 4997 447 5059 post
478 4989 629 5043 lactis
658 4988 987 5054 alimoniam,
1027 4988 1149 5042 cibo
1189 4988 1500 5043 desiderant
1538 4989 1795 5043 solidiore
1824 5003 1909 5043 sa-

316 5081 476 5141 tiari,
506 5078 791 5133 ministerii
835 5079 1003 5133 nostri
1047 5079 1349 5159 prmsitliutn
1384 5094 1488 5132 non
1530 5095 1822 5148 negamus:
1858 5089 1912 5135 et

312 5172 468 5225 sicut
515 5169 874 5240 simpliciores
907 5187 1012 5225 ttott
1054 5171 1381 5239 spernimus,
1426 5172 1494 5223 ita
1548 5188 1575 5224 a
1620 5171 1910 5225 rebellibus

317 5262 599 5316 nauticis
652 5259 1008 5327 abstinemus,
1062 5276 1328 5315 memores
1373 5263 1624 5331 praecepti
1657 5262 1908 5315 dominici

310 5356 558 5411 dicentis
590 5374 601 5407 :
638 5354 811 5409 Nolite
841 5368 1071 5408 sanctum
1108 5356 1234 5408 dare
1280 5356 1511 5419 canibus,
1562 5372 1719 5424 neque
1763 5356 1911 5408 mise-

311 5448 441 5503 ritis
491 5450 798 5517 margaritas
844 5460 1034 5502 vestras
1080 5459 1198 5502 ante
1239 5466 1419 5518 porcos
1466 5450 1679 5521 (Matth.
1729 5452 1910 5517 attuli).

312 5537 504 5594 Nimis
544 5539 737 5606 quippe
766 5538 1068 5609 indignum,
1105 5538 1370 5609 nimisque
1398 5541 1651 5611 injustum
1684 5551 1785 5606 est,
1820 5557 1913 5595 eos

324 5629 405 5683 ad
441 5628 746 5682 libertatem
788 5629 1191 5698 disceptationis
1220 5631 1446 5703 adtttitti,
1480 5650 1613 5705 quos
1644 5633 1910 5705 signiﬁcat

401 5758 420 5792 ⁸
455 5758 590 5814 Cod.
625 5757 845 5829 Veron.,
878 5773 1127 5830 poterunt.

2010 4623 2303 4687 diusculus,
2350 4622 2627 4677 ministerii
2656 4624 2698 4687 ',
2729 4624 2976 4690 quoniam
3006 4632 3059 4674 et
3096 4623 3195 4676 hoc
3244 4625 3354 4691 ipse
3403 4627 3584 4680 Iunius

2010 4712 2119 4766 Leo
2156 4712 2447 4777 concessit,
2499 4726 2604 4785 non
2652 4726 2787 4780 nego
2830 4713 3358 4783 quantulumcunque
3405 4719 3584 4784 praesi-

2012 4804 2154 4858 dium
2189 4822 2200 4857 :
2228 4804 2328 4857 sub
2356 4804 2456 4858 hac
2484 4803 2794 4859 conditione
2828 4805 3109 4869 duntaxat,
3143 4814 3199 4860 ttt
3225 4824 3326 4860 non
3362 4808 3413 4861 in
3443 4826 3583 4871 mea,

2012 4912 2169 4967 quam
2214 4894 2518 4950 redditurus
2548 4911 2689 4961 sum,
2721 4895 2930 4949 ratione
2974 4896 3224 4951 meritum
3252 4913 3427 4953 causa:
3458 4914 3587 4954 con-

2015 4989 2252 5053 stituam,
2302 4997 2460 5056 quam
2508 4986 2748 5055 profecto
2794 4987 3043 5055 pervides
3082 4992 3443 5057 terminatam,
3497 4997 3587 5047 sed

2016 5080 2191 5145 potius
2218 5079 2269 5131 in
2293 5080 2609 5132 auctoritate
2640 5094 2847 5146 tt‘tagna:
2876 5080 3088 5148 synodi,
3117 5097 3273 5149 quam
3309 5082 3447 5137 inter
3480 5084 3559 5137 lue

2018 5172 2302 5226 reticorum
2337 5172 2527 5225 ﬂuctus
2567 5187 2629 5223 ac
2655 5172 2917 5227 turbines.
2969 5174 3110 5226 sicut
3149 5191 3397 5230 ancoram
3432 5178 3589 5230 habe-

2019 5280 2135 5317 mus
2178 5266 2369 5317 attitnm
2410 5273 2573 5317 tutam
2614 5273 2666 5315 ct
2695 5265 2921 5318 ﬁrmam.
2972 5266 3101 5318 lluic
3134 5284 3261 5333 ergo
3304 5283 3398 5319 nos
3430 5270 3589 5321 devo-

2020 5357 2160 5412 tione
2190 5366 2348 5425 atque
2397 5357 2695 5411 obedientia
2749 5359 3058 5427 religttttrs,
3107 5360 3313 5425 objecta
3367 5359 3592 5423 primum

2024 5450 2411 5504 oblatrantibus
2459 5450 2599 5503 mole
2632 5460 2864 5517 paterna:
2894 5450 3193 5509 sentcntiae,
3244 5463 3401 5514 quam
3432 5462 3594 5517 super

2023 5557 2070 5609 c,
2093 5541 2247 5594 istola
2295 5556 2436 5608 smpe
2478 5541 2621 5595 dicta
2671 5542 2928 5607 prolatam
2957 5539 3258 5602 docuimus,
3288 5541 3336 5590 in
3369 5540 3597 5605 quodam

2023 5632 2385 5703 placidissimo
2428 5631 2547 5685 ﬁdei
2598 5641 2749 5699 portu
2800 5645 2973 5683 causa:
3019 5630 3277 5686 rationem
3322 5629 3406 5684 vel
3452 5630 3599 5692 iuve-

2094 5765 2113 5794 '
2148 5763 2296 5822 Idem
2325 5764 2470 5828 ωτι,
2500 5765 2711 5817 ministri
2740 5763 2853 5815 mei.
