3974 6330
479 346 582 401 655

1566 337 1861 396 FACUNDI
1899 333 2111 395 EPlSC.
2154 327 2657 389 HERMIANENSIS

3639 319 3728 375 656

479 467 723 523 niendam
770 477 1095 537 quazranius,
1144 463 1225 516 vel
1257 459 1621 516 ostendamus
1652 459 1919 513 inventam
1952 468 1967 506 :
2002 459 2059 507 ut
2091 453 2139 513 Λ
2169 447 2311 503 niam
2336 460 2454 501 eam
2482 440 2741 514 judicavit
2760 437 3110 493 orthodoxam
3142 454 3154 489 :
3187 435 3329 507 quod
3352 436 3407 491 in
3436 434 3596 505 hujus
3615 451 3729 504 opo—

480 561 617 633 quod
651 560 754 616 (ide
784 558 1040 621 creditur,
1083 556 1244 611 etiam
1277 552 1635 623 intelligentia
1674 554 2051 618 cognoscatur,

480 666 582 704 non
613 665 767 719 posse
788 649 932 718 justc
959 645 1278 715 reprehendi
1310 659 1562 714 magnam
1594 640 1881 712 synodum,
1914 650 2050 705 quo-

2166 539 2240 594 ῑὶι
2288 537 2575 602 divisione,
2628 531 2814 587 ultimo
2871 530 2990 585 loco
3036 542 3132 583 nos
3180 527 3523 597 promisimus
3566 537 3731 581 ostra.

2170 644 2347 686 δυνος.

481 720 3718 766 __________________________._____________—_

1655 798 2005 889 LIBER
2080 786 2573 877 SEXTUS.

986 970 1212 1027 CAPUT
1254 966 1540 1024 PRIMUM.

480 1082 627 1147 Quod
659 1082 882 1152 synodus
918 1077 1350 1152 ChalcedonenSis
1380 1077 1652 1150 epistolam
1700 1073 1811 1152 Iba;
1838 1088 2059 1152 pronun-

548 1145 1044 1206 tians'orthodoxam
1069 1163 1200 1205 recte
1218 1145 1489 1222 judicarit,
1515 1158 1558 1201 et
1583 1162 1744 1222 sacra:
1775 1145 2059 1212 Scriptura:

546 1239 737 1276 morem
771 1232 942 1274 secuto
980 1224 1065 1287 sit,
1097 1217 1494 1287 qure'demultis
1521 1233 1584 1271 ea:
1624 1217 1819 1283 majore
1850 1230 1911 1267 ac
1954 1228 2061 1266 me-

548 1295 673 1347 liore
694 1303 835 1362 parte
860 1293 984 1345 solet
1008 1293 1141 1358 ferre
1162 1291 1487 1345 sententiam.

554 1406 669 1474 Age
715 1419 856 1458 nunc
898 1402 1025 1457 illud
1055 1404 1217 1459 etiam
1248 1400 1389 1471 quod
1420 1406 1685 1469 superest,
1717 1396 1944 1466 probare
1971 1395 2056 1449 in-

479 1496 703 1565 cipimus
750 1502 803 1546 et
833 1492 1121 1551 ostendere
1145 1506 1303 1559 quam
1331 1488 1547 1560 indigne
1575 1488 1643 1542 de
1673 1486 1936 1542 sententia
1969 1499 2059 1539 su-

480 1604 573 1656 per
600 1587 823 1656 epistola
851 1585 1171 1642 venerabilis
1217 1584 1321 1639 Ibis
1353 1584 1555 1653 prolata
1601 1579 2059 1636 Chalcedonensis

478 1679 714 1750 synodus
769 1686 1068 1733 accusetur.
1113 1676 1352 1745 Namque
1381 1688 1502 1729 cum
1535 1671 1780 1728 eamdem
1808 1684 2056 1740 magnam

479 1769 743 1839 synodum
797 1767 1086 1837 prmdictus
1115 1765 1229 1823 lvbas
1283 1764 1566 1834 episcopus
1595 1761 1787 1826 adiret,
1821 1774 2058 1828 conque-

479 1877 604 1919 rens
629 1875 690 1915 ac
729 1861 1014 1929 deplorans
1038 1858 1350 1927 iniustitiam
1401 1872 1460 1912 se
1479 1856 1548 1911 ab
1578 1853 1820 1924 Eutyche
1846 1861 1901 1907 et
1927 1853 2058 1909 falsa

475 1954 704 2009 crimina
737 1953 1045 2022 pertulisse,
1064 1950 1228 2019 atque
1254 1952 1306 2004 in
1337 1949 1607 2019 Ephesina
1634 1944 1868 2001 secunda
1896 1958 2059 2015 syno—

478 2048 548 2102 do
576 2055 599 2084 ⁸
641 2061 749 2103 non
788 2045 1015 2101 dicenda
1057 2045 1332 2099 absentem
1359 2051 1415 2097 et
1445 2040 1741 2104 innoxium,
1770 2038 1911 2093 sicut
1939 2037 2057 2091 ido-

480 2154 701 2193 neorum
751 2137 1193 2191 documentorum
1254 2135 1559 2190 teStificatio
1624 2130 2053 2195 demonstrabat,

2162 962 2215 1005 ut
2247 952 2428 1014 etiam,
2480 947 2622 1017 quod
2673 945 3018 1001 Nestorianos
3050 944 3348 1012 impugnat,
3392 953 3549 992 unam
3580 937 3731 991 confi-

2161 1053 2338 1098 teatur
2361 1042 2381 1072 ³
2403 1056 2522 1096 esse
2551 1037 3009 1109 personam,quod
3035 1047 3117 1091 est
3139 1050 3273 1089 unus
3293 1033 3457 1086 Filius
3485 1030 3732 1084 Dominus

2159 1134 2316 1189 Jesus
2342 1131 2606 1187 Christus.
2636 1132 2802 1185 Porro
2850 1127 3187 1199 Eutychiani,
3221 1125 3461 1179 volentes
3505 1122 3729 1191 ejusdem

2161 1236 2363 1282 sancta:
2390 1226 2577 1296 synodi
2606 1225 2979 1279 auctoritatem
3025 1221 3335 1289 infringere,
3370 1218 3619 1272 simulant
3662 1214 3727 1269 in-

2158 1316 2355 1386 iuriam
2387 1333 2445 1371 se
2482 1317 2665 1370 dolere
2694 1316 2833 1370 beati
2861 1313 3067 1383 Cyrilli,
3111 1324 3166 1367 et
3215 1311 3340 1365 hinc
3369 1325 3485 1366 eam
3508 1308 3727 1375 culpabi-

2164 1408 2273 1462 lem
2303 1406 2505 1471 dicunt,
2536 1406 2675 1476 quod
2718 1404 3021 1474 prmdictazn
3054 1402 3333 1471 epistolam
3385 1400 3727 1469 pronuntiavt

2161 1500 2545 1554 orthodoxam.
2578 1497 2793 1551 Addunt
2824 1504 2876 1550 et
2923 1495 3025 1548 alia
3075 1496 3127 1547 in
3156 1493 3625 1560 reprehensionem
3659 1490 3728 1555 ip-

2165 1593 2277 1647 sius
2305 1591 2567 1658 epistola‘,
2598 1605 2716 1659 qua:
2746 1602 2844 1643 nec
2868 1588 2965 1655 ipsi
2995 1593 3334 1640 accusatores
3359 1584 3483 1646 lbac,
3507 1582 3729 1649 quamvis

2161 1682 2478 1737 calumniosi
2524 1695 2587 1735 ac
2611 1666 2928 1747 pertinaces,
2974 1680 3025 1730 in
3059 1677 3222 1729 tantis
3249 1690 3370 1743 qua:
3393 1681 3514 1728 sunt
3538 1670 3727 1739 experti

2158 1773 2394 1841 iudiciis,
2419 1772 2704 1841 aliquando
2735 1779 2826 1823 aut
2852 1769 3052 1823 alicubi
3080 1768 3344 1836 obiecisse
3365 1773 3727 1825 monstrantur,

2160 1880 2261 1919 nec
2287 1865 2611 1918 erubescunt
2653 1861 3074 1932 impudentiores
3123 1859 3279 1913 toties
3305 1856 3545 1911 refutatis
3583 1868 3727 1907 accu-

2160 1953 2428 2010 satoribus
2457 1952 2707 2008 inveniri.
2746 1952 2875 2005 Nam
2908 1950 2984 2003 illi
3018 1949 3119 2003 hoc
3148 1949 3318 2003 solum
3360 1946 3611 2016 pracdicto
3637 1943 3730 1999 lba:

2160 2050 2411 2119 episeopo
2441 2063 2508 2103 ex
2544 2055 2838 2101 memorata
2868 2043 2987 2113 ejus
3019 2042 3245 2111 epistola
3292 2040 3622 2109 objecerunt,
3650 2051 3728 2089 vo-

2160 2138 2329 2192 lentes
2373 2151 2494 2190 eum
2548 2134 2921 2189 Nestorianum
2974 2131 3164 2196 videri,
3197 2130 3338 2200 quod
3388 2130 3439 2182 in
3470 2144 3529 2181 ea
3583 2128 3725 2181 beato

479 2230 578 2284 sub
609 2230 883 2294 Dioscoro,
916 2226 1170 2297 Eutycbis
1217 2237 1379 2295 atque
1425 2224 1743 2295 Eutychiani
1791 2220 2055 2291 dogmatis
2092 2245 2130 2302 Β
2161 2228 2362 2299 Cytil'o
2386 2226 2612 2281 Nestnrii
2635 2222 3038 2279 condemnatori
3060 2221 3359 2275 detraxerit
3384 2238 3395 2272 :
3425 2228 3724 2273 czeterorum

478 2319 780 2382 defensore,
811 2318 976 2375 fuisse
1006 2318 1340 2380 damnatum,
1369 2325 1424 2372 et
1450 2316 1503 2369 in
1535 2314 1883 2385 quadraginta
1908 2328 2058 2366 man-

478 2414 659 2489 siones
685 2427 779 2481 pcr
807 2413 1050 2467 diversas
1087 2412 1402 2467 distractum
1437 2410 1763 2479 provincias,
1789 2408 1977 2479 viginti
2006 2415 2061 2462 et

479 2506 708 2574 amplius
736 2520 982 2560 carceres
1021 2514 1276 2559 nudasse.
1315 2504 1439 2558 llaec
1465 2504 1481 2537 ¹
1503 2502 1923 2557 acclamantibus
1947 2499 2062 2569 epi-

480 2595 683 2679 scopis,
710 2604 764 2649 et
791 2594 1093 2651 dicentibus
1118 2611 1134 2649 :
1168 2594 1457 2650 Absentem
1514 2607 1676 2647 nemo
1705 2592 2057 2655 condemnat;

480 2687 618 2741 male
671 2686 916 2741 fecerunt
970 2687 1061 2756 qui
1115 2702 1239 2741 eum
1269 2696 1466 2757 praeter
1493 2699 1729 2739 canones
1766 2683 2058 2737 damnave-

479 2785 624 2844 runt;
650 2791 768 2846 quae
795 2776 1359 2832 adversus‘abscntem
1392 2776 1526 2829 facta
1549 2783 1673 2828 sunt
1702 2782 2054 2831 evacuentur:

478 2870 593 2925 haec
636 2884 825 2925 omnes
854 2868 1115 2934 dicimus,
1159 2883 1320 2925 nemo
1376 2867 1701 2923 condemnat
1755 2866 2056 2921 absentem.

476 2960 671 3016 Postea
701 2958 1032 3026 The0pbilus
1062 2959 1342 3023 diacmius,
1400 2958 1487 3027 qui
1520 2957 1659 3012 inter
1686 2956 1840 3022 alios
1892 2955 2059 3024 ipsius

478 3052 791 3109 venerabilis
827 3052 928 3117 lbaa
955 3052 1297 3107 adversarios
1322 3051 1606 3115 existebat,
1630 3058 1817 3103 contra
1840 3048 2061 3119 protulit

477 3152 647 3210 gesta,
682 3142 877 3212 quibus
907 3157 1027 3199 cum
1058 3157 1125 3198 eo
1168 3141 1380 3197 fuerant
1430 3142 1567 3211 apud
1602 3135 1846 3197 Pbotium
1873 3150 1929 3197 et
1956 3142 2059 3195 Eu.

474 3232 739 3288 stachium
770 3235 789 3264 ³
818 3242 978 3302 atque
1032 3232 1292 3289 Uranium
1338 3232 1650 3302 episcOpos,
1708 3247 1770 3287 ex
1810 3231 2060 3300 delegato

475 3325 761 3382 Theodosii
792 3325 1044 3395 principis
1064 3326 1337 3380 altercati:
1360 3340 1545 3381 eorum
1577 3340 1635 3379 sc
1672 3324 1902 3379 lectione
1933 3338 2059 3391 pro-

474 3421 694 3474 mittens
733 3419 1042 3486 ostendere,
1077 3418 1218 3487 quod
1271 3433 1376 3473 non
1424 3417 1617 3487 injuria
1673 3416 2059 3471 condemnatus

476 3500 655 3567 fuerit.
693 3509 748 3563 In
791 3524 897 3579 quo
930 3508 1103 3563 Photii
1129 3517 1182 3564 et
1215 3509 1489 3563 Eustathii
1516 3517 1674 3578 atque
1708 3506 1889 3561 Uranii
1916 3506 2058 3574 judi-

2167 2335 2313 2385 vero,
2345 2334 2463 2388 qua:
2512 2317 2597 2372 isti
2643 2330 2781 2369 nunc
2833 2314 3119 2383 adjiciunt,
3178 2327 3275 2366 nec
3328 2311 3727 2381 qmlemcunquo

2165 2408 2488 2462 mentionem
2533 2404 2708 2458 facere
2748 2411 3203 2472 prmsuinpserunt
3235 2419 3247 2453 :
3306 2415 3422 2470 quae
3460 2397 3727 2463 nos,omni

2167 2508 2351 2552 tenore
2391 2496 2668 2565 proposito
2717 2495 2882 2563 ipsius
2928 2493 3189 2562 epistolae,
3222 2507 3285 2546 ex
3319 2491 3505 2544 ordine
3532 2488 3726 2543 refelle-

2166 2603 2305 2642 n:ns.
2338 2586 2444 2641 Sed
2476 2586 2686 2638 videtur
2715 2583 2866 2637 nobis
2896 2584 3032 2652 quod
3067 2584 3215 2650 prius
3243 2581 3473 2635 breviter
3494 2579 3729 2650 quasdam

2164 2679 2345 2731 dicere
2371 2676 2665 2729 debeamus
2690 2674 2757 2728 de
2786 2674 2885 2727 hoc
2914 2687 3021 2742 quo
3038 2672 3272 2740 jactatur
3302 2670 3729 2739 vituperationem

2164 2768 2302 2821 beati
2345 2765 2534 2837 Cyrilli
2592 2765 2826 2835 synodus
2874 2763 3221 2832 approbasse,
3254 2771 3307 2816 et
3355 2762 3421 2815 de
3463 2776 3570 2829 quo
3599 2760 3731 2814 illam

2166 2842 2400 2912 tnaxime
2450 2870 2513 2910 ac
2565 2852 2929 2924 principaliter
2966 2852 3254 2906 adversarii
3287 2851 3628 2904 criminantes
3656 2845 3731 2901 vel

2167 2947 2554 3011 scandalizaut,
2583 2948 2663 3001 vel
2690 2947 2733 2998 si
2758 2946 2859 2999 hoc
2880 2959 2982 2997 nou
3008 2950 3249 3013 possunt,
3273 2941 3542 3009 exagitant
3569 2940 3734 2992 minus

2167 3038 2501 3093 instructos:
2553 3050 2780 3105 quorum
2837 3034 3036 3102 aliqui,
3066 3032 3190 3086 licet
3216 3032 3458 3086 eamdem
3506 3040 3757 3083 sanctam

2162 3132 2425 3203 synodum
2477 3143 2576 3198 pro
2622 3142 2735 3183 sua:
2772 3126 2893 3181 ﬁdei
2928 3127 3123 3195 pietate
3150 3140 3214 3180 ac
3252 3124 3540 3180 devotione
3564 3124 3733 3176 deleu-

2161 3223 2312 3287 dant,
2342 3231 2522 3276 tamen
2546 3219 2668 3290 quia
2692 3219 2821 3273 dare
2846 3233 2949 3273 non
2971 3226 3189 3287 possunt
3209 3218 3406 3273 exitum
3435 3216 3734 3287 qumstioni,

2161 3311 2607 3384 persuadentibus
2632 3311 3003 3365 haereticorum
3031 3310 3347 3373 fautoribus,
3371 3314 3623 3365 asserunt
3641 3321 3737 3363 non

2162 3405 2231 3460 ab
2257 3419 2319 3459 ea
2352 3405 2517 3459 fuisse
2540 3413 2865 3471 susceptam.
2897 3401 3002 3455 Nos
3025 3410 3203 3455 autem
3234 3401 3504 3456 evidentia
3533 3401 3736 3455 menda-

2158 3498 2232 3553 cii
2281 3506 2337 3551 et
2383 3497 2452 3551 ab
2497 3496 2816 3551 adversariis
2877 3494 3162 3549 min'stwi
3194 3494 3505 3564 sull'ragium
3548 3493 3744 3563 pudet;

470 3607 553 3660 cio
577 3605 914 3673 jactavcrant
949 3614 1308 3667 accusatores,
1358 3611 1714 3657 memoratum
1741 3600 2049 3671 episcopum
2081 3614 2126 3675 ρ
2164 3588 2303 3658 quod
2357 3589 2405 3644 si
2455 3587 2678 3643 evidens
2718 3602 2823 3640 non
2867 3585 3074 3647 fuisset,
3110 3585 3385 3656 indignum
3414 3599 3545 3640 esse
3568 3586 3739 3639 debn’t

470 3696 613 3750 lbam
642 3710 701 3751 se
741 3695 1062 3764 probaturos
1101 3695 1519 3750 Nestorianuin:
1578 3694 1738 3762 idque
1788 3694 2052 3747 conficere

472 3788 783 3842 nitebantur
809 3802 876 3843 ex
904 3790 1131 3856 epistola
1161 3803 1322 3857 quam
1349 3788 1637 3857 aliquando
1667 3787 1957 3850 scripserat
1983 3784 2050 3838 ad

467 3876 655 3931 Marim
678 3876 908 3947 aliquem
934 3878 1153 3932 Persam
1181 3896 1192 3931 :
1240 3892 1306 3933 eo
1327 3878 1542 3947 quodin
1571 3878 1657 3932 illa
1691 3878 1964 3932 videretur
1985 3877 2054 3932 de

466 3966 625 4021 beato
670 3967 892 4037 Cyrillo,
940 3967 1171 4022 Nestorii
1201 3969 1539 4032 damnatore,
1580 3966 1736 4021 aliter
1762 3980 1923 4034 quam
1965 3980 2051 4020 res

464 4055 644 4111 habuit
668 4073 764 4127 pro
793 4058 1100 4126 suspicione
1130 4073 1225 4111 sua
1249 4059 1474 4121 locutus,
1502 4072 1621 4125 qua:
1650 4056 1749 4121 illi,
1775 4056 1913 4111 sicut
1934 4056 2043 4123 pri-

466 4163 551 4201 mo
583 4148 721 4201 libro
748 4148 1046 4214 docuimus,
1074 4147 1373 4201 communis
1398 4154 1515 4200 erat
1541 4159 1660 4199 cum
1682 4144 2043 4201 Orientalibus

462 4239 792 4307 aliarumque
838 4239 1231 4307 provinciarum
1261 4238 1548 4307 episcopis.
1581 4235 2039 4303 Quemadmodum

460 4343 587 4382 vero
622 4328 673 4383 in
724 4328 838 4398 ipso
870 4328 1045 4384 Photii
1074 4338 1129 4383 et
1159 4329 1448 4394 Eustachii,
1482 4327 1774 4396 Uraniique
1813 4326 2036 4397 judicio,

459 4434 554 4486 pro
582 4420 769 4475 eadem
800 4435 894 4475 sua
926 4420 1157 4489 epistola
1187 4418 1536 4476 Nestorianus
1555 4418 1780 4488 judicari
1814 4432 1921 4470 non
1946 4430 2041 4486 po-

461 4509 577 4574 tuit,
608 4512 856 4579 quoniam
882 4511 1000 4587 haec
1040 4510 1153 4566 fieri
1182 4524 1286 4564 non
1318 4509 1527 4565 sinebat
1573 4508 1696 4563 ﬁdei
1729 4517 1874 4571 recta
1912 4522 2043 4562 con-

455 4600 641 4669 fessio,
672 4616 788 4671 quae
812 4600 1010 4659 ibidem
1037 4601 1375 4659 continetur:
1399 4600 1469 4655 ita
1500 4614 1596 4655 nec
1622 4599 1763 4669 apud
1793 4612 2040 4668 magnam

454 4692 719 4761 synodum
741 4692 1129 4749 condemnatus
1157 4702 1260 4759 est,
1289 4706 1409 4749 cum
1432 4690 1503 4746 ibi
1530 4705 1595 4746 ex
1618 4690 1823 4745 eisdem
1851 4691 2038 4758 gestis,

452 4784 520 4837 ab
559 4784 673 4851 ejus
720 4784 1026 4841 adversario
1082 4786 1320 4854 prolatis,
1352 4784 1660 4859 supradicta
1710 4783 2041 4853 relegeretur

451 4872 700 4940 epistola,
732 4874 825 4928 sed
850 4890 915 4937 ex
938 4876 1054 4944 ejus
1083 4886 1166 4932 est
1190 4877 1359 4946 magis
1382 4887 1566 4933 tenore
1604 4885 1878 4947 purgatus.
1903 4876 2035 4930 Nam

2162 3679 2483 3735 Christiana:
2506 3678 2850 3733 conscientia:
2878 3675 3213 3730 mendaciter
3233 3675 3530 3730 defendere
3555 3676 3741 3730 verita-

2157 3782 2289 3827 tem.
2334 3771 2508 3825 llabet
2560 3771 2701 3824 enim
2759 3782 2883 3824 suas
2931 3768 3259 3823 assertiones
3288 3769 3529 3833 veritas,
3588 3782 3741 3821 noua

2157 3864 2439 3921 mendacio
2470 3872 2755 3931 mutuatas,
2806 3862 3001 3933 quibus
3043 3863 3349 3917 testimonio
3399 3862 3740 3918 conscientiae

2160 3972 2264 4013 non
2296 3963 2579 4025 repugnet,
2611 3961 2668 4009 et
2717 3952 2913 4007 invicta
2944 3966 3267 4020 permanens
3313 3952 3741 4008 adversariorum

2160 4045 2455 4100 calumnias
2479 4043 2685 4114 frangat
2710 4058 2724 4096 :
2755 4056 2889 4111 quas
2916 4041 2961 4096 si
2991 4042 3111 4111 quis
3137 4042 3380 4098 invenire
3410 4058 3522 4098 non
3551 4050 3740 4111 potest,

2156 4146 2332 4193 tacere
2360 4136 2536 4207 potius
2567 4135 2732 4205 eligat
2759 4147 2920 4203 quam
2952 4133 3188 4198 mentiri,
3212 4141 3268 4187 et
3299 4133 3416 4188 sola
3443 4135 3520 4188 sit
3559 4134 3740 4188 decre-

2153 4239 2327 4287 torum
2384 4227 2702 4289 auctoritate
2742 4230 3047 4279 contentus.
3079 4218 3213 4277 Nam
3264 4224 3308 4278 si
3358 4240 3463 4280 nos
3511 4221 3741 4279 haeretici

2150 4320 2386 4376 viderint
2413 4320 2465 4373 in
2498 4320 2657 4374 rebus
2687 4317 2982 4387 perspicuis
3011 4331 3109 4371 suo
3130 4318 3204 4373 uti
3232 4317 3547 4384 mendacio,
3568 4318 3741 4390 quales

2147 4424 2245 4467 nos
2271 4410 2323 4463 in
2348 4408 2469 4463 aliis
2498 4408 2776 4477 putabunt,
2806 4421 2925 4476 quas
2956 4406 3202 4461 videntur
3229 4407 3469 4462 obscura
3487 4410 3513 4462 ?
3539 4408 3741 4462 Etideo

2140 4503 2274 4573 jam,
2303 4503 2556 4574 religiose
2613 4502 2923 4572 imperator,
2959 4498 3176 4555 attende
3200 4515 3362 4568 quam
3417 4500 3637 4557 fortiter
3664 4515 3740 4555 ea-

2146 4596 2375 4655 lumnias
2416 4593 2792 4649 haereticorum
2841 4599 2895 4647 et
2922 4592 3039 4647 sine
3069 4592 3177 4647 ulla
3205 4591 3532 4649 difficultate
3562 4592 3739 4648 dissol-

2145 4700 2290 4750 vam,
2320 4683 2564 4753 exempla
2597 4681 2877 4751 proferens
2907 4681 3103 4737 divina:
3131 4681 3455 4749 Scripturae,
3481 4683 3741 4752 quomodo

2147 4793 2177 4831 a
2206 4774 2414 4845 majore
2441 4783 2492 4829 et
2515 4765 2737 4828 meliore
2768 4780 2919 4842 parte
2945 4771 3012 4826 de
3034 4771 3216 4825 multis
3243 4772 3424 4825 soleat
3458 4772 3604 4827 ferre
3630 4787 3739 4825 sen-

2148 4868 2401 4922 tentiam:
2430 4863 2583 4934 cujus
2614 4863 2836 4917 formam
2885 4861 3041 4914 sicuti
3083 4861 3134 4914 in
3160 4860 3416 4914 omnibus
3440 4871 3630 4916 sancta
3658 4874 3740 4930 sy-

451 4965 526 5018 sic
549 4963 682 5018 duas
711 4975 925 5020 naturas
971 4968 1022 5021 in
1046 4983 1105 5022 ea
1140 4944 1415 5023 confessus
1439 4977 1542 5035 est,
1577 4944 2025 5037 q—uod‘Eutychia-
2065 4944 2118 5003 D
2144 4958 2316 5015 nodus
2336 4955 2797 5025 Chalcedonensis
2819 4962 3000 5008 secuta
3031 4964 3134 5017 est,
3170 4962 3229 5006 ut
3258 4953 3559 5022 epistolam
3584 4969 3739 5009 vene-

452 5070 550 5111 nos
574 5056 813 5121 offendit,
843 5057 984 5112 unde
1036 5069 1091 5113 et
1135 5060 1480 5116 condemnari
1529 5077 1648 5117 eam
1676 5062 2024 5132 quas-ierunt,

517 5167 655 5249 {De
669 5167 861 5249 haeresi
882 5168 1193 5249 Nestoriana
1221 5172 1558 5249 insimulatus
1578 5190 1615 5249 a
1635 5174 1854 5249 clericis
1876 5173 2037 5228 Edes-

448 5239 598 5320 senis
622 5239 737 5292 ibas
760 5240 985 5320 primum
1012 5239 1113 5295 fuit
1137 5242 1276 5320 apud
1297 5243 1547 5320 Proclum
1576 5242 2033 5320 ConstantinOpo-

451 5310 701 5392 litanum,
723 5310 874 5392 cujus
906 5314 1379 5392 exstantditterm,
1406 5316 1615 5392 quibus
1645 5310 1948 5392 certiorem
1967 5314 2034 5369 de

450 5395 511 5436 re
539 5389 644 5433 tota
679 5379 799 5435 facit
828 5382 1089 5437 Joannem
1124 5379 1537 5439 Antiochenam.
1569 5387 1776 5439 Mortuo
1802 5386 2029 5450 Joanne,

448 5453 650 5505 delatus
683 5452 872 5506 iterum
897 5464 980 5508 est
999 5471 1026 5507 a
1054 5456 1265 5509 clericis
1288 5454 1353 5508 ad
1370 5453 1631 5509 Domuum
1654 5455 1874 5509 Joannis
1905 5471 2029 5509 suc-

446 5535 737 5601 cessorem,
771 5534 829 5601 et
848 5541 967 5601 cuin
998 5527 1066 5601 ab
1094 5542 1162 5581 eo
1180 5528 1415 5601 suscepti
1460 5543 1564 5578 non
1592 5536 1794 5587 essent,
1825 5528 1887 5577 ad
1914 5526 2030 5578 Fla-

448 5596 681 5665 vianuuxn,
702 5597 788 5661 qui
817 5596 1004 5650 l‘roclo
1029 5598 1081 5650 in
1114 5598 1242 5650 urbe
1259 5600 1401 5663 regia
1431 5607 1780 5651 successerat.
1806 5598 2027 5665 Datiquc

447 5662 513 5714 de
545 5662 776 5717 Fliviani
814 5682 1078 5721 consensu
1111 5683 1139 5721 a
1188 5662 1490 5721 Theodosio
1521 5666 1624 5720 Iba:
1659 5666 1866 5735 judiccs
1910 5662 2025 5737 epi-

518 5754 531 5781 '
566 5753 696 5807 Col.
720 5755 936 5819 Veram,
966 5758 1051 5809 Ad
1080 5757 1210 5811 lucc.

517 5822 537 5851 ²
565 5822 707 5877 idem
737 5828 881 5893 cod.,
911 5836 955 5880 et
981 5826 1338 5897 Eustachium,
1367 5827 1449 5886 vel
1477 5827 1829 5885 Eustotliium.

2138 5051 2319 5107 rabilis
2346 5050 2470 5114 lbaz,
2494 5046 2735 5117 quamvis
2759 5046 2827 5101 de
2870 5045 3027 5099 beato
3057 5040 3258 5113 Cyrillo
3286 5042 3455 5099 aliter
3477 5060 3639 5117 quam
3663 5056 3739 5097 res

2147 5163 2293 5229 scopi
2324 5161 2542 5216 Photius
2562 5168 2615 5214 et
2647 5156 2954 5215 Eustathius
2976 5169 3098 5229 cum
3132 5152 3353 5229 Uranie,
3371 5154 3585 5229 duplici
3611 5155 3735 5223 apud

2141 5224 2341 5303 Tyrum
2364 5243 2419 5287 et
2442 5231 2846 5303 apudBerytum
2869 5226 3177 5303 cognitione
3201 5224 3732 5303 lbarnabsolveniut.

2140 5296 2382 5359 Posthacc
2412 5296 2714 5356 iii—nefaria
2740 5296 2946 5369 synodo
2977 5296 3242 5369 Ephesina
3269 5310 3305 5350 n
3334 5296 3612 5369 Eutycbis
3633 5297 3735 5369 fae-

2141 5374 2285 5428 tione
2309 5374 2591 5427 damnatus
2617 5364 2811 5424 absens
2836 5378 2995 5435 atque
3019 5368 3329 5434 episcopatu
3353 5364 3615 5437 defectus
3640 5364 3733 5422 est.

2138 5445 2252 5511 Qua
2300 5447 2366 5497 de
2399 5458 2456 5497 re
2481 5458 2601 5495 cum
2635 5441 2769 5507 apud
2806 5439 3066 5511 synodum
3102 5436 3613 5511 Chalcedonensem
3650 5454 3735 5511 et-

2136 5508 2480 5584 p'ostulasset.
2498 5512 2729 5581 synodus
2748 5510 3075 5584 approbatis,
3095 5516 3153 5584 ut
3174 5516 3297 5559 ante
3312 5508 3556 5584 dictum,
3572 5510 3731 5584 Tyriis

2139 5578 2201 5639 ac
2234 5578 2607 5653 Bcrytensibus
2632 5584 2818 5651 gestis,
2856 5578 3245 5653 Ephesiuisque
3271 5581 3607 5653 repudiatis,
3638 5580 3733 5650 pri-

2132 5649 2409 5712 stiuuni'ei
2438 5649 2659 5722 gradum
2688 5653 2920 5705 restituit
2950 5650 3001 5703 in
3032 5652 3241 5704 actione
3272 5649 3379 5704 lU.‘

2206 5771 2225 5801 ³
2250 5770 2389 5825 idem
2416 5768 2561 5835 cod.,
2588 5766 2938 5835 conﬁteretur.
