3974 6330
278 394 381 447 657
1132 390 1267 447 PRO
1307 389 1731 446 DEFENSIONE
1769 386 1985 445 TRIUM
2010 387 2327 445 CAPITUL.
2372 390 2497 447 LIB.
2532 392 2621 449 \‘I.
3460 396 3561 454 658

281 508 467 565 habuit
491 507 837 577 suspicantis,
863 513 1041 562 tamen
1072 521 1171 577 pro
1198 522 1326 562 vera
1366 505 1486 561 ﬁdei
1528 504 1869 560 confessione
1896 502 1946 561 Α
1974 501 2101 570 stio,
2131 505 2463 573 superﬂuum
2503 506 2751 562 ducens?
2800 506 2940 563 sicut
2982 508 3095 576 ipse
3121 521 3333 578 quoque
3376 473 3583 566 beatusl

279 591 442 675 quam
471 602 538 657 de
572 601 783 657 Christo
813 610 958 655 tenet
1007 599 1047 666 ⁸,
1076 598 1431 653 orthodoxam
1467 597 1754 666 judicaret.
1785 597 1876 653 Sic
1976 590 2211 663 Cyrillus
2232 596 2558 663 superfluum
2586 596 2755 666 duxit,
2785 613 2906 654 cum
2939 599 3202 656 scriberet
3232 602 3252 632 ³
3281 600 3567 675 Orientali-

280 710 465 768 regem
495 692 629 750 Juda
676 696 806 763 Asa,
852 708 1009 763 quem
1037 691 1237 747 scimus
1265 706 1370 745 non
1396 690 1450 745 in
1483 691 1661 759 parvis
1689 705 1789 746 nec
1818 689 1872 744 in

280 787 467 857 paucis
494 785 664 841 fuisse
700 783 993 854 culpatum,
1053 782 1239 837 eadem
1273 781 1556 851 Scriptura
1602 780 1869 836 laudavit:

278 876 436 947 cujus
464 891 584 947 qua:
624 873 823 930 fuerint
860 873 1032 942 culpae
1060 872 1208 942 prius
1236 887 1544 928 memorare
1571 872 1831 927 debemus
1858 909 1871 936 ,

279 985 345 1023 ac
370 967 565 1023 deinde
606 965 876 1036 quomodo
901 964 967 1019 ab
989 978 1051 1018 ca
1080 963 1240 1018 fuerit
1267 963 1608 1033 praedicatus.
1637 961 1874 1016 Primum

279 1063 460 1131 itaque
486 1059 699 1121 dicitur,
733 1055 955 1127 quiailli
986 1068 1275 1109 commune
1302 1069 1423 1108 cum
1457 1053 1636 1109 multis
1664 1051 1876 1121 regibus

279 1151 403 1215 fuit,
434 1153 557 1222 quia
581 1166 689 1207 non
719 1149 985 1205 destruxit
1010 1149 1223 1203 excelsa
1246 1146 1369 1218 (ΙΙΙ
1394 1148 1524 1219 Reg.
1554 1162 1643 1213 xv,
1672 1144 1789 1213 Id):
1822 1144 1875 1198 in

280 1243 476 1314 quibus
505 1243 628 1298 licet
658 1242 883 1296 Detttino
908 1240 1527 1307 sacriﬁcaretur,contra
1555 1238 1670 1308 ejus
1700 1246 1876 1293 tamen

280 1342 609 1405 praeceptum
641 1331 963 1401 ﬁebat,quia
995 1332 1050 1385 in
1074 1330 1272 1399 templo
1292 1330 1393 1385 sibi
1426 1328 1716 1385 sacrificari
1743 1344 1877 1397 prte-

280 1434 517 1497 ceperat.
568 1424 770 1480 Deinde
796 1424 920 1494 quia
948 1422 1077 1479 dato
1125 1433 1351 1493 argento
1381 1431 1436 1477 et
1465 1437 1598 1477 auro
1625 1422 1763 1491 quod
1797 1422 1878 1475 in-

281 1530 501 1578 ventum
532 1528 621 1576 est
646 1522 699 1575 in
734 1520 997 1576 thesauris
1017 1519 1208 1574 domus
1232 1519 1394 1589 regis.
1422 1527 1609 1574 contra
1633 1518 1762 1571 Dasa
1794 1534 1878 1573 re-

281 1632 408 1686 gem
433 1615 594 1670 Israel
616 1613 754 1684 regis
777 1613 948 1685 Syria:
977 1612 1120 1668 male
1147 1611 1666 1682 quaesivitauxilium
1690 1610 1875 1678 ()bid.,

285 1709 381 1775 l8)
401 1726 413 1760 :
437 1708 578 1762 unde
601 1723 722 1761 cum
752 1715 807 1762 et
832 1705 1127 1775 increpavit
1152 1705 1358 1759 Auania
1390 1703 1671 1773 propheta,
1690 1703 1875 1757 dicens

281 1798 425 1866 quod
461 1798 776 1868 insipienter
805 1798 972 1867 egerit
1013 1797 1250 1852 conﬁsus
1285 1796 1337 1849 in
1376 1810 1555 1865 regem
1598 1792 1792 1864 Syriae,
1823 1801 1878 1847 et

277 1911 393 1950 non
424 1895 475 1949 in
506 1895 793 1949 Dominum
822 1894 991 1948 Deum
1020 1907 1175 1947 suum
1203 1890 1289 1962 (11
1325 1889 1506 1944 Paral.
1539 1904 1648 1956 va,
1675 1889 1754 1960 7).
1783 1887 1871 1942 In-

280 2002 449 2056 super
485 1986 610 2055 quia
648 1995 702 2040 et
750 1987 922 2053 ipsum
975 1984 1237 2039 Ananiam
1282 1982 1623 2053 prophetam,
1658 1988 1876 2050 propter

281 2077 431 2149 quod
459 2093 581 2133 eum
607 2084 878 2146 arguerat,
910 2075 1213 2145 indignatus
1246 2074 1463 2130 tradidit
1489 2074 1543 2128 in
1571 2072 1873 2129 custodiam

279 2169 456 2224 nervi.
484 2169 762 2224 Postremo
777 2167 847 2223 de
874 2168 965 2223 illo
987 2166 1266 2235 Scriptura
1295 2165 1454 2220 dicit:
1488 2164 1553 2218 Et
1584 2163 1875 2232 inﬁrmatus

281 2271 362 2317 est
388 2263 490 2316 Axn
518 2262 572 2316 in
604 2276 738 2315 anno
770 2260 1030 2331 trigesimo
1059 2268 1106 2313 et
1132 2275 1267 2313 nono
1297 2258 1442 2327 regni
1467 2257 1549 2310 sui
1579 2256 1755 2309 dolore
1783 2272 1873 2325 pe-

281 2355 410 2409 dum
439 2353 748 2416 vehementi;
775 2368 946 2406 verum
989 2364 1155 2420 neque
1181 2352 1233 2404 in
1258 2348 1587 2419 wgrotalione
1613 2362 1708 2401 sua
1735 2360 1875 2416 qua:-

281 2444 403 2499 sr’rit
443 2443 738 2505 Dominum,
785 2443 873 2495 sed
902 2440 1123 2495 medicos
1155 2438 1343 2503 (lbid.,
1376 2437 1489 2507 I2).
1536 2436 1593 2490 In
1633 2450 1740 2504 quo
1769 2449 1874 2489 non

282 2545 580 2606 propterea
612 2534 880 2590 credimus
910 2548 1030 2589 esse
1059 2533 1351 2602 culpatum,
1402 2530 1543 2601 quod
1571 2527 1875 2583 ordinatum

281 2642 315 2680 a
344 2627 452 2681 Deo
478 2624 806 2681 medicorum
834 2624 1086 2680 solatium
1119 2621 1420 2692 requisivit,
1448 2620 1546 2677 sed
1569 2619 1692 2688 quia
1723 2618 1875 2673 sicin

281 2716 504 2772 illorum
554 2725 671 2771 arte
719 2716 955 2770 conﬁsus
1000 2724 1105 2779 est,
1137 2723 1192 2768 ut
1215 2715 1452 2782 ipsorum
1485 2712 1663 2781 potius
1712 2723 1874 2780 quam

281 2810 383 2865 Dei
415 2824 510 2878 per
564 2808 711 2878 ipsos
759 2816 1094 2877 ex5pectaret
1138 2806 1417 2861 auxilium.
1463 2805 1611 2862 Cum.
1635 2805 1795 2875 igitur
1823 2805 1878 2858 in

282 2901 373 2953 his
403 2899 702 2954 inveniatur
730 2912 851 2954 esse
878 2897 1177 2967 culpabilis,
1201 2898 1453 2967 quoniam
1485 2904 1659 2953 tamen
1689 2912 1721 2950 a
1760 2895 1877 2952 cul-

279 3003 410 3047 tura
433 2992 643 3047 Domini
673 3006 781 3047 non
828 2993 1072 3058 recessit,
1102 3006 1274 3061 neque
1301 2991 1463 3047 idolis
1502 2992 1740 3062 gentium
1781 2990 1878 3046 de-

278 3086 534 3153 servivit,
590 3086 760 3156 magis
815 3094 1014 3154 autem,
1042 3085 1180 3141 sicut
1222 3085 1478 3154 scriptum
1528 3094 1632 3152 est,
1661 3083 1881 3141 abstulit

278 3193 479 3233 omnes
508 3178 915 3235 adinvcntiones
965 3192 1099 3249 quas
1152 3177 1392 3236 fecerant
1447 3186 1623 3248 patres
1654 3177 1795 3248 ejus,
1825 3184 1880 3233 et

1976 687 2074 741 bus
2097 700 2191 756 per
2215 687 2432 743 Paulum
2458 688 2779 744 Emesenum
2797 692 3351 761 cpisc0pum,dicens:
3378 712 3397 744 r
3422 694 3565 760 Quo-

1977 780 2118 835 niam
2140 796 2267 837 vero
2296 782 2567 851 superflua
2582 791 2639 837 et
2659 783 2963 853 importuna
2982 786 3342 841 Ecelesiarum
3370 786 3564 842 divisio

1978 871 2115 929 facta
2143 884 2245 941 est,
2287 890 2428 931 nunc
2454 876 2685 931 maxime
2711 876 3038 932 satisfactum
3068 886 3150 934 est
3177 878 3351 944 nobis,
3383 879 3559 934 domi-

1979 979 2049 1020 no
2095 980 2216 1021 meo
2274 968 2714 1023 reverentissimo
2743 968 2907 1024 Paulo
2948 968 3188 1024 chartam
3232 970 3560 1040 proferente,

1980 1056 2264 1113 habentem
2312 1059 2838 1129 irreprehensibilem
2902 1060 3025 1117 ﬁdei
3079 1060 3498 1117 confessionem.
3538 1080 3559 1115 ι

1979 1148 2112 1204 Cum
2135 1150 2295 1220 igitur
2322 1159 2378 1205 et
2404 1152 2519 1220 ipse
2548 1152 2746 1209 beatus
2764 1152 3017 1223 Cyrillus,
3047 1161 3248 1208 rectam
3279 1152 3445 1209 fuisse
3475 1167 3567 1208 co-

1980 1256 2245 1311 gnoscens
2288 1242 2636 1299 Orientalium
2691 1244 2887 1310 ﬁdem,
2935 1259 3032 1314 pro
3083 1244 3214 1300 falsa
3263 1244 3567 1314 suspicione

1981 1348 2139 1403 quam
2164 1333 2232 1389 de
2260 1334 2355 1388 illo
2381 1334 2698 1401 habuerunt,
2724 1351 2829 1391 non
2858 1351 2951 1392 cos
2975 1336 3236 1406 judicavit
3258 1336 3563 1405 hmreticos,

1980 1427 2104 1497 quia
2153 1442 2252 1481 nec
2301 1426 2484 1482 debuit
2518 1445 2533 1480 :
2574 1428 2841 1497 quomodo
2882 1437 3065 1482 sancta
3105 1427 3564 1483 Chalcedonensis

1981 1518 2219 1590 synodus
2244 1534 2350 1575 non
2381 1520 2553 1575 eidem
2583 1520 2739 1575 beato
2760 1520 2959 1591 Cyrillo
2984 1520 3251 1576 contraria
3266 1519 3559 1584 videretur,

1980 1610 2025 1664 si
2058 1625 2156 1679 pro
2176 1610 2287 1680 ipsa
2318 1611 2620 1679 suspicione
2647 1611 2777 1666 falsa
2806 1619 2966 1680 atque
2987 1610 3275 1679 superflua,
3294 1626 3475 1665 veram
3509 1619 3565 1665 et

1982 1704 2340 1758 necessariam
2386 1704 2455 1759 de
2498 1703 2717 1759 Christo
2759 1702 2914 1757 ﬁdem
2960 1717 3081 1771 qua:
3125 1702 3179 1755 in
3211 1703 3300 1755 illa
3337 1701 3564 1769 cpistola

1981 1795 2303 1862 continetur,
2340 1811 2445 1850 non
2496 1796 2869 1865 pronuntiaret
2910 1794 3307 1849 orthodoxam?
3338 1793 3566 1849 I’utavc-

1908 1878 1951 1937 B
1977 1894 2061 1941 rat
2087 1896 2263 1941 autem
2286 1888 2751 1943 reverentissimus
2775 1887 2890 1942 lbas
2918 1887 3225 1955 cpiscopus,
3247 1885 3388 1955 quod
3422 1886 3560 1941 idem

1981 1978 2168 2034 beatus
2214 1978 2449 2049 Cyrillus
2485 1979 2691 2034 directa
2736 1979 2837 2034 sibi
2865 1979 2935 2034 ab
2963 1978 3323 2035 Orientalibus
3352 1977 3565 2035 confes-

1978 2072 2153 2141 sione,
2183 2086 2292 2127 non
2319 2085 2661 2127 communem
2699 2071 2857 2127 ﬁdem
2900 2072 2954 2127 in
2996 2086 3065 2126 ea
3089 2072 3422 2141 cognoverit,
3466 2072 3560 2126 sed

1981 2165 2250 2233 proprium
2279 2180 2519 2220 errorem
2561 2164 2815 2219 correxit.
2859 2164 3013 2230 Quod
3042 2179 3214 2233 neque
3241 2178 3362 2228 nos,
3390 2178 3561 2231 neque

1977 2265 2159 2311 sancta
2188 2256 2645 2312 Chalcedonensis
2688 2256 2926 2329 synodus
2952 2256 3299 2326 approbavit,
3320 2254 3411 2309 ubi
3452 2255 3563 2310 dic-

1980 2354 2091 2401 tum
2117 2356 2202 2403 est
2234 2365 2247 2400 :
2306 2366 2326 2400 ι
2367 2348 2573 2402 Dudum
2602 2347 2816 2418 quidem
2851 2363 2923 2403 ex
2957 2348 3171 2404 relectis
3202 2348 3449 2403 innoxius
3471 2346 3563 2401 de-

1979 2446 2307 2494 monstratus
2335 2449 2418 2494 est
2462 2439 2929 2494 reverentissimus
2975 2438 3116 2495 Ibas.
3150 2440 3204 2494 In
3245 2438 3438 2509 quibus
3483 2447 3563 2493 et-

1977 2529 2122 2583 enim
2146 2530 2290 2584 visus
2313 2538 2396 2584 est
2417 2531 2633 2600 culpare
2657 2530 2797 2587 male
2823 2530 3046 2601 loquens
3068 2531 3437 2585 beatissimum
3460 2528 3564 2601 Cy-

1980 2623 2180 2688 rillum,
2213 2623 2265 2677 in
2299 2624 2683 2693 posterioribus
2732 2633 2878 2681 recte
2922 2625 3201 2681 confessus
3243 2627 3447 2694 respuit
3477 2627 3565 2684 illa

1980 2712 2176 2783 quibus
2199 2714 2561 2783 culpaverut.»
2593 2715 2788 2771 Verum
2813 2732 2920 2772 non
2947 2730 3044 2785 pro
3067 2717 3165 2771 iata
3187 2716 3256 2772 de
3280 2718 3437 2774 beato
3464 2719 3564 2788 Cy-

1981 2805 2106 2861 rillo
2129 2804 2436 2875 suspicione
2474 2806 2563 2861 illa
2613 2806 2835 2876 epistola
2866 2807 3017 2876 quasi
3049 2807 3368 2863 Nestoriana
3396 2810 3565 2865 fuerat

1982 2898 2279 2955 abdicanda
2292 2914 2307 2965 ;
2322 2900 2574 2970 quoniam
2602 2899 2758 2971 longe
2778 2900 2999 2956 alterius
3025 2902 3244 2965 erroris,
3263 2910 3320 2956 et
3341 2917 3565 2957 summa:

1984 2991 2038 3046 in
2068 2989 2339 3048 Christum
2368 2991 2679 3062 impietatis,
2725 2993 2827 3048 hoc
2866 3006 3062 3048 nomen
3088 3001 3192 3048 est.
3222 2991 3565 3061 Conscriptor

1984 3092 2161 3140 autem
2205 3085 2372 3153 ipsius
2415 3084 2659 3155 epistolae
2700 3100 2808 3141 non
2841 3085 3161 3141 catholicam
3201 3085 3360 3141 ﬁdem
3405 3100 3566 3156 quam

1984 3192 2115 3234 vere
2142 3178 2330 3234 habuit
2361 3176 2615 3248 Cyrillus,
2645 3192 2870 3249 quasque
2916 3179 3180 3249 culpanda
3206 3194 3319 3235 non
3347 3187 3450 3246 est,
3473 3180 3565 3236 sed

281 3270 564 3325 Naacham
588 3273 608 3302 ⁸
632 3279 853 3327 matrem
884 3286 1034 3326 suam
1065 3287 1095 3326 a
1134 3272 1338 3327 cultura
1366 3271 1469 3326 luci
1500 3272 1751 3338 removit,
1791 3271 1877 3340 ip-
1905 3246 1953 3308 θ
1984 3271 2160 3343 ipsum
2188 3271 2443 3341 Cyrillum
2467 3272 2719 3343 culpavit,
2764 3274 3037 3330 aestimans
3064 3289 3187 3329 eum
3215 3274 3567 3331 immoderate

280 3375 518 3433 sumque
547 3363 776 3419 succidit
806 3364 1006 3427 lucum,
1038 3373 1196 3433 atque
1230 3364 1506 3419 succendit
1554 3364 1607 3418 in
1641 3371 1879 3419 torrente

277 3453 522 3520 Cedcon,
571 3455 649 3509 sic
683 3470 805 3509 cum
853 3454 1128 3526 Scriptura
1156 3455 1336 3510 divina
1365 3455 1621 3520 laudavit,
1652 3464 1709 3509 ut
1736 3455 1881 3510 dice-

278 3558 413 3605 ret:
453 3547 598 3603 Fecit
624 3551 726 3602 Asa
767 3550 902 3619 quod
946 3559 1139 3603 rectum
1168 3558 1238 3604 est
1268 3550 1325 3602 in
1350 3558 1621 3618 conspectu
1651 3547 1876 3616 Domini,

277 3644 419 3697 sicut
449 3640 615 3695 David
645 3651 785 3712 pater
808 3646 919 3715 ejus
959 3642 1080 3714 (Ill
1108 3644 1230 3713 Reg.
1260 3660 1348 3710 xv,
1386 3645 1496 3713 il).
1529 3645 1606 3698 Ac
1629 3657 1699 3698 ne
1744 3641 1880 3697 forte

276 3734 500 3790 dicatur
528 3734 669 3803 quod
699 3733 817 3803 ejus
850 3735 1027 3804 priora
1070 3735 1391 3801 laudaverit,
1422 3745 1472 3791 ct
1505 3745 1691 3805 postea
1724 3734 1882 3790 fuerit

277 3826 637 3895 depravatus,
662 3828 846 3895 accipe
890 3827 1018 3897 quid
1048 3827 1103 3883 in
1129 3828 1220 3883 illo
1243 3829 1435 3883 iterum
1466 3828 1654 3884 eadem
1700 3828 1883 3897 Scrip-

279 3926 411 3971 tura
462 3916 808 3986 pronuntiet:
856 3916 1233 3982 Verumtamen,
1284 3917 1478 3987 inquit,
1520 3935 1608 3971 eor
1642 3917 1744 3972 Ara
1774 3927 1882 3972 erat

280 4014 575 4078 perfectum
626 4026 741 4063 cum
782 4010 1004 4065 Domino
1042 4012 1275 4065 omnibus
1325 4011 1504 4066 diebus
1551 4013 1659 4066 suis
1690 4010 1879 4078 (Ibid.,

280 4103 311 4155 1
332 4104 408 4171 ι).
441 4102 505 4157 Et
528 4104 712 4172 utique
742 4102 989 4158 omnibus
1012 4102 1203 4160 diebus
1240 4105 1352 4159 Suis
1383 4119 1489 4159 non
1516 4105 1803 4169 diceretur,
1836 4103 1882 4160 si

276 4194 360 4249 ab
389 4208 458 4248 eo
487 4194 538 4247 in
587 4209 693 4261 quo
739 4193 914 4249 fuerat
953 4194 1197 4251 laudatus
1249 4195 1537 4265 aliquando
1586 4194 1881 4251 recederet.

278 4286 527 4343 Proinde
554 4303 672 4343 cum
705 4287 797 4342 Dei
827 4282 1101 4357 Scriptura
1130 4303 1310 4359 regem
1341 4288 1469 4353 Asa,
1498 4289 1548 4342 in
1577 4289 1739 4344 tantis
1761 4287 1881 4342 cul-

279 4378 549 4449 pabilcm,
590 4378 669 4433 sic
707 4389 925 4449 prepter
962 4378 1224 4435 culturam
1256 4381 1414 4435 unius
1440 4381 1552 4435 veri
1586 4378 1675 4434 Dei
1702 4378 1884 4435 lauda-

276 4469 454 4533 verit,
481 4476 538 4521 ut
566 4482 688 4523 eum
725 4478 1066 4537 compararet
1091 4477 1251 4539 atque
1271 4470 1537 4525 conferret
1559 4478 1747 4525 sancto
1770 4471 1881 4540 regi

278 4557 485 4623 David,
512 4571 576 4611 ac
619 4560 987 4626 pronuntiaret
1033 4559 1175 4628 quod
1221 4568 1365 4614 esset
1393 4573 1487 4613 cor
1514 4559 1629 4630 ejus
1669 4558 1881 4629 perfec-

1984 3364 2287 3421 resistendo
2311 3364 2544 3422 Nestorii
2573 3364 2843 3434 dogmati,
2883 3367 2937 3420 in
2958 3366 3285 3421 contrarium
3312 3365 3566 3435 Apolina-

1983 3456 2058 3510 ris
2087 3455 2279 3524 dogma
2308 3470 2404 3523 per
2430 3456 2785 3527 ignorantiam
2826 3456 3057 3525 lapsum.
3089 3455 3215 3510 Ilaec
3240 3456 3346 3511 duo
3376 3456 3422 3509 si
3453 3455 3565 3511 dis-

1983 3546 2353 3612 crimiucmus,
2396 3545 2769 3601 Nesmriauam
2825 3560 2931 3599 non
2984 3545 3212 3600 dicimus
3262 3544 3563 3614 epistolam,

1984 3653 2142 3708 quam
2188 3637 2426 3708 synodus
2464 3638 2779 3693 catholicam
2810 3638 2945 3692 dixit
2974 3653 2988 3691 :
3028 3637 3281 3707 quoniam
3312 3637 3454 3693 aliud
3484 3650 3567 3695 est

1983 3744 2104 3786 cum
2147 3731 2215 3785 de
2270 3728 2575 3798 hujusmodi
2624 3744 2855 3798 persona
2898 3728 3029 3787 false
3064 3719 3259 3800 aliquid
3298 3730 3567 3795 creditur;

1984 3823 2129 3879 aliud
2159 3838 2288 3879 vero
2315 3838 2436 3879 cum
2465 3822 2533 3879 de
2569 3823 2685 3893 ipso
2713 3822 3033 3879 Christianae
3063 3822 3184 3879 ﬁdei
3219 3824 3568 3879 fundamento

1986 3917 2127 3971 male
2148 3915 2395 3973 sentitur.
2422 3914 2533 3969 Nisi
2560 3915 2699 3970 forte
2723 3915 2840 3985 quis
2870 3914 3028 3981 dicat,
3063 3915 3203 3985 quod
3234 3930 3331 3986 pro
3372 3915 3568 3985 injuria

1984 4010 2127 4065 beati
2158 4008 2348 4080 Cyrilli
2396 4008 2655 4063 damnare
2683 4007 2923 4079 synodus
2951 4007 3130 4063 debuit
3158 4017 3357 4063 rectam
3412 4008 3570 4064 ﬁdem

1985 4103 2155 4173 ipsius
2175 4103 2359 4174 Cyrilii
2382 4118 2540 4173 quam
2563 4101 2787 4172 epistola
2816 4102 2906 4157 illa
2944 4101 3196 4158 confessa
3221 4109 3326 4167 est,
3343 4111 3433 4157 aut
3455 4117 3571 4159 cam

1985 4214 2092 4255 non
2120 4198 2440 4269 approbnre,
2466 4212 2587 4253 cum
2617 4197 2794 4253 divina
2823 4195 3121 4268 Scriptura,
3158 4197 3299 4253 sicut
3337 4198 3571 4253 ostendi-

1987 4304 2127 4357 mus,
2160 4290 2263 4345 Asa
2289 4303 2469 4357 regem
2501 4287 2639 4343 .luda
2685 4303 2807 4351 cum
2852 4296 2998 4342 tanta
3036 4286 3195 4342 laude
3246 4287 3571 4355 praetulerit;

1984 4379 2135 4451 quasi
2157 4380 2433 4448 amplioris
2457 4379 2531 4434 sit
2555 4379 2793 4435 criminis
2819 4378 3027 4449 lapsum
3058 4387 3272 4447 putasse
3313 4375 3571 4446 Cyrillum

1985 4471 2295 4541 episcopum
2334 4485 2493 4540 quam
2541 4470 2896 4540 prOpbetam;
2948 4480 3006 4525 ut
3047 4469 3149 4522 alia
3192 4467 3463 4532 omittam,
3504 4468 3573 4520 de

1988 4573 2207 4634 peccato
2246 4572 2584 4633 arguentem,
2632 4563 2683 4616 in
2732 4562 2879 4616 nervi
2929 4559 3229 4615 custodiam
3267 4558 3572 4613 tradidisse.

276 4652 404 4703 tum
437 4634 561 4702 cum
585 4648 815 4703 Domino
838 4627 1084 4704 erunibus
1106 4648 1298 4703 diebus
1326 4649 1478 4719 ejus;
1508 4627 1777 4720 quomodo
1799 4666 1883 4705 re-
1912 4627 1966 4687 Ῑ)
1991 4627 2191 4723 λεεὶρθ
2237 4627 2414 4710 autem
2463 4627 2577 4722 jam
2616 4662 2671 4709 et
2712 4652 2853 4707 aliud
2885 4651 3215 4721 exemplum,
3262 4652 3408 4722 quod
3458 4653 3574 4707 siue

274 4741 517 4809 Iigiosus
564 4740 849 4809 quisquam
922 4740 1320 4810 reprehendere
1368 4741 1561 4799 audeat
1613 4741 1883 4813 synodum

268 4829 835 4897 Chalcedonenscm,
885 4831 1027 4902 quod
1092 4833 1535 4890 consuetudinem
1591 4833 1883 4903 Scriptura:

266 4923 494 4977 divina:
521 4922 853 4992 formamque
898 4925 1228 4995 custodiens,
1259 4925 1581 4982 venerabilis
1622 4925 1726 4981 Iba:
1771 4926 1885 4997 epi-

261 5016 514 5080 stolam,
531 5018 872 5073 conﬁtentem
904 5017 1036 5074 duas
1060 5030 1277 5074 naturas
1297 5029 1349 5074 et
1380 5034 1538 5073 unam
1555 5019 1751 5075 Christi
1765 5034 1885 5075 esse

265 5120 604 5178 personam,
628 5109 770 5179 quod
802 5113 1037 5165 maxime
1066 5111 1133 5166 ad
1173 5112 1434 5171 culturam
1485 5111 1579 5167 Dei
1613 5113 1884 5183 pertinet,

266 5201 662 5273 pronuntiavit
707 5201 1066 5258 orthodoxam
1107 5222 1120 5257 :
1189 5215 1539 5261 contemnens
1588 5205 1729 5274 quod
1770 5206 1890 5275 ejus

262 5295 635 5363 conscriptor
662 5295 728 5351 de
761 5297 918 5351 beato
956 5297 1158 5369 Cyrillo
1190 5298 1345 5355 aliter
1392 5315 1551 5370 quant
1582 5315 1669 5355 res
1700 5300 1891 5356 habuit

263 5389 475 5444 fuerat
501 5388 823 5456 suspicatus,
848 5398 902 5445 et
930 5390 1041 5445 Itazc
1065 5392 1343 5447 attendere
1368 5434 1383 5459 ,
1413 5392 1496 5448 vel
1520 5392 1887 5463 cujuscunque

260 5478 557 5537 momenti
590 5480 843 5548 pendere.
875 5497 996 5537 cum
1020 5483 1086 5538 de
1130 5483 1235 5540 ﬁde
1262 5483 1563 5540 (.‘hristiana
1612 5493 1698 5542 est
1740 5501 1889 5554 qua:-

411 5685 547 5739 Cou.
576 5684 748 5741 Veron
761 5728 769 5736 .
783 5731 796 5756 ,
827 5698 1067 5742 continet.

367 5760 390 5791 ³
423 5757 764 5832 Ιιιειιιηουάη
808 5769 855 5811 et
903 5760 1014 5814 Ana
1052 5770 1263 5815 matrem
1305 5778 1469 5832 suam,
1496 5772 1601 5819 ctt‘.
1632 5762 1750 5815 Asm
1776 5778 1887 5815 tua-

250 5847 382 5893 ιει-
425 5828 728 5899 appellatur
774 5832 886 5884 Ana
936 5834 986 5887 in
1032 5832 1217 5889 Greca
1265 5828 1511 5896 versione
1560 5840 1656 5893 τῶν
1707 5834 1882 5899 LXX,

1993 4747 2271 4803 mendacio
2300 4745 2637 4802 defendimus
2658 4745 2852 4817 synodi
2881 4760 3043 4814 super
3072 4745 3296 4814 cpistola
3324 4744 3429 4799 Iba:
3456 4760 3573 4798 seu-
3656 4743 3660 4746 “

1996 4840 2235 4896 tentiam.
2256 4840 2389 4895 Nam
2413 4840 2669 4908 Josaphat
2697 4854 2876 4910 regem
2904 4852 3119 4910 quoque
3145 4839 3392 4894 similiter
3417 4838 3575 4903 Iuda,

1995 4933 2158 4988 ﬁlium
2200 4932 2438 5003 prasdicti
2485 4936 2613 4999 Asa,
2658 4932 3003 4988 meminimus
3032 4931 3052 4961 ⁸
3082 4933 3220 4986 inter
3247 4932 3382 4986 alios
3427 4946 3576 5000 regis

1994 5024 2211 5081 excelsa
2239 5040 2345 5079 non
2374 5024 2652 5081 sustulisse
2675 5022 2762 5090 (Il
2791 5023 2972 5078 Parat.
3002 5039 3095 5089 xx,
3118 5023 3233 5094 53),
3258 5024 3398 5078 sicut
3419 5025 3576 5079 etiam

1995 5128 2200 5188 patrem
2231 5118 2370 5189 ejus.
2421 5119 2625 5175 Deinde
2652 5119 2913 5174 afﬁnitate
2955 5116 3200 5187 junctum
3231 5118 3419 5175 Achab
3472 5121 3577 5187 regi

1994 5214 2218 5285 profano
2272 5215 2474 5280 Israel,
2549 5214 2639 5285 qui
2693 5214 2853 5271 etiam
2910 5216 2963 5270 in
3018 5216 3279 5271 auxilium
3338 5215 3577 5284 ejusdem

1993 5309 2199 5377 Achab,
2234 5310 2539 5379 posthabito
2574 5308 2667 5365 Dei
2710 5324 2958 5365 sermOue
2983 5326 3141 5381 quem
3183 5318 3309 5363 ante
3348 5324 3440 5376 per
3482 5307 3576 5361 Ili-

1994 5400 2197 5456 chmam
2230 5403 2541 5473 prophetam
2585 5402 2633 5457 ei
2684 5403 3127 5467 annuntiaverat,
3170 5411 3352 5455 contra
3398 5395 3577 5467 regem

1996 5494 2165 5563 Syriae
2212 5493 2409 5551 frustra
2466 5494 2733 5564 prmliatus
2783 5504 2862 5551 est
2909 5493 3021 5564 (II
3069 5492 3248 5545 l’arat.
3293 5505 3443 5557 svnt,
3506 5491 3577 5561 I).

1999 5694 2222 5751 Moecha
2248 5704 2425 5750 autem
2453 5692 2503 5745 iu
2530 5702 2674 5747 textu
2705 5692 2927 5749 llcbrmo
2953 5700 3005 5745 ct
3039 5690 3258 5761 Vulgata
3279 5688 3532 5750 editione.

2068 5769 2088 5798 ³
2116 5767 2257 5817 Idem
2284 5766 2428 5829 cud.,
2459 5765 2769 5817 rescriberet.

2068 5838 2085 5867 ³
2108 5836 2256 5891 Idem
2286 5836 2427 5901 cod,
2459 5835 2759 5888 invenimus.
