3954 6352
420 444 522 500 659

1488 410 1783 498 modum
1815 433 2027 491 EPISC.
2088 428 2596 490 llERMlANENSlS

3588 441 3703 498 660

426 560 649 628 Propter
677 556 1174 625 quod,intcrempto
1204 556 1254 609 iu
1280 555 1467 609 eodem
1500 554 1684 622 praelio
1708 558 2001 607 memorato
2033 548 2081 608 Λ
2108 553 2239 623 regis
2257 555 2535 628 Babylonis
2554 559 2605 627 (l
2624 558 2663 613 V
2695 561 2815 630 llsg.
2844 575 2940 623 xx,
2968 561 3061 622 l7;
3090 558 3195 613 Isa.
3224 573 3408 621 um,
3427 557 3503 627 6).
3529 557 3697 613 Cum-

425 649 631 716 Achab,
661 648 974 716 obiurgatus
1000 655 1084 701 est
1114 646 1254 702 idem
1285 646 1559 715 iosaphat,
1594 645 1690 699 Jeu
1720 644 1831 698 lilio
1860 649 2002 697 Ana-

422 745 510 796 nia
535 742 790 811 propheta
818 741 1063 795 dicente:
1112 740 1174 795 Si
1203 749 1516 807 peccatorem
1543 738 1695 791 illum
1742 736 2003 807 adjuristi,

421 846 468 888 et
495 852 671 889 eorum
699 834 787 902 qui
815 834 1029 889 oderunt
1061 832 1339 887 Dominum
1390 830 1585 884 amicus
1616 846 1689 899 es,
1722 830 1774 883 in
1794 827 1889 881 hoc
1914 842 2004 881 su-

420 945 510 991 per
540 937 587 980 te
616 928 693 981 ira
725 944 755 979 ιι
782 928 912 997 {acie
940 927 1146 980 Domini
1174 923 1262 992 (JI
1288 923 1470 979 Paral.
1494 924 1698 991 χωρ).
1729 923 2007 976 Posmrmo

424 1036 519 1080 pro
568 1021 828 1075 societate
881 1021 1022 1090 regis
1067 1018 1250 1073 Achab
1280 1018 1604 1085 iacrepatns,
1640 1017 1801 1069 etiam
1834 1015 1850 1044 ί
1883 1028 2005 1066 cum

418 1117 651 1171 Uchozia
693 1116 947 1171 similiter
987 1113 1214 1182 profane
1245 1126 1366 1181 rege
1420 1110 1601 1175 lsracl,
1649 1109 1842 1179 quique
1870 1106 2005 1176 patri

420 1209 605 1262 Achab
638 1208 689 1262 in
732 1221 896 1275 regno
928 1204 1085 1260 simul
1112 1214 1166 1258 et
1198 1204 1250 1258 in
1284 1202 1430 1257 omni
1460 1200 1857 1255 abuminatione
1886 1211 2007 1251 suc-

418 1308 675 1364 ceSserat,
726 1298 867 1352 idem
898 1296 1153 1367 Josaphat
1209 1294 1500 1348 amicitiam
1527 1292 1722 1361 junxit.
1776 1289 1926 1344 Unde
1953 1296 2007 1343 et

419 1391 680 1453 lleliezcr,
724 1388 860 1442 filius
889 1387 1092 1442 Dodiau
1144 1384 1438 1455 prophetaa,
1472 1398 1593 1438 eum
1627 1380 1897 1451 redarguit
1921 1380 2005 1434 di-

417 1499 573 1539 cens:
609 1483 713 1538 Pro
735 1497 792 1537 eo
822 1485 961 1552 quod
989 1478 1377 1535 communicasti
1397 1493 1511 1531 cum
1533 1475 1780 1541 Och‘ozia,
1804 1478 2007 1541 confre-

415 1575 487 1644 git
516 1574 766 1627 Dominus
790 1582 950 1642 'opera
981 1580 1067 1624 tua
1097 1567 1188 1642 (ΙΙ
1214 1569 1397 1622 Paral.
1423 1584 1512 1633 xx,
1534 1566 1648 1637 '57).
1669 1565 1735 1619 Et
1763 1564 1815 1619 in
1847 1563 2006 1617 tantis

416 1666 576 1718 etiam
619 1665 720 1718 iste
768 1663 1131 1731 reprehensus
1171 1668 1329 1728 atque
1357 1658 1623 1726 culpatus,
1675 1664 1853 1711 tamen
1881 1655 2004 1724 quia

416 1756 588 1808 solum
620 1754 788 1808 Deum
837 1751 1006 1809 coluit
1034 1793 1047 1813 ,
1095 1759 1151 1805 et
1175 1750 1427 1819 reliquias
1455 1748 1857 1803 simulacrorum
1887 1762 2006 1816 qua:

414 1856 786 1903 remanserant
814 1847 866 1900 in
895 1845 1085 1901 diebus
1112 1845 1279 1913 patris
1307 1843 1445 1913 ejus,
1480 1841 1701 1897 sustulit
1727 1839 1795 1894 de
1838 1849 2001 1902 terra,

2110 665 2215 720 que
2244 659 2390 705 tanta
2419 662 2563 707 esset
2592 652 2769 707 cordis
2821 652 2937 717 cius
2960 653 3141 716 elatio,
3183 660 3241 704 ut
3268 652 3403 705 hanc
3436 650 3700 705 ultionem

2107 743 2478 813 gravissimam
2506 744 2801 812 dejustitia
2851 744 2942 798 Dei
2996 744 3279 811 rccimret,
3329 742 3521 796 eadem
3550 742 3701 798 Scri-

2109 843 2261 903 ptura
2289 834 2357 889 de
2390 835 2482 889 illo
2512 836 2591 889 sic
2620 837 2786 892 dicit:
2817 832 2960 889 Fecit
2988 836 3125 903 quod
3172 843 3367 887 rectum
3395 843 3469 888 est
3499 835 3553 888 in
3582 852 3704 889 con-

2108 935 2280 995 spectu
2304 924 2511 980 Domini
2541 928 2816 980 secundum
2845 927 3017 979 omnia
3041 942 3155 996 qua!
3180 927 3301 995 {ccit
3334 925 3500 979 David
3550 939 3703 997 pater

2107 1014 2499 1087 suus(IVlieg.
2530 1019 2759 1084 svrn,5;
2792 1017 2850 1070 ll
2896 1016 3343 1087 Paral.xx1x,‘2).
3374 1019 3439 1071 lit
3465 1020 3697 1073 iterum:

2111 1108 2210 1162 llic
2238 1111 2289 1163 in
2318 1106 2538 1163 Domino
2571 1110 2673 1164 Deo
2710 1109 3126 1180 lsraelsperavit,
3175 1119 3223 1164 et
3275 1120 3386 1178 post
3434 1129 3546 1164 cum
3589 1129 3698 1166 non

2109 1202 2205 1273 fuit
2235 1203 2282 1256 ei
2300 1202 2487 1257 similis
2527 1203 2791 1272 quisjuam
2836 1202 2889 1255 in
2928 1203 3128 1273 regibus
3151 1200 3310 1263 Juda,
3341 1213 3389 1257 ct
3435 1204 3487 1256 in
3508 1203 3585 1257 Itis
3605 1208 3701 1273 qni

2109 1296 2315 1365 fuerunt
2332 1305 2451 1350 ante
2477 1296 2672 1363 ipsum;
2700 1305 2745 1349 et
2762 1294 2979 1349 adhazsit
3006 1295 3237 1358 Domino,
3282 1312 3372 1350 nec
3394 1298 3597 1349 recessit
3627 1298 3698 1349 ab

2107 1385 2241 1455 ipso,
2266 1395 2311 1440 et
2338 1385 2606 1439 custodiuit
2634 1386 2880 1439 mandata
2902 1389 3034 1457 ejus,
3078 1402 3392 1454 quwcunque
3434 1390 3701 1441 mandarit

2110 1477 2319 1550 Moysi:
2347 1488 2394 1533 et
2419 1490 2526 1533 erat
2559 1480 2810 1534 Dominus
2831 1496 2946 1533 cum
2968 1480 3080 1551 ipso
3098 1479 3150 1534 in
3183 1483 3480 1551 omnibus“
3497 1484 3537 1538 ιν
3558 1482 3695 1549 lien.

2108 1586 2256 1635 xvut,
2282 1570 2362 1641 5).
2387 1570 2668 1637 Quomodo
2691 1573 2851 1642 igitur
2872 1572 3019 1626 illum
3045 1579 3201 1641 quem
3253 1574 3332 1628 sic
3364 1589 3701 1629 commento—

2107 1666 2265 1730 ravit,
2292 1673 2351 1719 ut
2373 1666 2466 1720 lilii
2500 1680 2713 1735 quoque
2737 1668 2856 1734 ejus
2880 1666 2933 1720 in
2975 1667 3338 1736 captivitatem
3372 1667 3601 1731 adducti,
3634 1670 3695 1725 in

2106 1754 2267 1810 domo
2294 1756 2435 1826 regis
2467 1757 2752 1828 Babylonis
2782 1759 3011 1813 eunuchi
3044 1761 3343 1823 servirent,
3381 1761 3458 1815 sic
3509 1761 3696 1815 divina

2105 1844 2380 1914 Scriptura
2411 1846 2675 1901 laudavit?
2705 1846 2777 1904 Ut
2819 1849 2962 1903 enim
3019 1866 3125 1903 non
3181 1850 3515 1905 attendamus
3549 1853 3699 1919 quod

414 1943 494 1995 sic
519 1955 547 1994 a
581 1941 756 1995 divina
799 1938 1077 2008 Scriptura
1108 1937 1385 1991 laudatur:
1430 1934 1498 1987 Et
1524 1935 1782 2005 ingressus
1808 1941 1880 1985 est
1904 1930 2001 1984 Jo-
2030 1927 2079 1989 Β
2105 1935 2171 1991 de
2198 1936 2290 1991 illo
2311 1937 2465 2001 dixit,
2492 1937 2558 1992 Et
2587 1937 2716 1993 fecit
2763 1941 2904 2008 quod
2964 1951 3166 1995 rectum
3215 1953 3297 1995 est
3328 1943 3379 1995 in
3401 1953 3700 2011 conspectu

414 2033 599 2103 saphat
643 2033 696 2087 in
724 2033 806 2086 via
846 2034 949 2085 Asa
979 2032 1142 2101 patris
1166 2031 1267 2095 sui,
1298 2038 1344 2083 et
1373 2044 1477 2082 non
1515 2024 1784 2080 declinavit
1811 2023 1875 2077 ab
1912 2040 2007 2095 ca,

415 2124 647 2193 faciendo
678 2126 814 2193 quod
864 2131 1058 2177 rectum
1093 2132 1164 2176 est
1194 2122 1246 2175 in
1285 2128 1553 2188 conspectu
1580 2117 1784 2173 Domini
1804 2117 1993 2187 (lbid.,

410 2215 538 2281 5:2).
587 2214 643 2270 Si
697 2214 856 2284 igitur
902 2227 1081 2283 regem
1131 2227 1345 2283 quoque
1406 2211 1668 2280 Josapbat
1720 2224 1876 2279 quem
1942 2209 1994 2262 in

414 2310 577 2363 tantis
625 2321 835 2372 errasse
857 2306 1251 2377 cognoscimus,
1299 2312 1354 2359 et
1406 2318 1512 2357 non
1567 2302 1738 2357 solum
1788 2316 1817 2354 a
1871 2314 1995 2371 pro-

413 2401 587 2469 phetis
613 2401 970 2469 increpatum,
996 2412 1179 2453 verum
1209 2399 1371 2453 etiam
1392 2405 1512 2466 post
1530 2395 1993 2451 denuntiationem

410 2498 558 2561 ipsos
583 2492 973 2560 contempsisse
1002 2490 1309 2559 prophetas,
1340 2502 1439 2557 pro
1473 2488 1564 2542 Dei
1598 2488 1707 2541 veri
1759 2487 1992 2555 cultura,

412 2586 535 2652 quia
586 2598 691 2639 non
744 2583 961 2638 divertit
1011 2591 1069 2637 ut
1123 2581 1374 2636 adoraret
1399 2580 1530 2636 deos
1559 2579 1994 2643 alienos,sanc:a

410 2677 685 2744 Scriptura
709 2674 981 2745 perhibuit
1007 2688 1111 2728 non
1145 2673 1448 2728 declinasse
1504 2672 1572 2726 ab
1620 2687 1684 2725 eo
1739 2671 1878 2741 quod
1911 2686 1996 2725 re-

358 2802 365 2807 -
411 2778 557 2824 ctum
588 2776 670 2821 est
715 2766 770 2822 in
824 2773 1121 2836 conspectu
1151 2764 1359 2818 Domini
1398 2781 1410 2816 :
1444 2761 1713 2832 quomodo
1758 2760 1996 2832 synodus

410 2860 864 2915 Cha'cezloneusis
895 2874 1001 2913 non
1035 2858 1261 2928 profane
1296 2857 1563 2925 culpatur,
1595 2853 1733 2924 quod
1785 2867 1994 2908 morem

410 2953 700 3021 Scriptura:
728 2951 923 3005 divina!
954 2949 1285 3017 custodiens,
1338 2947 1619 3017 epistolam
1675 2944 1995 2999 venerabilis

409 3046 535 3111 lbzze,
568 3043 812 3115 quamvis
863 3043 931 3097 de
994 3041 1152 3097 beato
1205 3040 1405 3111 Cyt'illo
1450 3039 1607 3092 aliter
1651 3035 1993 3104 suSpicantis,

409 3153 506 3208 pro
559 3153 702 3193 verae
752 3136 875 3192 fidei
924 3135 1271 3191 confessione
1294 3147 1453 3201 quam
1481 3130 1743 3194 continet,
1796 3129 1850 3183 in
1891 3141 1996 3196 qua

408 3242 553 3287 recte
579 3229 776 3285 colitur
839 3228 999 3293 Deus,
1050 3225 1414 3297 pronuntiavit
1450 3222 1853 3278 orthodoxam?
1910 3225 1994 3275 An

2103 2030 2335 2096 Domini,
2359 2031 2649 2086 secundum
2680 2032 2991 2103 omniaquae
3009 2033 3133 2088 fecit
3168 2035 3328 2089 David
3346 2045 3496 2103 pater
3523 2050 3693 2101 suae;

2099 2139 2443 2193 rursumque,
2474 2123 2571 2179 llic
2600 2124 2653 2179 in
2684 2125 2911 2180 Domino
2949 2126 3058 2181 Deo
3116 2128 3276 2183 lsrael
3327 2129 3585 2196 Speravit,
3637 2141 3696 2185 et

2100 2226 2221 2286 post
2247 2233 2367 2272 eum
2401 2234 2503 2272 non
2554 2217 2651 2271 fuit
2702 2218 2753 2271 ei
2805 2218 2995 2273 similis
3040 2221 3317 2289 quisquam
3364 2221 3414 2274 in
3470 2222 3697 2289 regibus

2098 2308 2233 2363 Juda
2262 2309 2387 2362 etin
2414 2308 2496 2361 his
2528 2309 2615 2377 qui
2648 2307 2861 2363 luerunt
2909 2320 3031 2365 ante
3073 2312 3249 2378 ipsum
3281 2329 3295 2365 :
3324 2313 3594 2382 quomodo
3624 2314 3697 2368 de

2100 2398 2194 2453 illo
2221 2398 2420 2452 dictum
2452 2407 2554 2463 est,
2614 2399 2852 2453 Adhrcsit
2899 2401 3143 2465 Domino,
3206 2418 3303 2458 nec
3358 2407 3577 2459 recessit
3622 2407 3695 2460 ab

2101 2486 2239 2557 ipso,
2264 2497 2315 2543 et
2340 2488 2624 2543 custodivit
2655 2490 2898 2543 mandata
2923 2491 3059 2559 ejus,
3102 2508 3434 2561 quacunque
3465 2494 3695 2548 manda«

2099 2581 2180 2634 vit
2207 2581 2460 2635 Dominus
2493 2582 2699 2652 Moysi?
2740 2586 2817 2634 An
2869 2582 3003 2637 forte
3058 2585 3255 2637 dicitur
3299 2586 3462 2639 elatio
3509 2586 3696 2641 cordis

2099 2674 2235 2744 ejus,
2264 2690 2381 2744 qum
2410 2676 2488 2728 sic
2522 2676 2746 2729 Domino
2775 2675 3069 2742 displicuit,
3103 2676 3394 2732 adhaesisse
3438 2678 3690 2744 Druuino,

2099 2780 2195 2820 nec
2222 2767 2514 2821 recessisse
2532 2767 2601 2822 ab
2623 2782 2707 2833 eo,
2726 2776 2779 2821 et
2800 2768 3101 2822 custodisse
3124 2769 3368 2823 mandata
3381 2769 3515 2837 ejus,
3540 2786 3693 2837 qum-

2098 2870 2310 2923 cunque
2332 2856 2607 2909 mandavit
2655 2856 2935 2924 Dominus,
2987 2872 3105 2913 cum
3129 2860 3199 2913 sit
3244 2860 3418 2913 omnis
3473 2859 3692 2913 initium

2098 2950 2303 3019 peccati
2323 2948 2571 3017 superbia
2597 2948 2620 3002 ?
2649 2948 2786 3017 Quid
2811 2951 2880 3003 ita
2928 2949 3189 3015 dicemus,
3240 2951 3342 3005 nisi
3370 2950 3491 3018 quia
3519 2950 3569 3003 iu
3602 2950 3692 3005 h‘s

2098 3042 2278 3097 verbis
2299 3040 2398 3095 huc
2424 3040 2647 3109 intelligi
2696 3040 2865 3096 voluit
2910 3041 3000 3095 Dei
3057 3041 3351 3110 Scriptura,
3402 3041 3542 3109 quod
3580 3057 3695 3097 nun

2099 3134 2234 3189 sicut
2266 3133 2354 3187 alii
2380 3146 2532 3202 reges
2552 3132 2681 3188 deos
2707 3134 2944 3203 gentium
2998 3133 3240 3187 adoravit
3289 3133 3563 3199 Ezechias,
3592 3150 3695 3187 ne-

2099 3240 2205 3294 que
2232 3226 2298 3281 ab
2330 3226 2485 3279 unius
2514 3224 2609 3279 Dei
2636 3225 2746 3279 veri
2775 3225 2978 3279 cultura
3028 3224 3313 3289 discessit;
3362 3225 3457 3279 sed
3498 3226 3692 3281 obser-

408 3329 477 3381 for
495 3335 546 3382 te
594 3326 763 3380 levior
792 3324 944 3393 culpa
979 3331 1062 3378 est
1091 3321 1322 3376 amicitia
1343 3331 1399 3375 et
1457 3318 1715 3372 affinitate
1761 3316 1997 3386 profanis
2022 3305 2069 3367 C
2106 3319 2254 3373 vavit
2280 3333 2607 3387 quaecunque
2636 3317 2702 3372 de
2733 3316 2834 3372 hac
2880 3317 3149 3371 mandavit
3186 3318 3442 3372 Dominus
3493 3318 3692 3388 Moysi,

406 3421 569 3476 fuisse
597 3418 966 3489 coujnnctum,
1015 3424 1069 3471 et
1111 3415 1402 3483 prophetas
1448 3414 1642 3467 missos
1688 3426 1716 3464 a
1767 3409 1995 3464 Domino

407 3511 815 3581 contempsisse,
838 3524 993 3579 quam
1012 3507 1077 3562 de
1099 3505 1302 3577 Cyrillo
1321 3505 1572 3574 episcopo
1587 3503 1778 3557 falsum
1796 3499 1992 3570 aliquid

405 3604 875 3661 :ustitnas~e?Se1l
907 3604 1014 3673 jam
1042 3600 1278 3664 tertium,
1330 3598 1469 3667 quod
1518 3606 1819 3651 extremum
1856 3609 1987 3663 quo—

407 3718 509 3770 que
545 3701 671 3767 erit,
732 3698 1067 3768 proferamus
1107 3694 1444 3761 exemplum,
1505 3690 1798 3761 quomodo,
1856 3690 1994 3744 sicut

406 3794 662 3856 diximus,
695 3806 721 3844 a
744 3792 952 3861 majore
981 3798 1034 3844 et
1067 3788 1292 3843 meliore
1343 3796 1492 3857 parte
1523 3785 1802 3853 Scriptura
1847 3782 1992 3837 divi-

406 3903 470 3941 ua
496 3886 563 3940 de
586 3884 769 3939 multis
792 3885 963 3939 soleat
994 3882 1136 3935 ferre
1180 3878 1503 3934 sententiam
1531 3893 1545 3941 ;
1586 3877 1741 3943 cujus
1768 3875 1991 3929 formam

406 3989 589 4036 sancta
620 3978 855 4050 synodus
881 3984 1066 4030 secuta
1118 3981 1221 4034 est,
1277 3979 1333 4023 ut
1378 3969 1700 4023 venerabilis
1749 3968 1852 4022 Iba:
1882 3970 1995 4035 cpi-

407 4071 601 4125 stolam
632 4069 974 4137 approbaret.
1029 4062 1160 4116 Nam
1215 4063 1282 4116 de
1335 4075 1460 4127 rege
1505 4074 1717 4127 quoque
1762 4058 1991 4112 Ezechia

407 4162 487 4214 sic
514 4158 702 4213 eadem
735 4157 1007 4223 Setiptnra
1042 4153 1276 4206 narravit
1321 4168 1333 4203 :
1368 4148 1431 4202 In
1480 4150 1654 4203 diebus
1704 4149 1810 4203 illis
1838 4149 1991 4218 inﬁr-

409 4264 575 4308 matus
603 4262 674 4307 est
704 4250 950 4305 Ezechias
982 4263 1142 4317 usque
1169 4248 1237 4299 ad
1265 4254 1471 4299 mortem
1497 4243 1582 4313 (Il
1607 4244 1789 4298 l’aral.
1821 4259 1989 4308 χχχιι,

409 4347 539 4418 24);
572 4355 627 4401 et
664 4342 922 4400 oravitad
954 4340 1260 4407 Dominum,
1314 4349 1369 4392 et
1422 4337 1694 4391 exaudivit
1737 4351 1880 4401 eum,
1939 4348 1993 4390 ct

406 4436 555 4494 dedit
581 4438 657 4492 illi
681 4436 914 4505 signum,
947 4444 1001 4488 et
1034 4430 1136 4486 non
1178 4432 1326 4500 juxta
1382 4429 1788 4484 retributionem
1833 4443 1990 4494 quam

407 4532 590 4586 tribuit
624 4530 719 4594 illi,
755 4524 1163 4597 repraesentavit
1208 4522 1508 4585 Ezechias;
1557 4521 1648 4574 scd
1698 4520 1988 4575 exaltatum

406 4635 489 4680 est
516 4638 608 4679 cor
626 4625 766 4691 ejus,
798 4632 852 4676 et
880 4619 979 4673 fuit
1007 4632 1168 4687 super
1191 4617 1340 4670 illum
1366 4615 1463 4681 ira,
1492 4627 1538 4668 et
1569 4627 1729 4682 super
1755 4613 1911 4681 Juda,
1936 4623 1988 4667 et

407 4730 567 4785 super
592 4684 825 4768 Isracl'.
864 4684 1088 4781 Propter
1113 4710 1255 4778 quod
1312 4706 1481 4760 Isaias
1510 4706 1563 4759 in
1597 4720 1717 4758 eum
1748 4706 1988 4773 Pl'Ojlile'
2030 4684 2075 4743 Ι)

410 4812 541 4863 tavit
565 4810 747 4863 dicens
772 4824 785 4861 :
816 4806 948 4859 Ecce
970 4805 1079 4858 dies
1108 4803 1335 4871 veniunt,
1368 4801 1487 4853 dicit
1516 4798 1788 4861 Dominus,
1824 4808 1870 4850 ct
1894 4814 1992 4850 an-

410 4907 635 4972 {crcnlur
659 4901 828 4955 omnia
857 4916 968 4969 quia
995 4899 1184 4953 suntin
1222 4899 1374 4949 domo
1427 4904 1549 4957 tua,
1591 4903 1637 4946 ct
1684 4907 1994 4963 qtta’cunqtte

408 4994 801 5049 recondiderunt
837 5000 1007 5062 patres
1033 4989 1105 5043 tui
1131 5005 1288 5059 usque
1313 4990 1363 5041 in
1392 4988 1527 5040 hunc
1548 4987 1704 5052 client,
1733 4997 1779 5039 et
1808 4987 1858 5037 in
1889 4984 1994 5037 Ba—

409 5086 643 5158 bylonem
686 5083 989 5147 introibant,
1020 5090 1066 5135 et
1108 5096 1207 5133 non
1233 5080 1608 5148 derelinquctur
1637 5093 1801 5132 sermo
1845 5093 1993 5148 quem

409 5182 539 5235 dixit
573 5178 841 5232 Dominus.
868 5172 1003 5228 Ecce
1024 5190 1085 5228 ea:
1117 5173 1237 5233 ﬁliis
1265 5172 1362 5225 tuis
1395 5173 1483 5242 qui
1528 5190 1577 5241 pi
1592 5172 1797 5225 ocedent
1837 5186 1898 5224 ea:
1920 5178 1989 5235 te,

405 5291 530 5345 quos
561 5271 843 5343 generabis,
868 5266 1187 5321 adducentur
1228 5274 1274 5319 et
1315 5273 1459 5317 erunt
1485 5263 1703 5317 eunuchi
1758 5263 1809 5315 in
1839 5264 1988 5318 domo

477 5427 505 5457 ιι
534 5417 645 5473 lloc
673 5415 832 5472 etiam
864 5411 1094 5466 affirmat
1118 5410 1394 5467 Liberatus
1414 5423 1534 5469 cap.
1553 5407 1636 5463 15.
1657 5406 1775 5473 Quo
1804 5415 1980 5459 autem

407 5505 568 5547 seusu
590 5490 724 5544 dicta
757 5487 826 5541 sit
851 5484 1171 5550 orthodoxa,
1201 5483 1429 5547 e\plicat
1462 5479 1677 5547 \‘igilius
1707 5479 1758 5530 in
1781 5478 1984 5529 consti-

408 5574 539 5616 tuto.
564 5560 764 5615 Verum
792 5570 855 5610 ex
886 5556 1133 5609 omnibus
1162 5556 1228 5609 de
1260 5553 1345 5606 lba
1374 5552 1747 5619 ep‘scoporum
1772 5557 1986 5601 sentcn-

407 5637 493 5687 liis
523 5647 642 5701 qua:
666 5633 915 5699 leguntur
943 5628 993 5701 in
1026 5619 1703 5701 synodoChalcedonensi,
1741 5628 1848 5697 tres
1872 5633 1988 5697 oni-

410 5687 557 5768 tzino;
586 5687 1031 5773 tlttastacnudus
1056 5687 1351 5765 'superiorc
1400 5692 1531 5745 libro
1583 5689 1843 5753 recitavit,
1878 5687 1991 5755 ejus

482 5848 495 5876 '
530 5845 663 5898 Cod.
690 5843 914 5903 Veron,
946 5841 1231 5907 increpatus
1259 5844 1327 5907 est
1350 5833 1522 5886 etiam.

481 5917 499 5947 ²
532 5896 675 5972 Idem
705 5913 849 5980 κού..
890 5896 1227 5965 Hierusalem.
1256 5904 1521 5964 Constitui
1565 5915 1727 5957 sacrae
1779 5896 2065 5967 Scriptura:
2103 5898 2277 5957 textus

2100 3422 2155 3467 et
2179 3409 2625 3478 quemadmodum
2657 3410 2913 3478 scriptum
2960 3421 3039 3464 ρει
3068 3426 3080 3462 :
3111 3409 3371 3463 Destruxit
3391 3412 3606 3468 accisa.
3640 3422 3695 3466 et

2101 3503 2398 3558 comminuit
2422 3503 2591 3556 omnia
2617 3502 2914 3565 simulacra,
2948 3510 2995 3554 et
3038 3502 3253 3555 abscidit
3284 3504 3441 3565 lucos,
3470 3513 3516 3556 et
3548 3518 3693 3555 com-

2101 3596 2283 3651 minuit
2317 3604 2598 3667 serpentem
2625 3593 2769 3648 itium
2799 3611 2989 3648 cuneum
3019 3612 3163 3664 quem
3192 3597 3307 3664 fecit
3354 3596 3574 3664 Moyses,
3599 3599 3695 3650 cui

2100 3689 2199 3758 ﬁlii
2234 3687 2394 3743 Israel
2435 3689 2503 3740 ad
2551 3686 2685 3739 illud
2733 3697 2931 3754 tempus
2976 3687 3332 3754 sacriﬁcabant
3384 3686 3573 3756 (lbid.,
3604 3685 3695 3757 4).

2101 3780 2405 3837 Secundum
2426 3779 2529 3832 hoc
2559 3794 2687 3847 ergo
2715 3777 2892 3853 dictus
2915 3786 2997 3832 est
3016 3777 3308 3831 adltmsisse
3334 3777 3561 3831 Domino
3587 3794 3698 3835 nec

2100 3874 2390 3930 recessisse
2413 3871 2481 3926 ab
2506 3886 2570 3927 eo
2616 3880 2669 3925 et
2709 3870 3015 3925 custodisse
3066 3869 3242 3922 omnia
3274 3869 3519 3922 mandata
3546 3870 3696 3937 ejus,

2100 3964 2716 4036 quaecunque'maudavit
2758 3960 3233 4031 DominusMoysi,
3265 3975 3369 4014 non
3393 3961 3694 4021 secundum

2099 4057 2241 4112 illam
2271 4056 2449 4113 cordis
2468 4055 2778 4120 elationem,
2814 4068 2915 4124 pro
2945 4065 3049 4122 qua
3076 4059 3182 4106 tam
3206 4050 3465 4121 grandem
3494 4053 3697 4104 meruit

2098 4152 2231 4204 iram
2257 4148 2417 4204 divini
2442 4146 2648 4217 jttdicii.

2730 4258 2956 4314 CAPUT
3004 4256 3066 4311 ll.

2102 4375 2251 4443 Quod
2278 4374 2502 4445 synodus
2525 4366 2932 4445 epistolam‘llra:
2972 4366 3311 4420 orthodoxam
3343 4363 3693 4445 pronuntiarit

2170 4436 2378 4517 propler
2404 4436 2622 4517 duarum
2650 4443 2704 4493 in
2747 4439 2950 4494 Christo
2984 4448 3282 4517 naturarum
3312 4436 3692 4517 confessionem

2168 4506 2325 4587 quam
2352 4516 2595 4579 continet,
2626 4528 2729 4566 non
2756 4519 2962 4581 propter
2988 4507 3173 4579 falsam
3218 4506 3279 4559 de
3311 4507 3458 4560 beato
3488 4506 3693 4574 Cyrillo

2174 4601 2537 4663 suspicionem.

2172 4701 2327 4758 Unde
2349 4708 2530 4755 sancta
2563 4698 2647 4753 illa
2680 4711 2891 4766 quoque
2915 4692 3168 4765 synodus,
3205 4693 3433 4745 formam
3461 4693 3692 4746 canoni-

2102 4810 2179 4849 ca:
2200 4793 2488 4860 Scriptum
2518 4788 2569 4842 in
2602 4802 2695 4841 sua
2727 4785 2991 4840 sententia
3020 4798 3125 4836 non
3153 4782 3443 4845 excedens,
3498 4797 3693 4836 secuu.

2101 4888 2228 4942 dum
2258 4884 2484 4937 duarum
2516 4888 2823 4933 naturarum
2858 4876 2907 4929 in
2957 4889 3057 4929 una
3107 4873 3305 4928 Christi
3344 4887 3574 4955 persona
3596 4890 3690 4926 ca-

2103 4979 2353 5035 tholicam
2386 4972 2762 5044 ctgeneralem
2811 4967 3223 5027 confessionem,
3257 4980 3362 5018 non
3388 4963 3692 5019 secundum

2103 5072 2357 5144 privatam
2384 5063 2742 5133 suspicionem
2774 5076 2930 5126 quam
2982 5058 3049 5111 de
3101 5057 3257 5108 beato
3302 5053 3505 5123 Cyl-illo
3558 5067 3689 5105 cum

2101 5164 2220 5219 aliis
2244 5163 2362 5217 [bas
2386 5157 2589 5221 habuit,
2613 5153 2729 5224 ejus
2750 5151 3034 5221 epismlam
3084 5144 3451 5216 pronuntiavit
3496 5145 3689 5196 ortho-

2097 5260 2293 5314 doxam
2335 5261 2361 5289 α
2396 5267 2409 5305 :
2440 5248 2539 5303 hoc
2561 5246 2678 5315 ipso
2710 5241 2995 5305 vocabulo,
3023 5239 3164 5307 quod
3190 5252 3307 5291 cant
3330 5236 3687 5290 orthodoxam

2081 5403 2146 5455 ad
2171 5399 2357 5456 Marim
2385 5395 2627 5466 epistolre
2654 5388 3035 5466 mentirierunt,
3062 5394 3218 5466 ataue
3241 5377 3533 5466 iuhis_du-.e
3566 5383 3685 5466 tan:

2085 5449 2574 5527 i'u'rii‘ﬁ'riiiiuibx‘am
2612 5452 3200 5533 pronuntiaruntzddeo
3250 5449 3486 5533 synodus
3541 5462 3591 5533 v,
3617 5455 3687 5533 .ut

2084 5519 2797 5602 caule-ciobservatum,non
2830 5525 3229 5602 idetnnliot‘lllll
3272 5524 3338 5600 de
3394 5519 3481 5602 illi}
3524 5519 3686 5602 judi-

2086 5587 2707 5668 Eiuiii‘iuiééé'siiumnl.
2751 5616 2846 5655 cos
2892 5596 3163 5659 redarguit
3208 5591 3296 5662 qui
3345 5587 3627 5658 epistolam
3659 5602 3689 5641 τι

2087 5684 2314 5739 concilio
2345 5686 2648 5747 susceptam
2690 5670 3105 5729 contendebant.

2310 5883 2401 5940 lib.
2432 5880 2479 5936 ll
2514 5878 2775 5948 I‘.tralip.,
2808 5887 2925 5943 cap,
2969 5882 3131 5935 sun,
3163 5863 3255 5918 9.5.
3324 5930 3327 5931 ν
