3974 6330
390 403 494 463 66⁸5

1467 397 1762 458 FACUNDI
1803 397 2012 457 EPISC.
2044 398 2550 459 HERMIANENSIS

3559 402 3665 459 664

391 536 515 577 nem
546 520 902 586 innotesccnt,
936 519 1059 590 quia
1086 517 1286 573 nullam
1334 516 1781 587 permutationem
1825 513 1967 571 Scri-
2006 512 2059 575 Α
2084 514 2266 583 pitutis
2317 520 2926 576 “communicationem
2998 523 3388 582 decreverunt;
3427 530 3480 576 ct
3543 536 3670 593 post

393 629 563 689 plura:
595 633 624 672 a
658 618 765 673 Deo
788 616 996 672 traditae
1014 622 1381 685 susceperunt.
1413 614 1577 670 Facio
1614 622 1792 669 autem
1818 609 1977 680 hujus

392 727 567 767 causa:
591 711 908 781 principium
933 726 998 767 ex
1023 709 1181 766 dictis
1236 724 1357 781 quae
1407 717 1462 764 et
1509 708 1626 778 ipse
1670 707 1978 777 cognoscis.

394 801 680 857 Contentio
711 802 846 856 facta
870 809 973 868 est,
1006 817 1071 857 ex
1126 815 1233 870 quo
1287 800 1374 855 hic
1420 808 1511 853 tua
1557 797 1815 853 sanctitas
1858 795 1978 864 t'uit,

398 896 482 949 his
512 892 720 949 duobus
751 892 1085 963 hominibus,
1118 892 1369 949 Nestorio
1394 899 1449 948 et
1476 889 1701 963 Cyrillo,
1757 895 1813 944 et
1851 903 1982 944 con-

395 984 731 1054 scripserunt
754 982 1015 1037 adversus
1031 997 1089 1037 se
1105 984 1305 1038 noxios
1330 983 1516 1047 libros,
1571 980 1664 1053 qui
1720 978 1985 1035 audienti-

398 1079 499 1129 bus
541 1076 752 1131 fuerunt
777 1075 1091 1131 scandalum
1120 1092 1133 1128 :
1159 1075 1439 1131 Nestorius
1457 1074 1600 1129 cnim
1625 1073 1761 1129 dixit
1790 1075 1841 1128 in
1874 1073 1985 1128 suis

400 1167 577 1234 libris,
598 1168 736 1222 sicut
765 1177 819 1222 et
853 1168 1107 1222 sanctitas
1132 1175 1217 1221 tua
1262 1166 1427 1231 novit,
1458 1164 1577 1237 quia
1634 1164 1789 1220 beata
1822 1163 1986 1218 Maria

400 1257 495 1312 Dei
517 1259 745 1325 genitrix
779 1273 885 1313 non
915 1267 1018 1325 est,
1079 1265 1137 1313 ut
1183 1256 1338 1312 multi
1392 1265 1644 1327 putarent
1686 1271 1753 1310 ex
1784 1254 1988 1309 hazrese

402 1348 554 1405 Pauli
579 1351 913 1406 Samosateni
962 1349 1105 1405 hunc
1133 1363 1254 1405 esse
1285 1348 1375 1419 qui
1406 1347 1540 1403 dixit
1570 1346 1841 1403 hominem
1893 1360 1990 1414 pu-

403 1456 522 1499 rum
546 1456 665 1498 esse
694 1441 989 1497 Christum.
1021 1441 1254 1514 Cyrillus
1293 1448 1495 1506 autem,
1549 1439 1735 1494 volens
1759 1435 1989 1493 Nestorii

405 1535 575 1590 libros
614 1535 917 1601 destruere,
957 1534 1140 1606 lapsus
1183 1542 1289 1601 est,
1320 1534 1451 1589 etin
1503 1531 1694 1602 dogma
1748 1528 1995 1598 Apolina-

406 1629 482 1695 ris
514 1630 763 1685 inventus
785 1637 869 1685 est
898 1629 1173 1684 incidisse.
1222 1627 1558 1697 Conscripsit
1599 1624 1741 1681 enim
1772 1631 1827 1677 et
1880 1609 1994 1690 ipse

408 1721 658 1776 similiter
680 1721 777 1789 illi,
810 1721 933 1792 quia
958 1721 1075 1790 ipse
1089 1721 1232 1776 Deus
1247 1718 1484 1775 Verbum
1510 1716 1683 1772 lactus
1699 1723 1783 1771 εει
1809 1712 1992 1779 homo.

414 1822 664 1882 tanquam
712 1828 819 1867 non
850 1813 919 1867 sit
946 1811 1250 1868 differentia
1280 1811 1423 1867 inter
1470 1809 1729 1879 templum
1768 1816 1822 1861 ct
1846 1805 1996 1859 inha-

2081 610 2222 665 hanc
2260 611 2714 681 perturbationem
2775 612 3139 683 unusquisque
3212 614 3264 667 in
3316 629 3465 667 suam
3536 613 3670 668 civi-

2084 709 2245 757 tatem
2316 716 2567 759 reversus
2633 714 2735 758 est.
2809 702 3091 760 Nestorins
3162 714 3338 758 autem
3412 706 3669 773 quoniam

2084 805 2196 848 suae
2249 794 2452 851 civitati
2520 795 2647 851 odio
2701 804 2847 863 erat,
2905 805 2959 852 et
2996 797 3088 864 qui
3145 806 3303 851 erant
3355 797 3409 851 in
3464 814 3528 852 ea
3569 813 3673 852 ex—

2085 887 2519 955 ccllentioribns,
2572 888 2663 945 illo
2710 890 2907 945 reverti
2952 904 3057 945 non
3105 893 3294 960 potuit.
3342 890 3406 944 Et
3462 891 3667 944 mansit

2087 981 2350 1038 oricntale
2376 981 2659 1038 concilium
2703 998 2811 1037 non
2858 984 3259 1038 communicans
3288 982 3373 1037 bis
3403 982 3677 1051 episcopis

2089 1071 2180 1140 qui
2223 1071 2754 1127 communicaverunt
2788 1073 3024 1145 Cyrillo;
3057 1080 3349 1141 etproptcr
3380 1070 3479 1125 hoc
3504 1073 3677 1125 multa

2091 1163 2302 1220 tristitia
2337 1165 2477 1220 inter
2521 1180 2612 1220 eos
2633 1164 2771 1219 facta
2816 1176 2917 1230 cst,
2948 1176 3003 1222 et
3044 1167 3097 1220 in
3144 1165 3485 1220 contentione
3515 1173 3680 1219 erant

2090 1254 2327 1326 episcopi
2356 1254 2612 1313 adversus
2640 1257 2954 1327 episcopos,
2984 1266 3037 1313 et
3068 1258 3250 1327 populi
3277 1257 3534 1312 adversus
3569 1273 3677 1325 poc

2092 1351 2270 1421 pulos,
2300 1358 2353 1407 et
2381 1351 2705 1421 completum
2737 1362 2821 1407 est
2852 1366 3014 1420 opere
3055 1350 3198 1421 quod
3247 1351 3503 1419 scriptum
3549 1360 3637 1403 est
3663 1368 3680 1402 :

2096 1440 2231 1505 Quia
2267 1450 2415 1495 erunt
2467 1442 2663 1496 inimici
2691 1441 2711 1472 ⁸
2738 1440 3000 1495 domestici
3047 1442 3161 1510 ejus
3206 1438 3418 1508 (Matth.
3456 1454 3508 1504 ι,
3554 1435 3678 1505 56).

2098 1533 2174 1588 Ex
2199 1531 2302 1588 hoc
2329 1532 2687 1589 detractiones
2711 1531 2892 1586 multa:
2920 1530 3177 1586 adversus
3221 1543 3319 1583 nos
3359 1528 3506 1582 [λειω
3546 1535 3688 1580 sunt

2098 1639 2422 1695 paganorum
2452 1624 2495 1679 ³.
2531 1623 2648 1679 Non
2691 1624 2833 1677 cnim
2871 1621 3105 1676 audebat
3148 1620 3341 1689 aliquis
3369 1619 3435 1673 de
3460 1617 3693 1673 civitate

2098 1719 2164 1772 ad
2203 1716 2495 1786 civitatem,
2525 1726 2615 1771 aut
2644 1716 2712 1770 ad
2741 1715 3067 1785 provinciam
3094 1713 3164 1769 de
3192 1712 3465 1782 provincia
3510 1710 3695 1778 proti-

2100 1812 2225 1867 cisci
2256 1831 2269 1879 ;
2300 1812 2394 1867 sed
2425 1812 2787 1882 unusquisque
2814 1811 3116 1880 proximum
3146 1823 3302 1864 suum
3330 1807 3467 1863 sicut
3489 1804 3698 1861 inimi-

411 1908 673 1960 bitantem
710 1905 763 1960 in
787 1919 872 1960 eo.
905 1903 1237 1974 Conscripsit
1260 1904 1403 1959 enim
1431 1900 1713 1958 duodecim
1743 1897 1996 1967 capitula,
2031 1895 2080 1956 B
2106 1921 2227 1961 cum
2276 1906 2718 1974 persequebatur.
2767 1904 2917 1958 Multi
2969 1911 3173 1970 autem,
3212 1910 3336 1956 ante
3362 1900 3542 1955 oculos
3572 1912 3701 1953 non

411 2012 531 2066 qua:
550 2005 678 2066 puto
703 2006 755 2051 et
779 2005 922 2051 tuam
953 1997 1271 2066 cognovisse
1304 1993 1663 2056 sanctitatem,
1718 1990 1842 2060 quia
1894 1976 1995 2043 u'na

413 2096 601 2143 natura
622 2095 707 2142 est
729 2086 947 2142 deitatis
975 2096 1027 2142 et
1051 2086 1397 2142 humanitatis
1433 2083 1649 2140 Domini
1675 2081 1843 2137 nostri
1871 2078 1997 2134 .lesu

413 2179 653 2244 Christi;
685 2187 738 2232 et
760 2178 904 2248 quia,
938 2178 1077 2233 sicut
1102 2177 1252 2243 dicit,
1278 2160 1416 2233 'non
1463 2182 1710 2246 oporteat
1758 2172 2002 2228 dividere

416 2285 578 2326 voces
605 2270 795 2335 dictas,
826 2284 956 2340 quas
987 2269 1071 2325 vel
1106 2270 1239 2339 ,ipse
1289 2268 1550 2324 Dominus
1594 2265 1663 2322 de
1710 2263 2004 2332 semetipso

416 2364 573 2427 dixit,
606 2363 687 2417 vel
712 2361 1054 2432 evangelista:
1084 2361 1256 2417 deeo.
1282 2360 1408 2415 llaec
1464 2368 1645 2416 autem
1700 2356 1847 2411 omni
1903 2355 2005 2411 im-

418 2455 615 2521 pietate
634 2454 788 2523 plena
818 2462 942 2508 sunt
963 2462 1251 2523 antequam
1275 2467 1373 2508 nos
1393 2451 1662 2518 dicamus,
1710 2450 1854 2505 sicut
1880 2463 2007 2504 san-

420 2545 579 2598 ctitas
610 2554 695 2597 tua
730 2544 901 2598 novit.
961 2541 1241 2611 Quomodo
1282 2544 1425 2599 enim
1480 2550 1659 2614 potest
1698 2543 1891 2612 accipi,
1944 2541 2009 2595 In

426 2634 680 2705 principio
718 2632 938 2687 Verbum
965 2633 1140 2704 (Joan.
1191 2649 1230 2702 ι,
1282 2634 1335 2703 1)
1385 2634 1451 2688 de
1506 2633 1711 2702 templo
1757 2642 1881 2686 nato
1935 2646 2006 2686 ex

427 2724 636 2779 Maria?
664 2731 756 2777 aut
786 2723 937 2790 illud,
966 2722 1331 2778 Minuistieum
1358 2723 1513 2794 paulo
1534 2722 1701 2777 minus
1725 2724 1787 2776 ab
1817 2724 2012 2793 angelis

426 2814 602 2888 (Psal.
632 2829 748 2879 vin,
780 2813 863 2883 6),
908 2813 978 2871 de
1031 2814 1231 2869 deitate
1280 2814 1550 2883 Unigeniti
1579 2814 1722 2870 dici?
1771 2814 2012 2872 Ecclesia

426 2906 572 2960 enim
602 2905 679 2961 sic
701 2905 848 2970 dicit,
882 2907 1021 2961 sicut
1048 2914 1101 2960 et
1126 2913 1216 2960 tua
1261 2906 1517 2961 sanctitas
1562 2907 1729 2973 novit,
1773 2917 1829 2962 et
1876 2906 2015 2963 sicut

426 3011 456 3050 a
488 2995 751 3067 principio
779 2997 987 3066 didicit,
1019 3006 1073 3053 et
1101 2999 1414 3053 conﬁrmata
1444 3006 1526 3054 cst
1567 2998 1749 3057 divina
1774 2997 2014 3056 doctrina

429 3106 494 3145 cx
520 3091 668 3146 libris
693 3091 968 3146 beatorum
999 3090 1236 3159 Patrum,
1261 3091 1379 3147 dote
1404 3102 1630 3159 natura),
1663 3107 1769 3149 una
1823 3093 2011 3159 virtus,

432 3198 536 3237 una
568 3197 817 3251 persona,
868 3183 1010 3251 quod
1049 3192 1127 3238 est
1156 3198 1295 3237 unus
1348 3183 1511 3240 Filius
1554 3185 1812 3241 Dominus
1858 3185 2015 3243 Jesus

431 3271 699 3329 Christus.
726 3274 807 3330 0b
835 3273 972 3329 hanc
994 3276 1419 3338 contentionem,
1444 3276 1675 3331 victores
1726 3284 1781 3331 et
1817 3277 1891 3345 pii
1916 3278 2015 3330 im-
2040 3252 2089 3315 (ἶ

432 3374 712 3436 peratorcs
738 3366 1014 3435 jusserunt
1044 3366 1297 3435 primates
1334 3367 1706 3437 episcoporum
1758 3368 1811 3421 in
1846 3367 2020 3435 Ephe-

433 3458 604 3511 sinam
627 3457 941 3529 congregari
965 3458 1257 3525 civitatem,
1287 3468 1339 3513 et
1368 3473 1549 3513 coram
1580 3461 1831 3515 omnibus
1856 3461 2021 3517 libros

436 3549 669 3604 Nestorii
695 3561 748 3603 et
794 3548 979 3621 Cyrilli
1034 3549 1280 3618 judicari.
1332 3550 1436 3605 Sed
1493 3559 1777 3620 antequam
1834 3567 2022 3607 omnes

435 3641 670 3710 episcopi
694 3639 1111 3711 quicongregari
1130 3642 1265 3712 jussi
1282 3643 1515 3707 fuerant,
1541 3643 1591 3697 in
1610 3642 1879 3712 Ephesum
1904 3658 2024 3714 per-

436 3734 707 3797 venirent,
758 3733 1061 3803 anticipans
1120 3733 1260 3788 idem
1304 3735 1540 3805 Cyrillus
1581 3750 1740 3790 aures
1784 3737 2021 3789 omnium

438 3828 716 3897 pigmento
751 3828 891 3894 quod
922 3837 1160 3883 excaecat
1190 3827 1376 3881 oculos
1433 3828 1778 3896 sapientium,
1822 3843 2018 3898 {Wiene-

438 3920 675 3989 cupavit.
708 3917 911 3972 invenit
961 3930 1141 3973 autem
1182 3934 1398 3973 causam
1439 3935 1503 3974 ex
1545 3920 1670 3975 odio
1719 3921 1860 3990 quod
1910 3930 2027 3977 erat

440 4013 702 4067 adversus
728 4012 1053 4076 Nestorium,
1082 4022 1133 4069 et
1160 4023 1447 4082 antequam
1477 4015 1492 4045 ⁸
1534 4016 1749 4071 adeSsct
1800 4017 2028 4071 sanctis-

437 4106 605 4160 simus
635 4114 689 4159 et
711 4106 1184 4159 reverentissimos
1214 4105 1652 4177 archiepiscopus
1676 4107 1931 4173 Joannes,
1962 4108 2028 4163 de

444 4197 758 4267 episcopatu
788 4197 1092 4252 Nestorium
1119 4198 1506 4267 deposuerunt,
1545 4198 1747 4268 judicio
1771 4210 1823 4255 et
1855 4200 2030 4269 inqui-

439 4288 634 4342 sitione
666 4303 769 4342 non
802 4288 960 4342 facta.
991 4288 1117 4343 Post
1148 4290 1280 4344 duos
1320 4298 1498 4345 autem
1526 4291 1639 4346 dics
1667 4291 2028 4346 damnationis

440 4378 559 4448 ejus
579 4379 822 4434 venimus
871 4380 923 4434 in
970 4380 1284 4451 Ephesum;
1335 4393 1387 4438 et
1436 4385 1884 4454 cognoscentibus
1935 4401 2030 4441 no-

438 4471 524 4525 bis
580 4472 703 4541 quia
734 4472 786 4526 in
812 4471 1160 4527 damnatione
1205 4472 1439 4528 Nestorii
1492 4490 1609 4543 qua:
1664 4473 1800 4532 faeta
1842 4484 1924 4533 est
1961 4477 2029 4530 ab

434 4562 537 4629 eis,
587 4563 869 4618 duodecim
926 4564 1160 4635 capitula
1199 4580 1318 4635 qua:
1382 4582 1412 4621 a
1466 4566 1670 4639 Cyrillo
1722 4569 2027 4639 conscripta

2103 1997 2363 2053 habentes
2392 1997 2484 2052 Dei
2514 1997 2783 2060 timorem,
2829 1994 3115 2049 occasione
3160 1991 3501 2048 ecclesiastici
3538 1990 3651 2043 zeli
3682 2030 3701 2053 ,

2104 2091 2408 2147 inimicitias
2436 2104 2566 2159 quas
2593 2089 2828 2144 occultas
2856 2089 2908 2143 in
2938 2086 3193 2142 cordibus
3224 2085 3335 2140 suis
3366 2083 3640 2138 habebant.
3667 2124 3686 2145 ,

2103 2184 2170 2237 ad
2216 2182 2468 2237 effectum
2525 2181 2821 2250 perducere
2880 2178 3284 2234 festinaverunt.
3348 2175 3425 2229 Ex
3485 2175 3708 2241 quibus

2106 2286 2243 2327 unus
2292 2272 2476 2327 existit
2512 2282 2713 2325 nostra:
2750 2270 2981 2325 civitatis
3020 2277 3278 2340 tyrannus
3308 2275 3359 2332 ι,
3388 2280 3543 2336 quem
3584 2280 3710 2319 nec

2111 2375 2164 2419 tu
2192 2365 2305 2434 ipse
2334 2365 2550 2435 ignoras
2576 2381 2589 2429 ;
2620 2362 2706 2433 qui
2728 2362 3012 2417 occasione
3036 2360 3178 2426 ﬁdei,
3211 2374 3318 2413 non
3349 2357 3514 2413 solum
3543 2372 3714 2411 unm:

2110 2458 2353 2516 viventes
2399 2459 2715 2530 insequitur,
2766 2456 2858 2512 sed
2900 2465 2955 2511 et
2999 2457 3097 2510 hos
3144 2454 3235 2525 qui
3270 2454 3396 2509 olim
3423 2452 3482 2504 ad
3518 2450 3714 2507 Deum

2114 2560 2528 2622 prmcesserunt.
2569 2550 2805 2619 Quorum
2847 2562 2985 2602 unus
3014 2556 3097 2601 est
3125 2546 3314 2601 beatus
3353 2543 3717 2608 Theodorus,

2113 2659 2289 2714 praeco
2316 2642 2555 2699 veritatis
2584 2650 2639 2696 et
2668 2641 2854 2695 doctor
2883 2637 3162 2704 Ecclesiae,
3187 2639 3275 2705 qui
3305 2652 3407 2690 non
3433 2634 3604 2689 solum
3649 2635 3721 2690 in

2115 2751 2211 2792 sua
2249 2735 2355 2792 vita
2396 2732 2752 2804 colaphizavit
2802 2730 3084 2786 lizrreticos
3123 2744 3219 2799 per
3257 2729 3529 2782 veritatem
3576 2739 3727 2781 sua

2116 2829 2263 2895 ﬁdei,
2303 2828 2397 2883 sed
2427 2836 2479 2882 at
2509 2836 2629 2897 post
2663 2834 2901 2881 mortem
2952 2822 3209 2893 spiritalia
3252 2834 3397 2874 arma
3434 2820 3484 2872 in
3539 2816 3729 2871 libris

2118 2922 2350 2993 propriis
2381 2920 2636 2975 Ecclesia:
2665 2919 2790 2973 ﬁliis
2822 2916 3107 2985 dereliquit
3133 2931 3147 2967 :
3178 2914 3315 2968 sicut
3342 2923 3395 2967 et
3420 2922 3503 2965 tua
3535 2925 3731 2964 reve—

2118 3013 2293 3070 rentia
2324 3012 2498 3068 eidem
2532 3010 2792 3067 collocuta
2824 3011 3094 3079 cognovit,
3125 3015 3180 3061 et
3212 3021 3278 3061 ex
3310 3006 3390 3058 his
3415 3017 3530 3071 quae
3558 3016 3736 3055 con-

2120 3103 2335 3172 scripsit
2374 3104 2631 3157 instructa
2663 3110 2763 3156 est.
2800 3101 2949 3155 llunc
2979 3095 3365 3170 praesumpsit‘
3391 3097 3441 3150 in
3467 3095 3735 3149 ecclesia

2124 3197 2296 3265 palam
2344 3194 2800 3250 anathematizare
2825 3234 2840 3256 ,
2883 3192 2973 3262 qui
3018 3199 3235 3261 propter
3263 3187 3432 3242 zelum
3462 3184 3552 3239 Dei
3588 3201 3738 3240 non

2124 3289 2295 3347 solum
2341 3287 2611 3357 propriam
2659 3285 2927 3341 civitatem
2978 3285 3045 3337 ab
3093 3297 3279 3337 errore
3319 3281 3385 3335 ad
3423 3280 3739 3335 veritatem

2124 3382 2414 3444 convertit,
2447 3380 2545 3435 sed
2576 3388 2630 3433 et
2650 3380 2806 3447 longe
2835 3376 3035 3445 positas
3059 3390 3150 3429 sua
3179 3374 3419 3430 doctrina
3450 3373 3743 3431 instruxit

2126 3472 2414 3529 Ecelesias.
2464 3470 2529 3524 Et
2573 3468 2639 3523 de
2668 3468 2816 3523 libris
2864 3466 3079 3537 quidem
3126 3466 3243 3534 ejus
3289 3463 3448 3518 liiulta
3503 3462 3744 3535 ubique

2126 3562 2480 3633 perscrutatio
2518 3560 2678 3616 ﬁebat
2722 3577 2735 3613 :
2784 3575 2887 3613 non
2934 3560 3054 3627 quia
3100 3572 3223 3611 vera
3269 3556 3375 3610 ﬁde
3415 3554 3747 3613 existerent

2126 3654 2308 3720 alieni,
2340 3651 2447 3706 vidi
2481 3653 2624 3707 enim
2654 3665 2774 3705 eum
2806 3649 2980 3703 adhuc
3009 3650 3099 3702 illo
3130 3648 3257 3703 vivo
3286 3648 3596 3715 frequcn'er
3630 3663 3743 3702 co-

2127 3743 2276 3799 dices
2305 3741 2425 3813 cjus
2453 3741 2754 3811 legentem;
2788 3742 2881 3794 sed
2924 3749 3142 3807 propter
3190 3737 3495 3792 inimicitias
3534 3737 3749 3794 laten-

2130 3844 2227 3899 tes,
2263 3848 2397 3904 quas
2427 3832 2684 3887 adversus
2713 3845 2835 3885 eum
2870 3830 3074 3896 habuit,
3104 3829 3353 3899 quoniam
3380 3843 3497 3882 eum
3527 3832 3753 3883 mani—

2129 3927 2263 3982 feste
2303 3924 2540 3980 convicit
2566 3924 2621 3978 in
2649 3922 2877 3993 synodo.
2905 3922 3000 3976 llis
3027 3936 3154 3989 ergo
3186 3920 3342 3974 malis
3368 3919 3757 3975 interceden-

2133 4016 2292 4078 tibus,
2320 4028 2375 4071 et
2408 4000 2749 4083 unoquoque,
2779 4013 2917 4067 sicut
2946 4012 3203 4081 scriptum
3232 4022 3334 4079 est,
3376 4018 3531 4079 prout
3562 4012 3756 4066 volc-

2132 4112 2220 4165 bat
2246 4110 2578 4176 discedente,
2614 4107 2755 4163 Deus
2778 4118 2960 4162 neSter
2985 4105 3311 4171 adorandus,
3340 4104 3423 4174 qui
3450 4117 3544 4156 Sua
3576 4119 3758 4161 sem-

2132 4221 2227 4277 per
2245 4204 2529 4260 clementia
2558 4217 2747 4257 curam
2774 4200 2913 4270 gerit
2943 4198 3198 4255 Ecclesiae
3218 4244 3232 4267 ,
3297 4196 3603 4252 ﬁdelissimi
3660 4210 3761 4252 at-

2133 4313 2234 4365 que
2258 4293 2755 4363 victorisprincipis
2781 4308 2875 4348 cor
2898 4292 3054 4355 rexit,
3078 4300 3137 4343 ut
3156 4290 3405 4359 dirigeret
3431 4291 3762 4344 venerabi-

2134 4388 2237 4442 lem
2277 4388 2298 4419 ⁸
2341 4395 2500 4456 atque
2544 4385 2939 4440 sanctissimum
2969 4381 3422 4451 archiepiscopum
3453 4377 3759 4447 Oricntfs,

2132 4478 2407 4534 dominum
2457 4477 2743 4542 Joannem,
2789 4487 2847 4531 ut
2892 4473 3331 4530 reconciliaretur
3373 4470 3636 4540 Cyrillo:
3676 4478 3765 4531 ab

2135 4587 2201 4626 eo
2247 4572 2390 4627 enim
2442 4568 2616 4625 fuerat
2661 4569 2971 4638 episcopatu
3014 4566 3309 4636 depositus.
3343 4565 3405 4618 Et
3432 4571 3761 4633 pOStquam

439 4666 586 4723 sunt,
638 4657 904 4712 contraria
969 4658 1256 4713 existentia
1301 4674 1438 4713 vere
1494 4659 1637 4725 ﬁdel,
1702 4672 2021 4732 posuerunt,
2056 4632 2334 4719 1)litteras
2379 4664 2719 4731 imperatoris
2767 4660 2991 4727 accepit,
3035 4660 3425 4714 sanctissimum
3465 4667 3516 4710 et
3568 4673 3765 4717 reve-

437 4754 494 4800 et
533 4744 899 4811 ﬁrmaverunt,
943 4755 997 4802 et
1046 4756 1438 4803 consenserunt
1486 4749 1586 4814 eis,
1638 4758 1889 4821 tauquam
1930 4769 2023 4808 ve-

439 4852 515 4891 rte
587 4838 714 4894 ﬁdei
775 4842 1228 4909 consonantibus,
1304 4857 1493 4899 omnes
1568 4843 1861 4901 orientales
1926 4849 2029 4917 epi-

442 4928 593 4998 scopi
662 4932 910 4986 eumdem
980 4933 1235 5003 Cyrillum
1311 4934 1749 5003 damnaverunt,
1823 4949 1879 4995 et
1932 4928 2055 4994 ad?

442 5032 629 5074 versus
676 5019 815 5077 alios
847 5023 1128 5092 ep‘scopos
1176 5024 1267 5094 qui
1319 5037 1714 5083 consenserunt
1756 5028 1876 5099 ejus
1940 5046 2025 5086 ca-

520 5184 544 5213 ι
562 5176 819 5260 [tabulam
849 5180 1179 5260 sichappellat
1207 5185 1545 5260 decessorem
1568 5204 1747 5253 suum,
1773 5194 1865 5260 qui
1895 5208 2024 5247 ana-

441 5247 873 5326 thcma‘dixerat
915 5247 1225 5326 Theodoro,
1257 5266 1313 5313 ut
1340 5258 1502 5313 refert
1533 5260 1693 5314 etiam
1716 5247 2024 5326 {Liberatus

440 5333 558 5403 cap.
581 5319 660 5402 _lQ
690 5320 966 5403 Breviarii.
1018 5319 1220 5403 Exstat
1241 5329 1321 5403 _in
1351 5331 1556 5403 synodo
1589 5345 1616 5382 v
1644 5319 1831 5402 Cy'rilli
1866 5336 2023 5388 Alex-

441 5391 651 5446 andrini
708 5394 938 5461 epistola
987 5395 1054 5450 ad
1087 5395 1344 5454 Rabulam
1377 5391 1947 5471 episc0pum'Edessze,
1972 5408 2025 5461 in

515 5534 530 5563 ‘
555 5531 686 5603 Cod.
720 5532 942 5590 Veron..
962 5533 1159 5603 synodo
1183 5533 1397 5587 adesset.

510 5605 530 5675 ξ
556 5602 701 5657 Idem
732 5605 878 5675 cod.,
902 5602 1120 5657 hominis
1146 5605 1408 5657 domestici
1430 5607 1561 5675 ejus.

512 5671 533 5745 ξ
560 5675 709 5745 idem
742 5674 888 5740 cod.,
908 5691 1242 5745 pag/morum
1271 5683 1317 5729 et
1345 5671 1714 5730 hwreticorum.

513 5741 531 5771 "
557 5743 701 5819 Idem
721 5745 867 5809 cod.,
897 5741 1045 5819 nunc
1072 5747 1416 5813 praesumpsit,
1442 5748 1526 5814 qui
1549 5752 1717 5800 omnia
1743 5752 2022 5819 prwsumit,

445 5823 497 5873 in
528 5814 755 5884 ecclesia,
788 5826 891 5872 etc.
925 5816 1194 5873 Consonat
1223 5824 1404 5875 textus
1435 5819 1674 5889 cpistola:
1706 5820 1807 5877 lbae
1839 5821 1904 5879 ad
1931 5814 2035 5879 Ma.-

2136 4755 2514 4810 rendissimum
2550 4752 2768 4807 Paulum
2806 4752 3127 4807 Emescnum
3157 4749 3354 4804 direxit
3378 4747 3773 4817 episcopum,

2134 4846 2375 4901 scribens
2406 4861 2500 4915 per
2527 4861 2647 4899 eum
2676 4858 2857 4899 veram
2879 4843 3059 4910 ﬁdem,
3088 4852 3135 4897 et
3160 4841 3468 4913 prmcipiens
3492 4838 3577 4905 ei,
3608 4848 3767 4911 quia

2136 4940 2180 4996 si
2212 4939 2335 4993 huic
2374 4937 2499 4992 ﬁdei
2536 4936 2773 5005 Cyrillus
2818 4933 3178 4995 consenserit,
3213 4941 3267 4986 et
3297 4931 3770 4988 anathematiza-

2135 5033 2271 5087 verit
2298 5046 2392 5086 eos
2418 5030 2507 5100 qui
2538 5028 2723 5083 dicunt
2749 5028 2872 5096 quia
2896 5027 3070 5081 deitas
3106 5038 3257 5094 passa
3290 5033 3389 5087 est,
3422 5019 3498 5074 vel
3529 5021 3767 5079 dicen-

2129 5211 2230 5266 qua
2268 5210 2390 5266 eum
2430 5192 2611 5248 laudat
2642 5192 2781 5262 quod
2802 5192 3063 5266 iamresim
3096 5190 3508 5266 Nestorianama
3542 5186 3772 5266 τιιεοτ

2130 5258 2264 5318 (loro
2292 5264 2455 5320 Cilice
2493 5258 2671 5317 ortam
2703 5264 3011 5332 expulerit;
3065 5270 3119 5317 et
3174 5260 3387 5315 Itabnla:
3417 5258 3621 5332 altera
3682 5264 3768 5320 ad

2134 5336 2420 5406 Cyrillum,
2453 5336 2503 5388 in
2537 5349 2638 5406 qua
2669 5328 3009 5388 Theodorum
3043 5343 3101 5387 ut
3132 5329 3430 5387 Nestmiani
3451 5328 3768 5399 dogmatis

2138 5405 2409 5462 auctorem
2433 5405 2700 5473 suggillat.

2128 5542 2226 5595 rim
2257 5542 2472 5595 Persam
2489 5551 2594 5594 aet.
2632 5540 2693 5594 l0
2715 5540 2928 5595 concilii
2958 5538 3213 5596 Chalced.
3238 5549 3292 5595 et
3316 5537 3435 5595 coll.
3465 5535 3497 5592 6
3531 5542 3766 5599 conci-

2130 5612 2183 5664 lii
2216 5627 2243 5662 ν
2268 5612 2599 5667 meumenici.
3456 5642 3459 5647 ν

2203 5683 2223 5753 ‘f
2258 5683 2399 5737 Idem
2450 5682 2593 5746 cod.,
2638 5693 2691 5735 ut
2730 5684 2969 5753 dirigeret
3000 5683 3165 5737 uirum
3204 5697 3437 5751 magnum
3467 5690 3510 5734 et
3550 5683 3609 5736 in
3644 5702 3769 5740 suo

2135 5752 2329 5876 palatio
2392 5764 2607 5819 uotum,
2669 5756 2755 5823 qui
2819 5765 3011 5825 cogeret
3068 5754 3434 5821 t'cru'rabitem,
3485 5762 3605 5813 etc,
3676 5758 3766 5812 Ita

2157 5838 2252 5876 oco
2283 5834 2371 5876 ett.

2157 5838 2252 5879 ΟΩο
2283 5834 2371 5878 Cll.
