3974 6330
172 406 175 409 _
194 340 302 396 065

1088 345 1223 402 [δΒο
1264 346 1694 405 DEFENSIONE
1733 344 1951 403 TRIUM
1990 346 2301 408 CAPITUL.
2333 353 2462 408 LIB.
2508 353 2590 411 Vl.

3367 360 3467 412 666

193 476 279 519 tes
300 464 425 533 quia
470 478 573 517 una
611 469 803 519 natura
844 471 927 519 est
975 463 1189 520 deitatis
1224 474 1279 521 et
1322 466 1687 530 humanitatis,
1729 472 1788 519 ut
1815 462 2106 523 Acidisse.
2138 466 2472 539 Couseripsit
2518 480 2574 527 et
2616 472 2730 541 ipse
2772 472 3020 530 simiiiter
3047 475 3142 542 illi,
3177 477 3298 543 quia
3334 476 3476 530 Deus

189 554 621 612 communicaret
645 554 715 610 ei.
741 553 928 609 Voluit
947 566 1124 611 autem
1148 556 1429 623 Dominus,
1453 559 1547 628 qui
1572 572 1789 627 semper

190 664 379 705 curam
423 662 537 703 suae
577 648 718 717 gerit
764 649 1037 715 Ecclesiae,
1080 665 1241 719 quam
1275 651 1541 721 sanguine
1570 653 1787 720 proprio

188 741 446 807 redemit,
492 755 590 797 cor
631 740 867 813 Egyptii
907 744 1173 807 emollire,
1210 752 1270 799 ut
1316 745 1435 800 sine
1476 743 1787 814 fatigatione

189 832 316 890 ﬁdei
346 833 700 899 consentiret,
750 844 803 888 et
856 833 996 890 hanc
1040 836 1358 905 susc’peret,
1408 842 1570 905 atque
1598 849 1787 889 omnes

186 927 283 995 qui
313 927 519 996 absque
550 925 651 981 hac
680 926 963 981 crederent
994 926 1477 981 anatltematizaret
1504 942 1518 991 ;
1558 935 1614 980 et
1634 942 1785 980 com-

191 1018 591 1074 municantibus
620 1016 728 1071 illis
760 1017 866 1073 sibi
914 1017 1163 1081 invicem,
1208 1014 1487 1072 contentio
1512 1015 1579 1071 de
1608 1016 1787 1071 medio

190 1124 277 1168 est
306 1112 503 1179 ablata,
533 1121 587 1166 et
614 1126 711 1178 pax
739 1113 790 1166 in
821 1111 1061 1165 Ecclesia
1090 1112 1227 1165 facta
1256 1121 1338 1167 est
1364 1127 1377 1163 :
1409 1120 1462 1167 et
1495 1126 1600 1164 non
1630 1111 1787 1166 estin

189 1220 254 1260 ea
282 1206 540 1269 schisma,
588 1205 683 1260 sed
732 1221 833 1274 pax
858 1208 996 1259 sicut
1042 1205 1250 1275 pridem
1294 1214 1396 1262 est.
1440 1206 1569 1271 Quae
1611 1213 1787 1259 autem

192 1296 361 1351 verba
405 1297 515 1350 sint
541 1311 660 1366 qum
687 1311 717 1350 a
747 1297 1090 1351 sanctissimo
1129 1307 1183 1352 et
1223 1298 1664 1363 reverentissimo
1706 1313 1789 1351 ar-

190 1389 541 1459 chiepiscopo
584 1389 790 1444 Joanne
838 1386 1037 1459 scripta
1089 1398 1235 1459 sunt,
1293 1399 1347 1446 et
1391 1407 1563 1461 quaee
1589 1392 1789 1463 Cyrillo

192 1480 459 1550 rescripta
516 1482 787 1549 suscepit,
840 1481 983 1550 ipsas
1026 1481 1284 1548 epistolas
1336 1482 1461 1539 huic
1506 1500 1664 1554 quam
1721 1486 1786 1539 ad

194 1582 435 1627 vestram
481 1572 653 1627 direxl
699 1573 1094 1637 reverentiam,
1138 1574 1470 1645 conjungens
1516 1577 1787 1631 transmisi

199 1672 309 1715 tua:
336 1662 628 1727 sanctitati,
662 1671 723 1716 ut
753 1662 1001 1733 relegens
1029 1665 1189 1728 scias,
1221 1674 1274 1720 et
1309 1666 1561 1720 omnibus
1588 1667 1789 1721 nostris

195 1754 455 1811 fratribus
483 1754 785 1809 amantibus
814 1770 1000 1824 pacem
1033 1755 1339 1824 denunties,
1364 1758 1488 1827 quia
1516 1757 1790 1813 contentio

196 1847 307 1915 iam
352 1846 575 1916 quievit,
625 1855 680 1899 et
708 1846 919 1901 medius
951 1846 1351 1902 inimicitiarum
1379 1849 1557 1917 paries
1583 1850 1790 1904 ablatus

198 1946 310 2005 cst,
362 1947 420 1993 et
462 1938 553 2008 qui
603 1939 866 1994 seditiose
911 1939 1171 1995 adversus
1198 1943 1346 1997 vivus
1374 1952 1429 1996 et
1454 1952 1694 1997 mortuos
1717 1944 1792 1998 ir-

196 2040 439 2093 rucrant,
486 2030 539 2083 in
584 2030 911 2087 confusione
939 2040 1082 2099 sunt,
1119 2048 1214 2102 pro
1243 2034 1354 2089 suis
1398 2034 1788 2090 satisfacientes

194 2124 531 2192 excessibus,
581 2135 633 2179 et
680 2127 951 2180 contraria
991 2126 1187 2181 docent
1219 2126 1381 2181 modo
1411 2126 1494 2180 bis
1518 2141 1638 2195 qua:
1666 2138 1789 2183 ante

197 2216 516 2272 docuerant.
548 2216 662 2270 Non
699 2217 841 2272 enim
876 2217 1160 2286 quisquam
1200 2216 1363 2270 audet
1406 2216 1588 2273 dicere
1628 2232 1785 2270 unam

196 2325 321 2366 esse
372 2318 617 2365 naturam
668 2310 962 2365 divinitatis
987 2320 1040 2364 et
1069 2309 1434 2375 humanitatis,
1485 2309 1581 2367 sed
1620 2308 1789 2363 confi-

195 2413 382 2459 tentur
422 2404 475 2457 in
521 2403 779 2470 templum
823 2414 878 2457 et
925 2402 1313 2458 inltabitantcm
1357 2402 1409 2456 in
1457 2416 1542 2467 eo,
1590 2402 1679 2471 qui
1707 2409 1790 2456 est

196 2511 340 2550 unus
391 2495 558 2550 Filius
596 2494 754 2550 Jesus
798 2494 1067 2551 Christus.
1118 2494 1241 2549 Haec
1268 2503 1445 2548 autem
1473 2493 1789 2562 scripslture

191 2586 473 2642 sanctitati
504 2602 569 2640 ex
609 2600 803 2655 magno
846 2584 1041 2641 affectu
1082 2599 1242 2654 quem
1291 2583 1434 2638 circa
1482 2592 1534 2639 te
1583 2582 1784 2649 habeo,

197 2678 385 2734 sciens
413 2678 537 2747 quia
566 2687 655 2731 tua
681 2678 938 2731 sanctitas
961 2684 1119 2731 nocte
1144 2683 1200 2728 et
1228 2675 1314 2729 die
1341 2676 1393 2727 in
1422 2673 1665 2729 doctrina
1690 2672 1789 2728 Dei

198 2770 547 2839 temetipsum
579 2783 823 2833 exerces,
857 2777 916 2823 ut
943 2767 1130 2823 multis
1175 2766 1253 2821 sis
1302 2764 1468 2821 utilis.
1498 2783 1518 2817 ι
1571 2764 1670 2819 llic
1706 2773 1790 2820 est

200 2866 420 2932 integer
462 2862 605 2915 illius
636 2860 883 2929 epistola:
925 2866 1114 2922 tenor,
1157 2872 1316 2927 quam
1346 2856 1487 2926 apud
1518 2856 1792 2912 se'rccita-

196 2966 335 3020 tam,
363 2954 506 3009 sicut
520 2953 633 3021 jam
665 2950 969 3017 docuimus,
1000 2965 1193 3022 magna
1222 2949 1460 3018 synodus
1489 2947 1789 3004 Chalcedo-

197 3045 390 3101 nensis
414 3042 783 3113 pronuntiavit
802 3040 1179 3096 orthodoxam.
1224 3039 1522 3109 Aggrediar
1551 3039 1715 3109 igitur
1736 3039 1787 3093 in

198 3139 477 3210 adiutorio
527 3138 843 3204 Salvatoris,
873 3152 981 3193 non
1009 3137 1077 3191 ab
1108 3136 1192 3193 his
1232 3146 1435 3191 tantum
1466 3136 1786 3191 sententiam

198 3230 377 3301 ipsius
407 3229 597 3301 synodi
629 3227 941 3295 defendere,
988 3242 1111 3297 quae
1152 3226 1353 3295 scripto
1394 3227 1463 3281 ab
1510 3229 1787 3281 haeretico-

202 3340 333 3380 rum
373 3322 673 3378 fautoribus
720 3321 774 3375 in
815 3320 1039 3389 epistola
1069 3318 1370 3388 supradicta
1401 3320 1618 3384 culpata
1647 3326 1790 3385 sunt,

201 3426 259 3469 et
318 3415 370 3467 in
420 3411 901 3483 reprehensionem
951 3420 1263 3465 memorata:
1309 3408 1593 3465 sententia:
1644 3409 1793 3478 quasi

203 3504 533 3561 Nestoriana
574 3502 868 3565 damnata;
900 3515 1087 3555 verum
1129 3502 1289 3554 etiam
1328 3514 1657 3570 quaecunque
1703 3514 1795 3568 pe-

204 3595 509 3651 tulantibus
532 3593 954 3661 irrcligiosorum
978 3591 1158 3646 verbis
1180 3590 1375 3659 passim
1400 3590 1641 3645 accusari
1672 3604 1797 3658 cog-

203 3688 479 3744 novimus.
533 3685 635 3741 Per
683 3683 843 3753 hujus
889 3692 1066 3737 autem
1106 3683 1435 3737 deﬁnitionis
1463 3692 1792 3749 contextum,

203 3782 341 3837 illud
387 3796 624 3852 quoque,
672 3781 762 3835 ubi
808 3789 1165 3848 opportunum
1209 3775 1392 3846 fuerit,
1422 3776 1796 3844 ostendemus,

199 3874 465 3943 quoniam
493 3873 537 3926 si
561 3872 805 3927 eamdem
830 3870 1114 3939 epistolam
1142 3870 1378 3939 synodus
1401 3869 1666 3938 judicaret
1692 3869 1801 3923 ba:-

206 3965 467 4030 reticam,
511 3963 640 4019 hinc
678 3963 856 4032 potius
907 3961 1124 4016 beatum
1179 3960 1436 4030 Cyrillum
1488 3961 1800 4016 btcreticum

207 4059 381 4113 fuisse
431 4057 703 4120 ﬁrmaret,
732 4064 787 4110 et
815 4065 1099 4109 excusaret
1132 4052 1460 4119 Nestorium,
1493 4062 1650 4121 atque
1675 4068 1803 4108 con-

206 4150 400 4204 cilium
427 4147 850 4217 reprehenderet
877 4143 1227 4215 Ephesiuum.
1256 4144 1408 4200 Unde
1433 4160 1497 4199 ea
1523 4160 1664 4199 nunc
1685 4160 1803 4215 qua:

202 4239 417 4308 scripto
464 4236 911 4306 reprehendenda
953 4250 1074 4290 esse
1119 4235 1391 4300 dixerunt,
1421 4250 1519 4305 pro
1570 4238 1800 4293 tcuore‘

206 4340 379 4397 atque
425 4336 681 4381 contextu
710 4342 817 4395 quo
850 4325 918 4381 ab
954 4325 1065 4381 illis
1093 4333 1217 4381 sunt
1260 4328 1457 4397 posita,
1505 4342 1570 4383 ex
1617 4344 1803 4386 eorum

208 4422 356 4477 libro
385 4418 776 4475 transferamus
801 4419 853 4472 in
885 4429 1151 4485 nostrum,
1182 4434 1251 4473 ne
1273 4419 1392 4488 quis
1415 4435 1514 4475 nos
1536 4422 1807 4478 existimet

209 4511 424 4582 aliquid
472 4526 662 4567 eorum
708 4525 833 4581 quas
860 4510 926 4564 ad
956 4526 1172 4564 causam
1215 4512 1489 4579 pertinent
1533 4506 1800 4570 omiSissc.

206 4606 302 4662 Sic
341 4618 476 4677 ergo
511 4604 782 4658 dixerunt.
839 4622 856 4654 ι
885 4603 1113 4674 lngressi
1143 4613 1270 4658 sunt
1300 4614 1641 4661 accusatores
1672 4607 1797 4674 ibas,

210 4698 526 4768 petiverunt
562 4704 619 4751 et
658 4696 759 4765 ipsi
808 4695 974 4765 relegi
1022 4710 1141 4765 quae
1170 4695 1223 4749 in
1253 4695 1399 4765 Tyro
1425 4696 1496 4751 de
1526 4696 1611 4751 lba
1644 4713 1804 4754 accu-

207 4800 331 4843 sata
367 4795 496 4843 sunt
524 4786 664 4855 apud
698 4786 945 4841 Photium
977 4796 1032 4841 et
1060 4785 1411 4840 Eustachium
1438 4788 1602 4844 Deum
1628 4806 1806 4846 aman-

207 4892 318 4936 tes.
365 4880 438 4933 Et
487 4877 616 4933 dum
663 4878 1031 4947 relegerentur
1057 4885 1199 4945 acta,
1242 4876 1459 4933 inventa
1508 4889 1590 4934 est
1634 4880 1685 4934 in
1726 4883 1805 4937 eis

205 4968 451 5041 epistola
496 4968 742 5037 quaedam
800 4967 993 5037 posita,
1048 4974 1298 5037 tanquam
1328 4968 1395 5022 ab
1427 4969 1516 5024 lba
1562 4971 1695 5027 facta
1738 4975 1802 5028 ad

206 5064 403 5117 δικ-ξω
450 5061 701 5123 Persam,
740 5058 885 5113 omni
917 5057 1193 5127 impietate
1220 5058 1513 5113 cumulata.
1555 5061 1806 5119 Continet

204 5154 362 5210 enim
407 5151 564 5207 hac:
596 5149 828 5222 Cyrillus
860 5151 1045 5204 volens
1076 5148 1307 5205 Nestorii
1340 5149 1507 5204 libros
1531 5151 1807 5210 destruere

204 5248 405 5315 lapsus
442 5252 549 5311 est,
579 5252 633 5297 et
668 5242 722 5297 in
759 5242 949 5311 dogma
978 5240 1284 5311 Apolinaris
1334 5242 1584 5300 inventus
1613 5257 1694 5301 est
1722 5247 1804 5303 iu-

291 5422 316 5450 ⁶
346 5412 678 5483 Augustinus
710 5412 777 5467 de
831 5410 1163 5483 ltmresibus:
1194 5411 1560 5476 Apolinaristw
1596 5427 1805 5469 conten-

206 5482 493 5538 tiost'sst'nte
538 5492 824 5537 asseverant
883 5482 1032 5536 Verbi
1079 5482 1276 5551 aliquid
1318 5482 1369 5535 in
1399 5498 1603 5537 carnem
1647 5489 1805 5554 fuisse

198 5569 517 5611 conversum
542 5566 692 5622 atque
720 5564 970 5605 mutatum
988 5594 1001 5617 ,
1034 5568 1134 5604 non
1160 5561 1329 5605 autem
1359 5569 1563 5607 carnem
1591 5556 1654 5607 de
1687 5555 1803 5609 Ma-

203 5628 311 5679 τὶιε
338 5639 494 5678 cam
528 5633 833 5689 susceptam.
865 5623 1015 5689 Quod
1050 5623 1272 5677 lizcresis
1304 5634 1608 5691 portentum
1641 5629 1806 5679 Attia-

204 5698 432 5757 Dasius,
464 5709 583 5748 cum
613 5697 713 5749 sub
740 5704 859 5749 ortu
884 5710 981 5747 suo
1010 5694 1073 5746 ad
1107 5694 1220 5762 ejus
1247 5708 1404 5752 aures
1434 5697 1762 5766 pervenisset
1786 5736 1801 5764 ,

293 5836 313 5867 '
335 5832 471 5891 Cod.
500 5830 719 5895 γει-οη..
747 5832 994 5886 duxerunt
1020 5831 1127 5897 ipso
1156 5840 1341 5903 (citare,
1376 5848 1482 5896 ac,

1896 555 2127 612 Verbum
2176 558 2349 616 factus
2396 571 2480 616 est
2529 562 2709 618 homo.
2759 565 2823 618 Et
2864 574 2985 633 post
3023 566 3162 620 alia:
3194 566 3473 634 Quomodo

1887 647 2032 702 enim
2080 658 2257 718 potest
2306 652 2507 721 accipi:
2541 652 2608 706 In
2635 654 2899 722 principio
2933 652 3144 710 Verbum
3171 657 3239 713 de
3270 660 3475 724 templo

1890 749 2016 793 nato
2043 755 2107 795 ex
2140 741 2337 796 Maria?
2365 752 2458 798 aut
2484 744 2614 798 illud
2641 763 2653 797 :
2689 745 2927 800 Minuisti
2963 764 3076 800 eum
3105 750 3261 817 paulo
3300 750 3469 803 minus

1889 832 1951 883 ab
1978 831 2192 900 angelis,
2218 834 2287 889 de
2308 833 2509 890 deitate
2531 834 2803 905 Unigeniti
2829 838 2970 891 dici?
3000 839 3202 905 Denuo,
3235 840 3471 909 Cyrillus

1889 935 2047 975 aures
2097 925 2336 978 onmium
2388 926 2661 995 pigmento
2708 927 2849 996 quod
2899 940 3133 982 excaecat
3161 930 3344 983 oculos
3385 945 3469 983 sa-

1891 1012 2159 1081 pientum,
2196 1019 2618 1086 praeoccupavit,
2648 1027 2701 1073 et
2732 1019 2797 1073 de
2826 1020 3134 1089 episcopatu
3166 1021 3467 1075 Nestorium

1889 1104 2274 1172 deposuerunt,
2312 1106 2518 1176 judicio
2546 1120 2599 1163 et
2630 1111 2973 1178 inquisitione
3018 1126 3125 1165 non
3178 1113 3337 1167 facta.
3381 1113 3471 1168 llis

1890 1194 2096 1264 adjicit,
2126 1197 2245 1265 quia
2281 1198 2331 1250 in
2363 1198 2705 1254 damnatione
2729 1200 2960 1255 Nestorii
2990 1215 3108 1269 qum
3139 1203 3276 1255 facta
3303 1213 3383 1257 est
3405 1205 3471 1256 ab

1889 1288 1989 1351 eis,
2028 1288 2091 1341 l2
2121 1289 2352 1356 capitula
2383 1305 2499 1359 qua:
2525 1306 2554 1344 a
2586 1292 2791 1361 Cyrillo
2816 1294 3119 1361 conscripta
3150 1304 3294 1356 sunt,
3336 1310 3469 1348 enu-

1893 1380 2057 1433 traria
2081 1380 2368 1434 existentia
2420 1397 2562 1437 verte
2606 1383 2763 1453 fidei,
2814 1394 3106 1454 posuerunt
3134 1396 3186 1440 et
3217 1386 3471 1441 firmave-

1891 1479 2037 1535 runt,
2083 1482 2137 1526 et
2163 1482 2556 1527 consenserunt
2597 1475 2698 1540 eis,
2747 1485 2997 1545 tanquam
3022 1491 3162 1530 verae
3196 1475 3318 1531 fidei
3346 1492 3470 1532 con-

1891 1565 2226 1619 sonantibus.
2280 1567 2346 1621 Et
2396 1576 2513 1636 post
2563 1583 2725 1637 pauca
2774 1570 3026 1639 episcopo
3059 1570 3275 1625 Edessa:
3315 1569 3471 1625 dero-

1891 1669 2022 1721 gans
2066 1655 2365 1713 dicitzllic
2412 1671 2609 1713 nostra:
2660 1659 2900 1715 civitatis
2950 1669 3213 1731 tyrannus
3261 1662 3471 1715 beatum

1895 1746 2261 1815 Theodorum,
2291 1764 2593 1819 praeconem
2628 1750 2873 1805 veritatis
2903 1762 2955 1806 ει
2985 1751 3258 1805 doctorem
3292 1752 3472 1805 Eccle-

1827 1832 1872 1891 B
1897 1838 2013 1904 sic,
2043 1842 2382 1909 praesumpsit
2409 1843 2498 1910 qui
2528 1843 2711 1897 omnia
2744 1844 3020 1911 praesumit
3041 1843 3094 1896 in
3123 1843 3354 1897 ecclesia
3383 1856 3472 1910 pa-

1892 1930 1995 1987 lam
2046 1933 2518 1989 auathematizare.
2554 1952 2571 1986 ι
2631 1934 2754 1989 llaec
2809 1935 2986 1988 omnia
3019 1934 3361 1989 manifestum
3392 1942 3472 1989 est

1892 2026 2108 2095 legenti,
2137 2029 2390 2096 quoniam
2433 2044 2538 2083 non
2585 2031 2725 2084 sicut
2765 2030 2820 2084 in
2852 2030 2941 2084 iila
2967 2030 3196 2099 epistola
3229 2031 3471 2085 contine-

1893 2130 1996 2184 tur,
2042 2121 2136 2174 sed
2181 2120 2320 2174 sicut
2359 2121 2458 2190 ipsi
2508 2136 2569 2175 ea
2618 2122 2969 2192 decerpentes
3007 2137 3071 2177 ac
3110 2122 3472 2191 discerpentes

1890 2228 1987 2291 pro
2024 2228 2121 2267 suo
2161 2222 2409 2267 asserunt
2452 2212 2710 2277 arbitrio,
2759 2222 2813 2267 et
2862 2214 2914 2266 in
2966 2228 3129 2265 unum
3177 2221 3459 2267 centonem

1890 2304 2236 2374 redegerunt,
2265 2303 2427 2356 etiam
2459 2317 2557 2357 nos
2586 2304 2883 2371 posuimus.
2914 2302 2983 2358 Ut
3009 2312 3189 2357 autem
3221 2304 3338 2359 lure
3368 2304 3473 2358 cla-

1890 2399 2002 2452 rius
2049 2404 2333 2452 consuctas
2379 2409 2562 2449 eorum
2602 2393 2817 2448 fraudes
2859 2393 3120 2449 serenitas
3151 2403 3236 2447 tua
3269 2409 3473 2465 cogno-

1890 2497 2025 2554 scat,
2058 2498 2113 2543 et
2139 2502 2274 2557 quos
2303 2484 2472 2540 saltus
2496 2485 2547 2538 in
2574 2499 2667 2539 sua
2691 2483 2995 2539 narratione
3048 2483 3303 2547 fecerint,
3364 2499 3468 2537 non

1889 2578 2064 2648 quasi,
2107 2586 2166 2632 ut
2204 2574 2374 2631 videri
2418 2574 2715 2637 voluerunt,
2749 2573 2981 2627 vitandae
3012 2572 3346 2641 prolixitatis,
3378 2571 3473 2626 sed

1890 2668 2071 2739 potius
2114 2665 2464 2721 obscuranda:
2510 2662 2756 2718 veritatis
2783 2662 2979 2731 gratia,
3008 2677 3073 2716 ne
3102 2662 3284 2731 aliquo
3315 2662 3475 2717 modo

1892 2759 2122 2817 dicentis
2164 2758 2265 2813 lbce
2307 2763 2590 2825 appareret
2620 2754 2845 2807 intentio
2876 2771 2891 2819 ;
2938 2752 3120 2807 confer
3145 2768 3205 2806 ea
3231 2762 3349 2820 quae
3377 2768 3472 2822 po-

1893 2863 2119 2911 suerunt
2166 2867 2287 2906 cum
2342 2848 2588 2918 epistola:
2617 2854 2806 2902 tenore
2836 2860 2993 2915 quem
3020 2860 3178 2913 supra
3209 2859 3473 2899 memora-

1892 2950 2070 3005 vimus
2094 2963 2107 3000 :
2135 2956 2190 3001 et
2216 2944 2321 3000 erit
2338 2942 2447 3013 jam
2475 2938 2770 3010 prudentia:
2795 2947 2899 2991 tute
2939 2937 3254 3006 dignoscere
3296 2944 3475 2989 utrum

1893 3055 1954 3096 ea
1982 3052 2102 3109 quae
2131 3034 2496 3091 transilierunt
2516 3039 2571 3086 et
2600 3031 2886 3085 noluerunt
2908 3028 3185 3097 attingere,
3215 3026 3473 3095 prolixam

1896 3130 2261 3185 narrationem
2310 3126 2567 3189 facerent,
2615 3137 2683 3177 an
2729 3122 2904 3189 potius
2946 3119 3116 3190 ipsam
3158 3134 3293 3183 rem,
3336 3118 3476 3188 quod

1819 3192 1866 3255 Ο
1899 3222 2210 3284 timuerunt,
2253 3215 2552 3272 evidentius
2598 3212 2889 3282 aperirent.
2915 3210 2991 3264 Ex
3023 3209 3274 3264 omnibus
3298 3219 3477 3265 autem

1898 3330 2015 3383 qua:
2047 3312 2099 3365 in
2131 3311 2231 3365 hac
2261 3308 2486 3378 epistola
2518 3304 3000 3375 reprehenderunt,
3036 3303 3181 3371 prius
3208 3302 3314 3356 duo
3352 3316 3478 3369 pur-

1899 3420 2109 3476 gamus,
2160 3403 2410 3472 quoniam
2445 3412 2686 3453 connexa
2716 3397 2768 3449 in
2798 3410 2904 3450 uno
2928 3393 3160 3463 capitulo
3192 3393 3478 3455 habentur,

1899 3498 1993 3552 sed
2038 3495 2105 3549 ab
2146 3493 2262 3548 istis
2294 3491 2431 3546 male
2483 3489 2648 3543 divisa
2699 3496 2843 3542 sunt.
2900 3487 3073 3539 Unum
3124 3492 3225 3547 est,
3255 3482 3395 3552 quod
3428 3483 3479 3539 in

1901 3587 2165 3658 principio
2196 3591 2487 3654 posuerunt
2517 3582 2778 3640 dicentes,
2811 3575 3041 3647 Cyrillus
3068 3575 3252 3629 volens
3293 3574 3481 3628 Nesto-

1901 3682 1966 3734 rii
1998 3678 2163 3733 libros
2187 3676 2489 3738 destruere,
2518 3680 2571 3727 et
2597 3678 2808 3725 caztera.
2833 3686 2852 3721 ι
2893 3668 3130 3721 Alterum
3168 3680 3314 3726 vero,
3340 3664 3480 3733 quod

1901 3769 2137 3828 secundo
2188 3769 2310 3822 loco
2358 3771 2673 3835 posuerunt,
2732 3760 2781 3814 id
2832 3768 2935 3824 est,
2995 3776 3013 3808 ι
3043 3755 3321 3823 Quomodo
3342 3756 3480 3808 enim

1902 3870 2079 3934 potest
2102 3859 2273 3930 accipi
2305 3857 2372 3912 In
2406 3855 2659 3926 principio
2692 3851 2910 3905 Verbum
2941 3849 3008 3903 de
3040 3846 3238 3916 templo
3271 3853 3393 3898 nato
3420 3859 3481 3897 cx

1902 3957 2108 4019 Maria,
2160 3958 2457 4007 etczetera.
2500 3965 2518 3999 ι
2576 3942 2837 4012 Imprimis
2892 3954 3019 3995 sane
3074 3936 3343 3991 fateudmn
3403 3942 3483 3989 cst

1907 4049 2044 4102 hanc
2115 4042 2396 4115 epistolam
2439 4038 2571 4094 satis
2609 4035 2894 4091 ostendere
2936 4029 3078 4101 quod
3117 4025 3483 4083 reverentissi-

1905 4154 2026 4194 mns
2067 4137 2209 4199 ibas,
2254 4128 2705 4203 quemadmodum
2748 4126 2947 4179 dictum
2994 4129 3099 4186 est,
3149 4134 3270 4173 cum
3301 4116 3486 4171 Orien-

1906 4232 2100 4287 talibus
2145 4228 2479 4293 aliarumque
2510 4218 2904 4290 provinciarum
2926 4211 3213 4282 episeopis,
3239 4208 3487 4263 intentio-

1912 4340 2035 4381 nem
2058 4323 2324 4377 dictorum
2347 4315 2485 4375 beati
2514 4331 2535 4366 ι
2554 4311 2737 4385 Cyrilli
2767 4311 2942 4365 minus
2973 4305 3294 4373 intelligens,
3320 4310 3375 4357 et
3400 4315 3489 4356 su-

1909 4420 2143 4488 spicatus
2185 4411 2327 4483 quod
2369 4416 2589 4480 negaret
2647 4405 2700 4458 in
2736 4403 2950 4456 Christo
3000 4398 3354 4452 differentiam
3397 4410 3489 4446 na-

1913 4487 2183 4575 turarum,
2241 4515 2575 4572 consequens
2612 4498 2869 4569 judicavit
2914 4494 3037 4562 quia
3083 4493 3134 4545 in
3187 4487 3488 4556 Apoliuaris

1911 4610 2104 4679 dogma
2137 4601 2430 4663 incidisset,
2471 4596 2558 4666 qui
2596 4608 2703 4647 non
2730 4588 3096 4656 assumptione
3128 4584 3374 4636 httmanze
3400 4596 3487 4679 na:

1914 4668 2046 4756 tura:
2077 4697 2243 4751 Deum
2282 4689 2518 4745 V’erbum
2553 4681 2806 4739 credebat
2834 4675 3105 4731 hominem
3138 4672 3355 4735 factum,
3395 4668 3488 4723 sed

1915 4802 2119 4862 partem
2170 4780 2480 4841 substantize
2523 4776 2688 4846 ipsius
2730 4772 2825 4826 Dei
2860 4767 3014 4862 Verbi
3043 4764 3264 4862 putabat
3370 4776 3491 4862 car-

1914 4854 2035 4939 nem
2076 4894 2195 4936 esse
2239 4885 2555 4931 conversam
2578 4877 2625 4922 ⁸.
2674 4864 2757 4921 Ob
2795 4863 2896 4917 hoc
2942 4859 3099 4928 igitur
3129 4856 3200 4911 ibi
3233 4854 3493 4923 subjecit,

1916 4986 2074 5044 atque
2105 4972 2213 5024 ait:
2249 4986 2268 5019 ι
2296 4960 2625 5030 Conscripsit
2650 4957 2791 5013 enim
2816 4963 2871 5009 et
2898 4954 3010 5019 ipse
3038 4949 3283 5044 similiter
3316 4945 3409 5010 illi,

1918 5039 2004 5124 est
2046 5061 2343 5135 Apolinari,
2390 5056 2512 5126 quia
2560 5054 2673 5121 ipse
2746 5049 2885 5104 Deus
2935 5043 3163 5097 Verbum
3209 5039 3378 5135 factus
3416 5042 3495 5089 est

1916 5132 2110 5226 homo,
2133 5168 2384 5225 tanquam
2417 5165 2524 5206 non
2559 5148 2630 5202 sit
2654 5140 2955 5200 dilfercntia
2986 5138 3127 5193 inter
3159 5132 3420 5226 templum
3445 5136 3496 5182 et

1915 5221 2298 5331 inhabitautcm
2342 5248 2395 5301 in
2438 5257 2523 5299 eo.
2557 5259 2577 5294 ι
2623 5238 2739 5294 Non
2788 5235 2968 5303 itaque
3015 5225 3340 5284 venerabilis
3385 5221 3497 5275 lbas

1913 5412 2314 5473 accuratissime
2335 5400 2633 5462 confutavit
2654 5399 2706 5453 in
2732 5395 2963 5473 epistola
2980 5392 3042 5473 ad
3064 5386 3365 5473 Epictetum
3389 5376 3497 5473 cipi-

1914 5450 2062 5473 αυιυι
2076 5450 2314 5469 diluuia-ra
2336 5450 2551 5462 ..υ-..ςυ-
2567 5450 2577 5456 .
2593 5450 2632 5455 --
2656 5450 2706 5453 _-_
2742 5450 2753 5451 γ
2768 5450 2789 5468 r
2952 5466 2963 5475 .
3117 5450 3129 5455 _

1914 5503 2135 5556 scopum
2176 5479 2623 5556 Corinthiorum:
2663 5462 3367 5556 quamApro't‘tztdle

1914 5530 2135 5627 scripsit
2182 5530 2530 5622 Epiphanius
2583 5544 2636 5599 in
2682 5530 2885 5596 "haeresi
2944 5530 3338 5589 Dimmritarum
3386 5530 3499 5573 sive

1917 5634 1954 5687 Α
1967 5626 2421 5701 polinaristarum.
