  <div class='ocr_page' id='page_1' title='image "/cluster/home/n/w/nwhite01/storage/ocr_20150623/67/hvd.32044073505141/341.png"; bbox 0 0 3974 6330; ppageno 0'>
   <div class='ocr_carea' id='block_1_1' title="bbox 510 359 610 411">
    <p class='ocr_par' dir='ltr' id='par_1_1' title="bbox 510 359 610 411">
     <span class='ocr_line' id='line_1_1' title="bbox 510 359 610 411; baseline 0 0"><span class='ocrx_word' id='word_1_1' title='bbox 510 359 610 411; x_wconf 79' lang='lat' dir='ltr'><strong>Gii&#39;t&#39;</strong></span> 
     </span>
    </p>
   </div>
   <div class='ocr_carea' id='block_1_2' title="bbox 1547 350 2679 421">
    <p class='ocr_par' dir='ltr' id='par_1_2' title="bbox 1547 350 2679 421">
     <span class='ocr_line' id='line_1_2' title="bbox 1547 350 2679 421; baseline -0.001 -13"><span class='ocrx_word' id='word_1_2' title='bbox 1547 356 1838 413; x_wconf 65' lang='lat' dir='ltr'><strong>FACUNDI</strong></span> <span class='ocrx_word' id='word_1_3' title='bbox 1872 354 2082 413; x_wconf 75' lang='lat' dir='ltr'><strong>Ei’iSC.</strong></span> <span class='ocrx_word' id='word_1_4' title='bbox 2124 350 2631 408; x_wconf 69' lang='lat' dir='ltr'><strong>HERMZANENSIS</strong></span> <span class='ocrx_word' id='word_1_5' title='bbox 2676 420 2679 421; x_wconf 18' lang='grc' dir='ltr'><em>ν</em></span> 
     </span>
    </p>
   </div>
   <div class='ocr_carea' id='block_1_3' title="bbox 3682 359 3794 419">
    <p class='ocr_par' dir='ltr' id='par_1_3' title="bbox 3682 359 3794 419">
     <span class='ocr_line' id='line_1_3' title="bbox 3682 359 3794 419; baseline 0.063 -7"><span class='ocrx_word' id='word_1_6' title='bbox 3682 359 3794 419; x_wconf 74' lang='grc'><strong>668</strong></span> 
     </span>
    </p>
   </div>
   <div class='ocr_carea' id='block_1_4' title="bbox 512 475 3784 547">
    <p class='ocr_par' dir='ltr' id='par_1_4' title="bbox 512 475 3784 547">
     <span class='ocr_line' id='line_1_4' title="bbox 512 475 3784 547; baseline 0.002 -20"><span class='ocrx_word' id='word_1_7' title='bbox 512 476 676 529; x_wconf 83' lang='lat' dir='ltr'><strong>Deum</strong></span> <span class='ocrx_word' id='word_1_8' title='bbox 726 475 953 531; x_wconf 76' lang='lat' dir='ltr'><strong>Verbum</strong></span> <span class='ocrx_word' id='word_1_9' title='bbox 1004 475 1228 529; x_wconf 75' lang='lat' dir='ltr'><strong>nescivit</strong></span> <span class='ocrx_word' id='word_1_10' title='bbox 1279 475 1546 529; x_wconf 70' lang='lat' dir='ltr'><strong>hominem</strong></span> <span class='ocrx_word' id='word_1_11' title='bbox 1580 475 1820 541; x_wconf 78' lang='lat' dir='ltr'><strong>factum;</strong></span> <span class='ocrx_word' id='word_1_12' title='bbox 1862 477 1954 531; x_wconf 89' lang='lat' dir='ltr'><strong>sed</strong></span> <span class='ocrx_word' id='word_1_13' title='bbox 1996 476 2089 530; x_wconf 83' lang='lat' dir='ltr'><strong>ad-</strong></span> <span class='ocrx_word' id='word_1_14' title='bbox 2118 479 2166 535; x_wconf 78' lang='grc' dir='ltr'>Α</span> <span class='ocrx_word' id='word_1_15' title='bbox 2198 478 2299 533; x_wconf 91' lang='lat' dir='ltr'><strong>nisi</strong></span> <span class='ocrx_word' id='word_1_16' title='bbox 2350 480 2472 532; x_wconf 85' lang='lat' dir='ltr'><strong>aliis</strong></span> <span class='ocrx_word' id='word_1_17' title='bbox 2519 479 2714 532; x_wconf 76' lang='lat' dir='ltr'><strong>divinze</strong></span> <span class='ocrx_word' id='word_1_18' title='bbox 2770 478 3067 547; x_wconf 64' lang='lat' dir='ltr'><strong>Scripturzc</strong></span> <span class='ocrx_word' id='word_1_19' title='bbox 3113 479 3434 534; x_wconf 83' lang='lat' dir='ltr'><strong>testimoniis</strong></span> <span class='ocrx_word' id='word_1_20' title='bbox 3477 480 3784 544; x_wconf 85' lang='lat' dir='ltr'><strong>doceretur,</strong></span> 
     </span>
    </p>
   </div>
   <div class='ocr_carea' id='block_1_5' title="bbox 513 568 2088 637">
    <p class='ocr_par' dir='ltr' id='par_1_5' title="bbox 513 568 2088 637">
     <span class='ocr_line' id='line_1_5' title="bbox 513 568 2088 637; baseline 0.001 -18"><span class='ocrx_word' id='word_1_21' title='bbox 513 583 702 622; x_wconf 67' lang='lat' dir='ltr'><strong>versus</strong></span> <span class='ocrx_word' id='word_1_22' title='bbox 733 568 1035 637; x_wconf 82' lang='lat' dir='ltr'><strong>Apoliuaris</strong></span> <span class='ocrx_word' id='word_1_23' title='bbox 1091 568 1414 621; x_wconf 88' lang='lat' dir='ltr'><strong>dementiam</strong></span> <span class='ocrx_word' id='word_1_24' title='bbox 1444 569 1865 622; x_wconf 85' lang='lat' dir='ltr'><strong>convertibiliter</strong></span> <span class='ocrx_word' id='word_1_25' title='bbox 1895 569 2088 622; x_wconf 76' lang='lat' dir='ltr'><strong>factum</strong></span> 
     </span>
    </p>
   </div>
   <div class='ocr_carea' id='block_1_6' title="bbox 507 661 2097 732">
    <p class='ocr_par' dir='ltr' id='par_1_6' title="bbox 507 661 2097 732">
     <span class='ocr_line' id='line_1_6' title="bbox 507 661 2097 732; baseline 0 -18"><span class='ocrx_word' id='word_1_26' title='bbox 507 678 628 716; x_wconf 83' lang='lat' dir='ltr'><strong>esse</strong></span> <span class='ocrx_word' id='word_1_27' title='bbox 671 663 937 717; x_wconf 76' lang='lat' dir='ltr'><strong>hominem</strong></span> <span class='ocrx_word' id='word_1_28' title='bbox 984 661 1285 731; x_wconf 86' lang='lat' dir='ltr'><strong>denegavit.</strong></span> <span class='ocrx_word' id='word_1_29' title='bbox 1321 663 1452 717; x_wconf 76' lang='lat' dir='ltr'><strong>Nam</strong></span> <span class='ocrx_word' id='word_1_30' title='bbox 1480 673 1532 717; x_wconf 91' lang='lat' dir='ltr'><strong>et</strong></span> <span class='ocrx_word' id='word_1_31' title='bbox 1568 662 1682 731; x_wconf 78' lang='lat' dir='ltr'><strong>ipse</strong></span> <span class='ocrx_word' id='word_1_32' title='bbox 1714 664 1899 717; x_wconf 74' lang='lat' dir='ltr'><strong>beatus</strong></span> <span class='ocrx_word' id='word_1_33' title='bbox 1923 661 2097 732; x_wconf 87' lang='lat' dir='ltr'><strong>Cyril-</strong></span> 
     </span>
    </p>
   </div>
   <div class='ocr_carea' id='block_1_7' title="bbox 512 750 2095 819">
    <p class='ocr_par' dir='ltr' id='par_1_7' title="bbox 512 750 2095 819">
     <span class='ocr_line' id='line_1_7' title="bbox 512 750 2095 819; baseline 0 -15"><span class='ocrx_word' id='word_1_34' title='bbox 512 752 592 804; x_wconf 88' lang='lat' dir='ltr'><strong>lus</strong></span> <span class='ocrx_word' id='word_1_35' title='bbox 622 753 675 805; x_wconf 92' lang='lat' dir='ltr'><strong>in</strong></span> <span class='ocrx_word' id='word_1_36' title='bbox 722 752 859 805; x_wconf 88' lang='lat' dir='ltr'><strong>libro</strong></span> <span class='ocrx_word' id='word_1_37' title='bbox 902 750 993 819; x_wconf 87' lang='lat' dir='ltr'><strong>qui</strong></span> <span class='ocrx_word' id='word_1_38' title='bbox 1034 752 1248 807; x_wconf 83' lang='lat' dir='ltr'><strong>Scholia</strong></span> <span class='ocrx_word' id='word_1_39' title='bbox 1294 751 1508 817; x_wconf 89' lang='lat' dir='ltr'><strong>dicitur,</strong></span> <span class='ocrx_word' id='word_1_40' title='bbox 1546 753 1649 807; x_wconf 83' lang='lat' dir='ltr'><strong>sub</strong></span> <span class='ocrx_word' id='word_1_41' title='bbox 1698 753 1849 806; x_wconf 90' lang='lat' dir='ltr'><strong>titulo</strong></span> <span class='ocrx_word' id='word_1_42' title='bbox 1892 770 1905 806; x_wconf 88' lang='lat'><strong>:</strong></span> <span class='ocrx_word' id='word_1_43' title='bbox 1954 753 2095 818; x_wconf 80' lang='lat' dir='ltr'><strong>Quo-</strong></span> 
     </span>
    </p>
   </div>
   <div class='ocr_carea' id='block_1_8' title="bbox 508 843 2094 913">
    <p class='ocr_par' dir='ltr' id='par_1_8' title="bbox 508 843 2094 913">
     <span class='ocr_line' id='line_1_8' title="bbox 508 843 2094 913; baseline 0.004 -20"><span class='ocrx_word' id='word_1_44' title='bbox 508 844 659 895; x_wconf 84' lang='lat' dir='ltr'><strong>modo</strong></span> <span class='ocrx_word' id='word_1_45' title='bbox 706 859 835 896; x_wconf 84' lang='lat' dir='ltr'><strong>unus</strong></span> <span class='ocrx_word' id='word_1_46' title='bbox 882 843 1133 905; x_wconf 82' lang='lat' dir='ltr'><strong>Christus,</strong></span> <span class='ocrx_word' id='word_1_47' title='bbox 1192 862 1209 894; x_wconf 78' lang='lat' dir='ltr'><strong>r</strong></span> <span class='ocrx_word' id='word_1_48' title='bbox 1244 845 1403 913; x_wconf 83' lang='lat' dir='ltr'><strong>Ergo,</strong></span> <span class='ocrx_word' id='word_1_49' title='bbox 1437 843 1628 913; x_wconf 73' lang='lat' dir='ltr'><strong>inquit,</strong></span> <span class='ocrx_word' id='word_1_50' title='bbox 1663 845 1762 898; x_wconf 89' lang='lat' dir='ltr'><strong>etsi</strong></span> <span class='ocrx_word' id='word_1_51' title='bbox 1801 844 1893 897; x_wconf 77' lang='lat' dir='ltr'><strong>alii</strong></span> <span class='ocrx_word' id='word_1_52' title='bbox 1935 844 2094 899; x_wconf 85' lang='lat' dir='ltr'><strong>simili</strong></span> 
     </span>
    </p>
   </div>
   <div class='ocr_carea' id='block_1_9' title="bbox 507 931 2095 1003">
    <p class='ocr_par' dir='ltr' id='par_1_9' title="bbox 507 931 2095 1003">
     <span class='ocr_line' id='line_1_9' title="bbox 507 931 2095 1003; baseline 0.003 -19"><span class='ocrx_word' id='word_1_53' title='bbox 507 931 865 1000; x_wconf 85' lang='lat' dir='ltr'><strong>appellatione</strong></span> <span class='ocrx_word' id='word_1_54' title='bbox 894 934 1065 987; x_wconf 85' lang='lat' dir='ltr'><strong>vocati</strong></span> <span class='ocrx_word' id='word_1_55' title='bbox 1097 944 1218 986; x_wconf 90' lang='lat' dir='ltr'><strong>sunt</strong></span> <span class='ocrx_word' id='word_1_56' title='bbox 1241 933 1459 997; x_wconf 71' lang='lat' dir='ltr'><strong>Christi,</strong></span> <span class='ocrx_word' id='word_1_57' title='bbox 1493 949 1629 987; x_wconf 94' lang='lat' dir='ltr'><strong>unus</strong></span> <span class='ocrx_word' id='word_1_58' title='bbox 1659 943 1835 989; x_wconf 87' lang='lat' dir='ltr'><strong>tamen</strong></span> <span class='ocrx_word' id='word_1_59' title='bbox 1868 944 1967 999; x_wconf 87' lang='lat' dir='ltr'><strong>est,</strong></span> <span class='ocrx_word' id='word_1_60' title='bbox 2002 949 2095 1003; x_wconf 88' lang='lat' dir='ltr'><strong>per</strong></span> 
     </span>
    </p>
   </div>
   <div class='ocr_carea' id='block_1_10' title="bbox 508 1023 2095 1093">
    <p class='ocr_par' dir='ltr' id='par_1_10' title="bbox 508 1023 2095 1093">
     <span class='ocr_line' id='line_1_10' title="bbox 508 1023 2095 1093; baseline -0.001 -16"><span class='ocrx_word' id='word_1_61' title='bbox 508 1040 664 1089; x_wconf 83' lang='lat' dir='ltr'><strong>quem</strong></span> <span class='ocrx_word' id='word_1_62' title='bbox 696 1026 896 1089; x_wconf 84' lang='lat' dir='ltr'><strong>omnia,</strong></span> <span class='ocrx_word' id='word_1_63' title='bbox 940 1025 1097 1080; x_wconf 83' lang='lat' dir='ltr'><strong>Jcsus</strong></span> <span class='ocrx_word' id='word_1_64' title='bbox 1144 1023 1415 1090; x_wconf 76' lang='lat' dir='ltr'><strong>Christus,</strong></span> <span class='ocrx_word' id='word_1_65' title='bbox 1470 1040 1575 1078; x_wconf 93' lang='lat' dir='ltr'><strong>non</strong></span> <span class='ocrx_word' id='word_1_66' title='bbox 1624 1025 1764 1093; x_wconf 89' lang='lat' dir='ltr'><strong>quod</strong></span> <span class='ocrx_word' id='word_1_67' title='bbox 1815 1024 1975 1078; x_wconf 92' lang='lat' dir='ltr'><strong>homo</strong></span> <span class='ocrx_word' id='word_1_68' title='bbox 2026 1026 2095 1079; x_wconf 84' lang='lat' dir='ltr'><strong>sit</strong></span> 
     </span>
    </p>
   </div>
   <div class='ocr_carea' id='block_1_11' title="bbox 512 1116 2092 1189">
    <p class='ocr_par' dir='ltr' id='par_1_11' title="bbox 512 1116 2092 1189">
     <span class='ocr_line' id='line_1_11' title="bbox 512 1116 2092 1189; baseline 0.003 -21"><span class='ocrx_word' id='word_1_69' title='bbox 512 1116 680 1170; x_wconf 63' lang='lat' dir='ltr'><strong>fat-tus</strong></span> <span class='ocrx_word' id='word_1_70' title='bbox 723 1117 902 1185; x_wconf 82' lang='lat' dir='ltr'><strong>opifex</strong></span> <span class='ocrx_word' id='word_1_71' title='bbox 946 1117 1203 1171; x_wconf 89' lang='lat' dir='ltr'><strong>omnium.</strong></span> <span class='ocrx_word' id='word_1_72' title='bbox 1239 1137 1257 1169; x_wconf 75' lang='grc' dir='ltr'><strong>ι</strong></span> <span class='ocrx_word' id='word_1_73' title='bbox 1310 1117 1460 1183; x_wconf 86' lang='lat' dir='ltr'><strong>Quod</strong></span> <span class='ocrx_word' id='word_1_74' title='bbox 1500 1118 1737 1189; x_wconf 83' lang='lat' dir='ltr'><strong>Cyrillns</strong></span> <span class='ocrx_word' id='word_1_75' title='bbox 1766 1135 1872 1171; x_wconf 90' lang='lat' dir='ltr'><strong>non</strong></span> <span class='ocrx_word' id='word_1_76' title='bbox 1906 1130 2092 1173; x_wconf 88' lang='lat' dir='ltr'><strong>contra</strong></span> 
     </span>
    </p>
   </div>
   <div class='ocr_carea' id='block_1_12' title="bbox 512 1208 2093 1277">
    <p class='ocr_par' dir='ltr' id='par_1_12' title="bbox 512 1208 2093 1277">
     <span class='ocr_line' id='line_1_12' title="bbox 512 1208 2093 1277; baseline 0.003 -18"><span class='ocrx_word' id='word_1_77' title='bbox 512 1209 823 1277; x_wconf 81' lang='lat' dir='ltr'><strong>prophetam</strong></span> <span class='ocrx_word' id='word_1_78' title='bbox 869 1210 1135 1263; x_wconf 77' lang='lat' dir='ltr'><strong>dicentem</strong></span> <span class='ocrx_word' id='word_1_79' title='bbox 1168 1229 1178 1261; x_wconf 88' lang='lat'><strong>:</strong></span> <span class='ocrx_word' id='word_1_80' title='bbox 1215 1208 1385 1263; x_wconf 81' lang='lat' dir='ltr'><strong>Mater</strong></span> <span class='ocrx_word' id='word_1_81' title='bbox 1427 1210 1559 1265; x_wconf 86' lang='lat' dir='ltr'><strong>Sion</strong></span> <span class='ocrx_word' id='word_1_82' title='bbox 1601 1211 1771 1266; x_wconf 90' lang='lat' dir='ltr'><strong>dicit:</strong></span> <span class='ocrx_word' id='word_1_83' title='bbox 1801 1211 1998 1277; x_wconf 80' lang='lat' dir='ltr'><strong>Domo,</strong></span> <span class='ocrx_word' id='word_1_84' title='bbox 2046 1222 2093 1266; x_wconf 87' lang='lat' dir='ltr'><strong>et</strong></span> 
     </span>
    </p>
   </div>
   <div class='ocr_carea' id='block_1_13' title="bbox 512 1302 2091 1371">
    <p class='ocr_par' dir='ltr' id='par_1_13' title="bbox 512 1302 2091 1371">
     <span class='ocr_line' id='line_1_13' title="bbox 512 1302 2091 1371; baseline 0.003 -19"><span class='ocrx_word' id='word_1_85' title='bbox 512 1302 661 1353; x_wconf 63' lang='grc' dir='ltr'><strong>[ωηο</strong></span> <span class='ocrx_word' id='word_1_86' title='bbox 690 1304 860 1370; x_wconf 77' lang='lat' dir='ltr'><strong>{actus</strong></span> <span class='ocrx_word' id='word_1_87' title='bbox 888 1311 961 1355; x_wconf 81' lang='lat' dir='ltr'><strong>est</strong></span> <span class='ocrx_word' id='word_1_88' title='bbox 986 1303 1040 1354; x_wconf 87' lang='lat' dir='ltr'><strong>in</strong></span> <span class='ocrx_word' id='word_1_89' title='bbox 1062 1318 1143 1367; x_wconf 73' lang='lat' dir='ltr'><strong>ea,</strong></span> <span class='ocrx_word' id='word_1_90' title='bbox 1177 1311 1221 1354; x_wconf 80' lang='lat' dir='ltr'><strong>ct</strong></span> <span class='ocrx_word' id='word_1_91' title='bbox 1253 1302 1359 1371; x_wconf 82' lang='lat' dir='ltr'><strong>ipse</strong></span> <span class='ocrx_word' id='word_1_92' title='bbox 1387 1302 1621 1371; x_wconf 79' lang='lat' dir='ltr'><strong>fundavit</strong></span> <span class='ocrx_word' id='word_1_93' title='bbox 1641 1321 1749 1359; x_wconf 81' lang='lat' dir='ltr'><strong>eum</strong></span> <span class='ocrx_word' id='word_1_94' title='bbox 1784 1304 2091 1368; x_wconf 74' lang='lat' dir='ltr'><strong>Altissimus,</strong></span> 
     </span>
    </p>
   </div>
   <div class='ocr_carea' id='block_1_14' title="bbox 511 1390 2090 1463">
    <p class='ocr_par' dir='ltr' id='par_1_14' title="bbox 511 1390 2090 1463">
     <span class='ocr_line' id='line_1_14' title="bbox 511 1390 2090 1463; baseline 0.003 -19"><span class='ocrx_word' id='word_1_95' title='bbox 511 1391 786 1459; x_wconf 78' lang='lat' dir='ltr'><strong>scripsisse</strong></span> <span class='ocrx_word' id='word_1_96' title='bbox 831 1390 1132 1446; x_wconf 80' lang='lat' dir='ltr'><strong>credendus</strong></span> <span class='ocrx_word' id='word_1_97' title='bbox 1180 1402 1303 1457; x_wconf 88' lang='lat' dir='ltr'><strong>est;</strong></span> <span class='ocrx_word' id='word_1_98' title='bbox 1349 1392 1443 1447; x_wconf 90' lang='lat' dir='ltr'><strong>sed</strong></span> <span class='ocrx_word' id='word_1_99' title='bbox 1470 1408 1530 1447; x_wconf 90' lang='lat' dir='ltr'><strong>ea</strong></span> <span class='ocrx_word' id='word_1_100' title='bbox 1560 1394 1735 1463; x_wconf 91' lang='lat' dir='ltr'><strong>potius</strong></span> <span class='ocrx_word' id='word_1_101' title='bbox 1775 1394 2090 1460; x_wconf 91' lang='lat' dir='ltr'><strong>intentione,</strong></span> 
     </span>
    </p>
   </div>
   <div class='ocr_carea' id='block_1_15' title="bbox 510 1481 2095 1555">
    <p class='ocr_par' dir='ltr' id='par_1_15' title="bbox 510 1481 2095 1555">
     <span class='ocr_line' id='line_1_15' title="bbox 510 1481 2095 1555; baseline 0.006 -24"><span class='ocrx_word' id='word_1_102' title='bbox 510 1481 649 1550; x_wconf 72' lang='lat' dir='ltr'><strong>quod</strong></span> <span class='ocrx_word' id='word_1_103' title='bbox 677 1482 818 1536; x_wconf 88' lang='lat' dir='ltr'><strong>Deus</strong></span> <span class='ocrx_word' id='word_1_104' title='bbox 841 1482 1096 1543; x_wconf 78' lang='lat' dir='ltr'><strong>Verbum,</strong></span> <span class='ocrx_word' id='word_1_105' title='bbox 1129 1483 1304 1551; x_wconf 75' lang='lat' dir='ltr'><strong>epifex</strong></span> <span class='ocrx_word' id='word_1_106' title='bbox 1328 1485 1587 1551; x_wconf 89' lang='lat' dir='ltr'><strong>omnium,</strong></span> <span class='ocrx_word' id='word_1_107' title='bbox 1641 1486 1931 1540; x_wconf 88' lang='lat' dir='ltr'><strong>secundum</strong></span> <span class='ocrx_word' id='word_1_108' title='bbox 1954 1486 2095 1555; x_wconf 78' lang='lat' dir='ltr'><strong>Apo-</strong></span> 
     </span>
    </p>
   </div>
   <div class='ocr_carea' id='block_1_16' title="bbox 511 1575 2095 1642">
    <p class='ocr_par' dir='ltr' id='par_1_16' title="bbox 511 1575 2095 1642">
     <span class='ocr_line' id='line_1_16' title="bbox 511 1575 2095 1642; baseline 0.002 -14"><span class='ocrx_word' id='word_1_109' title='bbox 511 1575 697 1629; x_wconf 88' lang='lat' dir='ltr'><strong>linaris</strong></span> <span class='ocrx_word' id='word_1_110' title='bbox 738 1588 978 1641; x_wconf 88' lang='lat' dir='ltr'><strong>sensum,</strong></span> <span class='ocrx_word' id='word_1_111' title='bbox 1012 1576 1062 1630; x_wconf 88' lang='lat' dir='ltr'><strong>id</strong></span> <span class='ocrx_word' id='word_1_112' title='bbox 1090 1586 1172 1629; x_wconf 86' lang='lat' dir='ltr'><strong>est</strong></span> <span class='ocrx_word' id='word_1_113' title='bbox 1209 1578 1665 1642; x_wconf 89' lang='lat' dir='ltr'><strong>convertibiliter,</strong></span> <span class='ocrx_word' id='word_1_114' title='bbox 1699 1593 1803 1632; x_wconf 93' lang='lat' dir='ltr'><strong>non</strong></span> <span class='ocrx_word' id='word_1_115' title='bbox 1837 1577 2005 1633; x_wconf 85' lang='lat' dir='ltr'><strong>factus</strong></span> <span class='ocrx_word' id='word_1_116' title='bbox 2026 1579 2095 1631; x_wconf 80' lang='lat' dir='ltr'><strong>sit</strong></span> 
     </span>
    </p>
   </div>
   <div class='ocr_carea' id='block_1_17' title="bbox 509 1669 2094 1741">
    <p class='ocr_par' dir='ltr' id='par_1_17' title="bbox 509 1669 2094 1741">
     <span class='ocr_line' id='line_1_17' title="bbox 509 1669 2094 1741; baseline 0.003 -22"><span class='ocrx_word' id='word_1_117' title='bbox 509 1672 689 1722; x_wconf 90' lang='lat' dir='ltr'><strong>homo.</strong></span> <span class='ocrx_word' id='word_1_118' title='bbox 733 1670 838 1722; x_wconf 85' lang='lat' dir='ltr'><strong>Aut</strong></span> <span class='ocrx_word' id='word_1_119' title='bbox 868 1669 1025 1737; x_wconf 79' lang='lat' dir='ltr'><strong>igitur</strong></span> <span class='ocrx_word' id='word_1_120' title='bbox 1055 1670 1343 1738; x_wconf 81' lang='lat' dir='ltr'><strong>utrobique</strong></span> <span class='ocrx_word' id='word_1_121' title='bbox 1370 1671 1823 1739; x_wconf 85' lang='lat' dir='ltr'><strong>subintelligitnus</strong></span> <span class='ocrx_word' id='word_1_122' title='bbox 1850 1680 2094 1741; x_wconf 83' lang='lat' dir='ltr'><strong>propter-</strong></span> 
     </span>
    </p>
   </div>
   <div class='ocr_carea' id='block_1_18' title="bbox 509 1761 2091 1832">
    <p class='ocr_par' dir='ltr' id='par_1_18' title="bbox 509 1761 2091 1832">
     <span class='ocr_line' id='line_1_18' title="bbox 509 1761 2091 1832; baseline 0.002 -18"><span class='ocrx_word' id='word_1_123' title='bbox 509 1776 569 1814; x_wconf 89' lang='lat' dir='ltr'><strong>ea</strong></span> <span class='ocrx_word' id='word_1_124' title='bbox 602 1770 848 1829; x_wconf 82' lang='lat' dir='ltr'><strong>negatum</strong></span> <span class='ocrx_word' id='word_1_125' title='bbox 875 1776 993 1815; x_wconf 90' lang='lat' dir='ltr'><strong>esse</strong></span> <span class='ocrx_word' id='word_1_126' title='bbox 1027 1761 1191 1815; x_wconf 89' lang='lat' dir='ltr'><strong>Deum</strong></span> <span class='ocrx_word' id='word_1_127' title='bbox 1232 1762 1487 1832; x_wconf 82' lang='lat' dir='ltr'><strong>Verbum,</strong></span> <span class='ocrx_word' id='word_1_128' title='bbox 1519 1763 1571 1817; x_wconf 89' lang='lat' dir='ltr'><strong>id</strong></span> <span class='ocrx_word' id='word_1_129' title='bbox 1602 1773 1683 1818; x_wconf 90' lang='lat' dir='ltr'><strong>est</strong></span> <span class='ocrx_word' id='word_1_130' title='bbox 1710 1763 1954 1831; x_wconf 82' lang='lat' dir='ltr'><strong>Opiﬁcem</strong></span> <span class='ocrx_word' id='word_1_131' title='bbox 1984 1780 2091 1817; x_wconf 91' lang='lat' dir='ltr'><strong>om-</strong></span> 
     </span>
    </p>
   </div>
   <div class='ocr_carea' id='block_1_19' title="bbox 2201 570 3788 627">
    <p class='ocr_par' dir='ltr' id='par_1_19' title="bbox 2201 570 3788 627">
     <span class='ocr_line' id='line_1_19' title="bbox 2201 570 3788 627; baseline 0.001 -3"><span class='ocrx_word' id='word_1_132' title='bbox 2201 570 2481 624; x_wconf 87' lang='lat' dir='ltr'><strong>Dominum</strong></span> <span class='ocrx_word' id='word_1_133' title='bbox 2507 570 2693 625; x_wconf 86' lang='lat' dir='ltr'><strong>Jesum</strong></span> <span class='ocrx_word' id='word_1_134' title='bbox 2714 570 2985 624; x_wconf 76' lang='lat' dir='ltr'><strong>(Zhristum</strong></span> <span class='ocrx_word' id='word_1_135' title='bbox 3009 581 3100 624; x_wconf 87' lang='lat' dir='ltr'><strong>aut</strong></span> <span class='ocrx_word' id='word_1_136' title='bbox 3124 570 3319 624; x_wconf 87' lang='lat' dir='ltr'><strong>bonum</strong></span> <span class='ocrx_word' id='word_1_137' title='bbox 3351 581 3443 625; x_wconf 89' lang='lat' dir='ltr'><strong>aut</strong></span> <span class='ocrx_word' id='word_1_138' title='bbox 3474 572 3634 625; x_wconf 88' lang='lat' dir='ltr'><strong>Demn</strong></span> <span class='ocrx_word' id='word_1_139' title='bbox 3661 587 3788 627; x_wconf 78' lang='lat' dir='ltr'><strong>esse</strong></span> 
     </span>
    </p>
   </div>
   <div class='ocr_carea' id='block_1_20' title="bbox 2197 663 3787 732">
    <p class='ocr_par' dir='ltr' id='par_1_20' title="bbox 2197 663 3787 732">
     <span class='ocr_line' id='line_1_20' title="bbox 2197 663 3787 732; baseline 0.001 -16"><span class='ocrx_word' id='word_1_140' title='bbox 2197 663 2476 727; x_wconf 90' lang='lat' dir='ltr'><strong>crederet,</strong></span> <span class='ocrx_word' id='word_1_141' title='bbox 2521 664 2746 718; x_wconf 88' lang='lat' dir='ltr'><strong>audiens</strong></span> <span class='ocrx_word' id='word_1_142' title='bbox 2789 664 3023 717; x_wconf 82' lang='lat' dir='ltr'><strong>Marcum</strong></span> <span class='ocrx_word' id='word_1_143' title='bbox 3067 663 3453 732; x_wconf 79' lang='lat' dir='ltr'><strong>evangelistam</strong></span> <span class='ocrx_word' id='word_1_144' title='bbox 3491 666 3564 719; x_wconf 90' lang='lat' dir='ltr'><strong>ita</strong></span> <span class='ocrx_word' id='word_1_145' title='bbox 3593 669 3663 720; x_wconf 88' lang='lat' dir='ltr'><strong>de</strong></span> <span class='ocrx_word' id='word_1_146' title='bbox 3693 667 3787 719; x_wconf 85' lang='lat' dir='ltr'><strong>illo</strong></span> 
     </span>
    </p>
   </div>
   <div class='ocr_carea' id='block_1_21' title="bbox 2200 755 3785 825">
    <p class='ocr_par' dir='ltr' id='par_1_21' title="bbox 2200 755 3785 825">
     <span class='ocr_line' id='line_1_21' title="bbox 2200 755 3785 825; baseline 0.001 -18"><span class='ocrx_word' id='word_1_147' title='bbox 2200 764 2502 809; x_wconf 88' lang='lat' dir='ltr'><strong>narrantem</strong></span> <span class='ocrx_word' id='word_1_148' title='bbox 2532 773 2544 807; x_wconf 90' lang='lat'><strong>:</strong></span> <span class='ocrx_word' id='word_1_149' title='bbox 2579 755 2645 808; x_wconf 81' lang='lat' dir='ltr'><strong>Et</strong></span> <span class='ocrx_word' id='word_1_150' title='bbox 2693 771 2806 807; x_wconf 88' lang='lat' dir='ltr'><strong>cum</strong></span> <span class='ocrx_word' id='word_1_151' title='bbox 2856 772 3082 825; x_wconf 84' lang='lat' dir='ltr'><strong>egressus</strong></span> <span class='ocrx_word' id='word_1_152' title='bbox 3123 766 3247 810; x_wconf 90' lang='lat' dir='ltr'><strong>esset</strong></span> <span class='ocrx_word' id='word_1_153' title='bbox 3277 756 3330 809; x_wconf 86' lang='lat' dir='ltr'><strong>in</strong></span> <span class='ocrx_word' id='word_1_154' title='bbox 3359 756 3520 822; x_wconf 83' lang='lat' dir='ltr'><strong>viam,</strong></span> <span class='ocrx_word' id='word_1_155' title='bbox 3567 774 3785 825; x_wconf 63' lang='lat' dir='ltr'><strong>procur.</strong></span> 
     </span>
    </p>
   </div>
   <div class='ocr_carea' id='block_1_22' title="bbox 2198 848 3787 921">
    <p class='ocr_par' dir='ltr' id='par_1_22' title="bbox 2198 848 3787 921">
     <span class='ocr_line' id='line_1_22' title="bbox 2198 848 3787 921; baseline 0.003 -22"><span class='ocrx_word' id='word_1_156' title='bbox 2198 866 2312 901; x_wconf 81' lang='lat' dir='ltr'><strong>rens</strong></span> <span class='ocrx_word' id='word_1_157' title='bbox 2341 848 2549 916; x_wconf 87' lang='lat' dir='ltr'><strong>quidam</strong></span> <span class='ocrx_word' id='word_1_158' title='bbox 2579 864 2710 921; x_wconf 85' lang='lat' dir='ltr'><strong>genu</strong></span> <span class='ocrx_word' id='word_1_159' title='bbox 2742 851 2875 916; x_wconf 71' lang='grc' dir='ltr'><strong>[ιω-ο</strong></span> <span class='ocrx_word' id='word_1_160' title='bbox 2903 859 3020 902; x_wconf 84' lang='lat' dir='ltr'><strong>ante</strong></span> <span class='ocrx_word' id='word_1_161' title='bbox 3045 865 3178 913; x_wconf 78' lang='lat' dir='ltr'><strong>eum,</strong></span> <span class='ocrx_word' id='word_1_162' title='bbox 3204 848 3412 917; x_wconf 83' lang='lat' dir='ltr'><strong>rogabat</strong></span> <span class='ocrx_word' id='word_1_163' title='bbox 3435 866 3546 902; x_wconf 87' lang='lat' dir='ltr'><strong>eum</strong></span> <span class='ocrx_word' id='word_1_164' title='bbox 3568 852 3741 903; x_wconf 71' lang='lat' dir='ltr'><strong>dicens</strong></span> <span class='ocrx_word' id='word_1_165' title='bbox 3766 866 3787 904; x_wconf 89' lang='lat'><strong><em>:</em></strong></span> 
     </span>
    </p>
   </div>
   <div class='ocr_carea' id='block_1_23' title="bbox 2200 938 3787 1011">
    <p class='ocr_par' dir='ltr' id='par_1_23' title="bbox 2200 938 3787 1011">
     <span class='ocr_line' id='line_1_23' title="bbox 2200 938 3787 1011; baseline 0.002 -19"><span class='ocrx_word' id='word_1_166' title='bbox 2200 938 2443 1007; x_wconf 80' lang='lat' dir='ltr'><strong>Magister</strong></span> <span class='ocrx_word' id='word_1_167' title='bbox 2457 941 2602 1007; x_wconf 72' lang='lat' dir='ltr'><strong>bene,</strong></span> <span class='ocrx_word' id='word_1_168' title='bbox 2624 941 2748 1008; x_wconf 79' lang='lat' dir='ltr'><strong>quid</strong></span> <span class='ocrx_word' id='word_1_169' title='bbox 2770 942 2956 1009; x_wconf 81' lang='lat' dir='ltr'><strong>faciam</strong></span> <span class='ocrx_word' id='word_1_170' title='bbox 2971 949 3023 992; x_wconf 87' lang='lat' dir='ltr'><strong>ut</strong></span> <span class='ocrx_word' id='word_1_171' title='bbox 3044 941 3196 993; x_wconf 82' lang='lat' dir='ltr'><strong>vitam</strong></span> <span class='ocrx_word' id='word_1_172' title='bbox 3213 950 3451 994; x_wconf 71' lang='lat' dir='ltr'><strong>cateruam</strong></span> <span class='ocrx_word' id='word_1_173' title='bbox 3468 940 3743 1011; x_wconf 58' lang='lat' dir='ltr'><strong>pert-irim:</strong></span> <span class='ocrx_word' id='word_1_174' title='bbox 3760 941 3787 995; x_wconf 60' lang='grc' dir='ltr'><em>Υ</em></span> 
     </span>
    </p>
   </div>
   <div class='ocr_carea' id='block_1_24' title="bbox 2198 1030 3780 1096">
    <p class='ocr_par' dir='ltr' id='par_1_24' title="bbox 2198 1030 3780 1096">
     <span class='ocr_line' id='line_1_24' title="bbox 2198 1030 3780 1096; baseline 0.001 -13"><span class='ocrx_word' id='word_1_175' title='bbox 2198 1031 2351 1086; x_wconf 76' lang='lat' dir='ltr'><strong>Jesus</strong></span> <span class='ocrx_word' id='word_1_176' title='bbox 2370 1044 2539 1085; x_wconf 89' lang='lat' dir='ltr'><strong>autem</strong></span> <span class='ocrx_word' id='word_1_177' title='bbox 2556 1034 2686 1086; x_wconf 75' lang='lat' dir='ltr'><strong>dixit</strong></span> <span class='ocrx_word' id='word_1_178' title='bbox 2707 1035 2783 1086; x_wconf 87' lang='lat' dir='ltr'><strong>ei:</strong></span> <span class='ocrx_word' id='word_1_179' title='bbox 2803 1034 2937 1096; x_wconf 80' lang='lat' dir='ltr'><strong>Quid</strong></span> <span class='ocrx_word' id='word_1_180' title='bbox 2961 1050 3037 1087; x_wconf 88' lang='lat' dir='ltr'><strong>me</strong></span> <span class='ocrx_word' id='word_1_181' title='bbox 3057 1032 3183 1085; x_wconf 81' lang='lat' dir='ltr'><strong>dicis</strong></span> <span class='ocrx_word' id='word_1_182' title='bbox 3202 1032 3424 1085; x_wconf 82' lang='lat' dir='ltr'><strong>bonum?</strong></span> <span class='ocrx_word' id='word_1_183' title='bbox 3446 1048 3593 1085; x_wconf 82' lang='lat' dir='ltr'><strong>nemo</strong></span> <span class='ocrx_word' id='word_1_184' title='bbox 3619 1030 3780 1084; x_wconf 71' lang='lat' dir='ltr'><strong>bonus</strong></span> 
     </span>
    </p>
   </div>
   <div class='ocr_carea' id='block_1_25' title="bbox 2201 1121 3783 1194">
    <p class='ocr_par' dir='ltr' id='par_1_25' title="bbox 2201 1121 3783 1194">
     <span class='ocr_line' id='line_1_25' title="bbox 2201 1121 3783 1194; baseline 0.001 -22"><span class='ocrx_word' id='word_1_185' title='bbox 2201 1124 2297 1175; x_wconf 78' lang='lat' dir='ltr'><strong>nisi</strong></span> <span class='ocrx_word' id='word_1_186' title='bbox 2339 1140 2468 1177; x_wconf 87' lang='lat' dir='ltr'><strong>unus</strong></span> <span class='ocrx_word' id='word_1_187' title='bbox 2522 1123 2657 1177; x_wconf 76' lang='lat' dir='ltr'><strong>Deus</strong></span> <span class='ocrx_word' id='word_1_188' title='bbox 2688 1123 2881 1194; x_wconf 81' lang='lat' dir='ltr'><strong>(Marc.</strong></span> <span class='ocrx_word' id='word_1_189' title='bbox 2909 1140 2962 1187; x_wconf 74' lang='grc' dir='ltr'><strong>ι,</strong></span> <span class='ocrx_word' id='word_1_190' title='bbox 3001 1121 3105 1193; x_wconf 80' lang='lat' dir='ltr'><strong>l7).</strong></span> <span class='ocrx_word' id='word_1_191' title='bbox 3160 1122 3311 1189; x_wconf 86' lang='lat' dir='ltr'><strong>Quod</strong></span> <span class='ocrx_word' id='word_1_192' title='bbox 3362 1121 3482 1176; x_wconf 89' lang='lat' dir='ltr'><strong>ideo</strong></span> <span class='ocrx_word' id='word_1_193' title='bbox 3528 1121 3783 1174; x_wconf 83' lang='lat' dir='ltr'><strong>DOniinus</strong></span> 
     </span>
    </p>
   </div>
   <div class='ocr_carea' id='block_1_26' title="bbox 2198 1211 3782 1276">
    <p class='ocr_par' dir='ltr' id='par_1_26' title="bbox 2198 1211 3782 1276">
     <span class='ocr_line' id='line_1_26' title="bbox 2198 1211 3782 1276; baseline -0.001 -10"><span class='ocrx_word' id='word_1_194' title='bbox 2198 1212 2353 1276; x_wconf 78' lang='lat' dir='ltr'><strong>dixit,</strong></span> <span class='ocrx_word' id='word_1_195' title='bbox 2385 1226 2443 1267; x_wconf 89' lang='lat' dir='ltr'><strong>ut</strong></span> <span class='ocrx_word' id='word_1_196' title='bbox 2465 1214 2776 1267; x_wconf 89' lang='lat' dir='ltr'><strong>admoneret</strong></span> <span class='ocrx_word' id='word_1_197' title='bbox 2800 1213 2946 1267; x_wconf 91' lang='lat' dir='ltr'><strong>illum</strong></span> <span class='ocrx_word' id='word_1_198' title='bbox 2974 1214 3139 1267; x_wconf 90' lang='lat' dir='ltr'><strong>Deum</strong></span> <span class='ocrx_word' id='word_1_199' title='bbox 3166 1228 3225 1266; x_wconf 87' lang='lat' dir='ltr'><strong>se</strong></span> <span class='ocrx_word' id='word_1_200' title='bbox 3250 1211 3493 1275; x_wconf 84' lang='lat' dir='ltr'><strong>credere,</strong></span> <span class='ocrx_word' id='word_1_201' title='bbox 3542 1213 3586 1265; x_wconf 88' lang='lat' dir='ltr'><strong>si</strong></span> <span class='ocrx_word' id='word_1_202' title='bbox 3621 1212 3782 1265; x_wconf 90' lang='lat' dir='ltr'><strong>vellet</strong></span> 
     </span>
    </p>
   </div>
   <div class='ocr_carea' id='block_1_27' title="bbox 2201 1302 3783 1372">
    <p class='ocr_par' dir='ltr' id='par_1_27' title="bbox 2201 1302 3783 1372">
     <span class='ocr_line' id='line_1_27' title="bbox 2201 1302 3783 1372; baseline -0.003 -13"><span class='ocrx_word' id='word_1_203' title='bbox 2201 1319 2321 1359; x_wconf 88' lang='lat' dir='ltr'><strong>cum</strong></span> <span class='ocrx_word' id='word_1_204' title='bbox 2354 1318 2483 1360; x_wconf 82' lang='lat' dir='ltr'><strong>vere</strong></span> <span class='ocrx_word' id='word_1_205' title='bbox 2525 1304 2723 1358; x_wconf 87' lang='lat' dir='ltr'><strong>bonum</strong></span> <span class='ocrx_word' id='word_1_206' title='bbox 2754 1304 3017 1368; x_wconf 89' lang='lat' dir='ltr'><strong>conﬁteri,</strong></span> <span class='ocrx_word' id='word_1_207' title='bbox 3047 1304 3169 1370; x_wconf 86' lang='lat' dir='ltr'><strong>quia</strong></span> <span class='ocrx_word' id='word_1_208' title='bbox 3202 1312 3451 1372; x_wconf 90' lang='lat' dir='ltr'><strong>tanquam</strong></span> <span class='ocrx_word' id='word_1_209' title='bbox 3493 1302 3671 1356; x_wconf 86' lang='lat' dir='ltr'><strong>cordis</strong></span> <span class='ocrx_word' id='word_1_210' title='bbox 3701 1304 3783 1356; x_wconf 88' lang='lat' dir='ltr'><strong>in-</strong></span> 
     </span>
    </p>
   </div>
   <div class='ocr_carea' id='block_1_28' title="bbox 2200 1392 3779 1461">
    <p class='ocr_par' dir='ltr' id='par_1_28' title="bbox 2200 1392 3779 1461">
     <span class='ocr_line' id='line_1_28' title="bbox 2200 1392 3779 1461; baseline -0.001 -14"><span class='ocrx_word' id='word_1_211' title='bbox 2200 1404 2413 1461; x_wconf 87' lang='lat' dir='ltr'><strong>spector</strong></span> <span class='ocrx_word' id='word_1_212' title='bbox 2442 1394 2660 1448; x_wconf 72' lang='lat' dir='ltr'><strong>videbat</strong></span> <span class='ocrx_word' id='word_1_213' title='bbox 2688 1394 2755 1446; x_wconf 88' lang='lat' dir='ltr'><strong>ab</strong></span> <span class='ocrx_word' id='word_1_214' title='bbox 2776 1409 2841 1448; x_wconf 93' lang='lat' dir='ltr'><strong>co</strong></span> <span class='ocrx_word' id='word_1_215' title='bbox 2866 1408 2925 1447; x_wconf 91' lang='lat' dir='ltr'><strong>se</strong></span> <span class='ocrx_word' id='word_1_216' title='bbox 2957 1393 3227 1448; x_wconf 85' lang='lat' dir='ltr'><strong>hominem</strong></span> <span class='ocrx_word' id='word_1_217' title='bbox 3258 1392 3643 1457; x_wconf 87' lang='lat' dir='ltr'><strong>tantummodo,</strong></span> <span class='ocrx_word' id='word_1_218' title='bbox 3674 1408 3779 1447; x_wconf 89' lang='lat' dir='ltr'><strong>non</strong></span> 
     </span>
    </p>
   </div>
   <div class='ocr_carea' id='block_1_29' title="bbox 2199 1484 3779 1554">
    <p class='ocr_par' dir='ltr' id='par_1_29' title="bbox 2199 1484 3779 1554">
     <span class='ocr_line' id='line_1_29' title="bbox 2199 1484 3779 1554; baseline 0.001 -13"><span class='ocrx_word' id='word_1_219' title='bbox 2199 1487 2356 1541; x_wconf 89' lang='lat' dir='ltr'><strong>etiam</strong></span> <span class='ocrx_word' id='word_1_220' title='bbox 2382 1487 2546 1543; x_wconf 89' lang='lat' dir='ltr'><strong>Deum</strong></span> <span class='ocrx_word' id='word_1_221' title='bbox 2570 1488 2736 1542; x_wconf 82' lang='lat' dir='ltr'><strong>credi.</strong></span> <span class='ocrx_word' id='word_1_222' title='bbox 2770 1486 3028 1553; x_wconf 77' lang='lat' dir='ltr'><strong>Quamvis</strong></span> <span class='ocrx_word' id='word_1_223' title='bbox 3048 1502 3174 1552; x_wconf 87' lang='lat' dir='ltr'><strong>ergo</strong></span> <span class='ocrx_word' id='word_1_224' title='bbox 3200 1484 3439 1540; x_wconf 88' lang='lat' dir='ltr'><strong>videatur</strong></span> <span class='ocrx_word' id='word_1_225' title='bbox 3465 1485 3779 1554; x_wconf 86' lang='lat' dir='ltr'><strong>quibusdam</strong></span> 
     </span>
    </p>
   </div>
   <div class='ocr_carea' id='block_1_30' title="bbox 2203 1577 3786 1647">
    <p class='ocr_par' dir='ltr' id='par_1_30' title="bbox 2203 1577 3786 1647">
     <span class='ocr_line' id='line_1_30' title="bbox 2203 1577 3786 1647; baseline -0.001 -17"><span class='ocrx_word' id='word_1_226' title='bbox 2203 1577 2470 1633; x_wconf 65' lang='lat' dir='ltr'><strong>haereticis</strong></span> <span class='ocrx_word' id='word_1_227' title='bbox 2514 1592 2617 1632; x_wconf 90' lang='lat' dir='ltr'><strong>non</strong></span> <span class='ocrx_word' id='word_1_228' title='bbox 2650 1578 3075 1647; x_wconf 83' lang='lat' dir='ltr'><strong>intelligentibus</strong></span> <span class='ocrx_word' id='word_1_229' title='bbox 3102 1577 3301 1631; x_wconf 91' lang='lat' dir='ltr'><strong>bonum</strong></span> <span class='ocrx_word' id='word_1_230' title='bbox 3328 1592 3387 1631; x_wconf 89' lang='lat' dir='ltr'><strong>se</strong></span> <span class='ocrx_word' id='word_1_231' title='bbox 3409 1592 3665 1647; x_wconf 75' lang='lat' dir='ltr'><strong>negasse;</strong></span> <span class='ocrx_word' id='word_1_232' title='bbox 3696 1592 3786 1630; x_wconf 78' lang='lat' dir='ltr'><strong>ca-</strong></span> 
     </span>
    </p>
   </div>
   <div class='ocr_carea' id='block_1_31' title="bbox 2201 1667 3781 1737">
    <p class='ocr_par' dir='ltr' id='par_1_31' title="bbox 2201 1667 3781 1737">
     <span class='ocr_line' id='line_1_31' title="bbox 2201 1667 3781 1737; baseline -0.002 -13"><span class='ocrx_word' id='word_1_233' title='bbox 2201 1670 2415 1726; x_wconf 90' lang='lat' dir='ltr'><strong>tholicis</strong></span> <span class='ocrx_word' id='word_1_234' title='bbox 2454 1678 2631 1725; x_wconf 89' lang='lat' dir='ltr'><strong>tamen</strong></span> <span class='ocrx_word' id='word_1_235' title='bbox 2682 1669 3100 1737; x_wconf 86' lang='lat' dir='ltr'><strong>intelligentibus</strong></span> <span class='ocrx_word' id='word_1_236' title='bbox 3153 1668 3322 1723; x_wconf 91' lang='lat' dir='ltr'><strong>Deum</strong></span> <span class='ocrx_word' id='word_1_237' title='bbox 3374 1683 3432 1722; x_wconf 89' lang='lat' dir='ltr'><strong>se</strong></span> <span class='ocrx_word' id='word_1_238' title='bbox 3482 1667 3781 1722; x_wconf 83' lang='lat' dir='ltr'><strong>insinuasse</strong></span> 
     </span>
    </p>
   </div>
   <div class='ocr_carea' id='block_1_32' title="bbox 2200 1759 3781 1832">
    <p class='ocr_par' dir='ltr' id='par_1_32' title="bbox 2200 1759 3781 1832">
     <span class='ocr_line' id='line_1_32' title="bbox 2200 1759 3781 1832; baseline -0.002 -16"><span class='ocrx_word' id='word_1_239' title='bbox 2200 1764 2367 1832; x_wconf 77' lang='lat' dir='ltr'><strong>magis</strong></span> <span class='ocrx_word' id='word_1_240' title='bbox 2396 1769 2636 1831; x_wconf 86' lang='lat' dir='ltr'><strong>apparet.</strong></span> <span class='ocrx_word' id='word_1_241' title='bbox 2666 1761 2797 1827; x_wconf 88' lang='lat' dir='ltr'><strong>Quis</strong></span> <span class='ocrx_word' id='word_1_242' title='bbox 2823 1759 2964 1815; x_wconf 88' lang='lat' dir='ltr'><strong>enim</strong></span> <span class='ocrx_word' id='word_1_243' title='bbox 2997 1759 3127 1814; x_wconf 88' lang='lat' dir='ltr'><strong>illttd</strong></span> <span class='ocrx_word' id='word_1_244' title='bbox 3160 1760 3330 1813; x_wconf 88' lang='lat' dir='ltr'><strong>solum</strong></span> <span class='ocrx_word' id='word_1_245' title='bbox 3361 1760 3609 1824; x_wconf 87' lang='lat' dir='ltr'><strong>audiens,</strong></span> <span class='ocrx_word' id='word_1_246' title='bbox 3635 1760 3781 1826; x_wconf 86' lang='lat' dir='ltr'><strong>quod</strong></span> 
     </span>
    </p>
   </div>
   <div class='ocr_carea' id='block_1_33' title="bbox 512 1848 3775 1924">
    <p class='ocr_par' dir='ltr' id='par_1_33' title="bbox 512 1848 3775 1924">
     <span class='ocr_line' id='line_1_33' title="bbox 512 1848 3775 1924; baseline -0.001 -17"><span class='ocrx_word' id='word_1_247' title='bbox 512 1855 697 1923; x_wconf 87' lang='lat' dir='ltr'><strong>nium,</strong></span> <span class='ocrx_word' id='word_1_248' title='bbox 752 1857 1025 1909; x_wconf 80' lang='lat' dir='ltr'><strong>hominem</strong></span> <span class='ocrx_word' id='word_1_249' title='bbox 1077 1854 1303 1921; x_wconf 86' lang='lat' dir='ltr'><strong>factum,</strong></span> <span class='ocrx_word' id='word_1_250' title='bbox 1352 1857 1473 1924; x_wconf 86' lang='lat' dir='ltr'><strong>quia</strong></span> <span class='ocrx_word' id='word_1_251' title='bbox 1514 1856 1936 1912; x_wconf 89' lang='lat' dir='ltr'><strong>convertibiliter</strong></span> <span class='ocrx_word' id='word_1_252' title='bbox 1985 1872 2089 1909; x_wconf 87' lang='lat' dir='ltr'><strong>non</strong></span> <span class='ocrx_word' id='word_1_253' title='bbox 2128 1848 2170 1905; x_wconf 80' lang='grc' dir='ltr'><strong>Β</strong></span> <span class='ocrx_word' id='word_1_254' title='bbox 2200 1858 2339 1910; x_wconf 89' lang='lat' dir='ltr'><strong>idem</strong></span> <span class='ocrx_word' id='word_1_255' title='bbox 2385 1855 2596 1909; x_wconf 82' lang='lat' dir='ltr'><strong>Marcus</strong></span> <span class='ocrx_word' id='word_1_256' title='bbox 2642 1854 2966 1922; x_wconf 81' lang='lat' dir='ltr'><strong>evangelista</strong></span> <span class='ocrx_word' id='word_1_257' title='bbox 3012 1851 3080 1907; x_wconf 90' lang='lat' dir='ltr'><strong>de</strong></span> <span class='ocrx_word' id='word_1_258' title='bbox 3132 1852 3355 1906; x_wconf 88' lang='lat' dir='ltr'><strong>Domino</strong></span> <span class='ocrx_word' id='word_1_259' title='bbox 3382 1850 3629 1907; x_wconf 84' lang='lat' dir='ltr'><strong>similiter</strong></span> <span class='ocrx_word' id='word_1_260' title='bbox 3659 1867 3775 1905; x_wconf 87' lang='lat' dir='ltr'><strong>nar-</strong></span> 
     </span>
    </p>
   </div>
   <div class='ocr_carea' id='block_1_34' title="bbox 508 1946 2100 2012">
    <p class='ocr_par' dir='ltr' id='par_1_34' title="bbox 508 1946 2100 2012">
     <span class='ocr_line' id='line_1_34' title="bbox 508 1946 2100 2012; baseline 0.001 -14"><span class='ocrx_word' id='word_1_261' title='bbox 508 1946 679 2000; x_wconf 84' lang='lat' dir='ltr'><strong>t&#39;actus</strong></span> <span class='ocrx_word' id='word_1_262' title='bbox 723 1957 805 2001; x_wconf 90' lang='lat' dir='ltr'><strong>est</strong></span> <span class='ocrx_word' id='word_1_263' title='bbox 850 1948 1029 2012; x_wconf 69' lang='lat' dir='ltr'><strong>homo,</strong></span> <span class='ocrx_word' id='word_1_264' title='bbox 1081 1956 1137 2003; x_wconf 88' lang='lat' dir='ltr'><strong>et</strong></span> <span class='ocrx_word' id='word_1_265' title='bbox 1185 1958 1431 2003; x_wconf 87' lang='lat' dir='ltr'><strong>neutrum</strong></span> <span class='ocrx_word' id='word_1_266' title='bbox 1468 1947 1534 2002; x_wconf 92' lang='lat' dir='ltr'><strong>de</strong></span> <span class='ocrx_word' id='word_1_267' title='bbox 1569 1948 1887 2003; x_wconf 84' lang='lat' dir='ltr'><strong>Nestoriano</strong></span> <span class='ocrx_word' id='word_1_268' title='bbox 1913 1962 2100 2002; x_wconf 87' lang='lat' dir='ltr'><strong>errore</strong></span> 
     </span>
    </p>
   </div>
   <div class='ocr_carea' id='block_1_35' title="bbox 510 2038 2100 2109">
    <p class='ocr_par' dir='ltr' id='par_1_35' title="bbox 510 2038 2100 2109">
     <span class='ocr_line' id='line_1_35' title="bbox 510 2038 2100 2109; baseline 0 -17"><span class='ocrx_word' id='word_1_269' title='bbox 510 2039 809 2106; x_wconf 66' lang='lat' dir='ltr'><strong>culpabitur</strong></span> <span class='ocrx_word' id='word_1_270' title='bbox 839 2056 851 2092; x_wconf 93' lang='lat'>:</span> <span class='ocrx_word' id='word_1_271' title='bbox 885 2049 975 2092; x_wconf 88' lang='lat' dir='ltr'><strong>aut</strong></span> <span class='ocrx_word' id='word_1_272' title='bbox 1002 2040 1045 2093; x_wconf 90' lang='lat' dir='ltr'><strong>si</strong></span> <span class='ocrx_word' id='word_1_273' title='bbox 1080 2055 1182 2093; x_wconf 92' lang='lat' dir='ltr'><strong>non</strong></span> <span class='ocrx_word' id='word_1_274' title='bbox 1229 2040 1561 2105; x_wconf 87' lang='lat' dir='ltr'><strong>conceditur,</strong></span> <span class='ocrx_word' id='word_1_275' title='bbox 1597 2040 1785 2093; x_wconf 89' lang='lat' dir='ltr'><strong>eadem</strong></span> <span class='ocrx_word' id='word_1_276' title='bbox 1816 2040 1969 2109; x_wconf 86' lang='lat' dir='ltr'><strong>culpa</strong></span> <span class='ocrx_word' id='word_1_277' title='bbox 1998 2038 2100 2094; x_wconf 89' lang='lat' dir='ltr'><strong>erit</strong></span> 
     </span>
    </p>
   </div>
   <div class='ocr_carea' id='block_1_36' title="bbox 511 2132 2098 2203">
    <p class='ocr_par' dir='ltr' id='par_1_36' title="bbox 511 2132 2098 2203">
     <span class='ocr_line' id='line_1_36' title="bbox 511 2132 2098 2203; baseline -0.001 -18"><span class='ocrx_word' id='word_1_278' title='bbox 511 2132 811 2186; x_wconf 84' lang='lat' dir='ltr'><strong>amborum.</strong></span> <span class='ocrx_word' id='word_1_279' title='bbox 867 2133 1085 2187; x_wconf 82' lang='lat' dir='ltr'><strong>Beatum</strong></span> <span class='ocrx_word' id='word_1_280' title='bbox 1140 2149 1266 2186; x_wconf 79' lang='lat' dir='ltr'><strong>vero</strong></span> <span class='ocrx_word' id='word_1_281' title='bbox 1314 2133 1569 2203; x_wconf 80' lang='lat' dir='ltr'><strong>Cyrillum</strong></span> <span class='ocrx_word' id='word_1_282' title='bbox 1626 2147 1725 2187; x_wconf 79' lang='lat' dir='ltr'><strong>nec</strong></span> <span class='ocrx_word' id='word_1_283' title='bbox 1778 2133 1880 2201; x_wconf 89' lang='lat' dir='ltr'><strong>ipsi</strong></span> <span class='ocrx_word' id='word_1_284' title='bbox 1934 2132 2098 2203; x_wconf 80' lang='lat' dir='ltr'><strong>Euty-</strong></span> 
     </span>
    </p>
   </div>
   <div class='ocr_carea' id='block_1_37' title="bbox 512 2222 2095 2290">
    <p class='ocr_par' dir='ltr' id='par_1_37' title="bbox 512 2222 2095 2290">
     <span class='ocr_line' id='line_1_37' title="bbox 512 2222 2095 2290; baseline -0.001 -13"><span class='ocrx_word' id='word_1_285' title='bbox 512 2223 684 2278; x_wconf 81' lang='lat' dir='ltr'><strong>ctiiani</strong></span> <span class='ocrx_word' id='word_1_286' title='bbox 732 2223 917 2277; x_wconf 90' lang='lat' dir='ltr'><strong>volunt</strong></span> <span class='ocrx_word' id='word_1_287' title='bbox 962 2222 1338 2278; x_wconf 85' lang='lat' dir='ltr'><strong>Nestorianum</strong></span> <span class='ocrx_word' id='word_1_288' title='bbox 1387 2223 1580 2290; x_wconf 86' lang='lat' dir='ltr'><strong>videri,</strong></span> <span class='ocrx_word' id='word_1_289' title='bbox 1630 2224 1930 2286; x_wconf 75' lang='lat' dir='ltr'><strong>dicentem,</strong></span> <span class='ocrx_word' id='word_1_290' title='bbox 1992 2239 2095 2278; x_wconf 91' lang='lat' dir='ltr'><strong>non</strong></span> 
     </span>
    </p>
   </div>
   <div class='ocr_carea' id='block_1_38' title="bbox 511 2312 2097 2383">
    <p class='ocr_par' dir='ltr' id='par_1_38' title="bbox 511 2312 2097 2383">
     <span class='ocr_line' id='line_1_38' title="bbox 511 2312 2097 2383; baseline 0.003 -18"><span class='ocrx_word' id='word_1_291' title='bbox 511 2312 652 2382; x_wconf 83' lang='lat' dir='ltr'><strong>quod</strong></span> <span class='ocrx_word' id='word_1_292' title='bbox 698 2315 856 2368; x_wconf 87' lang='lat' dir='ltr'><strong>homo</strong></span> <span class='ocrx_word' id='word_1_293' title='bbox 897 2316 967 2369; x_wconf 73' lang='lat' dir='ltr'><strong>sit</strong></span> <span class='ocrx_word' id='word_1_294' title='bbox 1013 2314 1183 2371; x_wconf 83' lang='lat' dir='ltr'><strong>factus</strong></span> <span class='ocrx_word' id='word_1_295' title='bbox 1227 2314 1400 2383; x_wconf 80' lang='lat' dir='ltr'><strong>upifes</strong></span> <span class='ocrx_word' id='word_1_296' title='bbox 1445 2316 1705 2382; x_wconf 83' lang='lat' dir='ltr'><strong>omnium,</strong></span> <span class='ocrx_word' id='word_1_297' title='bbox 1761 2330 1854 2370; x_wconf 90' lang='lat' dir='ltr'><strong>seu</strong></span> <span class='ocrx_word' id='word_1_298' title='bbox 1894 2317 1908 2346; x_wconf 87' lang='grc'>¹</span> <span class='ocrx_word' id='word_1_299' title='bbox 1959 2315 2097 2369; x_wconf 87' lang='lat' dir='ltr'><strong>Deus</strong></span> 
     </span>
    </p>
   </div>
   <div class='ocr_carea' id='block_1_39' title="bbox 516 2404 2096 2473">
    <p class='ocr_par' dir='ltr' id='par_1_39' title="bbox 516 2404 2096 2473">
     <span class='ocr_line' id='line_1_39' title="bbox 516 2404 2096 2473; baseline 0.002 -16"><span class='ocrx_word' id='word_1_300' title='bbox 516 2404 745 2459; x_wconf 80' lang='lat' dir='ltr'><strong>Verbum</strong></span> <span class='ocrx_word' id='word_1_301' title='bbox 781 2420 873 2468; x_wconf 85' lang='lat' dir='ltr'><strong>per</strong></span> <span class='ocrx_word' id='word_1_302' title='bbox 901 2420 1057 2473; x_wconf 80' lang='lat' dir='ltr'><strong>quem</strong></span> <span class='ocrx_word' id='word_1_303' title='bbox 1083 2406 1262 2459; x_wconf 83' lang='lat' dir='ltr'><strong>omnia</strong></span> <span class='ocrx_word' id='word_1_304' title='bbox 1300 2405 1434 2460; x_wconf 86' lang='lat' dir='ltr'><strong>facta</strong></span> <span class='ocrx_word' id='word_1_305' title='bbox 1464 2413 1613 2470; x_wconf 88' lang='lat' dir='ltr'><strong>sunt,</strong></span> <span class='ocrx_word' id='word_1_306' title='bbox 1643 2405 1891 2460; x_wconf 89' lang='lat' dir='ltr'><strong>similiter</strong></span> <span class='ocrx_word' id='word_1_307' title='bbox 1920 2415 1975 2459; x_wconf 91' lang='lat' dir='ltr'><strong>ut</strong></span> <span class='ocrx_word' id='word_1_308' title='bbox 2000 2422 2096 2461; x_wconf 86' lang='lat' dir='ltr'><strong>nos</strong></span> 
     </span>
    </p>
   </div>
   <div class='ocr_carea' id='block_1_40' title="bbox 511 2498 2097 2569">
    <p class='ocr_par' dir='ltr' id='par_1_40' title="bbox 511 2498 2097 2569">
     <span class='ocr_line' id='line_1_40' title="bbox 511 2498 2097 2569; baseline 0.002 -19"><span class='ocrx_word' id='word_1_309' title='bbox 511 2498 840 2566; x_wconf 87' lang='lat' dir='ltr'><strong>participarit</strong></span> <span class='ocrx_word' id='word_1_310' title='bbox 892 2498 1042 2554; x_wconf 83' lang='lat' dir='ltr'><strong>carni</strong></span> <span class='ocrx_word' id='word_1_311' title='bbox 1090 2510 1144 2554; x_wconf 91' lang='lat' dir='ltr'><strong>et</strong></span> <span class='ocrx_word' id='word_1_312' title='bbox 1190 2501 1483 2569; x_wconf 87' lang='lat' dir='ltr'><strong>sanguini,</strong></span> <span class='ocrx_word' id='word_1_313' title='bbox 1536 2508 1590 2554; x_wconf 89' lang='lat' dir='ltr'><strong>et</strong></span> <span class='ocrx_word' id='word_1_314' title='bbox 1643 2510 1976 2568; x_wconf 85' lang='lat' dir='ltr'><strong>nuncupatus</strong></span> <span class='ocrx_word' id='word_1_315' title='bbox 2029 2498 2097 2553; x_wconf 85' lang='lat' dir='ltr'><strong>sit</strong></span> 
     </span>
    </p>
   </div>
   <div class='ocr_carea' id='block_1_41' title="bbox 513 2592 2095 2663">
    <p class='ocr_par' dir='ltr' id='par_1_41' title="bbox 513 2592 2095 2663">
     <span class='ocr_line' id='line_1_41' title="bbox 513 2592 2095 2663; baseline -0.001 -17"><span class='ocrx_word' id='word_1_316' title='bbox 513 2592 695 2647; x_wconf 87' lang='lat' dir='ltr'><strong>homo.</strong></span> <span class='ocrx_word' id='word_1_317' title='bbox 735 2592 1048 2662; x_wconf 82' lang='lat' dir='ltr'><strong>Quanquam</strong></span> <span class='ocrx_word' id='word_1_318' title='bbox 1082 2594 1195 2663; x_wconf 89' lang='lat' dir='ltr'><strong>ipsa</strong></span> <span class='ocrx_word' id='word_1_319' title='bbox 1227 2592 1554 2663; x_wconf 89' lang='lat' dir='ltr'><strong>nuncupatio</strong></span> <span class='ocrx_word' id='word_1_320' title='bbox 1586 2594 1866 2647; x_wconf 72' lang='lat' dir='ltr'><strong>calumnia:</strong></span> <span class='ocrx_word' id='word_1_321' title='bbox 1898 2601 2095 2661; x_wconf 85' lang='lat' dir='ltr'><strong>pateat,</strong></span> 
     </span>
    </p>
   </div>
   <div class='ocr_carea' id='block_1_42' title="bbox 514 2684 2100 2755">
    <p class='ocr_par' dir='ltr' id='par_1_42' title="bbox 514 2684 2100 2755">
     <span class='ocr_line' id='line_1_42' title="bbox 514 2684 2100 2755; baseline 0.004 -20"><span class='ocrx_word' id='word_1_322' title='bbox 514 2687 661 2755; x_wconf 88' lang='lat' dir='ltr'><strong>quasi</strong></span> <span class='ocrx_word' id='word_1_323' title='bbox 714 2686 1070 2755; x_wconf 82' lang='lat' dir='ltr'><strong>perfunctorie</strong></span> <span class='ocrx_word' id='word_1_324' title='bbox 1115 2697 1472 2754; x_wconf 89' lang='lat' dir='ltr'><strong>nuncupatus,</strong></span> <span class='ocrx_word' id='word_1_325' title='bbox 1525 2697 1579 2739; x_wconf 89' lang='lat' dir='ltr'><strong>et</strong></span> <span class='ocrx_word' id='word_1_326' title='bbox 1630 2701 1734 2737; x_wconf 80' lang='lat' dir='ltr'><strong>non</strong></span> <span class='ocrx_word' id='word_1_327' title='bbox 1782 2701 1908 2740; x_wconf 80' lang='lat' dir='ltr'><strong>vere</strong></span> <span class='ocrx_word' id='word_1_328' title='bbox 1941 2684 2100 2741; x_wconf 78' lang='lat' dir='ltr'><strong>fuerit</strong></span> 
     </span>
    </p>
   </div>
   <div class='ocr_carea' id='block_1_43' title="bbox 513 2778 2093 2849">
    <p class='ocr_par' dir='ltr' id='par_1_43' title="bbox 513 2778 2093 2849">
     <span class='ocr_line' id='line_1_43' title="bbox 513 2778 2093 2849; baseline 0.001 -17"><span class='ocrx_word' id='word_1_329' title='bbox 513 2781 681 2832; x_wconf 74' lang='lat' dir='ltr'><strong>foetus</strong></span> <span class='ocrx_word' id='word_1_330' title='bbox 730 2778 892 2832; x_wconf 87' lang='lat' dir='ltr'><strong>homo</strong></span> <span class='ocrx_word' id='word_1_331' title='bbox 924 2781 966 2830; x_wconf 80' lang='lat'><strong>’.</strong></span> <span class='ocrx_word' id='word_1_332' title='bbox 1018 2778 1148 2832; x_wconf 83' lang='lat' dir='ltr'><strong>Nam</strong></span> <span class='ocrx_word' id='word_1_333' title='bbox 1198 2793 1249 2833; x_wconf 88' lang='lat' dir='ltr'><strong>et</strong></span> <span class='ocrx_word' id='word_1_334' title='bbox 1300 2780 1414 2849; x_wconf 86' lang='lat' dir='ltr'><strong>ipse</strong></span> <span class='ocrx_word' id='word_1_335' title='bbox 1464 2780 1535 2834; x_wconf 85' lang='lat' dir='ltr'><strong>ibi</strong></span> <span class='ocrx_word' id='word_1_336' title='bbox 1590 2789 1807 2834; x_wconf 84' lang='lat' dir='ltr'><strong>secutus</strong></span> <span class='ocrx_word' id='word_1_337' title='bbox 1858 2780 2093 2849; x_wconf 85' lang='lat' dir='ltr'><strong>adjecit:</strong></span> 
     </span>
    </p>
   </div>
   <div class='ocr_carea' id='block_1_44' title="bbox 517 2871 2099 2943">
    <p class='ocr_par' dir='ltr' id='par_1_44' title="bbox 517 2871 2099 2943">
     <span class='ocr_line' id='line_1_44' title="bbox 517 2871 2099 2943; baseline 0 -20"><span class='ocrx_word' id='word_1_338' title='bbox 517 2892 537 2923; x_wconf 77' lang='grc' dir='ltr'>ι</span> <span class='ocrx_word' id='word_1_339' title='bbox 566 2872 839 2943; x_wconf 85' lang='lat' dir='ltr'><strong>Tanquam</strong></span> <span class='ocrx_word' id='word_1_340' title='bbox 882 2888 989 2941; x_wconf 90' lang='lat' dir='ltr'><strong>non</strong></span> <span class='ocrx_word' id='word_1_341' title='bbox 1039 2872 1114 2925; x_wconf 86' lang='lat' dir='ltr'><strong>sit</strong></span> <span class='ocrx_word' id='word_1_342' title='bbox 1160 2872 1459 2926; x_wconf 69' lang='lat' dir='ltr'><strong>differentia</strong></span> <span class='ocrx_word' id='word_1_343' title='bbox 1494 2871 1633 2926; x_wconf 90' lang='lat' dir='ltr'><strong>inter</strong></span> <span class='ocrx_word' id='word_1_344' title='bbox 1658 2872 1909 2941; x_wconf 90' lang='lat' dir='ltr'><strong>templum</strong></span> <span class='ocrx_word' id='word_1_345' title='bbox 1936 2881 1989 2926; x_wconf 89' lang='lat' dir='ltr'><strong>et</strong></span> <span class='ocrx_word' id='word_1_346' title='bbox 2016 2873 2099 2926; x_wconf 85' lang='lat' dir='ltr'><strong>in-</strong></span> 
     </span>
    </p>
   </div>
   <div class='ocr_carea' id='block_1_45' title="bbox 511 2954 2100 3035">
    <p class='ocr_par' dir='ltr' id='par_1_45' title="bbox 511 2954 2100 3035">
     <span class='ocr_line' id='line_1_45' title="bbox 511 2954 2100 3035; baseline 0.001 -16"><span class='ocrx_word' id='word_1_347' title='bbox 511 2954 837 3019; x_wconf 82' lang='lat' dir='ltr'><strong>habitantem</strong></span> <span class='ocrx_word' id='word_1_348' title='bbox 867 2965 918 3018; x_wconf 94' lang='lat' dir='ltr'><strong>in</strong></span> <span class='ocrx_word' id='word_1_349' title='bbox 951 2979 1037 3019; x_wconf 89' lang='lat' dir='ltr'><strong>eo.</strong></span> <span class='ocrx_word' id='word_1_350' title='bbox 1073 2984 1091 3016; x_wconf 74' lang='grc' dir='ltr'><strong><em>ι</em></strong></span> <span class='ocrx_word' id='word_1_351' title='bbox 1124 2964 1277 3029; x_wconf 89' lang='lat' dir='ltr'><strong>Quod</strong></span> <span class='ocrx_word' id='word_1_352' title='bbox 1319 2965 1362 3019; x_wconf 92' lang='lat' dir='ltr'><strong>si</strong></span> <span class='ocrx_word' id='word_1_353' title='bbox 1396 2975 1677 3034; x_wconf 90' lang='lat' dir='ltr'><strong>propterea</strong></span> <span class='ocrx_word' id='word_1_354' title='bbox 1724 2980 1912 3035; x_wconf 86' lang='lat' dir='ltr'><strong>magna</strong></span> <span class='ocrx_word' id='word_1_355' title='bbox 1940 2980 2100 3035; x_wconf 80' lang='lat' dir='ltr'><strong>syno-</strong></span> 
     </span>
    </p>
   </div>
   <div class='ocr_carea' id='block_1_46' title="bbox 506 3055 2095 3124">
    <p class='ocr_par' dir='ltr' id='par_1_46' title="bbox 506 3055 2095 3124">
     <span class='ocr_line' id='line_1_46' title="bbox 506 3055 2095 3124; baseline 0.001 -13"><span class='ocrx_word' id='word_1_356' title='bbox 506 3060 609 3111; x_wconf 93' lang='lat' dir='ltr'><strong>dus</strong></span> <span class='ocrx_word' id='word_1_357' title='bbox 660 3055 797 3110; x_wconf 81' lang='lat' dir='ltr'><strong>hanc</strong></span> <span class='ocrx_word' id='word_1_358' title='bbox 826 3056 1106 3124; x_wconf 87' lang='lat' dir='ltr'><strong>epistolam</strong></span> <span class='ocrx_word' id='word_1_359' title='bbox 1165 3057 1306 3111; x_wconf 87' lang='lat' dir='ltr'><strong>velut</strong></span> <span class='ocrx_word' id='word_1_360' title='bbox 1367 3055 1672 3112; x_wconf 68' lang='lat' dir='ltr'><strong>hmretlcam</strong></span> <span class='ocrx_word' id='word_1_361' title='bbox 1731 3059 2095 3124; x_wconf 86' lang='lat' dir='ltr'><strong>improbaret,</strong></span> 
     </span>
    </p>
   </div>
   <div class='ocr_carea' id='block_1_47' title="bbox 512 3147 2093 3219">
    <p class='ocr_par' dir='ltr' id='par_1_47' title="bbox 512 3147 2093 3219">
     <span class='ocr_line' id='line_1_47' title="bbox 512 3147 2093 3219; baseline 0.001 -19"><span class='ocrx_word' id='word_1_362' title='bbox 512 3164 710 3215; x_wconf 91' lang='lat' dir='ltr'><strong>nonne,</strong></span> <span class='ocrx_word' id='word_1_363' title='bbox 758 3148 895 3202; x_wconf 87' lang='lat' dir='ltr'><strong>sicut</strong></span> <span class='ocrx_word' id='word_1_364' title='bbox 924 3147 1173 3213; x_wconf 75' lang='lat' dir='ltr'><strong>diximus,</strong></span> <span class='ocrx_word' id='word_1_365' title='bbox 1202 3147 1324 3203; x_wconf 91' lang='lat' dir='ltr'><strong>hinc</strong></span> <span class='ocrx_word' id='word_1_366' title='bbox 1352 3149 1526 3218; x_wconf 86' lang='lat' dir='ltr'><strong>potius</strong></span> <span class='ocrx_word' id='word_1_367' title='bbox 1552 3148 1762 3203; x_wconf 88' lang='lat' dir='ltr'><strong>beatum</strong></span> <span class='ocrx_word' id='word_1_368' title='bbox 1795 3148 2052 3219; x_wconf 75' lang='lat' dir='ltr'><strong>Cyrillum</strong></span> <span class='ocrx_word' id='word_1_369' title='bbox 2080 3191 2093 3215; x_wconf 92' lang='lat'><strong>,</strong></span> 
     </span>
    </p>
   </div>
   <div class='ocr_carea' id='block_1_48' title="bbox 2202 1944 3781 2014">
    <p class='ocr_par' dir='ltr' id='par_1_48' title="bbox 2202 1944 3781 2014">
     <span class='ocr_line' id='line_1_48' title="bbox 2202 1944 3781 2014; baseline -0.001 -13"><span class='ocrx_word' id='word_1_370' title='bbox 2202 1956 2304 2011; x_wconf 90' lang='lat' dir='ltr'><strong>rat,</strong></span> <span class='ocrx_word' id='word_1_371' title='bbox 2350 1962 2453 2001; x_wconf 92' lang='lat' dir='ltr'><strong>non</strong></span> <span class='ocrx_word' id='word_1_372' title='bbox 2485 1962 2608 2001; x_wconf 90' lang='lat' dir='ltr'><strong>cum</strong></span> <span class='ocrx_word' id='word_1_373' title='bbox 2658 1961 2780 2000; x_wconf 91' lang='lat' dir='ltr'><strong>cum</strong></span> <span class='ocrx_word' id='word_1_374' title='bbox 2830 1944 3134 1999; x_wconf 67' lang='lat' dir='ltr'><strong>Maniihaais</strong></span> <span class='ocrx_word' id='word_1_375' title='bbox 3178 1954 3394 2014; x_wconf 82' lang='lat' dir='ltr'><strong>negaret</strong></span> <span class='ocrx_word' id='word_1_376' title='bbox 3445 1945 3610 1999; x_wconf 86' lang='lat' dir='ltr'><strong>filium</strong></span> <span class='ocrx_word' id='word_1_377' title='bbox 3657 1960 3781 2000; x_wconf 77' lang='lat' dir='ltr'><strong>esse</strong></span> 
     </span>
    </p>
   </div>
   <div class='ocr_carea' id='block_1_49' title="bbox 2205 2036 3779 2107">
    <p class='ocr_par' dir='ltr' id='par_1_49' title="bbox 2205 2036 3779 2107">
     <span class='ocr_line' id='line_1_49' title="bbox 2205 2036 3779 2107; baseline 0 -16"><span class='ocrx_word' id='word_1_378' title='bbox 2205 2038 2412 2094; x_wconf 82' lang='lat' dir='ltr'><strong>David?</strong></span> <span class='ocrx_word' id='word_1_379' title='bbox 2461 2038 2595 2093; x_wconf 79' lang='lat' dir='ltr'><strong>Nam</strong></span> <span class='ocrx_word' id='word_1_380' title='bbox 2651 2038 2767 2107; x_wconf 90' lang='lat' dir='ltr'><strong>ipso</strong></span> <span class='ocrx_word' id='word_1_381' title='bbox 2819 2038 3127 2091; x_wconf 87' lang='lat' dir='ltr'><strong>testimonio</strong></span> <span class='ocrx_word' id='word_1_382' title='bbox 3178 2037 3459 2091; x_wconf 85' lang='lat' dir='ltr'><strong>abutentes</strong></span> <span class='ocrx_word' id='word_1_383' title='bbox 3506 2036 3779 2091; x_wconf 70' lang='lat' dir='ltr'><strong>Manichari</strong></span> 
     </span>
    </p>
   </div>
   <div class='ocr_carea' id='block_1_50' title="bbox 2201 2127 3776 2197">
    <p class='ocr_par' dir='ltr' id='par_1_50' title="bbox 2201 2127 3776 2197">
     <span class='ocr_line' id='line_1_50' title="bbox 2201 2127 3776 2197; baseline -0.003 -12"><span class='ocrx_word' id='word_1_384' title='bbox 2201 2139 2597 2185; x_wconf 87' lang='lat' dir='ltr'><strong>sacramentum</strong></span> <span class='ocrx_word' id='word_1_385' title='bbox 2644 2130 3026 2184; x_wconf 86' lang='lat' dir='ltr'><strong>incarnationis</strong></span> <span class='ocrx_word' id='word_1_386' title='bbox 3061 2128 3179 2196; x_wconf 89' lang='lat' dir='ltr'><strong>ejus</strong></span> <span class='ocrx_word' id='word_1_387' title='bbox 3220 2128 3483 2197; x_wconf 89' lang='lat' dir='ltr'><strong>abjurant.</strong></span> <span class='ocrx_word' id='word_1_388' title='bbox 3547 2127 3776 2194; x_wconf 76' lang='lat' dir='ltr'><strong>Respon-</strong></span> 
     </span>
    </p>
   </div>
   <div class='ocr_carea' id='block_1_51' title="bbox 2201 2219 3780 2291">
    <p class='ocr_par' dir='ltr' id='par_1_51' title="bbox 2201 2219 3780 2291">
     <span class='ocr_line' id='line_1_51' title="bbox 2201 2219 3780 2291; baseline -0.002 -16"><span class='ocrx_word' id='word_1_389' title='bbox 2201 2224 2345 2288; x_wconf 88' lang='lat' dir='ltr'><strong>dens,</strong></span> <span class='ocrx_word' id='word_1_390' title='bbox 2381 2222 2571 2291; x_wconf 91' lang='lat' dir='ltr'><strong>inquit,</strong></span> <span class='ocrx_word' id='word_1_391' title='bbox 2603 2222 2757 2275; x_wconf 73' lang='lat' dir='ltr'><strong>Iesus</strong></span> <span class='ocrx_word' id='word_1_392' title='bbox 2801 2222 2999 2276; x_wconf 86' lang='lat' dir='ltr'><strong>dicebat</strong></span> <span class='ocrx_word' id='word_1_393' title='bbox 3048 2221 3234 2274; x_wconf 82' lang='lat' dir='ltr'><strong>docens</strong></span> <span class='ocrx_word' id='word_1_394' title='bbox 3276 2221 3327 2273; x_wconf 85' lang='lat' dir='ltr'><strong>in</strong></span> <span class='ocrx_word' id='word_1_395' title='bbox 3374 2219 3562 2289; x_wconf 83' lang='lat' dir='ltr'><strong>templo</strong></span> <span class='ocrx_word' id='word_1_396' title='bbox 3588 2236 3607 2273; x_wconf 91' lang='lat'><strong><em>:</em></strong></span> <span class='ocrx_word' id='word_1_397' title='bbox 3638 2221 3780 2285; x_wconf 80' lang='lat' dir='ltr'><strong>Qua-</strong></span> 
     </span>
    </p>
   </div>
   <div class='ocr_carea' id='block_1_52' title="bbox 2202 2310 3784 2381">
    <p class='ocr_par' dir='ltr' id='par_1_52' title="bbox 2202 2310 3784 2381">
     <span class='ocr_line' id='line_1_52' title="bbox 2202 2310 3784 2381; baseline -0.001 -14"><span class='ocrx_word' id='word_1_398' title='bbox 2202 2316 2352 2370; x_wconf 86' lang='lat' dir='ltr'><strong>modo</strong></span> <span class='ocrx_word' id='word_1_399' title='bbox 2382 2314 2556 2368; x_wconf 81' lang='lat' dir='ltr'><strong>dicunt</strong></span> <span class='ocrx_word' id='word_1_400' title='bbox 2586 2314 2764 2369; x_wconf 81' lang='lat' dir='ltr'><strong>scriba:</strong></span> <span class='ocrx_word' id='word_1_401' title='bbox 2793 2312 3052 2368; x_wconf 81' lang='lat' dir='ltr'><strong>Christum</strong></span> <span class='ocrx_word' id='word_1_402' title='bbox 3082 2312 3249 2380; x_wconf 83' lang='lat' dir='ltr'><strong>ﬁlium</strong></span> <span class='ocrx_word' id='word_1_403' title='bbox 3282 2328 3389 2364; x_wconf 83' lang='lat' dir='ltr'><strong>esse</strong></span> <span class='ocrx_word' id='word_1_404' title='bbox 3416 2310 3619 2364; x_wconf 74' lang='lat' dir='ltr'><strong>David?</strong></span> <span class='ocrx_word' id='word_1_405' title='bbox 3660 2311 3784 2381; x_wconf 82' lang='lat' dir='ltr'><strong>Ipse</strong></span> 
     </span>
    </p>
   </div>
   <div class='ocr_carea' id='block_1_53' title="bbox 2197 2404 3783 2474">
    <p class='ocr_par' dir='ltr' id='par_1_53' title="bbox 2197 2404 3783 2474">
     <span class='ocr_line' id='line_1_53' title="bbox 2197 2404 3783 2474; baseline -0.001 -13"><span class='ocrx_word' id='word_1_406' title='bbox 2197 2409 2335 2461; x_wconf 82' lang='lat' dir='ltr'><strong>enim</strong></span> <span class='ocrx_word' id='word_1_407' title='bbox 2385 2405 2552 2460; x_wconf 78' lang='lat' dir='ltr'><strong>David</strong></span> <span class='ocrx_word' id='word_1_408' title='bbox 2602 2407 2726 2460; x_wconf 81' lang='lat' dir='ltr'><strong>dicit</strong></span> <span class='ocrx_word' id='word_1_409' title='bbox 2774 2408 2825 2460; x_wconf 87' lang='lat' dir='ltr'><strong>in</strong></span> <span class='ocrx_word' id='word_1_410' title='bbox 2856 2407 3057 2474; x_wconf 82' lang='lat' dir='ltr'><strong>Spiritu</strong></span> <span class='ocrx_word' id='word_1_411' title='bbox 3093 2416 3268 2461; x_wconf 83' lang='lat' dir='ltr'><strong>sancto</strong></span> <span class='ocrx_word' id='word_1_412' title='bbox 3294 2422 3313 2459; x_wconf 88' lang='lat'><strong><em>:</em></strong></span> <span class='ocrx_word' id='word_1_413' title='bbox 3346 2407 3491 2459; x_wconf 77' lang='lat' dir='ltr'><strong>Dixit</strong></span> <span class='ocrx_word' id='word_1_414' title='bbox 3533 2404 3783 2459; x_wconf 78' lang='lat' dir='ltr'><strong>Dominus</strong></span> 
     </span>
    </p>
   </div>
   <div class='ocr_carea' id='block_1_54' title="bbox 2202 2498 3785 2569">
    <p class='ocr_par' dir='ltr' id='par_1_54' title="bbox 2202 2498 3785 2569">
     <span class='ocr_line' id='line_1_54' title="bbox 2202 2498 3785 2569; baseline -0.001 -18"><span class='ocrx_word' id='word_1_415' title='bbox 2202 2498 2422 2553; x_wconf 85' lang='lat' dir='ltr'><strong>Domino</strong></span> <span class='ocrx_word' id='word_1_416' title='bbox 2472 2516 2581 2553; x_wconf 85' lang='lat' dir='ltr'><strong>meo</strong></span> <span class='ocrx_word' id='word_1_417' title='bbox 2603 2516 2620 2552; x_wconf 90' lang='lat'><em>:</em></span> <span class='ocrx_word' id='word_1_418' title='bbox 2644 2500 2779 2553; x_wconf 85' lang='lat' dir='ltr'><strong>Sede</strong></span> <span class='ocrx_word' id='word_1_419' title='bbox 2803 2515 2833 2552; x_wconf 85' lang='grc' dir='ltr'><em>α</em></span> <span class='ocrx_word' id='word_1_420' title='bbox 2881 2500 3069 2553; x_wconf 71' lang='lat' dir='ltr'><strong>claustris</strong></span> <span class='ocrx_word' id='word_1_421' title='bbox 3101 2500 3246 2564; x_wconf 85' lang='lat' dir='ltr'><strong>meis,</strong></span> <span class='ocrx_word' id='word_1_422' title='bbox 3281 2502 3442 2553; x_wconf 82' lang='lat' dir='ltr'><strong>donec</strong></span> <span class='ocrx_word' id='word_1_423' title='bbox 3467 2516 3650 2569; x_wconf 78' lang='lat' dir='ltr'><strong>ponant</strong></span> <span class='ocrx_word' id='word_1_424' title='bbox 3683 2502 3785 2552; x_wconf 77' lang='lat' dir='ltr'><strong>im&quot;-</strong></span> 
     </span>
    </p>
   </div>
   <div class='ocr_carea' id='block_1_55' title="bbox 2160 2589 3785 2660">
    <p class='ocr_par' dir='ltr' id='par_1_55' title="bbox 2160 2589 3785 2660">
     <span class='ocr_line' id='line_1_55' title="bbox 2160 2589 3785 2660; baseline 0 -17"><span class='ocrx_word' id='word_1_425' title='bbox 2160 2600 2166 2605; x_wconf 87' lang='lat'>‘</span> <span class='ocrx_word' id='word_1_426' title='bbox 2202 2592 2359 2645; x_wconf 85' lang='lat' dir='ltr'><strong>micas</strong></span> <span class='ocrx_word' id='word_1_427' title='bbox 2382 2600 2494 2645; x_wconf 90' lang='lat' dir='ltr'><strong>tuos</strong></span> <span class='ocrx_word' id='word_1_428' title='bbox 2539 2590 2813 2645; x_wconf 81' lang='lat' dir='ltr'><strong>scabellum</strong></span> <span class='ocrx_word' id='word_1_429' title='bbox 2847 2591 3032 2659; x_wconf 84' lang='lat' dir='ltr'><strong>pedum</strong></span> <span class='ocrx_word' id='word_1_430' title='bbox 3073 2601 3299 2645; x_wconf 83' lang='lat' dir='ltr'><strong>tuorum.</strong></span> <span class='ocrx_word' id='word_1_431' title='bbox 3330 2589 3450 2658; x_wconf 87' lang='lat' dir='ltr'><strong>Ipse</strong></span> <span class='ocrx_word' id='word_1_432' title='bbox 3477 2608 3593 2660; x_wconf 83' lang='lat' dir='ltr'><strong>ergo</strong></span> <span class='ocrx_word' id='word_1_433' title='bbox 3618 2591 3785 2645; x_wconf 68' lang='lat' dir='ltr'><strong>David</strong></span> 
     </span>
    </p>
   </div>
   <div class='ocr_carea' id='block_1_56' title="bbox 2200 2681 3784 2753">
    <p class='ocr_par' dir='ltr' id='par_1_56' title="bbox 2200 2681 3784 2753">
     <span class='ocr_line' id='line_1_56' title="bbox 2200 2681 3784 2753; baseline 0.001 -20"><span class='ocrx_word' id='word_1_434' title='bbox 2200 2684 2325 2735; x_wconf 83' lang='lat' dir='ltr'><strong>dicit</strong></span> <span class='ocrx_word' id='word_1_435' title='bbox 2369 2699 2483 2735; x_wconf 89' lang='lat' dir='ltr'><strong>eum</strong></span> <span class='ocrx_word' id='word_1_436' title='bbox 2527 2682 2827 2747; x_wconf 84' lang='lat' dir='ltr'><strong>Dominum,</strong></span> <span class='ocrx_word' id='word_1_437' title='bbox 2876 2692 2922 2736; x_wconf 86' lang='lat' dir='ltr'><strong>et</strong></span> <span class='ocrx_word' id='word_1_438' title='bbox 2956 2683 3092 2736; x_wconf 88' lang='lat' dir='ltr'><strong>unde</strong></span> <span class='ocrx_word' id='word_1_439' title='bbox 3127 2692 3200 2735; x_wconf 79' lang='lat' dir='ltr'><strong>est</strong></span> <span class='ocrx_word' id='word_1_440' title='bbox 3246 2681 3387 2751; x_wconf 81' lang='lat' dir='ltr'><strong>filius</strong></span> <span class='ocrx_word' id='word_1_441' title='bbox 3434 2684 3542 2753; x_wconf 79' lang='lat' dir='ltr'><strong>ejus</strong></span> <span class='ocrx_word' id='word_1_442' title='bbox 3583 2681 3784 2749; x_wconf 71' lang='lat' dir='ltr'><strong>(Marc.</strong></span> 
     </span>
    </p>
   </div>
   <div class='ocr_carea' id='block_1_57' title="bbox 2200 2772 3787 2846">
    <p class='ocr_par' dir='ltr' id='par_1_57' title="bbox 2200 2772 3787 2846">
     <span class='ocr_line' id='line_1_57' title="bbox 2200 2772 3787 2846; baseline 0.001 -19"><span class='ocrx_word' id='word_1_443' title='bbox 2200 2790 2307 2839; x_wconf 78' lang='lat' dir='ltr'><strong>xu,</strong></span> <span class='ocrx_word' id='word_1_444' title='bbox 2363 2772 2502 2845; x_wconf 80' lang='lat'><strong>55)?</strong></span> <span class='ocrx_word' id='word_1_445' title='bbox 2540 2774 2655 2829; x_wconf 82' lang='lat' dir='ltr'><strong>Non</strong></span> <span class='ocrx_word' id='word_1_446' title='bbox 2705 2774 2867 2846; x_wconf 87' lang='lat' dir='ltr'><strong>igitur</strong></span> <span class='ocrx_word' id='word_1_447' title='bbox 2913 2785 2969 2830; x_wconf 88' lang='lat' dir='ltr'><strong>et</strong></span> <span class='ocrx_word' id='word_1_448' title='bbox 3012 2774 3098 2829; x_wconf 86' lang='lat' dir='ltr'><strong>hic</strong></span> <span class='ocrx_word' id='word_1_449' title='bbox 3154 2774 3276 2829; x_wconf 86' lang='lat' dir='ltr'><strong>talia</strong></span> <span class='ocrx_word' id='word_1_450' title='bbox 3315 2774 3565 2841; x_wconf 88' lang='lat' dir='ltr'><strong>dicendo,</strong></span> <span class='ocrx_word' id='word_1_451' title='bbox 3606 2775 3787 2829; x_wconf 89' lang='lat' dir='ltr'><strong>ﬁlium</strong></span> 
     </span>
    </p>
   </div>
   <div class='ocr_carea' id='block_1_58' title="bbox 2204 2865 3786 2936">
    <p class='ocr_par' dir='ltr' id='par_1_58' title="bbox 2204 2865 3786 2936">
     <span class='ocr_line' id='line_1_58' title="bbox 2204 2865 3786 2936; baseline -0.001 -16"><span class='ocrx_word' id='word_1_452' title='bbox 2204 2866 2368 2920; x_wconf 84' lang='lat' dir='ltr'><strong>David</strong></span> <span class='ocrx_word' id='word_1_453' title='bbox 2394 2908 2409 2930; x_wconf 96' lang='lat'><strong>,</strong></span> <span class='ocrx_word' id='word_1_454' title='bbox 2461 2867 2513 2921; x_wconf 92' lang='lat' dir='ltr'><strong>id</strong></span> <span class='ocrx_word' id='word_1_455' title='bbox 2556 2876 2641 2922; x_wconf 89' lang='lat' dir='ltr'><strong>est</strong></span> <span class='ocrx_word' id='word_1_456' title='bbox 2688 2867 2959 2921; x_wconf 81' lang='lat' dir='ltr'><strong>hominem</strong></span> <span class='ocrx_word' id='word_1_457' title='bbox 3004 2881 3064 2921; x_wconf 89' lang='lat' dir='ltr'><strong>se</strong></span> <span class='ocrx_word' id='word_1_458' title='bbox 3104 2868 3349 2936; x_wconf 84' lang='lat' dir='ltr'><strong>negavit,</strong></span> <span class='ocrx_word' id='word_1_459' title='bbox 3386 2866 3527 2935; x_wconf 87' lang='lat' dir='ltr'><strong>quod</strong></span> <span class='ocrx_word' id='word_1_460' title='bbox 3567 2865 3786 2920; x_wconf 86' lang='lat' dir='ltr'><strong>videtur</strong></span> 
     </span>
    </p>
   </div>
   <div class='ocr_carea' id='block_1_59' title="bbox 2203 2957 3785 3029">
    <p class='ocr_par' dir='ltr' id='par_1_59' title="bbox 2203 2957 3785 3029">
     <span class='ocr_line' id='line_1_59' title="bbox 2203 2957 3785 3029; baseline 0 -18"><span class='ocrx_word' id='word_1_461' title='bbox 2203 2959 2433 3025; x_wconf 74' lang='lat' dir='ltr'><strong>ignaris;</strong></span> <span class='ocrx_word' id='word_1_462' title='bbox 2467 2958 2559 3014; x_wconf 88' lang='lat' dir='ltr'><strong>sed</strong></span> <span class='ocrx_word' id='word_1_463' title='bbox 2592 2959 2843 3014; x_wconf 89' lang='lat' dir='ltr'><strong>indicavit</strong></span> <span class='ocrx_word' id='word_1_464' title='bbox 2877 2960 3051 3029; x_wconf 90' lang='lat' dir='ltr'><strong>potius</strong></span> <span class='ocrx_word' id='word_1_465' title='bbox 3078 2959 3220 3029; x_wconf 90' lang='lat' dir='ltr'><strong>quod</strong></span> <span class='ocrx_word' id='word_1_466' title='bbox 3251 2958 3609 3014; x_wconf 83' lang='lat' dir='ltr'><strong>necessarium</strong></span> <span class='ocrx_word' id='word_1_467' title='bbox 3659 2957 3785 3021; x_wconf 83' lang='lat' dir='ltr'><strong>fuit,</strong></span> 
     </span>
    </p>
   </div>
   <div class='ocr_carea' id='block_1_60' title="bbox 2202 3046 3787 3120">
    <p class='ocr_par' dir='ltr' id='par_1_60' title="bbox 2202 3046 3787 3120">
     <span class='ocr_line' id='line_1_60' title="bbox 2202 3046 3787 3120; baseline -0.001 -18"><span class='ocrx_word' id='word_1_468' title='bbox 2202 3047 2368 3103; x_wconf 88' lang='lat' dir='ltr'><strong>Deum</strong></span> <span class='ocrx_word' id='word_1_469' title='bbox 2408 3062 2467 3104; x_wconf 87' lang='lat' dir='ltr'><strong>se</strong></span> <span class='ocrx_word' id='word_1_470' title='bbox 2503 3063 2625 3105; x_wconf 89' lang='lat' dir='ltr'><strong>esse</strong></span> <span class='ocrx_word' id='word_1_471' title='bbox 2670 3050 2856 3103; x_wconf 89' lang='lat' dir='ltr'><strong>David.</strong></span> <span class='ocrx_word' id='word_1_472' title='bbox 2901 3050 3031 3104; x_wconf 85' lang='lat' dir='ltr'><strong>Nam</strong></span> <span class='ocrx_word' id='word_1_473' title='bbox 3077 3050 3121 3103; x_wconf 88' lang='lat' dir='ltr'><strong>si</strong></span> <span class='ocrx_word' id='word_1_474' title='bbox 3167 3064 3341 3120; x_wconf 86' lang='lat' dir='ltr'><strong>neque</strong></span> <span class='ocrx_word' id='word_1_475' title='bbox 3390 3049 3530 3104; x_wconf 88' lang='lat' dir='ltr'><strong>Deus</strong></span> <span class='ocrx_word' id='word_1_476' title='bbox 3567 3058 3655 3102; x_wconf 86' lang='lat' dir='ltr'><strong>est</strong></span> <span class='ocrx_word' id='word_1_477' title='bbox 3698 3046 3787 3102; x_wconf 84' lang='lat' dir='ltr'><strong>di-</strong></span> 
     </span>
    </p>
   </div>
   <div class='ocr_carea' id='block_1_61' title="bbox 2198 3139 3791 3204">
    <p class='ocr_par' dir='ltr' id='par_1_61' title="bbox 2198 3139 3791 3204">
     <span class='ocr_line' id='line_1_61' title="bbox 2198 3139 3791 3204; baseline 0.001 -12"><span class='ocrx_word' id='word_1_478' title='bbox 2198 3140 2371 3194; x_wconf 80' lang='lat' dir='ltr'><strong>cendo</strong></span> <span class='ocrx_word' id='word_1_479' title='bbox 2401 3158 2413 3194; x_wconf 88' lang='lat'><strong>:</strong></span> <span class='ocrx_word' id='word_1_480' title='bbox 2442 3140 2580 3204; x_wconf 83' lang='lat' dir='ltr'><strong>Quid</strong></span> <span class='ocrx_word' id='word_1_481' title='bbox 2602 3154 2678 3194; x_wconf 77' lang='lat' dir='ltr'><strong>me</strong></span> <span class='ocrx_word' id='word_1_482' title='bbox 2718 3142 2844 3194; x_wconf 87' lang='lat' dir='ltr'><strong>dicis</strong></span> <span class='ocrx_word' id='word_1_483' title='bbox 2872 3141 3057 3195; x_wconf 86' lang='lat' dir='ltr'><strong>bonum</strong></span> <span class='ocrx_word' id='word_1_484' title='bbox 3079 3143 3102 3195; x_wconf 71' lang='grc' dir='ltr'><strong>ἵ)</strong></span> <span class='ocrx_word' id='word_1_485' title='bbox 3124 3157 3267 3195; x_wconf 88' lang='lat' dir='ltr'><strong>nemo</strong></span> <span class='ocrx_word' id='word_1_486' title='bbox 3296 3141 3454 3193; x_wconf 85' lang='lat' dir='ltr'><strong>bonus</strong></span> <span class='ocrx_word' id='word_1_487' title='bbox 3503 3139 3600 3192; x_wconf 87' lang='lat' dir='ltr'><strong>uisi</strong></span> <span class='ocrx_word' id='word_1_488' title='bbox 3640 3155 3791 3193; x_wconf 68' lang='lat' dir='ltr'><strong>uitus</strong></span> 
     </span>
    </p>
   </div>
   <div class='ocr_carea' id='block_1_62' title="bbox 510 3227 3790 3309">
    <p class='ocr_par' dir='ltr' id='par_1_62' title="bbox 510 3227 3790 3309">
     <span class='ocr_line' id='line_1_62' title="bbox 510 3227 3790 3309; baseline 0 -16"><span class='ocrx_word' id='word_1_489' title='bbox 510 3240 759 3295; x_wconf 77' lang='lat' dir='ltr'><strong>similiter</strong></span> <span class='ocrx_word' id='word_1_490' title='bbox 794 3239 1097 3305; x_wconf 81' lang='lat' dir='ltr'><strong>dicentem,</strong></span> <span class='ocrx_word' id='word_1_491' title='bbox 1122 3256 1226 3293; x_wconf 92' lang='lat' dir='ltr'><strong>non</strong></span> <span class='ocrx_word' id='word_1_492' title='bbox 1260 3241 1401 3309; x_wconf 91' lang='lat' dir='ltr'><strong>quod</strong></span> <span class='ocrx_word' id='word_1_493' title='bbox 1444 3241 1606 3295; x_wconf 90' lang='lat' dir='ltr'><strong>homo</strong></span> <span class='ocrx_word' id='word_1_494' title='bbox 1632 3241 1699 3293; x_wconf 88' lang='lat' dir='ltr'><strong>sit</strong></span> <span class='ocrx_word' id='word_1_495' title='bbox 1723 3239 1891 3294; x_wconf 85' lang='lat' dir='ltr'><strong>factus</strong></span> <span class='ocrx_word' id='word_1_496' title='bbox 1919 3239 2093 3308; x_wconf 77' lang='lat' dir='ltr'><strong>opifex</strong></span> <span class='ocrx_word' id='word_1_497' title='bbox 2122 3227 2165 3286; x_wconf 85' lang='lat' dir='ltr'>C</span> <span class='ocrx_word' id='word_1_498' title='bbox 2200 3232 2376 3297; x_wconf 72' lang='lat' dir='ltr'><strong>Deus;</strong></span> <span class='ocrx_word' id='word_1_499' title='bbox 2411 3249 2583 3304; x_wconf 86' lang='lat' dir='ltr'><strong>neque</strong></span> <span class='ocrx_word' id='word_1_500' title='bbox 2631 3234 2792 3289; x_wconf 78' lang='grc' dir='ltr'><strong>ιιοηιο</strong></span> <span class='ocrx_word' id='word_1_501' title='bbox 2837 3233 3065 3289; x_wconf 77' lang='lat' dir='ltr'><strong>dicendo</strong></span> <span class='ocrx_word' id='word_1_502' title='bbox 3099 3252 3111 3288; x_wconf 76' lang='grc' dir='ltr'><strong>ε</strong></span> <span class='ocrx_word' id='word_1_503' title='bbox 3162 3233 3283 3303; x_wconf 61' lang='lat' dir='ltr'><strong>Ipse</strong></span> <span class='ocrx_word' id='word_1_504' title='bbox 3309 3249 3429 3304; x_wconf 69' lang='lat' dir='ltr'><strong>ergo</strong></span> <span class='ocrx_word' id='word_1_505' title='bbox 3467 3231 3631 3285; x_wconf 67' lang='grc' dir='ltr'><strong>ὓιιιιὶά</strong></span> <span class='ocrx_word' id='word_1_506' title='bbox 3662 3232 3790 3285; x_wconf 68' lang='lat' dir='ltr'><strong>dicit</strong></span> 
     </span>
    </p>
   </div>
   <div class='ocr_carea' id='block_1_63' title="bbox 515 3332 2095 3397">
    <p class='ocr_par' dir='ltr' id='par_1_63' title="bbox 515 3332 2095 3397">
     <span class='ocr_line' id='line_1_63' title="bbox 515 3332 2095 3397; baseline -0.001 -10"><span class='ocrx_word' id='word_1_507' title='bbox 515 3334 792 3397; x_wconf 89' lang='lat' dir='ltr'><strong>omnium,</strong></span> <span class='ocrx_word' id='word_1_508' title='bbox 836 3332 1128 3388; x_wconf 89' lang='lat' dir='ltr'><strong>credidisse</strong></span> <span class='ocrx_word' id='word_1_509' title='bbox 1173 3332 1481 3388; x_wconf 67' lang='lat' dir='ltr'><strong>hmrcticum</strong></span> <span class='ocrx_word' id='word_1_510' title='bbox 1533 3333 1838 3387; x_wconf 76' lang='lat' dir='ltr'><strong>videretur?</strong></span> <span class='ocrx_word' id='word_1_511' title='bbox 1892 3332 1949 3386; x_wconf 91' lang='lat' dir='ltr'><strong>Si</strong></span> <span class='ocrx_word' id='word_1_512' title='bbox 2002 3348 2095 3385; x_wconf 89' lang='lat' dir='ltr'><strong>an-</strong></span> 
     </span>
    </p>
   </div>
   <div class='ocr_carea' id='block_1_64' title="bbox 517 3422 2093 3493">
    <p class='ocr_par' dir='ltr' id='par_1_64' title="bbox 517 3422 2093 3493">
     <span class='ocr_line' id='line_1_64' title="bbox 517 3422 2093 3493; baseline 0 -18"><span class='ocrx_word' id='word_1_513' title='bbox 517 3434 622 3476; x_wconf 84' lang='lat' dir='ltr'><strong>tem</strong></span> <span class='ocrx_word' id='word_1_514' title='bbox 656 3422 973 3477; x_wconf 81' lang='lat' dir='ltr'><strong>venerabilis</strong></span> <span class='ocrx_word' id='word_1_515' title='bbox 1018 3423 1134 3477; x_wconf 89' lang='lat' dir='ltr'><strong>lbas</strong></span> <span class='ocrx_word' id='word_1_516' title='bbox 1161 3424 1264 3476; x_wconf 91' lang='lat' dir='ltr'><strong>alia</strong></span> <span class='ocrx_word' id='word_1_517' title='bbox 1308 3422 1547 3493; x_wconf 84' lang='lat' dir='ltr'><strong>ejusdem</strong></span> <span class='ocrx_word' id='word_1_518' title='bbox 1576 3424 1714 3476; x_wconf 86' lang='lat' dir='ltr'><strong>beati</strong></span> <span class='ocrx_word' id='word_1_519' title='bbox 1745 3422 1924 3493; x_wconf 82' lang='lat' dir='ltr'><strong>Cyrilti</strong></span> <span class='ocrx_word' id='word_1_520' title='bbox 1955 3423 2093 3475; x_wconf 87' lang='lat' dir='ltr'><strong>dicta</strong></span> 
     </span>
    </p>
   </div>
   <div class='ocr_carea' id='block_1_65' title="bbox 516 3515 2097 3584">
    <p class='ocr_par' dir='ltr' id='par_1_65' title="bbox 516 3515 2097 3584">
     <span class='ocr_line' id='line_1_65' title="bbox 516 3515 2097 3584; baseline 0.001 -17"><span class='ocrx_word' id='word_1_521' title='bbox 516 3515 748 3582; x_wconf 72' lang='lat' dir='ltr'><strong>legisset,</strong></span> <span class='ocrx_word' id='word_1_522' title='bbox 801 3523 891 3567; x_wconf 89' lang='lat' dir='ltr'><strong>ant</strong></span> <span class='ocrx_word' id='word_1_523' title='bbox 934 3516 1069 3570; x_wconf 78' lang='lat' dir='ltr'><strong>sicut</strong></span> <span class='ocrx_word' id='word_1_524' title='bbox 1116 3517 1355 3584; x_wconf 90' lang='lat' dir='ltr'><strong>oportuit</strong></span> <span class='ocrx_word' id='word_1_525' title='bbox 1397 3515 1753 3578; x_wconf 88' lang='lat' dir='ltr'><strong>attendisset,</strong></span> <span class='ocrx_word' id='word_1_526' title='bbox 1808 3516 2097 3569; x_wconf 54' lang='lat' dir='ltr'><strong>invenisset</strong></span> 
     </span>
    </p>
   </div>
   <div class='ocr_carea' id='block_1_66' title="bbox 517 3606 2093 3676">
    <p class='ocr_par' dir='ltr' id='par_1_66' title="bbox 517 3606 2093 3676">
     <span class='ocr_line' id='line_1_66' title="bbox 517 3606 2093 3676; baseline 0.003 -21"><span class='ocrx_word' id='word_1_527' title='bbox 517 3607 696 3676; x_wconf 85' lang='lat' dir='ltr'><strong>piocul</strong></span> <span class='ocrx_word' id='word_1_528' title='bbox 734 3606 895 3659; x_wconf 85' lang='lat' dir='ltr'><strong>dubio</strong></span> <span class='ocrx_word' id='word_1_529' title='bbox 926 3606 1066 3675; x_wconf 80' lang='lat' dir='ltr'><strong>quod</strong></span> <span class='ocrx_word' id='word_1_530' title='bbox 1098 3606 1211 3672; x_wconf 60' lang='lat' dir='ltr'><strong>ipse</strong></span> <span class='ocrx_word' id='word_1_531' title='bbox 1257 3622 1469 3676; x_wconf 83' lang='lat' dir='ltr'><strong>quoque</strong></span> <span class='ocrx_word' id='word_1_532' title='bbox 1499 3618 1681 3661; x_wconf 81' lang='lat' dir='ltr'><strong>contri</strong></span> <span class='ocrx_word' id='word_1_533' title='bbox 1728 3607 2093 3675; x_wconf 67' lang='lat' dir='ltr'><strong>Apulinarem,</strong></span> 
     </span>
    </p>
   </div>
   <div class='ocr_carea' id='block_1_67' title="bbox 516 3698 2093 3768">
    <p class='ocr_par' dir='ltr' id='par_1_67' title="bbox 516 3698 2093 3768">
     <span class='ocr_line' id='line_1_67' title="bbox 516 3698 2093 3768; baseline 0.001 -17"><span class='ocrx_word' id='word_1_534' title='bbox 516 3701 808 3753; x_wconf 79' lang='lat' dir='ltr'><strong>intentione</strong></span> <span class='ocrx_word' id='word_1_535' title='bbox 857 3714 959 3768; x_wconf 90' lang='lat' dir='ltr'><strong>qua</strong></span> <span class='ocrx_word' id='word_1_536' title='bbox 1009 3698 1272 3759; x_wconf 78' lang='lat' dir='ltr'><strong>diximus,</strong></span> <span class='ocrx_word' id='word_1_537' title='bbox 1326 3699 1598 3766; x_wconf 80' lang='lat' dir='ltr'><strong>negaverit</strong></span> <span class='ocrx_word' id='word_1_538' title='bbox 1648 3700 1810 3751; x_wconf 81' lang='lat' dir='ltr'><strong>Deum</strong></span> <span class='ocrx_word' id='word_1_539' title='bbox 1868 3699 2093 3753; x_wconf 78' lang='lat' dir='ltr'><strong>Verbum</strong></span> 
     </span>
    </p>
   </div>
   <div class='ocr_carea' id='block_1_68' title="bbox 518 3790 2093 3859">
    <p class='ocr_par' dir='ltr' id='par_1_68' title="bbox 518 3790 2093 3859">
     <span class='ocr_line' id='line_1_68' title="bbox 518 3790 2093 3859; baseline 0 -14"><span class='ocrx_word' id='word_1_540' title='bbox 518 3792 785 3846; x_wconf 72' lang='lat' dir='ltr'><strong>hominem</strong></span> <span class='ocrx_word' id='word_1_541' title='bbox 817 3792 1036 3859; x_wconf 80' lang='lat' dir='ltr'><strong>factum,</strong></span> <span class='ocrx_word' id='word_1_542' title='bbox 1068 3800 1120 3846; x_wconf 93' lang='lat' dir='ltr'><strong>et</strong></span> <span class='ocrx_word' id='word_1_543' title='bbox 1151 3790 1507 3845; x_wconf 69' lang='lat' dir='ltr'><strong>differentiam</strong></span> <span class='ocrx_word' id='word_1_544' title='bbox 1554 3799 1861 3845; x_wconf 89' lang='lat' dir='ltr'><strong>naturarum</strong></span> <span class='ocrx_word' id='word_1_545' title='bbox 1892 3790 2093 3845; x_wconf 87' lang='lat' dir='ltr'><strong>docue-</strong></span> 
     </span>
    </p>
   </div>
   <div class='ocr_carea' id='block_1_69' title="bbox 516 3884 2094 3955">
    <p class='ocr_par' dir='ltr' id='par_1_69' title="bbox 516 3884 2094 3955">
     <span class='ocr_line' id='line_1_69' title="bbox 516 3884 2094 3955; baseline -0.002 -13"><span class='ocrx_word' id='word_1_546' title='bbox 516 3890 605 3942; x_wconf 87' lang='lat' dir='ltr'><strong>rit.</strong></span> <span class='ocrx_word' id='word_1_547' title='bbox 639 3888 743 3943; x_wconf 90' lang='lat' dir='ltr'><strong>Sed</strong></span> <span class='ocrx_word' id='word_1_548' title='bbox 772 3888 1017 3942; x_wconf 86' lang='lat' dir='ltr'><strong>Nestorio</strong></span> <span class='ocrx_word' id='word_1_549' title='bbox 1043 3887 1394 3955; x_wconf 86' lang='lat' dir='ltr'><strong>respondens,</strong></span> <span class='ocrx_word' id='word_1_550' title='bbox 1425 3884 1518 3954; x_wconf 89' lang='lat' dir='ltr'><strong>qui</strong></span> <span class='ocrx_word' id='word_1_551' title='bbox 1548 3899 1711 3939; x_wconf 89' lang='lat' dir='ltr'><strong>unum</strong></span> <span class='ocrx_word' id='word_1_552' title='bbox 1744 3885 2012 3938; x_wconf 86' lang='lat' dir='ltr'><strong>Christum</strong></span> <span class='ocrx_word' id='word_1_553' title='bbox 2042 3884 2094 3939; x_wconf 92' lang='lat' dir='ltr'><strong>in</strong></span> 
     </span>
    </p>
   </div>
   <div class='ocr_carea' id='block_1_70' title="bbox 516 3973 2096 4041">
    <p class='ocr_par' dir='ltr' id='par_1_70' title="bbox 516 3973 2096 4041">
     <span class='ocr_line' id='line_1_70' title="bbox 516 3973 2096 4041; baseline -0.003 -7"><span class='ocrx_word' id='word_1_554' title='bbox 516 3982 648 4034; x_wconf 89' lang='lat' dir='ltr'><strong>duos</strong></span> <span class='ocrx_word' id='word_1_555' title='bbox 677 3980 813 4033; x_wconf 90' lang='lat' dir='ltr'><strong>ﬁlios</strong></span> <span class='ocrx_word' id='word_1_556' title='bbox 839 3978 1128 4041; x_wconf 87' lang='lat' dir='ltr'><strong>dividebat,</strong></span> <span class='ocrx_word' id='word_1_557' title='bbox 1167 3990 1389 4029; x_wconf 81' lang='lat' dir='ltr'><strong>necesse</strong></span> <span class='ocrx_word' id='word_1_558' title='bbox 1432 3988 1537 4028; x_wconf 92' lang='lat' dir='ltr'><strong>non</strong></span> <span class='ocrx_word' id='word_1_559' title='bbox 1578 3974 1761 4027; x_wconf 87' lang='lat' dir='ltr'><strong>habuit</strong></span> <span class='ocrx_word' id='word_1_560' title='bbox 1793 3973 1859 4027; x_wconf 90' lang='lat' dir='ltr'><strong>de</strong></span> <span class='ocrx_word' id='word_1_561' title='bbox 1888 3973 2096 4029; x_wconf 89' lang='lat' dir='ltr'><strong>duabus</strong></span> 
     </span>
    </p>
   </div>
   <div class='ocr_carea' id='block_1_71' title="bbox 516 4064 2096 4133">
    <p class='ocr_par' dir='ltr' id='par_1_71' title="bbox 516 4064 2096 4133">
     <span class='ocr_line' id='line_1_71' title="bbox 516 4064 2096 4133; baseline -0.004 -8"><span class='ocrx_word' id='word_1_562' title='bbox 516 4072 718 4125; x_wconf 83' lang='lat' dir='ltr'><strong>naturis</strong></span> <span class='ocrx_word' id='word_1_563' title='bbox 769 4070 1022 4123; x_wconf 71' lang='lat' dir='ltr'><strong>adversus</strong></span> <span class='ocrx_word' id='word_1_564' title='bbox 1069 4084 1189 4122; x_wconf 90' lang='lat' dir='ltr'><strong>eum</strong></span> <span class='ocrx_word' id='word_1_565' title='bbox 1236 4065 1539 4120; x_wconf 89' lang='lat' dir='ltr'><strong>evidentius</strong></span> <span class='ocrx_word' id='word_1_566' title='bbox 1584 4074 1743 4133; x_wconf 84' lang='lat' dir='ltr'><strong>atque</strong></span> <span class='ocrx_word' id='word_1_567' title='bbox 1791 4064 2096 4133; x_wconf 76' lang='lat' dir='ltr'><strong>expressius</strong></span> 
     </span>
    </p>
   </div>
   <div class='ocr_carea' id='block_1_72' title="bbox 515 4154 2097 4230">
    <p class='ocr_par' dir='ltr' id='par_1_72' title="bbox 515 4154 2097 4230">
     <span class='ocr_line' id='line_1_72' title="bbox 515 4154 2097 4230; baseline -0.005 -13"><span class='ocrx_word' id='word_1_568' title='bbox 515 4164 809 4230; x_wconf 81' lang='lat' dir='ltr'><strong>disputare.</strong></span> <span class='ocrx_word' id='word_1_569' title='bbox 842 4159 1115 4224; x_wconf 85' lang='lat' dir='ltr'><strong>Quiniino,</strong></span> <span class='ocrx_word' id='word_1_570' title='bbox 1149 4173 1215 4212; x_wconf 92' lang='lat' dir='ltr'><strong>ne</strong></span> <span class='ocrx_word' id='word_1_571' title='bbox 1254 4171 1411 4225; x_wconf 89' lang='lat' dir='ltr'><strong>quam</strong></span> <span class='ocrx_word' id='word_1_572' title='bbox 1442 4155 1592 4209; x_wconf 72' lang='lat' dir='ltr'><strong>daret</strong></span> <span class='ocrx_word' id='word_1_573' title='bbox 1622 4155 1954 4209; x_wconf 58' lang='lat' dir='ltr'><strong>occasionem</strong></span> <span class='ocrx_word' id='word_1_574' title='bbox 1980 4154 2097 4224; x_wconf 86' lang='lat' dir='ltr'><strong>ejus</strong></span> 
     </span>
    </p>
   </div>
   <div class='ocr_carea' id='block_1_73' title="bbox 517 4246 2097 4320">
    <p class='ocr_par' dir='ltr' id='par_1_73' title="bbox 517 4246 2097 4320">
     <span class='ocr_line' id='line_1_73' title="bbox 517 4246 2097 4320; baseline -0.005 -13"><span class='ocrx_word' id='word_1_575' title='bbox 517 4253 748 4317; x_wconf 75' lang='lat' dir='ltr'><strong>erroris,</strong></span> <span class='ocrx_word' id='word_1_576' title='bbox 800 4251 1013 4320; x_wconf 89' lang='lat' dir='ltr'><strong>parcius</strong></span> <span class='ocrx_word' id='word_1_577' title='bbox 1055 4249 1123 4304; x_wconf 90' lang='lat' dir='ltr'><strong>de</strong></span> <span class='ocrx_word' id='word_1_578' title='bbox 1168 4257 1478 4302; x_wconf 84' lang='lat' dir='ltr'><strong>naturarum</strong></span> <span class='ocrx_word' id='word_1_579' title='bbox 1521 4246 1847 4300; x_wconf 87' lang='lat' dir='ltr'><strong>discretione</strong></span> <span class='ocrx_word' id='word_1_580' title='bbox 1889 4246 2097 4299; x_wconf 87' lang='lat' dir='ltr'><strong>locutus</strong></span> 
     </span>
    </p>
   </div>
   <div class='ocr_carea' id='block_1_74' title="bbox 516 4338 2098 4411">
    <p class='ocr_par' dir='ltr' id='par_1_74' title="bbox 516 4338 2098 4411">
     <span class='ocr_line' id='line_1_74' title="bbox 516 4338 2098 4411; baseline -0.004 -13"><span class='ocrx_word' id='word_1_581' title='bbox 516 4355 633 4399; x_wconf 82' lang='lat' dir='ltr'><strong>est:</strong></span> <span class='ocrx_word' id='word_1_582' title='bbox 665 4358 731 4398; x_wconf 89' lang='lat' dir='ltr'><strong>ne</strong></span> <span class='ocrx_word' id='word_1_583' title='bbox 758 4360 876 4398; x_wconf 85' lang='lat' dir='ltr'><strong>cum</strong></span> <span class='ocrx_word' id='word_1_584' title='bbox 906 4344 1017 4411; x_wconf 90' lang='lat' dir='ltr'><strong>ipse</strong></span> <span class='ocrx_word' id='word_1_585' title='bbox 1048 4352 1265 4395; x_wconf 88' lang='lat' dir='ltr'><strong>naturas</strong></span> <span class='ocrx_word' id='word_1_586' title='bbox 1298 4341 1666 4409; x_wconf 88' lang='lat' dir='ltr'><strong>distingueret,</strong></span> <span class='ocrx_word' id='word_1_587' title='bbox 1699 4338 1787 4392; x_wconf 90' lang='lat' dir='ltr'><strong>ille</strong></span> <span class='ocrx_word' id='word_1_588' title='bbox 1818 4338 1951 4392; x_wconf 87' lang='lat' dir='ltr'><strong>duas</strong></span> <span class='ocrx_word' id='word_1_589' title='bbox 1985 4353 2098 4405; x_wconf 89' lang='lat' dir='ltr'><strong>pcr-</strong></span> 
     </span>
    </p>
   </div>
   <div class='ocr_carea' id='block_1_75' title="bbox 510 4429 2097 4499">
    <p class='ocr_par' dir='ltr' id='par_1_75' title="bbox 510 4429 2097 4499">
     <span class='ocr_line' id='line_1_75' title="bbox 510 4429 2097 4499; baseline -0.004 -9"><span class='ocrx_word' id='word_1_590' title='bbox 510 4446 674 4490; x_wconf 84' lang='lat' dir='ltr'><strong>‘sonas</strong></span> <span class='ocrx_word' id='word_1_591' title='bbox 731 4435 1027 4489; x_wconf 89' lang='lat' dir='ltr'><strong>induceret.</strong></span> <span class='ocrx_word' id='word_1_592' title='bbox 1083 4432 1389 4488; x_wconf 83' lang='lat' dir='ltr'><strong>Audiebant</strong></span> <span class='ocrx_word' id='word_1_593' title='bbox 1435 4434 1613 4499; x_wconf 83' lang='lat' dir='ltr'><strong>itaque</strong></span> <span class='ocrx_word' id='word_1_594' title='bbox 1660 4432 1741 4483; x_wconf 85' lang='lat' dir='ltr'><strong>vel</strong></span> <span class='ocrx_word' id='word_1_595' title='bbox 1790 4429 2097 4499; x_wconf 70' lang='lat' dir='ltr'><strong>relegabant</strong></span> 
     </span>
    </p>
   </div>
   <div class='ocr_carea' id='block_1_76' title="bbox 516 4521 2094 4589">
    <p class='ocr_par' dir='ltr' id='par_1_76' title="bbox 516 4521 2094 4589">
     <span class='ocr_line' id='line_1_76' title="bbox 516 4521 2094 4589; baseline -0.004 -9"><span class='ocrx_word' id='word_1_596' title='bbox 516 4529 675 4583; x_wconf 84' lang='lat' dir='ltr'><strong>verba</strong></span> <span class='ocrx_word' id='word_1_597' title='bbox 698 4527 921 4582; x_wconf 79' lang='lat' dir='ltr'><strong>dicentis</strong></span> <span class='ocrx_word' id='word_1_598' title='bbox 945 4524 1234 4579; x_wconf 88' lang='lat' dir='ltr'><strong>orientales</strong></span> <span class='ocrx_word' id='word_1_599' title='bbox 1261 4523 1461 4587; x_wconf 79' lang='lat' dir='ltr'><strong>Patres,</strong></span> <span class='ocrx_word' id='word_1_600' title='bbox 1497 4536 1671 4589; x_wconf 86' lang='lat' dir='ltr'><strong>neque</strong></span> <span class='ocrx_word' id='word_1_601' title='bbox 1701 4521 2094 4574; x_wconf 84' lang='lat' dir='ltr'><strong>animadverte-</strong></span> 
     </span>
    </p>
   </div>
   <div class='ocr_carea' id='block_1_77' title="bbox 2199 3322 3789 3395">
    <p class='ocr_par' dir='ltr' id='par_1_77' title="bbox 2199 3322 3789 3395">
     <span class='ocr_line' id='line_1_77' title="bbox 2199 3322 3789 3395; baseline -0.004 -15"><span class='ocrx_word' id='word_1_602' title='bbox 2199 3344 2311 3381; x_wconf 85' lang='lat' dir='ltr'><strong>eum</strong></span> <span class='ocrx_word' id='word_1_603' title='bbox 2339 3326 2633 3393; x_wconf 85' lang='lat' dir='ltr'><strong>Dominum,</strong></span> <span class='ocrx_word' id='word_1_604' title='bbox 2662 3336 2707 3379; x_wconf 91' lang='lat' dir='ltr'><strong>et</strong></span> <span class='ocrx_word' id='word_1_605' title='bbox 2731 3326 2865 3380; x_wconf 86' lang='lat' dir='ltr'><strong>unde</strong></span> <span class='ocrx_word' id='word_1_606' title='bbox 2890 3336 2962 3379; x_wconf 91' lang='lat' dir='ltr'><strong>est</strong></span> <span class='ocrx_word' id='word_1_607' title='bbox 2983 3325 3121 3394; x_wconf 77' lang='lat' dir='ltr'><strong>ﬁlius</strong></span> <span class='ocrx_word' id='word_1_608' title='bbox 3143 3328 3253 3395; x_wconf 83' lang='lat' dir='ltr'><strong>ejus</strong></span> <span class='ocrx_word' id='word_1_609' title='bbox 3276 3326 3299 3377; x_wconf 71' lang='grc' dir='ltr'><strong><em>Ρ</em></strong></span> <span class='ocrx_word' id='word_1_610' title='bbox 3326 3323 3449 3391; x_wconf 89' lang='lat' dir='ltr'><strong>quid</strong></span> <span class='ocrx_word' id='word_1_611' title='bbox 3484 3322 3633 3376; x_wconf 87' lang='lat' dir='ltr'><strong>illum</strong></span> <span class='ocrx_word' id='word_1_612' title='bbox 3662 3336 3789 3377; x_wconf 85' lang='lat' dir='ltr'><strong>esse</strong></span> 
     </span>
    </p>
   </div>
   <div class='ocr_carea' id='block_1_78' title="bbox 2198 3415 3787 3488">
    <p class='ocr_par' dir='ltr' id='par_1_78' title="bbox 2198 3415 3787 3488">
     <span class='ocr_line' id='line_1_78' title="bbox 2198 3415 3787 3488; baseline -0.003 -14"><span class='ocrx_word' id='word_1_613' title='bbox 2198 3421 2464 3475; x_wconf 78' lang='lat' dir='ltr'><strong>dicimus?</strong></span> <span class='ocrx_word' id='word_1_614' title='bbox 2488 3420 2553 3473; x_wconf 83' lang='lat' dir='ltr'><strong>Et</strong></span> <span class='ocrx_word' id='word_1_615' title='bbox 2578 3420 2708 3474; x_wconf 88' lang='lat' dir='ltr'><strong>alias</strong></span> <span class='ocrx_word' id='word_1_616' title='bbox 2730 3418 3032 3488; x_wconf 86' lang='lat' dir='ltr'><strong>hujusmodi</strong></span> <span class='ocrx_word' id='word_1_617' title='bbox 3062 3419 3357 3473; x_wconf 83' lang='lat' dir='ltr'><strong>locutiones</strong></span> <span class='ocrx_word' id='word_1_618' title='bbox 3397 3418 3451 3469; x_wconf 92' lang='lat' dir='ltr'><strong>in</strong></span> <span class='ocrx_word' id='word_1_619' title='bbox 3474 3415 3677 3470; x_wconf 70' lang='lat' dir='ltr'><strong>divinis</strong></span> <span class='ocrx_word' id='word_1_620' title='bbox 3704 3416 3787 3469; x_wconf 78' lang='lat' dir='ltr'><strong>lit-</strong></span> 
     </span>
    </p>
   </div>
   <div class='ocr_carea' id='block_1_79' title="bbox 2199 3509 3790 3580">
    <p class='ocr_par' dir='ltr' id='par_1_79' title="bbox 2199 3509 3790 3580">
     <span class='ocr_line' id='line_1_79' title="bbox 2199 3509 3790 3580; baseline -0.003 -15"><span class='ocrx_word' id='word_1_621' title='bbox 2199 3512 2329 3565; x_wconf 82' lang='lat' dir='ltr'><strong>teris</strong></span> <span class='ocrx_word' id='word_1_622' title='bbox 2360 3511 2591 3580; x_wconf 88' lang='lat' dir='ltr'><strong>prudens</strong></span> <span class='ocrx_word' id='word_1_623' title='bbox 2638 3510 2807 3565; x_wconf 89' lang='lat' dir='ltr'><strong>lector</strong></span> <span class='ocrx_word' id='word_1_624' title='bbox 2855 3509 3132 3565; x_wconf 79' lang='lat' dir='ltr'><strong>inveniet:</strong></span> <span class='ocrx_word' id='word_1_625' title='bbox 3181 3509 3475 3564; x_wconf 90' lang='lat' dir='ltr'><strong>secundum</strong></span> <span class='ocrx_word' id='word_1_626' title='bbox 3503 3521 3639 3575; x_wconf 86' lang='lat' dir='ltr'><strong>quas</strong></span> <span class='ocrx_word' id='word_1_627' title='bbox 3697 3509 3790 3577; x_wconf 86' lang='lat' dir='ltr'><strong>qui</strong></span> 
     </span>
    </p>
   </div>
   <div class='ocr_carea' id='block_1_80' title="bbox 2199 3602 3787 3673">
    <p class='ocr_par' dir='ltr' id='par_1_80' title="bbox 2199 3602 3787 3673">
     <span class='ocr_line' id='line_1_80' title="bbox 2199 3602 3787 3673; baseline -0.003 -16"><span class='ocrx_word' id='word_1_628' title='bbox 2199 3604 2276 3657; x_wconf 86' lang='lat' dir='ltr'><strong>sic</strong></span> <span class='ocrx_word' id='word_1_629' title='bbox 2331 3604 2561 3673; x_wconf 87' lang='lat' dir='ltr'><strong>loquitur</strong></span> <span class='ocrx_word' id='word_1_630' title='bbox 2602 3619 2788 3656; x_wconf 87' lang='lat' dir='ltr'><strong>carum</strong></span> <span class='ocrx_word' id='word_1_631' title='bbox 2820 3604 3043 3672; x_wconf 84' lang='lat' dir='ltr'><strong>quisque</strong></span> <span class='ocrx_word' id='word_1_632' title='bbox 3076 3611 3363 3668; x_wconf 36' lang='lat' dir='ltr'><strong>ttat‘tator,</strong></span> <span class='ocrx_word' id='word_1_633' title='bbox 3392 3610 3450 3654; x_wconf 91' lang='lat' dir='ltr'><strong>ut</strong></span> <span class='ocrx_word' id='word_1_634' title='bbox 3502 3602 3617 3670; x_wconf 59' lang='lat' dir='ltr'><strong>ipse</strong></span> <span class='ocrx_word' id='word_1_635' title='bbox 3645 3613 3787 3667; x_wconf 83' lang='lat' dir='ltr'><strong>quo-</strong></span> 
     </span>
    </p>
   </div>
   <div class='ocr_carea' id='block_1_81' title="bbox 2198 3693 3784 3765">
    <p class='ocr_par' dir='ltr' id='par_1_81' title="bbox 2198 3693 3784 3765">
     <span class='ocr_line' id='line_1_81' title="bbox 2198 3693 3784 3765; baseline -0.001 -20"><span class='ocrx_word' id='word_1_636' title='bbox 2198 3712 2302 3763; x_wconf 85' lang='lat' dir='ltr'><strong>que</strong></span> <span class='ocrx_word' id='word_1_637' title='bbox 2332 3708 2528 3762; x_wconf 65' lang='lat' dir='ltr'><strong>negare</strong></span> <span class='ocrx_word' id='word_1_638' title='bbox 2551 3693 2792 3749; x_wconf 87' lang='lat' dir='ltr'><strong>videatur</strong></span> <span class='ocrx_word' id='word_1_639' title='bbox 2820 3694 3020 3765; x_wconf 84' lang='lat' dir='ltr'><strong>aliquid</strong></span> <span class='ocrx_word' id='word_1_640' title='bbox 3050 3695 3192 3764; x_wconf 93' lang='lat' dir='ltr'><strong>quod</strong></span> <span class='ocrx_word' id='word_1_641' title='bbox 3221 3694 3515 3763; x_wconf 87' lang='lat' dir='ltr'><strong>negandum</strong></span> <span class='ocrx_word' id='word_1_642' title='bbox 3541 3708 3650 3745; x_wconf 82' lang='lat' dir='ltr'><strong>non</strong></span> <span class='ocrx_word' id='word_1_643' title='bbox 3680 3702 3784 3755; x_wconf 89' lang='lat' dir='ltr'><strong>est,</strong></span> 
     </span>
    </p>
   </div>
   <div class='ocr_carea' id='block_1_82' title="bbox 2200 3786 3792 3858">
    <p class='ocr_par' dir='ltr' id='par_1_82' title="bbox 2200 3786 3792 3858">
     <span class='ocr_line' id='line_1_82' title="bbox 2200 3786 3792 3858; baseline 0.001 -18"><span class='ocrx_word' id='word_1_644' title='bbox 2200 3796 2258 3841; x_wconf 91' lang='lat' dir='ltr'><strong>ut</strong></span> <span class='ocrx_word' id='word_1_645' title='bbox 2287 3786 2426 3841; x_wconf 86' lang='lat' dir='ltr'><strong>aliud</strong></span> <span class='ocrx_word' id='word_1_646' title='bbox 2453 3786 2594 3856; x_wconf 90' lang='lat' dir='ltr'><strong>quod</strong></span> <span class='ocrx_word' id='word_1_647' title='bbox 2625 3789 2792 3858; x_wconf 88' lang='lat' dir='ltr'><strong>magis</strong></span> <span class='ocrx_word' id='word_1_648' title='bbox 2821 3797 2907 3841; x_wconf 86' lang='lat' dir='ltr'><strong>est</strong></span> <span class='ocrx_word' id='word_1_649' title='bbox 2953 3790 3316 3844; x_wconf 78' lang='lat' dir='ltr'><strong>necessarium</strong></span> <span class='ocrx_word' id='word_1_650' title='bbox 3353 3789 3631 3841; x_wconf 89' lang='lat' dir='ltr'><strong>intimetur</strong></span> <span class='ocrx_word' id='word_1_651' title='bbox 3664 3807 3680 3849; x_wconf 80' lang='lat'><strong>;</strong></span> <span class='ocrx_word' id='word_1_652' title='bbox 3714 3788 3792 3841; x_wconf 85' lang='lat' dir='ltr'><strong>sic</strong></span> 
     </span>
    </p>
   </div>
   <div class='ocr_carea' id='block_1_83' title="bbox 2202 3880 3790 3950">
    <p class='ocr_par' dir='ltr' id='par_1_83' title="bbox 2202 3880 3790 3950">
     <span class='ocr_line' id='line_1_83' title="bbox 2202 3880 3790 3950; baseline -0.001 -16"><span class='ocrx_word' id='word_1_653' title='bbox 2202 3897 2305 3934; x_wconf 88' lang='lat' dir='ltr'><strong>nou</strong></span> <span class='ocrx_word' id='word_1_654' title='bbox 2334 3893 2415 3936; x_wconf 85' lang='lat' dir='ltr'><strong>est</strong></span> <span class='ocrx_word' id='word_1_655' title='bbox 2444 3882 2914 3950; x_wconf 83' lang='lat' dir='ltr'><strong>reprehendendus</strong></span> <span class='ocrx_word' id='word_1_656' title='bbox 2950 3881 3091 3937; x_wconf 76' lang='lat' dir='ltr'><strong>velut</strong></span> <span class='ocrx_word' id='word_1_657' title='bbox 3119 3881 3423 3945; x_wconf 66' lang='lat' dir='ltr'><strong>haereticus,</strong></span> <span class='ocrx_word' id='word_1_658' title='bbox 3449 3880 3540 3937; x_wconf 88' lang='lat' dir='ltr'><strong>sed</strong></span> <span class='ocrx_word' id='word_1_659' title='bbox 3568 3894 3640 3934; x_wconf 80' lang='lat' dir='ltr'><strong>ex</strong></span> <span class='ocrx_word' id='word_1_660' title='bbox 3675 3880 3790 3933; x_wconf 78' lang='lat' dir='ltr'><strong>atiis</strong></span> 
     </span>
    </p>
   </div>
   <div class='ocr_carea' id='block_1_84' title="bbox 2198 3972 3785 4044">
    <p class='ocr_par' dir='ltr' id='par_1_84' title="bbox 2198 3972 3785 4044">
     <span class='ocr_line' id='line_1_84' title="bbox 2198 3972 3785 4044; baseline -0.002 -17"><span class='ocrx_word' id='word_1_661' title='bbox 2198 3975 2355 4028; x_wconf 87' lang='lat' dir='ltr'><strong>dictis</strong></span> <span class='ocrx_word' id='word_1_662' title='bbox 2383 3974 2493 4029; x_wconf 88' lang='lat' dir='ltr'><strong>suis</strong></span> <span class='ocrx_word' id='word_1_663' title='bbox 2528 3975 2704 4044; x_wconf 88' lang='lat' dir='ltr'><strong>potius</strong></span> <span class='ocrx_word' id='word_1_664' title='bbox 2734 3973 3098 4040; x_wconf 65' lang='lat' dir='ltr'><strong>aestimandus,</strong></span> <span class='ocrx_word' id='word_1_665' title='bbox 3145 3974 3283 4028; x_wconf 84' lang='lat' dir='ltr'><strong>sicut</strong></span> <span class='ocrx_word' id='word_1_666' title='bbox 3310 3988 3406 4028; x_wconf 91' lang='lat' dir='ltr'><strong>nec</strong></span> <span class='ocrx_word' id='word_1_667' title='bbox 3430 3972 3569 4041; x_wconf 89' lang='lat' dir='ltr'><strong>ipsas</strong></span> <span class='ocrx_word' id='word_1_668' title='bbox 3602 3972 3785 4041; x_wconf 85' lang='lat' dir='ltr'><strong>Serip-</strong></span> 
     </span>
    </p>
   </div>
   <div class='ocr_carea' id='block_1_85' title="bbox 2203 4064 3786 4133">
    <p class='ocr_par' dir='ltr' id='par_1_85' title="bbox 2203 4064 3786 4133">
     <span class='ocr_line' id='line_1_85' title="bbox 2203 4064 3786 4133; baseline 0 -15"><span class='ocrx_word' id='word_1_669' title='bbox 2203 4073 2346 4119; x_wconf 86' lang='lat' dir='ltr'><strong>turas</strong></span> <span class='ocrx_word' id='word_1_670' title='bbox 2367 4064 2576 4119; x_wconf 88' lang='lat' dir='ltr'><strong>divinas</strong></span> <span class='ocrx_word' id='word_1_671' title='bbox 2609 4066 2662 4120; x_wconf 91' lang='lat' dir='ltr'><strong>in</strong></span> <span class='ocrx_word' id='word_1_672' title='bbox 2718 4066 2912 4119; x_wconf 88' lang='lat' dir='ltr'><strong>talibus</strong></span> <span class='ocrx_word' id='word_1_673' title='bbox 2960 4064 3357 4133; x_wconf 87' lang='lat' dir='ltr'><strong>reprehendere</strong></span> <span class='ocrx_word' id='word_1_674' title='bbox 3390 4064 3678 4133; x_wconf 83' lang='lat' dir='ltr'><strong>quisquam</strong></span> <span class='ocrx_word' id='word_1_675' title='bbox 3706 4080 3786 4118; x_wconf 79' lang='lat' dir='ltr'><strong>ca.</strong></span> 
     </span>
    </p>
   </div>
   <div class='ocr_carea' id='block_1_86' title="bbox 2201 4153 3793 4226">
    <p class='ocr_par' dir='ltr' id='par_1_86' title="bbox 2201 4153 3793 4226">
     <span class='ocr_line' id='line_1_86' title="bbox 2201 4153 3793 4226; baseline -0.002 -16"><span class='ocrx_word' id='word_1_676' title='bbox 2201 4155 2428 4211; x_wconf 90' lang='lat' dir='ltr'><strong>tholicus</strong></span> <span class='ocrx_word' id='word_1_677' title='bbox 2456 4156 2654 4221; x_wconf 89' lang='lat' dir='ltr'><strong>audet,</strong></span> <span class='ocrx_word' id='word_1_678' title='bbox 2703 4156 2795 4211; x_wconf 86' lang='lat' dir='ltr'><strong>sed</strong></span> <span class='ocrx_word' id='word_1_679' title='bbox 2826 4158 3001 4226; x_wconf 88' lang='lat' dir='ltr'><strong>potius</strong></span> <span class='ocrx_word' id='word_1_680' title='bbox 3041 4172 3108 4211; x_wconf 73' lang='lat' dir='ltr'><strong>ex</strong></span> <span class='ocrx_word' id='word_1_681' title='bbox 3138 4156 3257 4209; x_wconf 88' lang='lat' dir='ltr'><strong>aliis</strong></span> <span class='ocrx_word' id='word_1_682' title='bbox 3306 4153 3793 4211; x_wconf 67' lang='lat' dir='ltr'><strong>manifestioribus.</strong></span> 
     </span>
    </p>
   </div>
   <div class='ocr_carea' id='block_1_87' title="bbox 2200 4246 3783 4318">
    <p class='ocr_par' dir='ltr' id='par_1_87' title="bbox 2200 4246 3783 4318">
     <span class='ocr_line' id='line_1_87' title="bbox 2200 4246 3783 4318; baseline 0.001 -18"><span class='ocrx_word' id='word_1_683' title='bbox 2200 4248 2470 4314; x_wconf 89' lang='lat' dir='ltr'><strong>quomodo</strong></span> <span class='ocrx_word' id='word_1_684' title='bbox 2494 4263 2555 4302; x_wconf 90' lang='lat' dir='ltr'><strong>ea</strong></span> <span class='ocrx_word' id='word_1_685' title='bbox 2582 4264 2701 4318; x_wconf 82' lang='lat' dir='ltr'><strong>qua:</strong></span> <span class='ocrx_word' id='word_1_686' title='bbox 2723 4248 2950 4302; x_wconf 88' lang='lat' dir='ltr'><strong>obscura</strong></span> <span class='ocrx_word' id='word_1_687' title='bbox 2981 4256 3105 4301; x_wconf 87' lang='lat' dir='ltr'><strong>sunt</strong></span> <span class='ocrx_word' id='word_1_688' title='bbox 3148 4247 3445 4316; x_wconf 79' lang='lat' dir='ltr'><strong>intelligere</strong></span> <span class='ocrx_word' id='word_1_689' title='bbox 3471 4246 3678 4301; x_wconf 84' lang='lat' dir='ltr'><strong>debeat</strong></span> <span class='ocrx_word' id='word_1_690' title='bbox 3709 4262 3783 4301; x_wconf 82' lang='lat' dir='ltr'><strong>re-</strong></span> 
     </span>
    </p>
   </div>
   <div class='ocr_carea' id='block_1_88' title="bbox 2198 4338 3782 4411">
    <p class='ocr_par' dir='ltr' id='par_1_88' title="bbox 2198 4338 3782 4411">
     <span class='ocr_line' id='line_1_88' title="bbox 2198 4338 3782 4411; baseline -0.004 -15"><span class='ocrx_word' id='word_1_691' title='bbox 2198 4342 2495 4411; x_wconf 83' lang='lat' dir='ltr'><strong>cognoscit.</strong></span> <span class='ocrx_word' id='word_1_692' title='bbox 2520 4340 2672 4397; x_wconf 90' lang='lat' dir='ltr'><strong>Unde</strong></span> <span class='ocrx_word' id='word_1_693' title='bbox 2699 4342 2742 4396; x_wconf 89' lang='lat' dir='ltr'><strong>si</strong></span> <span class='ocrx_word' id='word_1_694' title='bbox 2769 4341 2954 4396; x_wconf 85' lang='lat' dir='ltr'><strong>beatus</strong></span> <span class='ocrx_word' id='word_1_695' title='bbox 2975 4338 3210 4411; x_wconf 72' lang='lat' dir='ltr'><strong>Cyrillus</strong></span> <span class='ocrx_word' id='word_1_696' title='bbox 3237 4338 3538 4393; x_wconf 77' lang='lat' dir='ltr'><strong>Nestorium</strong></span> <span class='ocrx_word' id='word_1_697' title='bbox 3563 4338 3782 4406; x_wconf 63' lang='lat' dir='ltr'><strong>‘quam-</strong></span> 
     </span>
    </p>
   </div>
   <div class='ocr_carea' id='block_1_89' title="bbox 2199 4430 3782 4495">
    <p class='ocr_par' dir='ltr' id='par_1_89' title="bbox 2199 4430 3782 4495">
     <span class='ocr_line' id='line_1_89' title="bbox 2199 4430 3782 4495; baseline -0.001 -10"><span class='ocrx_word' id='word_1_698' title='bbox 2199 4432 2322 4486; x_wconf 89' lang='lat' dir='ltr'><strong>dam</strong></span> <span class='ocrx_word' id='word_1_699' title='bbox 2378 4433 2659 4487; x_wconf 85' lang='lat' dir='ltr'><strong>nefandam</strong></span> <span class='ocrx_word' id='word_1_700' title='bbox 2717 4433 3029 4487; x_wconf 88' lang='lat' dir='ltr'><strong>dualitatem</strong></span> <span class='ocrx_word' id='word_1_701' title='bbox 3079 4439 3362 4486; x_wconf 84' lang='lat' dir='ltr'><strong>conantem</strong></span> <span class='ocrx_word' id='word_1_702' title='bbox 3402 4430 3686 4495; x_wconf 83' lang='lat' dir='ltr'><strong>inducee,</strong></span> <span class='ocrx_word' id='word_1_703' title='bbox 3721 4443 3782 4483; x_wconf 84' lang='lat' dir='ltr'><strong>ne</strong></span> 
     </span>
    </p>
   </div>
   <div class='ocr_carea' id='block_1_90' title="bbox 2201 4524 3782 4594">
    <p class='ocr_par' dir='ltr' id='par_1_90' title="bbox 2201 4524 3782 4594">
     <span class='ocr_line' id='line_1_90' title="bbox 2201 4524 3782 4594; baseline -0.002 -16"><span class='ocrx_word' id='word_1_704' title='bbox 2201 4539 2359 4593; x_wconf 81' lang='lat' dir='ltr'><strong>quam</strong></span> <span class='ocrx_word' id='word_1_705' title='bbox 2388 4525 2728 4580; x_wconf 89' lang='lat' dir='ltr'><strong>occasionem</strong></span> <span class='ocrx_word' id='word_1_706' title='bbox 2767 4524 2921 4579; x_wconf 84' lang='lat' dir='ltr'><strong>daret</strong></span> <span class='ocrx_word' id='word_1_707' title='bbox 2944 4525 3061 4594; x_wconf 88' lang='lat' dir='ltr'><strong>ejus</strong></span> <span class='ocrx_word' id='word_1_708' title='bbox 3080 4525 3267 4586; x_wconf 87' lang='lat' dir='ltr'><strong>errori,</strong></span> <span class='ocrx_word' id='word_1_709' title='bbox 3294 4537 3597 4578; x_wconf 63' lang='lat' dir='ltr'><strong>sermonem</strong></span> <span class='ocrx_word' id='word_1_710' title='bbox 3629 4538 3782 4577; x_wconf 79' lang='lat' dir='ltr'><strong>suam</strong></span> 
     </span>
    </p>
   </div>
   <div class='ocr_carea' id='block_1_91' title="bbox 514 4610 3781 4687">
    <p class='ocr_par' dir='ltr' id='par_1_91' title="bbox 514 4610 3781 4687">
     <span class='ocr_line' id='line_1_91' title="bbox 514 4610 3781 4687; baseline -0.002 -14"><span class='ocrx_word' id='word_1_711' title='bbox 514 4622 637 4673; x_wconf 78' lang='lat' dir='ltr'><strong>bunt</strong></span> <span class='ocrx_word' id='word_1_712' title='bbox 683 4619 798 4686; x_wconf 86' lang='lat' dir='ltr'><strong>ejus</strong></span> <span class='ocrx_word' id='word_1_713' title='bbox 832 4619 1205 4680; x_wconf 86' lang='lat' dir='ltr'><strong>intentionem,</strong></span> <span class='ocrx_word' id='word_1_714' title='bbox 1259 4614 1553 4670; x_wconf 90' lang='lat' dir='ltr'><strong>secundum</strong></span> <span class='ocrx_word' id='word_1_715' title='bbox 1599 4628 1758 4683; x_wconf 83' lang='lat' dir='ltr'><strong>quam</strong></span> <span class='ocrx_word' id='word_1_716' title='bbox 1798 4613 1865 4667; x_wconf 92' lang='lat' dir='ltr'><strong>de</strong></span> <span class='ocrx_word' id='word_1_717' title='bbox 1915 4612 2093 4666; x_wconf 89' lang='lat' dir='ltr'><strong>verbis</strong></span> <span class='ocrx_word' id='word_1_718' title='bbox 2122 4610 2174 4669; x_wconf 92' lang='lat' dir='ltr'><strong>D</strong></span> <span class='ocrx_word' id='word_1_719' title='bbox 2199 4617 2365 4684; x_wconf 79' lang='lat' dir='ltr'><strong>inagis</strong></span> <span class='ocrx_word' id='word_1_720' title='bbox 2394 4616 2461 4669; x_wconf 90' lang='lat' dir='ltr'><strong>ad</strong></span> <span class='ocrx_word' id='word_1_721' title='bbox 2484 4632 2545 4671; x_wconf 88' lang='lat' dir='ltr'><strong>ea</strong></span> <span class='ocrx_word' id='word_1_722' title='bbox 2573 4632 2695 4687; x_wconf 69' lang='lat' dir='ltr'><strong>quin</strong></span> <span class='ocrx_word' id='word_1_723' title='bbox 2717 4618 2931 4671; x_wconf 65' lang='lat' dir='ltr'><strong>unitatis</strong></span> <span class='ocrx_word' id='word_1_724' title='bbox 2952 4626 3074 4670; x_wconf 87' lang='lat' dir='ltr'><strong>sunt</strong></span> <span class='ocrx_word' id='word_1_725' title='bbox 3095 4616 3406 4670; x_wconf 87' lang='lat' dir='ltr'><strong>coarctabat</strong></span> <span class='ocrx_word' id='word_1_726' title='bbox 3430 4616 3602 4680; x_wconf 87' lang='lat' dir='ltr'><strong>;sicut</strong></span> <span class='ocrx_word' id='word_1_727' title='bbox 3625 4630 3781 4670; x_wconf 88' lang='lat' dir='ltr'><strong>econ-</strong></span> 
     </span>
    </p>
   </div>
   <div class='ocr_carea' id='block_1_92' title="bbox 511 4707 2090 4780">
    <p class='ocr_par' dir='ltr' id='par_1_92' title="bbox 511 4707 2090 4780">
     <span class='ocr_line' id='line_1_92' title="bbox 511 4707 2090 4780; baseline -0.004 -16"><span class='ocrx_word' id='word_1_728' title='bbox 511 4722 591 4765; x_wconf 87' lang='lat' dir='ltr'><strong>est</strong></span> <span class='ocrx_word' id='word_1_729' title='bbox 618 4710 964 4780; x_wconf 89' lang='lat' dir='ltr'><strong>judicandum</strong></span> <span class='ocrx_word' id='word_1_730' title='bbox 992 4728 1006 4765; x_wconf 87' lang='lat'><strong>:</strong></span> <span class='ocrx_word' id='word_1_731' title='bbox 1033 4713 1153 4779; x_wconf 90' lang='lat' dir='ltr'><strong>quia</strong></span> <span class='ocrx_word' id='word_1_732' title='bbox 1186 4724 1292 4763; x_wconf 93' lang='lat' dir='ltr'><strong>non</strong></span> <span class='ocrx_word' id='word_1_733' title='bbox 1323 4708 1493 4778; x_wconf 88' lang='lat' dir='ltr'><strong>magis</strong></span> <span class='ocrx_word' id='word_1_734' title='bbox 1522 4707 1645 4775; x_wconf 89' lang='lat' dir='ltr'><strong>quid</strong></span> <span class='ocrx_word' id='word_1_735' title='bbox 1676 4707 1883 4759; x_wconf 86' lang='lat' dir='ltr'><strong>dicatur</strong></span> <span class='ocrx_word' id='word_1_736' title='bbox 1912 4717 2090 4762; x_wconf 84' lang='lat' dir='ltr'><strong>atten-</strong></span> 
     </span>
    </p>
   </div>
   <div class='ocr_carea' id='block_1_93' title="bbox 516 4798 2091 4869">
    <p class='ocr_par' dir='ltr' id='par_1_93' title="bbox 516 4798 2091 4869">
     <span class='ocr_line' id='line_1_93' title="bbox 516 4798 2091 4869; baseline -0.003 -13"><span class='ocrx_word' id='word_1_737' title='bbox 516 4804 747 4856; x_wconf 87' lang='lat' dir='ltr'><strong>dendum</strong></span> <span class='ocrx_word' id='word_1_738' title='bbox 772 4812 876 4867; x_wconf 86' lang='lat' dir='ltr'><strong>est,</strong></span> <span class='ocrx_word' id='word_1_739' title='bbox 905 4817 1063 4869; x_wconf 83' lang='lat' dir='ltr'><strong>quani</strong></span> <span class='ocrx_word' id='word_1_740' title='bbox 1087 4816 1182 4855; x_wconf 90' lang='lat' dir='ltr'><strong>cur</strong></span> <span class='ocrx_word' id='word_1_741' title='bbox 1204 4800 1437 4868; x_wconf 87' lang='lat' dir='ltr'><strong>quidque</strong></span> <span class='ocrx_word' id='word_1_742' title='bbox 1459 4800 1686 4853; x_wconf 88' lang='lat' dir='ltr'><strong>dicatur.</strong></span> <span class='ocrx_word' id='word_1_743' title='bbox 1721 4798 1786 4851; x_wconf 82' lang='lat' dir='ltr'><strong>Et</strong></span> <span class='ocrx_word' id='word_1_744' title='bbox 1813 4812 2091 4866; x_wconf 87' lang='lat' dir='ltr'><strong>possemus</strong></span> 
     </span>
    </p>
   </div>
   <div class='ocr_carea' id='block_1_94' title="bbox 510 4890 2089 4962">
    <p class='ocr_par' dir='ltr' id='par_1_94' title="bbox 510 4890 2089 4962">
     <span class='ocr_line' id='line_1_94' title="bbox 510 4890 2089 4962; baseline -0.002 -16"><span class='ocrx_word' id='word_1_745' title='bbox 510 4897 724 4962; x_wconf 77' lang='lat' dir='ltr'><strong>quidem</strong></span> <span class='ocrx_word' id='word_1_746' title='bbox 771 4895 934 4945; x_wconf 90' lang='lat' dir='ltr'><strong>multa</strong></span> <span class='ocrx_word' id='word_1_747' title='bbox 978 4893 1266 4961; x_wconf 71' lang='lat' dir='ltr'><strong>Scriptum</strong></span> <span class='ocrx_word' id='word_1_748' title='bbox 1293 4892 1488 4946; x_wconf 69' lang='lat' dir='ltr'><strong>divinae</strong></span> <span class='ocrx_word' id='word_1_749' title='bbox 1517 4890 1756 4960; x_wconf 88' lang='lat' dir='ltr'><strong>proferre</strong></span> <span class='ocrx_word' id='word_1_750' title='bbox 1790 4890 2089 4944; x_wconf 88' lang='lat' dir='ltr'><strong>testimonia</strong></span> 
     </span>
    </p>
   </div>
   <div class='ocr_carea' id='block_1_95' title="bbox 508 4984 2089 5054">
    <p class='ocr_par' dir='ltr' id='par_1_95' title="bbox 508 4984 2089 5054">
     <span class='ocr_line' id='line_1_95' title="bbox 508 4984 2089 5054; baseline -0.003 -12"><span class='ocrx_word' id='word_1_751' title='bbox 508 4989 577 5042; x_wconf 89' lang='lat' dir='ltr'><strong>de</strong></span> <span class='ocrx_word' id='word_1_752' title='bbox 603 4984 915 5040; x_wconf 84' lang='lat' dir='ltr'><strong>diversitate</strong></span> <span class='ocrx_word' id='word_1_753' title='bbox 958 4986 1266 5039; x_wconf 88' lang='lat' dir='ltr'><strong>intentionis</strong></span> <span class='ocrx_word' id='word_1_754' title='bbox 1309 4996 1471 5054; x_wconf 87' lang='lat' dir='ltr'><strong>atque</strong></span> <span class='ocrx_word' id='word_1_755' title='bbox 1500 4984 1806 5047; x_wconf 83' lang='lat' dir='ltr'><strong>verborum,</strong></span> <span class='ocrx_word' id='word_1_756' title='bbox 1838 4985 1880 5038; x_wconf 91' lang='lat' dir='ltr'><strong>si</strong></span> <span class='ocrx_word' id='word_1_757' title='bbox 1912 4993 2089 5037; x_wconf 88' lang='lat' dir='ltr'><strong>tamen</strong></span> 
     </span>
    </p>
   </div>
   <div class='ocr_carea' id='block_1_96' title="bbox 508 5076 2087 5146">
    <p class='ocr_par' dir='ltr' id='par_1_96' title="bbox 508 5076 2087 5146">
     <span class='ocr_line' id='line_1_96' title="bbox 508 5076 2087 5146; baseline -0.003 -12"><span class='ocrx_word' id='word_1_758' title='bbox 508 5079 797 5134; x_wconf 83' lang='lat' dir='ltr'><strong>diversitas</strong></span> <span class='ocrx_word' id='word_1_759' title='bbox 832 5078 919 5132; x_wconf 91' lang='lat' dir='ltr'><strong>illa</strong></span> <span class='ocrx_word' id='word_1_760' title='bbox 960 5078 1184 5132; x_wconf 90' lang='lat' dir='ltr'><strong>dicenda</strong></span> <span class='ocrx_word' id='word_1_761' title='bbox 1211 5087 1316 5143; x_wconf 86' lang='lat' dir='ltr'><strong>est,</strong></span> <span class='ocrx_word' id='word_1_762' title='bbox 1349 5076 1615 5146; x_wconf 88' lang='lat' dir='ltr'><strong>quomodo</strong></span> <span class='ocrx_word' id='word_1_763' title='bbox 1646 5076 1960 5145; x_wconf 88' lang='lat' dir='ltr'><strong>plerumque</strong></span> <span class='ocrx_word' id='word_1_764' title='bbox 1992 5090 2087 5129; x_wconf 86' lang='lat' dir='ltr'><strong>nc—</strong></span> 
     </span>
    </p>
   </div>
   <div class='ocr_carea' id='block_1_97' title="bbox 509 5169 2091 5241">
    <p class='ocr_par' dir='ltr' id='par_1_97' title="bbox 509 5169 2091 5241">
     <span class='ocr_line' id='line_1_97' title="bbox 509 5169 2091 5241; baseline -0.001 -19"><span class='ocrx_word' id='word_1_765' title='bbox 509 5186 637 5241; x_wconf 78' lang='lat' dir='ltr'><strong>gare</strong></span> <span class='ocrx_word' id='word_1_766' title='bbox 668 5171 688 5201; x_wconf 86' lang='grc'>³</span> <span class='ocrx_word' id='word_1_767' title='bbox 719 5171 928 5224; x_wconf 88' lang='lat' dir='ltr'><strong>videtur</strong></span> <span class='ocrx_word' id='word_1_768' title='bbox 969 5170 1164 5239; x_wconf 91' lang='lat' dir='ltr'><strong>aliquid</strong></span> <span class='ocrx_word' id='word_1_769' title='bbox 1188 5169 1334 5239; x_wconf 92' lang='lat' dir='ltr'><strong>quod</strong></span> <span class='ocrx_word' id='word_1_770' title='bbox 1384 5170 1687 5233; x_wconf 82' lang='lat' dir='ltr'><strong>negandum</strong></span> <span class='ocrx_word' id='word_1_771' title='bbox 1734 5183 1839 5221; x_wconf 93' lang='lat' dir='ltr'><strong>non</strong></span> <span class='ocrx_word' id='word_1_772' title='bbox 1888 5177 1991 5232; x_wconf 91' lang='lat' dir='ltr'><strong>est,</strong></span> <span class='ocrx_word' id='word_1_773' title='bbox 2034 5175 2091 5220; x_wconf 93' lang='lat' dir='ltr'><strong>ut</strong></span> 
     </span>
    </p>
   </div>
   <div class='ocr_carea' id='block_1_98' title="bbox 507 5257 2087 5331">
    <p class='ocr_par' dir='ltr' id='par_1_98' title="bbox 507 5257 2087 5331">
     <span class='ocr_line' id='line_1_98' title="bbox 507 5257 2087 5331; baseline -0.003 -15"><span class='ocrx_word' id='word_1_774' title='bbox 507 5263 647 5318; x_wconf 86' lang='lat' dir='ltr'><strong>aliud</strong></span> <span class='ocrx_word' id='word_1_775' title='bbox 696 5263 835 5331; x_wconf 90' lang='lat' dir='ltr'><strong>quod</strong></span> <span class='ocrx_word' id='word_1_776' title='bbox 878 5262 1044 5330; x_wconf 84' lang='lat' dir='ltr'><strong>magis</strong></span> <span class='ocrx_word' id='word_1_777' title='bbox 1084 5270 1167 5316; x_wconf 76' lang='lat' dir='ltr'><strong>est</strong></span> <span class='ocrx_word' id='word_1_778' title='bbox 1205 5260 1569 5316; x_wconf 90' lang='lat' dir='ltr'><strong>necessarium</strong></span> <span class='ocrx_word' id='word_1_779' title='bbox 1612 5260 1907 5313; x_wconf 89' lang='lat' dir='ltr'><strong>intimetur.</strong></span> <span class='ocrx_word' id='word_1_780' title='bbox 1949 5257 2087 5325; x_wconf 88' lang='lat' dir='ltr'><strong>Quia</strong></span> 
     </span>
    </p>
   </div>
   <div class='ocr_carea' id='block_1_99' title="bbox 508 5351 2087 5423">
    <p class='ocr_par' dir='ltr' id='par_1_99' title="bbox 508 5351 2087 5423">
     <span class='ocr_line' id='line_1_99' title="bbox 508 5351 2087 5423; baseline -0.003 -15"><span class='ocrx_word' id='word_1_781' title='bbox 508 5372 633 5409; x_wconf 74' lang='lat' dir='ltr'><strong>vero</strong></span> <span class='ocrx_word' id='word_1_782' title='bbox 668 5354 735 5409; x_wconf 91' lang='lat' dir='ltr'><strong>de</strong></span> <span class='ocrx_word' id='word_1_783' title='bbox 774 5369 931 5407; x_wconf 88' lang='lat' dir='ltr'><strong>causa</strong></span> <span class='ocrx_word' id='word_1_784' title='bbox 976 5368 1115 5407; x_wconf 91' lang='lat' dir='ltr'><strong>nunc</strong></span> <span class='ocrx_word' id='word_1_785' title='bbox 1160 5354 1364 5423; x_wconf 87' lang='lat' dir='ltr'><strong>agimus</strong></span> <span class='ocrx_word' id='word_1_786' title='bbox 1396 5368 1425 5406; x_wconf 89' lang='lat' dir='ltr'><strong>a</strong></span> <span class='ocrx_word' id='word_1_787' title='bbox 1456 5351 1568 5405; x_wconf 88' lang='lat' dir='ltr'><strong>suis</strong></span> <span class='ocrx_word' id='word_1_788' title='bbox 1597 5352 1907 5404; x_wconf 87' lang='lat' dir='ltr'><strong>auctoribus</strong></span> <span class='ocrx_word' id='word_1_789' title='bbox 1940 5352 2087 5419; x_wconf 86' lang='lat' dir='ltr'><strong>paci-</strong></span> 
     </span>
    </p>
   </div>
   <div class='ocr_carea' id='block_1_100' title="bbox 508 5441 2087 5510">
    <p class='ocr_par' dir='ltr' id='par_1_100' title="bbox 508 5441 2087 5510">
     <span class='ocr_line' id='line_1_100' title="bbox 508 5441 2087 5510; baseline -0.003 -9"><span class='ocrx_word' id='word_1_790' title='bbox 508 5452 605 5502; x_wconf 87' lang='lat' dir='ltr'><strong>lice</strong></span> <span class='ocrx_word' id='word_1_791' title='bbox 636 5447 937 5510; x_wconf 82' lang='lat' dir='ltr'><strong>terminata,</strong></span> <span class='ocrx_word' id='word_1_792' title='bbox 972 5451 1085 5500; x_wconf 60' lang='lat' dir='ltr'><strong>haec</strong></span> <span class='ocrx_word' id='word_1_793' title='bbox 1114 5446 1266 5499; x_wconf 87' lang='lat' dir='ltr'><strong>nobis</strong></span> <span class='ocrx_word' id='word_1_794' title='bbox 1293 5445 1400 5497; x_wconf 91' lang='lat' dir='ltr'><strong>duo</strong></span> <span class='ocrx_word' id='word_1_795' title='bbox 1427 5444 1714 5497; x_wconf 79' lang='lat' dir='ltr'><strong>sufficiant.</strong></span> <span class='ocrx_word' id='word_1_796' title='bbox 1756 5442 1888 5508; x_wconf 84' lang='lat' dir='ltr'><strong>Quis</strong></span> <span class='ocrx_word' id='word_1_797' title='bbox 1919 5441 2087 5509; x_wconf 85' lang='lat' dir='ltr'><strong>enim,</strong></span> 
     </span>
    </p>
   </div>
   <div class='ocr_carea' id='block_1_101' title="bbox 580 5563 1479 5633">
    <p class='ocr_par' dir='ltr' id='par_1_101' title="bbox 580 5563 1479 5633">
     <span class='ocr_line' id='line_1_101' title="bbox 580 5563 1479 5633; baseline 0 -14"><span class='ocrx_word' id='word_1_798' title='bbox 580 5570 594 5598; x_wconf 87' lang='grc'>¹</span> <span class='ocrx_word' id='word_1_799' title='bbox 622 5566 753 5619; x_wconf 79' lang='lat' dir='ltr'><strong>Cod.</strong></span> <span class='ocrx_word' id='word_1_800' title='bbox 788 5566 1007 5631; x_wconf 83' lang='lat' dir='ltr'><strong>Veron.,</strong></span> <span class='ocrx_word' id='word_1_801' title='bbox 1048 5566 1295 5633; x_wconf 78' lang='lat' dir='ltr'><strong>sedquod</strong></span> <span class='ocrx_word' id='word_1_802' title='bbox 1322 5563 1479 5619; x_wconf 71' lang='lat' dir='ltr'><strong>Deus.</strong></span> 
     </span>
    </p>
   </div>
   <div class='ocr_carea' id='block_1_102' title="bbox 577 5635 2079 5704">
    <p class='ocr_par' dir='ltr' id='par_1_102' title="bbox 577 5635 2079 5704">
     <span class='ocr_line' id='line_1_102' title="bbox 577 5635 2079 5704; baseline 0 -15"><span class='ocrx_word' id='word_1_803' title='bbox 577 5641 595 5669; x_wconf 80' lang='grc'>²</span> <span class='ocrx_word' id='word_1_804' title='bbox 622 5639 761 5691; x_wconf 90' lang='lat' dir='ltr'><strong>Idem</strong></span> <span class='ocrx_word' id='word_1_805' title='bbox 784 5638 929 5698; x_wconf 87' lang='lat' dir='ltr'><strong>cod.,</strong></span> <span class='ocrx_word' id='word_1_806' title='bbox 953 5648 996 5689; x_wconf 85' lang='lat' dir='ltr'><strong>et</strong></span> <span class='ocrx_word' id='word_1_807' title='bbox 1023 5653 1122 5688; x_wconf 81' lang='lat' dir='ltr'><strong>non</strong></span> <span class='ocrx_word' id='word_1_808' title='bbox 1145 5653 1253 5688; x_wconf 83' lang='lat' dir='ltr'><strong>vere</strong></span> <span class='ocrx_word' id='word_1_809' title='bbox 1280 5638 1430 5701; x_wconf 68' lang='lat' dir='ltr'><strong>luerit</strong></span> <span class='ocrx_word' id='word_1_810' title='bbox 1460 5639 1623 5702; x_wconf 76' lang='lat' dir='ltr'><strong>factus</strong></span> <span class='ocrx_word' id='word_1_811' title='bbox 1649 5636 1815 5689; x_wconf 84' lang='lat' dir='ltr'><strong>homo.</strong></span> <span class='ocrx_word' id='word_1_812' title='bbox 1845 5635 2079 5704; x_wconf 65' lang='lat' dir='ltr'><strong>Aiquum</strong></span> 
     </span>
    </p>
   </div>
   <div class='ocr_carea' id='block_1_103' title="bbox 505 5706 2082 5776">
    <p class='ocr_par' dir='ltr' id='par_1_103' title="bbox 505 5706 2082 5776">
     <span class='ocr_line' id='line_1_103' title="bbox 505 5706 2082 5776; baseline -0.001 -15"><span class='ocrx_word' id='word_1_813' title='bbox 505 5706 755 5776; x_wconf 79' lang='lat' dir='ltr'><strong>estigitur</strong></span> <span class='ocrx_word' id='word_1_814' title='bbox 792 5716 845 5760; x_wconf 84' lang='lat' dir='ltr'><strong>ut</strong></span> <span class='ocrx_word' id='word_1_815' title='bbox 885 5723 974 5759; x_wconf 85' lang='lat' dir='ltr'><strong>nec</strong></span> <span class='ocrx_word' id='word_1_816' title='bbox 1023 5706 1320 5759; x_wconf 79' lang='lat' dir='ltr'><strong>venerabilis</strong></span> <span class='ocrx_word' id='word_1_817' title='bbox 1368 5706 1471 5759; x_wconf 69' lang='lat' dir='ltr'><strong>Iba:</strong></span> <span class='ocrx_word' id='word_1_818' title='bbox 1510 5707 1775 5775; x_wconf 77' lang='lat' dir='ltr'><strong>epistolam</strong></span> <span class='ocrx_word' id='word_1_819' title='bbox 1820 5708 2082 5760; x_wconf 74' lang='lat' dir='ltr'><strong>Nestoriu-</strong></span> 
     </span>
    </p>
   </div>
   <div class='ocr_carea' id='block_1_104' title="bbox 478 5777 2083 5844">
    <p class='ocr_par' dir='ltr' id='par_1_104' title="bbox 478 5777 2083 5844">
     <span class='ocr_line' id='line_1_104' title="bbox 478 5777 2083 5844; baseline -0.001 -15"><span class='ocrx_word' id='word_1_820' title='bbox 478 5796 621 5829; x_wconf 83' lang='lat' dir='ltr'><strong>.uum</strong></span> <span class='ocrx_word' id='word_1_821' title='bbox 650 5778 808 5829; x_wconf 76' lang='lat' dir='ltr'><strong>rideri</strong></span> <span class='ocrx_word' id='word_1_822' title='bbox 838 5779 1009 5841; x_wconf 77' lang='lat' dir='ltr'><strong>rcliut,</strong></span> <span class='ocrx_word' id='word_1_823' title='bbox 1062 5793 1163 5843; x_wconf 77' lang='lat' dir='ltr'><strong>qun</strong></span> <span class='ocrx_word' id='word_1_824' title='bbox 1207 5778 1420 5841; x_wconf 83' lang='lat' dir='ltr'><strong>culpuus</strong></span> <span class='ocrx_word' id='word_1_825' title='bbox 1466 5777 1695 5831; x_wconf 82' lang='lat' dir='ltr'><strong>eumdem</strong></span> <span class='ocrx_word' id='word_1_826' title='bbox 1746 5778 1943 5829; x_wconf 67' lang='lat' dir='ltr'><strong>[rentum</strong></span> <span class='ocrx_word' id='word_1_827' title='bbox 1984 5778 2083 5844; x_wconf 66' lang='lat' dir='ltr'><strong>(Ii/—</strong></span> 
     </span>
    </p>
   </div>
   <div class='ocr_carea' id='block_1_105' title="bbox 506 5846 2079 5919">
    <p class='ocr_par' dir='ltr' id='par_1_105' title="bbox 506 5846 2079 5919">
     <span class='ocr_line' id='line_1_105' title="bbox 506 5846 2079 5919; baseline 0.001 -19"><span class='ocrx_word' id='word_1_828' title='bbox 506 5850 676 5901; x_wconf 77' lang='lat' dir='ltr'><strong>tilium</strong></span> <span class='ocrx_word' id='word_1_829' title='bbox 708 5847 869 5900; x_wconf 63' lang='lat' dir='ltr'><strong>dixit:</strong></span> <span class='ocrx_word' id='word_1_830' title='bbox 904 5846 1217 5915; x_wconf 65' lang='lat' dir='ltr'><strong>Conscripsit</strong></span> <span class='ocrx_word' id='word_1_831' title='bbox 1263 5850 1394 5903; x_wconf 85' lang='lat' dir='ltr'><strong>cnim</strong></span> <span class='ocrx_word' id='word_1_832' title='bbox 1440 5859 1479 5902; x_wconf 84' lang='lat' dir='ltr'><strong>ct</strong></span> <span class='ocrx_word' id='word_1_833' title='bbox 1528 5850 1634 5919; x_wconf 73' lang='lat' dir='ltr'><strong>ipse</strong></span> <span class='ocrx_word' id='word_1_834' title='bbox 1686 5849 1919 5903; x_wconf 73' lang='lat' dir='ltr'><strong>simi’itet&#39;</strong></span> <span class='ocrx_word' id='word_1_835' title='bbox 1971 5850 2079 5912; x_wconf 82' lang='lat' dir='ltr'><strong>illi,</strong></span> 
     </span>
    </p>
   </div>
   <div class='ocr_carea' id='block_1_106' title="bbox 2202 4706 3781 4776">
    <p class='ocr_par' dir='ltr' id='par_1_106' title="bbox 2202 4706 3781 4776">
     <span class='ocr_line' id='line_1_106' title="bbox 2202 4706 3781 4776; baseline 0.001 -16"><span class='ocrx_word' id='word_1_836' title='bbox 2202 4708 2368 4761; x_wconf 88' lang='lat' dir='ltr'><strong>trario</strong></span> <span class='ocrx_word' id='word_1_837' title='bbox 2398 4706 2603 4776; x_wconf 90' lang='lat' dir='ltr'><strong>priores</strong></span> <span class='ocrx_word' id='word_1_838' title='bbox 2631 4707 2880 4763; x_wconf 87' lang='lat' dir='ltr'><strong>doctores</strong></span> <span class='ocrx_word' id='word_1_839' title='bbox 2905 4706 3158 4763; x_wconf 80' lang='lat' dir='ltr'><strong>Ecclesia:</strong></span> <span class='ocrx_word' id='word_1_840' title='bbox 3200 4707 3586 4775; x_wconf 88' lang='lat' dir='ltr'><strong>respondentes</strong></span> <span class='ocrx_word' id='word_1_841' title='bbox 3645 4708 3781 4775; x_wconf 81' lang='lat' dir='ltr'><strong>Apo-</strong></span> 
     </span>
    </p>
   </div>
   <div class='ocr_carea' id='block_1_107' title="bbox 2200 4798 3781 4863">
    <p class='ocr_par' dir='ltr' id='par_1_107' title="bbox 2200 4798 3781 4863">
     <span class='ocr_line' id='line_1_107' title="bbox 2200 4798 3781 4863; baseline 0 -12"><span class='ocrx_word' id='word_1_842' title='bbox 2200 4798 2378 4863; x_wconf 73' lang='lat' dir='ltr'><strong>linari,</strong></span> <span class='ocrx_word' id='word_1_843' title='bbox 2437 4810 2744 4854; x_wconf 86' lang='lat' dir='ltr'><strong>naturarum</strong></span> <span class='ocrx_word' id='word_1_844' title='bbox 2799 4801 3166 4857; x_wconf 84' lang='lat' dir='ltr'><strong>diversitatem</strong></span> <span class='ocrx_word' id='word_1_845' title='bbox 3199 4801 3521 4854; x_wconf 87' lang='lat' dir='ltr'><strong>stultissime</strong></span> <span class='ocrx_word' id='word_1_846' title='bbox 3559 4800 3781 4853; x_wconf 81' lang='lat' dir='ltr'><strong>confun-</strong></span> 
     </span>
    </p>
   </div>
   <div class='ocr_carea' id='block_1_108' title="bbox 2196 4886 3782 4961">
    <p class='ocr_par' dir='ltr' id='par_1_108' title="bbox 2196 4886 3782 4961">
     <span class='ocr_line' id='line_1_108' title="bbox 2196 4886 3782 4961; baseline 0.003 -20"><span class='ocrx_word' id='word_1_847' title='bbox 2196 4886 2366 4953; x_wconf 92' lang='lat' dir='ltr'><strong>denti,</strong></span> <span class='ocrx_word' id='word_1_848' title='bbox 2417 4904 2602 4943; x_wconf 88' lang='lat' dir='ltr'><strong>earum</strong></span> <span class='ocrx_word' id='word_1_849' title='bbox 2653 4889 3048 4945; x_wconf 60' lang='lat' dir='ltr'><strong>distinctioiiem</strong></span> <span class='ocrx_word' id='word_1_850' title='bbox 3080 4892 3311 4961; x_wconf 88' lang='lat' dir='ltr'><strong>amplius</strong></span> <span class='ocrx_word' id='word_1_851' title='bbox 3356 4890 3782 4945; x_wconf 82' lang='lat' dir='ltr'><strong>incumbebant:</strong></span> 
     </span>
    </p>
   </div>
   <div class='ocr_carea' id='block_1_109' title="bbox 2197 4979 3780 5054">
    <p class='ocr_par' dir='ltr' id='par_1_109' title="bbox 2197 4979 3780 5054">
     <span class='ocr_line' id='line_1_109' title="bbox 2197 4979 3780 5054; baseline 0 -21"><span class='ocrx_word' id='word_1_852' title='bbox 2197 4980 2274 5033; x_wconf 89' lang='lat' dir='ltr'><strong>sic</strong></span> <span class='ocrx_word' id='word_1_853' title='bbox 2302 4981 2414 5050; x_wconf 90' lang='lat' dir='ltr'><strong>ipse</strong></span> <span class='ocrx_word' id='word_1_854' title='bbox 2440 4979 2761 5037; x_wconf 83' lang='lat' dir='ltr'><strong>Nestoriano</strong></span> <span class='ocrx_word' id='word_1_855' title='bbox 2786 4999 3109 5054; x_wconf 83' lang='lat' dir='ltr'><strong>repugnans,</strong></span> <span class='ocrx_word' id='word_1_856' title='bbox 3141 4984 3312 5051; x_wconf 87' lang='lat' dir='ltr'><strong>putari</strong></span> <span class='ocrx_word' id='word_1_857' title='bbox 3342 4998 3448 5036; x_wconf 91' lang='lat' dir='ltr'><strong>non</strong></span> <span class='ocrx_word' id='word_1_858' title='bbox 3476 4982 3667 5036; x_wconf 88' lang='lat' dir='ltr'><strong>debuit</strong></span> <span class='ocrx_word' id='word_1_859' title='bbox 3692 4998 3780 5035; x_wconf 59' lang='lat' dir='ltr'><strong>nec</strong></span> 
     </span>
    </p>
   </div>
   <div class='ocr_carea' id='block_1_110' title="bbox 2197 5074 3787 5145">
    <p class='ocr_par' dir='ltr' id='par_1_110' title="bbox 2197 5074 3787 5145">
     <span class='ocr_line' id='line_1_110' title="bbox 2197 5074 3787 5145; baseline 0 -17"><span class='ocrx_word' id='word_1_860' title='bbox 2197 5088 2353 5140; x_wconf 64' lang='lat' dir='ltr'><strong>gmse</strong></span> <span class='ocrx_word' id='word_1_861' title='bbox 2402 5074 2758 5129; x_wconf 70' lang='lat' dir='ltr'><strong>differentiam</strong></span> <span class='ocrx_word' id='word_1_862' title='bbox 2813 5086 3143 5141; x_wconf 75' lang='lat' dir='ltr'><strong>naturarum,</strong></span> <span class='ocrx_word' id='word_1_863' title='bbox 3199 5076 3657 5145; x_wconf 86' lang='lat' dir='ltr'><strong>quemadmodum</strong></span> <span class='ocrx_word' id='word_1_864' title='bbox 3691 5090 3787 5129; x_wconf 75' lang='lat' dir='ltr'><strong>nec</strong></span> 
     </span>
    </p>
   </div>
   <div class='ocr_carea' id='block_1_111' title="bbox 2199 5163 3777 5236">
    <p class='ocr_par' dir='ltr' id='par_1_111' title="bbox 2199 5163 3777 5236">
     <span class='ocr_line' id='line_1_111' title="bbox 2199 5163 3777 5236; baseline 0.001 -19"><span class='ocrx_word' id='word_1_865' title='bbox 2199 5163 2273 5217; x_wconf 90' lang='lat' dir='ltr'><strong>illi</strong></span> <span class='ocrx_word' id='word_1_866' title='bbox 2308 5176 2660 5233; x_wconf 86' lang='lat' dir='ltr'><strong>repugnantes</strong></span> <span class='ocrx_word' id='word_1_867' title='bbox 2686 5167 2958 5236; x_wconf 84' lang='lat' dir='ltr'><strong>Apolinari</strong></span> <span class='ocrx_word' id='word_1_868' title='bbox 3008 5168 3225 5236; x_wconf 88' lang='lat' dir='ltr'><strong>putandi</strong></span> <span class='ocrx_word' id='word_1_869' title='bbox 3253 5176 3375 5221; x_wconf 81' lang='lat' dir='ltr'><strong>sunt</strong></span> <span class='ocrx_word' id='word_1_870' title='bbox 3401 5166 3664 5221; x_wconf 84' lang='lat' dir='ltr'><strong>unitatem</strong></span> <span class='ocrx_word' id='word_1_871' title='bbox 3695 5180 3777 5219; x_wconf 87' lang='lat' dir='ltr'><strong>ne-</strong></span> 
     </span>
    </p>
   </div>
   <div class='ocr_carea' id='block_1_112' title="bbox 2196 5259 3784 5329">
    <p class='ocr_par' dir='ltr' id='par_1_112' title="bbox 2196 5259 3784 5329">
     <span class='ocr_line' id='line_1_112' title="bbox 2196 5259 3784 5329; baseline 0.001 -19"><span class='ocrx_word' id='word_1_872' title='bbox 2196 5272 2350 5325; x_wconf 85' lang='lat' dir='ltr'><strong>gasse</strong></span> <span class='ocrx_word' id='word_1_873' title='bbox 2378 5272 2618 5325; x_wconf 68' lang='lat' dir='ltr'><strong>personae</strong></span> <span class='ocrx_word' id='word_1_874' title='bbox 2643 5276 2655 5311; x_wconf 88' lang='lat'><strong>:</strong></span> <span class='ocrx_word' id='word_1_875' title='bbox 2680 5260 2800 5329; x_wconf 88' lang='lat' dir='ltr'><strong>quia</strong></span> <span class='ocrx_word' id='word_1_876' title='bbox 2840 5275 2944 5314; x_wconf 94' lang='lat' dir='ltr'><strong>non</strong></span> <span class='ocrx_word' id='word_1_877' title='bbox 3000 5260 3141 5314; x_wconf 89' lang='lat' dir='ltr'><strong>idem</strong></span> <span class='ocrx_word' id='word_1_878' title='bbox 3165 5275 3378 5329; x_wconf 88' lang='lat' dir='ltr'><strong>semper</strong></span> <span class='ocrx_word' id='word_1_879' title='bbox 3402 5268 3489 5315; x_wconf 90' lang='lat' dir='ltr'><strong>est</strong></span> <span class='ocrx_word' id='word_1_880' title='bbox 3525 5259 3662 5313; x_wconf 78' lang='lat' dir='ltr'><strong>ordo</strong></span> <span class='ocrx_word' id='word_1_881' title='bbox 3692 5274 3784 5326; x_wconf 86' lang='lat' dir='ltr'><strong>pu-</strong></span> 
     </span>
    </p>
   </div>
   <div class='ocr_carea' id='block_1_113' title="bbox 2198 5349 3776 5420">
    <p class='ocr_par' dir='ltr' id='par_1_113' title="bbox 2198 5349 3776 5420">
     <span class='ocr_line' id='line_1_113' title="bbox 2198 5349 3776 5420; baseline 0.003 -23"><span class='ocrx_word' id='word_1_882' title='bbox 2198 5363 2316 5417; x_wconf 70' lang='lat' dir='ltr'><strong>gnte</strong></span> <span class='ocrx_word' id='word_1_883' title='bbox 2345 5349 2427 5402; x_wconf 91' lang='lat' dir='ltr'><strong>vel</strong></span> <span class='ocrx_word' id='word_1_884' title='bbox 2460 5350 2666 5414; x_wconf 87' lang='lat' dir='ltr'><strong>modus,</strong></span> <span class='ocrx_word' id='word_1_885' title='bbox 2700 5351 2792 5405; x_wconf 89' lang='lat' dir='ltr'><strong>sed</strong></span> <span class='ocrx_word' id='word_1_886' title='bbox 2838 5351 2889 5404; x_wconf 91' lang='lat' dir='ltr'><strong>in</strong></span> <span class='ocrx_word' id='word_1_887' title='bbox 2922 5362 3291 5420; x_wconf 84' lang='lat' dir='ltr'><strong>oppugnatore</strong></span> <span class='ocrx_word' id='word_1_888' title='bbox 3319 5366 3479 5405; x_wconf 85' lang='lat' dir='ltr'><strong>causa</strong></span> <span class='ocrx_word' id='word_1_889' title='bbox 3523 5359 3607 5405; x_wconf 89' lang='lat' dir='ltr'><strong>est</strong></span> <span class='ocrx_word' id='word_1_890' title='bbox 3648 5364 3776 5418; x_wconf 85' lang='lat' dir='ltr'><strong>quo-</strong></span> 
     </span>
    </p>
   </div>
   <div class='ocr_carea' id='block_1_114' title="bbox 2200 5442 3273 5513">
    <p class='ocr_par' dir='ltr' id='par_1_114' title="bbox 2200 5442 3273 5513">
     <span class='ocr_line' id='line_1_114' title="bbox 2200 5442 3273 5513; baseline 0 -17"><span class='ocrx_word' id='word_1_891' title='bbox 2200 5442 2358 5497; x_wconf 79' lang='lat' dir='ltr'><strong>modo</strong></span> <span class='ocrx_word' id='word_1_892' title='bbox 2386 5445 2652 5498; x_wconf 81' lang='lat' dir='ltr'><strong>contraire</strong></span> <span class='ocrx_word' id='word_1_893' title='bbox 2680 5444 2871 5500; x_wconf 88' lang='lat' dir='ltr'><strong>debeat</strong></span> <span class='ocrx_word' id='word_1_894' title='bbox 2895 5454 3273 5513; x_wconf 79' lang='lat' dir='ltr'><strong>propugnator.</strong></span> 
     </span>
    </p>
   </div>
   <div class='ocr_carea' id='block_1_115' title="bbox 2188 5563 3777 5643">
    <p class='ocr_par' dir='ltr' id='par_1_115' title="bbox 2188 5563 3777 5643">
     <span class='ocr_line' id='line_1_115' title="bbox 2188 5563 3777 5643; baseline 0.007 -28"><span class='ocrx_word' id='word_1_895' title='bbox 2188 5563 2311 5643; x_wconf 74' lang='lat' dir='ltr'><strong>quia</strong></span> <span class='ocrx_word' id='word_1_896' title='bbox 2352 5566 2458 5633; x_wconf 86' lang='lat' dir='ltr'><strong>ipse</strong></span> <span class='ocrx_word' id='word_1_897' title='bbox 2509 5566 2647 5619; x_wconf 85' lang='lat' dir='ltr'><strong>Deus</strong></span> <span class='ocrx_word' id='word_1_898' title='bbox 2702 5567 2921 5621; x_wconf 74' lang='lat' dir='ltr'><strong>Verbum</strong></span> <span class='ocrx_word' id='word_1_899' title='bbox 2965 5570 3155 5639; x_wconf 72' lang='lat' dir='ltr'><strong>factum</strong></span> <span class='ocrx_word' id='word_1_900' title='bbox 3206 5582 3276 5625; x_wconf 76' lang='lat' dir='ltr'><strong>est</strong></span> <span class='ocrx_word' id='word_1_901' title='bbox 3328 5574 3518 5627; x_wconf 83' lang='lat' dir='ltr'><strong>homo:</strong></span> <span class='ocrx_word' id='word_1_902' title='bbox 3560 5591 3683 5627; x_wconf 78' lang='lat' dir='ltr'><strong>nam</strong></span> <span class='ocrx_word' id='word_1_903' title='bbox 3736 5589 3777 5627; x_wconf 81' lang='lat' dir='ltr'><strong>et</strong></span> 
     </span>
    </p>
   </div>
   <div class='ocr_carea' id='block_1_116' title="bbox 2188 5650 2462 5699">
    <p class='ocr_par' dir='ltr' id='par_1_116' title="bbox 2188 5650 2462 5699">
     <span class='ocr_line' id='line_1_116' title="bbox 2188 5650 2462 5699; baseline 0.015 -14"><span class='ocrx_word' id='word_1_904' title='bbox 2188 5650 2317 5699; x_wconf 77' lang='lat' dir='ltr'><strong>ipse,</strong></span> <span class='ocrx_word' id='word_1_905' title='bbox 2358 5650 2462 5689; x_wconf 91' lang='lat' dir='ltr'><strong>etc.</strong></span> 
     </span>
    </p>
   </div>
   <div class='ocr_carea' id='block_1_117' title="bbox 2262 5704 2851 5775">
    <p class='ocr_par' dir='ltr' id='par_1_117' title="bbox 2262 5704 2851 5775">
     <span class='ocr_line' id='line_1_117' title="bbox 2262 5704 2851 5775; baseline 0.008 -19"><span class='ocrx_word' id='word_1_906' title='bbox 2262 5706 2281 5735; x_wconf 88' lang='grc'><strong><em>³</em></strong></span> <span class='ocrx_word' id='word_1_907' title='bbox 2312 5704 2453 5760; x_wconf 87' lang='lat' dir='ltr'><strong>Idem</strong></span> <span class='ocrx_word' id='word_1_908' title='bbox 2484 5705 2627 5769; x_wconf 84' lang='lat' dir='ltr'><strong>cod.,</strong></span> <span class='ocrx_word' id='word_1_909' title='bbox 2653 5711 2851 5775; x_wconf 66' lang='lat' dir='ltr'><strong>negari.</strong></span> 
     </span>
    </p>
   </div>
   <div class='ocr_carea' id='block_1_118' title="bbox 2264 5776 3159 5845">
    <p class='ocr_par' dir='ltr' id='par_1_118' title="bbox 2264 5776 3159 5845">
     <span class='ocr_line' id='line_1_118' title="bbox 2264 5776 3159 5845; baseline 0.009 -16"><span class='ocrx_word' id='word_1_910' title='bbox 2264 5776 2278 5805; x_wconf 55' lang='grc' dir='ltr'>δ</span> <span class='ocrx_word' id='word_1_911' title='bbox 2308 5777 2447 5831; x_wconf 84' lang='lat' dir='ltr'><strong>ldcut</strong></span> <span class='ocrx_word' id='word_1_912' title='bbox 2477 5779 2618 5845; x_wconf 83' lang='lat' dir='ltr'><strong>cod.,</strong></span> <span class='ocrx_word' id='word_1_913' title='bbox 2649 5781 2817 5834; x_wconf 74' lang='lat' dir='ltr'><strong>ridens</strong></span> <span class='ocrx_word' id='word_1_914' title='bbox 2848 5780 3159 5837; x_wconf 76' lang='lat' dir='ltr'><strong>Nestorium.</strong></span> 
     </span>
    </p>
   </div>
  </div>
