3954 6352
227 322 326 377 669

835 441 1057 499 (ΣΛΙὋΓ
1098 445 1183 498 l\'.

222 552 379 626 Quod
433 552 554 626 lbos
601 552 734 606 male
760 554 823 626 de
851 555 1046 624 Cyrillo
1095 558 1380 625 suspicans,
1411 575 1511 609 non
1540 554 1720 626 Cyrilli
1749 557 1813 624 ﬁ-

290 625 439 688 dem,
462 624 550 677 sed
571 641 723 698 quam
748 625 928 694 Cyrilli
961 644 1068 698 esse
1091 624 1223 694 [uiso
1256 629 1484 698 putabat,
1517 629 1567 679 in
1584 624 1813 696 epistola

288 711 388 768 sua
414 695 823 768 reprehenderit,
870 709 916 750 et
948 695 1130 768 ϐψὶηί
1163 702 1224 752 de
1249 695 1438 753 Christi
1459 695 1812 752 incarnatione

289 767 452 828 ﬁdem
489 767 658 837 reipsa
680 769 925 838 probarit.

288 901 418 958 "me
445 913 622 957 autem
645 902 787 958 dicta
822 914 970 973 sunt,
1002 919 1106 959 non
1149 905 1289 976 quod
1340 906 1406 959 de
1446 907 1681 970 Christo,
1712 905 1810 962 sed

213 994 360 1063 quod
389 995 459 1049 de
489 996 607 1064 ipso
629 996 786 1050 beato
817 997 1014 1066 Cyrillo
1047 998 1362 1058 venerahlis
1386 999 1502 1053 lbas
1528 1000 1665 1054 male
1692 1015 1810 1055 cre-

213 1084 414 1139 diderit
443 1103 464 1170 ἱ
491 1102 589 1141 nec
621 1087 760 1155 quod
812 1089 1181 1157 praedicatoris
1238 1091 1306 1144 de
1345 1088 1646 1144 Christiana
1704 1090 1808 1144 ﬁde

214 1179 512 1244 Confessio,
540 1181 632 1234 sed
663 1181 801 1249 quod
835 1180 1068 1234 homian
1101 1181 1166 1236 de
1190 1183 1404 1236 homine
1434 1181 1667 1252 suspicio
1697 1182 1805 1236 dis~

219 1271 414 1340 pliceat
470 1274 524 1326 in
553 1273 670 1340 ejus
716 1272 1081 1340 epistola.Cni
1121 1275 1263 1329 enim
1316 1283 1490 1344 potest
1544 1273 1806 1329 catholico

219 1364 513 1432 displicere
530 1363 832 1420 differentia
878 1369 1138 1421 naturalis
1168 1370 1302 1422 inter
1336 1369 1589 1437 templum
1620 1378 1672 1422 ct
1727 1369 1802 1420 in-

217 1457 552 1514 habitantem
585 1459 636 1512 in
669 1474 754 1522 eo,
791 1475 910 1513 cum
944 1461 1036 1515 Dei
1091 1461 1332 1514 Ecclesia
1378 1461 1458 1514 sic
1487 1459 1804 1515 conﬁteatur

217 1551 454 1606 Verbum
477 1567 691 1606 carnem
718 1552 936 1618 factum,
953 1563 1131 1606 utnon
1155 1554 1400 1621 deneget,
1417 1554 1556 1621 quod
1583 1553 1649 1607 ibi
1667 1553 1798 1607 sub-

211 1646 455 1712 jnnetum
485 1651 586 1706 est,
612 1643 733 1714 quia
759 1653 812 1698 et
836 1644 1088 1698 habitavit
1113 1647 1163 1699 in
1193 1645 1381 1700 nobis?
1403 1645 1530 1698 Nam
1555 1644 1786 1700 Verbum

211 1735 432 1802 quidem
454 1749 580 1790 caro
603 1735 801 1790 factum
834 1747 934 1795 est,
967 1737 1087 1805 quia
1117 1736 1474 1804 sempiternus
1494 1735 1681 1800 Filius,
1707 1723 1820 1804 qui‘

1052 327 1183 383 PRO
1218 325 1640 384 DEFENSIONE
1678 315 1890 379 ἰ’ΒίοΜ
1929 323 2243 384 CAPITUL.
2278 329 2402 387 UB.
2455 334 2534 387 \‘l.

3328 346 3338 355 ’
3401 343 3502 399 670

1835 443 1886 499 Λ
1916 441 2110 496 tionem
2151 444 2376 500 oicentis
2417 448 2804 505 ostenderem?
2834 453 2878 508 Ο
2907 453 3038 506 ﬁdes
3067 455 3079 508 ε
3117 469 3150 508 o
3177 455 3490 526 integritas:

1917 547 1950 585 ο
1995 537 2325 592 conscientia
2369 553 2517 594 recte
2560 547 2900 599 tractantium
2949 556 3255 600 St'l'll‘lmtt‘lll
3307 549 3500 603 verita-

1917 627 2014 679 tis!
2053 627 2283 684 Possunt
2314 632 2398 686 isti
2433 634 2672 700 profecto
2697 651 2817 691 cum
2849 640 3107 707 Apostolo
3137 639 3316 694 dicere
3349 660 3364 696 :
3397 643 3497 696 Ab-

1913 719 2144 775 diramus
2174 725 2370 776 acea/ta
2415 727 2698 795 dedecoris,
2733 745 2831 782 non
2862 731 3171 785 antbnlnntcs
3205 734 3258 786 in
3287 737 3497 802 astutia,

1913 827 2074 881 neque
2102 816 2447 872 adu!trrantes
2493 820 2696 873 verbum
2742 820 2857 888 Dei,
2883 824 3045 884 sedvin
3088 827 3496 894 manifestatione

1916 907 2141 960 veritatis
2181 911 2593 965 commendantes
2633 915 2971 979 nosmetipsos
3012 917 3080 968 ad
3124 933 3320 970 onmem
3375 935 3492 972 ron-

1910 997 2171 1051 sricntiam
2202 1002 2465 1055 hominum
2496 1021 2668 1058 coram
2703 1006 2806 1060 Deo
2833 1005 2920 1077 (II
2946 1005 3065 1060 Cor.
3093 1023 3164 1071 tv,
3190 1008 3268 1077 ‘2).
3299 1009 3492 1063 Verum

1910 1088 1963 1142 in
1999 1089 2097 1144 hoc
2127 1107 2336 1161 quoque
2383 1095 2733 1163 deprehensis
2764 1113 2826 1152 ac
2869 1098 3094 1168 proditis
3125 1115 3310 1153 eorum
3347 1101 3490 1154 frau-

1910 1181 2088 1246 dius,
2119 1187 2356 1249 attende,
2387 1189 2633 1255 obsecro,
2664 1191 3336 1260 serenissimeimperator,
3364 1209 3495 1262 quo-

1912 1273 2072 1327 modo
2111 1290 2201 1328 ex-
2229 1275 2346 1330 aliis
2387 1292 2504 1347 quae
2561 1291 2858 1349 sequuntur
2907 1281 3066 1335 etiam
3099 1284 3111 1312 ¹
3146 1285 3488 1338 manifesmm

1913 1363 2023 1431 ﬁat,
2053 1366 2194 1433 quod
2235 1383 2338 1420 non
2366 1379 2548 1423 contra
2578 1371 2731 1426 ﬁdem
2764 1385 2920 1441 quam
2972 1372 3039 1427 de
3068 1371 3282 1427 Christo
3324 1376 3492 1428 habe-

1911 1469 2028 1508 mus
2062 1458 2528 1514 reverentissimns
2562 1461 2675 1515 lhas
2702 1461 2755 1514 itt
2780 1477 2873 1515 sna
2902 1464 3125 1532 epistola
3152 1465 3212 1517 sit
3239 1465 3448 1520 locutus
3473 1484 3488 1530 ;

1909 1545 2004 1598 sed
2044 1545 2233 1599 intenti
2259 1564 2394 1602 metu
2426 1549 2566 1604 beati
2618 1550 2803 1621 Cyrilli
2835 1553 3010 1606 minus
3067 1553 3396 1610 intellexerit
3438 1558 3488 1609 in

1907 1635 2023 1706 ejus
2048 1639 2316 1706 capitulis.
2362 1640 2492 1696 Nam
2520 1643 2766 1710 sequitur
2797 1643 2973 1698 adhuc
2995 1643 3064 1698 dit
3085 1660 3202 1708 ens,
3232 1647 3491 1714 quemad-

1909 1727 2123 1782 modum
2174 1729 2379 1800 integer
2410 1731 2575 1798 ipsius
2597 1735 2836 1802 epistola:
2868 1745 3019 1789 tenor
3047 1735 3205 1790 habet
3231 1752 3245 1793 :
3284 1756 3302 1788 ‹
3333 1738 3473 1790 Con-

215 1827 452 1880 \'erbum
482 1838 561 1882 est
583 1826 774 1892 Patris,
805 1825 998 1895 ipse'in
1025 1828 1354 1896 plenitudine
1373 1837 1669 1895 temporum
1694 1825 1800 1880 fac-
1835 1822 1878 1879 Β
1906 1820 2120 1888 scripsit
2147 1823 2290 1875 enim
2323 1823 2386 1875 12
2411 1825 2666 1893 capitula,
2691 1841 2809 1894 qua:
2827 1838 2950 1895 pttto
2981 1836 3036 1882 et
3064 1836 3206 1882 tuam
3240 1845 3489 1884 reveren-

211 1925 300 1972 tus
330 1917 650 1982 esthomo;
685 1916 934 1972 habitavit
963 1926 1140 1972 autem
1171 1920 1220 1972 in
1251 1919 1425 1980 nobis,
1451 1919 1570 1986 quia
1599 1918 1798 1972 nullam

207 2014 629 2069 coitversionem-
652 2015 902 2084 sustinuit
935 2014 1354 2070 inconvertibilis
1385 2015 1500 2084 ejus
1528 2014 1796 2079 divinitas,

209 2109 308 2162 sed
341 2121 570 2161 manens
593 2107 734 2176 quod
765 2117 896 2173 erat,
933 2117 1176 2162 naturam
1209 2107 1521 2163 inhabitat-it
1549 2123 1795 2177 assump-

208 2208 345 2253 tant.
377 2199 440 2254 Et
468 2199 610 2263 ideo,
666 2198 1028 2254 Verlmmcaro
1066 2202 1256 2268 factum
1301 2213 1400 2269 est,
1451 2203 1798 2258 NeStorianos

208 2301 517 2364 expugnat;
597 2293 956 2364 Eutychianos
1016 2306 1192 2350 autem
1261 2297 1344 2350 vel
1410 2295 1798 2364 Apnlinaristas

208 2401 398 2440 eorum
429 2386 820 2455 progenitores,
855 2397 901 2440 et
923 2387 1166 2441 habitavit
1194 2388 1244 2440 in
1282 2387 1425 2440 nobis
1454 2403 1471 2441 :
1504 2388 1626 2457 quia
1670 2387 1797 2442 Ver-

208 2479 328 2530 bum
357 2493 476 2531 caro
509 2478 700 2544 (actum
729 2487 818 2542 est,
851 2493 1007 2532 unam
1035 2478 1297 2548 signiﬁcat
1327 2494 1445 2534 esse
1476 2494 1794 2547 personam;

207 2570 457 2624 habitavit
495 2578 672 2625 autem
700 2572 752 2623 in
783 2570 946 2636 nobis,
970 2569 1100 2625 duas
1125 2560 1388 2627 mansisse
1417 2581 1653 2626 naturas.
1679 2572 1794 2628 Non

204 2659 350 2712 enim
381 2666 608 2729 possunt
628 2658 749 2712 dum
775 2672 895 2714 esse
925 2674 1190 2728 personze,
1220 2661 1433 2730 quando
1457 2663 1502 2716 is
1532 2664 1621 2731 qui
1665 2662 1796 2716 Ver-

203 2747 334 2803 bum
357 2759 461 2816 est,
491 2750 602 2818 ipse
620 2751 780 2804 etiam
806 2751 976 2806 (actus
996 2761 1077 2806 est
1102 2764 1260 2815 caro;
1286 2761 1376 2806 aut
1403 2751 1522 2807 duae
1544 2769 1649 2808 non
1675 2768 1792 2808 esse

200 2852 435 2906 natura,
464 2845 679 2912 quando
724 2843 865 2898 aliud
912 2845 985 2899 sit
1029 2845 1170 2915 quod
1221 2843 1504 2912 inhabitat,
1556 2854 1610 2900 et
1649 2847 1792 2902 aliud

201 2935 348 3004 quod
376 2935 723 2991 inbabitatur.
753 2936 812 2992 Si
839 2937 957 3008 quis
985 2947 1161 2991 autem
1187 2953 1292 2993 non
1333 2937 1606 2994 declinans
1631 2939 1683 2992 in
1714 2940 1793 2993 al-

199 3035 464 3083 terutram
499 3038 722 3098 partem,
755 3030 870 3084 sine
916 3031 1259 3084 contentione
1286 3045 1396 3085 rem
1429 3039 1656 3100 quatrat,
1709 3031 1792 3085 in-

200 3123 389 3177 veniet
445 3122 586 3192 quod
637 3133 742 3178 tam
791 3134 1098 3178 sanctorum
1149 3122 1487 3178 orientalium
1532 3123 1785 3188 Patrum,

1907 1913 2030 1967 tiam
2084 1915 2427 1986 cognovisse,
2488 1921 2606 1988 quia
2659 1937 2761 1974 una
2809 1934 2993 1976 natura
3031 1935 3115 1978 est
3163 1925 3377 1982 deitatis
3433 1936 3487 1981 et

1905 2003 2250 2061 lmmanitatis
2278 2007 2481 2062 Domini
2520 2011 2687 2066 nostri
2717 2011 2842 2068 Jesu
2864 2013 3096 2080 Christi,
3132 2025 3184 2070 et
3213 2019 3358 2086 quia,
3385 2021 3485 2073 sic-

1903 2104 1959 2148 ut
2004 2097 2155 2164 dit-it,
2199 2115 2300 2154 non
2327 2111 2541 2168 oportet
2567 2104 2805 2158 dividere
2835 2121 2993 2158 voces
3025 2107 3213 2171 dictas,
3241 2125 3370 2174 quas
3396 2113 3475 2164 vel

1902 2185 2015 2254 ip~e
2048 2187 2301 2244 Dominus
2330 2190 2398 2244 de
2418 2195 2708 2260 semetipso
2738 2194 2892 2258 dixit,
2925 2197 3009 2250 vel
3041 2199 3386 2265 evangelista:
3413 2201 3481 2254 de

1902 2293 1989 2334 eo.
2023 2299 2041 2330 ι
2075 2280 2168 2334 Cui
2204 2296 2308 2336 non
2342 2293 2596 2352 appareat
2645 2286 2792 2354 quia,
2824 2289 2965 2340 sicut
3000 2287 3198 2342 dictum
3222 2299 3324 2356 est,
3379 2306 3483 2347 non

1902 2371 2289 2425 incarnatiozis
2337 2374 2532 2428 Christi
2586 2379 2924 2446 mysterium,
2981 2379 3074 2432 sed
3130 2378 3479 2437 intentionem

1899 2462 2040 2518 beati
2065 2462 2248 2536 Cyrilli
2280 2466 2455 2520 minus
2486 2467 2809 2523 intellexerit
2839 2471 3306 2528 reveremissimus
3337 2473 3476 2540 lbae,

1896 2570 2076 2625 quem,
2102 2558 2242 2611 sicut
2268 2559 2354 2610 alii
2386 2573 2602 2628 quoque
2638 2560 2932 2616 orientales
2975 2562 3156 2617 Patres
3186 2573 3238 2617 et
3268 2565 3366 2630 ipsi
3394 2567 3480 2634 (ιιιί

1895 2663 2020 2703 cum
2081 2652 2325 2704 venerari
2355 2667 2414 2705 se
2461 2653 2661 2722 ﬁngunt
2715 2653 3006 2722 Acephali,
3061 2655 3352 2710 arbitratus
3402 2667 3480 2713 est

1897 2755 2054 2794 unam
2111 2739 2322 2796 deitatis
2371 2751 2426 2796 et
2482 2743 2821 2798 humanitatis
2871 2746 3078 2799 Domini
3134 2749 3299 2811 nostri
3347 2748 3475 2802 Jesu

1893 2829 2095 2885 Christi
2147 2831 2465 2900 praedicasse
2517 2842 2757 2889 naturam
2787 2875 2803 2900 ,
2855 2845 2910 2889 et
2956 2835 3159 2891 dixisse
3206 2839 3327 2908 quia
3377 2855 3480 2894 non

1893 2931 2109 2992 oportet
2156 2924 2452 2978 secundum
2505 2935 2722 2981 naturas
2786 2926 3026 2982 dividere
3063 2943 3224 2983 voces
3266 2930 3474 3000 dictas,

1893 3028 2026 3084 quas
2055 3015 2137 3069 vel
2162 3017 2276 3083 ipse
2298 3017 2555 3071 Dominus
2584 3018 2652 3072 de
2679 3033 2769 3084 se,
2799 3019 2882 3074 vel
2932 3021 3270 3090 evangelista;
3296 3022 3365 3077 de
3401 3038 3468 3078 eo

1892 3104 2188 3160 dixerunt?
2214 3107 2452 3176 Denique
2475 3109 2634 3164 etiam
2665 3094 2766 3162 hoc
2781 3109 2848 3164 ab
2873 3110 2965 3167 illo
2996 3127 3090 3182 per
3115 3112 3475 3168 venerabilem

198 3215 449 3284 quamvis
471 3216 538 3270 de
557 3216 715 3270 beato
728 3216 929 3286 Cyrillo
959 3216 1098 3272 male
1118 3217 1399 3282 sentirent,
1433 3231 1592 3287 quam
1619 3217 1785 3287 ipsius

1894 3199 2113 3254 Paulum
2173 3201 2499 3256 Emcsenum
2529 3204 2548 3232 ¹
2587 3203 3005 3272 expetiverunt,
3056 3215 3115 3259 ut
3166 3205 3219 3260 in
3267 3206 3477 3276 scriptis

200 3306 342 3361 beati
372 3306 578 3378 Cyrilli,
609 3307 797 3363 eadem
825 3307 992 3363 fuerit
1037 3323 1252 3378 semper
1294 3308 1538 3376 intentio,
1597 3317 1654 3363 ut
1682 3309 1786 3364 Do.

198 3399 406 3454 minnm
431 3414 593 3453 unum
615 3397 798 3453 Jesum
821 3399 1090 3455 Christum
1115 3402 1372 3456 docerent
1389 3399 1441 3454 in
1464 3400 1667 3456 duabus
1693 3416 1788 3454 na-

197 3490 358 3556 turis,
395 3489 448 3544 id
474 3499 557 3544 est
578 3490 852 3546 divinitate
881 3501 1042 3562 atque
1081 3491 1411 3546 humanitate
1435 3492 1729 3561 perfectum
1767 3508 1782 3546 :

196 3597 264 3636 ue
305 3593 400 3635 aut
454 3593 735 3651 propterea
788 3585 907 3638 dum
954 3599 1199 3653 persona:
1236 3584 1606 3650 crederentur,
1661 3584 1784 3653 quia

193 3671 317 3724 dua:
352 3680 556 3726 naturae
583 3680 746 3738 sunt;
774 3681 864 3726 aut
885 3683 1164 3742 prepterea
1199 3689 1298 3726 una
1328 3673 1639 3728 crederetur
1654 3687 1784 3735 esse

196 3774 410 3828 natura,
454 3764 576 3830 quia
619 3779 722 3818 una
769 3779 1017 3833 persona.
1048 3765 1283 3835 Contigit
1313 3775 1488 3819 autem
1536 3783 1782 3821 nonnun—

196 3869 357 3921 quam
406 3855 543 3908 inter
570 3853 728 3908 unius
754 3856 1031 3910 sententia:
1075 3856 1237 3923 viros,
1274 3864 1330 3909 ιιι
1359 3872 1479 3911 cum
1523 3856 1590 3911 de
1621 3857 1781 3912 rebus

194 3946 328 4014 ipsis
353 3959 473 4014 quae
503 3945 555 3998 in
583 3945 880 4014 qumstione
907 3956 1034 4000 sunt
1069 3947 1208 4000 idem
1239 3948 1472 4015 sapiunt,
1516 3947 1582 4001 de
1613 3961 1670 4000 se
1703 3956 1779 4002 ta-

194 4057 319 4096 men
363 4039 588 4094 invicem
621 4041 760 4094 aliud
811 4040 1170 4110 suspicentur,
1213 4055 1332 4094 eum
1365 4041 1448 4096 vel
1498 4056 1528 4094 a
1568 4041 1779 4096 dicente

194 4133 378 4186 minus
409 4133 647 4200 aperitur
679 4132 854 4186 verbis
902 4133 1042 4201 quod
1095 4133 1258 4188 corde
1305 4141 1622 4201 conceptum
1674 4140 1774 4197 est,

194 4224 282 4277 vel
314 4223 384 4278 ab
409 4224 750 4278 audientibus
771 4225 948 4278 minus
975 4225 1252 4292 inspicitur
1280 4224 1506 4279 ditentis
1529 4225 1774 4280 intentio.

193 4313 561 4368 Discernenda
604 4324 689 4369 est
715 4325 894 4370 autem
939 4316 1184 4384 impietas
1227 4329 1331 4384 qua
1361 4315 1429 4370 de
1482 4316 1590 4369 Deo
1638 4315 1779 4370 male

192 4405 458 4469 creditur,
482 4406 549 4460 ab
571 4404 868 4476 ignorantia
892 4421 992 4476 qua
1023 4406 1248 4476 quisque
1269 4405 1426 4460 aliter
1452 4406 1516 4460 de
1534 4420 1630 4459 suo
1654 4421 1778 4474 pro-

192 4496 340 4552 ximo
362 4538 378 4563 ,
404 4505 652 4566 tanquam
683 4497 842 4552 homo
877 4498 945 4552 de
975 4498 1191 4552 homine
1235 4497 1558 4566 suspicatur.
1593 4496 1658 4550 Et
1683 4537 1698 4563 ,
1731 4497 1775 4550 si

1892 3289 2228 3361 apertiSsime
2282 3291 2578 3348 fateretur:
2610 3295 2750 3363 quod
2794 3303 2849 3349 et
2878 3297 3200 3351 vene-abilis
3257 3299 3374 3351 Ilias
3424 3297 3476 3354 itt

1889 3381 2076 3438 eadem
2118 3383 2340 3451 epistola
2371 3399 2466 3437 sua
2493 3385 2750 3451 narravit,
2783 3386 2871 3440 ubi
2921 3385 2988 3439 de
3037 3395 3222 3440 sancto
3267 3387 3471 3442 Joanne

1887 3472 2227 3530 Antiocheno
2273 3475 2450 3531 dixit:
2489 3494 2506 3527 ι
2547 3476 2834 3544 Postquam
2884 3476 3090 3531 litteras
3135 3479 3471 3547 imperatoris

1887 3564 2114 3634 accepit,
2168 3564 2564 3620 sanctissimum
2607 3575 2661 3620 et
2706 3570 3196 3622 reverentissimum
3249 3569 3467 3624 Paulum

1888 3656 2215 3714 Emesenum
2245 3656 2446 3712 direxit
2471 3657 2806 3726 episc0pum,
2843 3660 3088 3715 scribens
3113 3676 3209 3728 per
3228 3678 3349 3715 enm
3384 3679 3471 3718 ve-

1885 3763 1998 3803 rant
2026 3751 2204 3813 fidem,
2227 3758 2280 3804 et
2309 3748 2628 3818 prtecipiens
2653 3750 2724 3814 ei,
2763 3749 2886 3816 quia
2913 3749 2958 3805 si
2989 3751 3111 3806 huic
3135 3751 3258 3807 ﬁdei
3291 3751 3468 3822 Cyril-

1883 3841 1966 3894 lus
2012 3839 2362 3906 consentiret,
2414 3850 2468 3893 et
2497 3839 2973 3896 anathematizaret
3003 3857 3097 3898 eos
3143 3845 3232 3912 qui
3290 3845 3472 3900 dicunt

1882 3931 2006 4002 quia
2032 3931 2203 3986 deitas
2235 3947 2389 4000 passa
2417 3943 2528 3994 est,
2559 3933 2641 3984 vel
2690 3932 2929 3988 dicentes
2954 3935 3074 4003 quia
3123 3951 3226 3988 una
3282 3945 3469 3990 natura

1880 4034 1964 4080 est
2002 4023 2216 4077 deitatis
2243 4033 2297 4078 et
2348 4022 2715 4088 humanitatis,
2747 4034 2802 4078 ut
2846 4026 3269 4081 communicaret
3322 4028 3392 4081 ci.
3435 4047 3454 4079 ι

1880 4117 2023 4174 Sane
2052 4117 2303 4184 quoniam
2330 4119 2515 4172 beatus
2543 4118 2794 4188 Cyrillus,
2827 4119 3177 4175 Orient-dium
3207 4121 3479 4191 legatione-

1881 4220 2157 4280 suscepta,
2184 4210 2351 4278 magis
2379 4209 2521 4278 quod
2549 4226 2577 4263 a
2607 4211 3083 4266 eonsacerdoﬁbus
3105 4211 3216 4265 snis
3246 4222 3465 4279 expete-

1881 4301 2040 4356 batur
2092 4299 2369 4355 festinavit
2397 4301 2645 4371 implere,
2677 4317 2834 4370 quam
2865 4302 3128 4356 dictorum
3170 4317 3388 4357 suorum
3419 4301 3470 4358 in

1881 4372 2079 4462 quibus
2120 4393 2308 4446 offensi
2343 4392 2576 4457 fuerant,
2602 4392 2955 4448 sufficientem
2993 4395 3363 4461 purgationem
3392 4394 3471 4446 fa-

1880 4499 2042 4548 cere;
2076 4483 2198 4537 ideo
2232 4491 2447 4551 putatus
2485 4492 2589 4550 est,
2634 4483 2795 4539 veluti
2828 4483 3054 4551 pristino
3109 4499 3296 4536 errore
3322 4484 3471 4536 dam-

194 4590 332 4644 forte
357 4573 565 4643 videtur
597 4588 829 4644 hominis
879 4591 946 4644 de
976 4589 1192 4643 homine
1221 4587 1480 4656 culpanda
1515 4588 1773 4656 suspicio,

1894 4586 2038 4642 nato,
2067 4574 2422 4628 Orientalium
2447 4573 2813 4628 admonitione
2843 4587 3130 4628 conversus
3168 4589 3181 4624 :
3210 4588 3331 4627 cum
3383 4575 3471 4629 ille

192 4680 538 4751 approbanda
565 4690 739 4734 tamen
780 4691 862 4735 est
891 4681 1114 4735 intentio
1130 4693 1231 4750 qua
1251 4680 1448 4734 veritas
1469 4679 1592 4735 ﬁdei
1614 4694 1774 4750 quant

193 4775 260 4828 de
286 4774 506 4828 Christo
536 4772 792 4827 habemus
824 4775 1103 4828 asscritnr.
1137 4773 1283 4828 Hanc
1307 4774 1653 4828 intentionem
1686 4789 1776 4826 vo-

193 4866 367 4920 lentes
395 4866 687 4919 obscurare
734 4881 884 4919 uovae
928 4867 1215 4936 diligentia:
1262 4875 1565 4936 repertores
1589 4907 1604 4932 ,
1636 4882 1774 4936 quo-

193 4958 356 5013 modo
389 4957 554 5012 totum
578 4957 805 5013 ﬁdeliter
833 4973 896 5012 ac
935 4959 1250 5028 simpliciter
1291 4968 1474 5028 agunt,
1505 4974 1625 5014 cum
1671 4973 1778 5028 po-

194 5053 431 5106 suissent
457 5065 522 5106 ex
555 5051 643 5104 illa
663 5050 888 5118 epistola
912 5051 1051 5120 quod
1081 5049 1156 5105 ibi
1185 5050 1386 5105 dictum
1418 5048 1500 5104 est
1532 5069 1544 5104 :
1582 5069 1600 5103 ι
1631 5049 1770 5106 Con-

193 5143 419 5211 scripsit
465 5142 607 5198 enim
657 5153 710 5196 et
738 5143 853 5211 ipse
903 5142 1154 5197 similiter
1199 5141 1299 5208 illi,
1322 5143 1445 5211 quia
1476 5143 1588 5210 ipse
1633 5143 1774 5197 Deus

194 5234 430 5290 Verbum
460 5233 631 5288 factus
655 5222 737 5289 est
768 5234 952 5302 homo,
992 5253 1010 5286 ι
1043 5233 1411 5289 transilierunt
1435 5236 1572 5304 quod
1597 5236 1776 5304 sequi-

187 5340 299 5390 tur,
329 5341 350 5377 ι
389 5335 640 5394 tanquam
680 5339 783 5378 non
829 5325 903 5378 sit
931 5321 1228 5379 differentia
1259 5323 1401 5381 inter
1432 5326 1691 5394 templum
1721 5336 1775 5382 et

191 5417 576 5474 inhabitantem
632 5417 684 5470 in
729 5431 813 5470 eo.
856 5434 875 5468 ι
925 5413 1089 5484 Cujus
1138 5416 1212 5469 rei
1261 5431 1424 5470 causa
1480 5417 1773 5486 putamus?

186 5507 438 5575 Nunquid
471 5508 591 5561 ideo
613 5509 731 5576 quia
757 5508 873 5561 ista:
895 5505 1225 5576 paucissimae
1249 5507 1466 5578 syllabae
1497 5509 1774 5575 prolixita-

190 5613 296 5654 tem
341 5597 618 5652 facerent?
645 5612 714 5652 an
763 5597 884 5653 ideo
936 5597 1111 5666 potius
1137 5597 1260 5665 quia
1293 5597 1570 5654 manifeste
1601 5599 1773 5654 inten—

264 5762 276 5792 ¹
306 5755 441 5809 Cod.
468 5757 690 5820 Verum,
719 5757 872 5810 etiam
898 5766 1047 5823 atque
1070 5757 1242 5809 etiam.

259 5833 276 5862 ³
311 5830 457 5884 idem
480 5827 628 5895 Cud.,
659 5829 957 5885 Emesenttm
982 5829 1290 5897 episcopum.

1884 4663 2267 4732 recuperanda:
2299 4662 2520 4717 unitatis
2547 4663 2800 4731 cupidus,
2833 4662 2882 4715 in
2933 4662 3250 4716 defensione
3296 4664 3470 4718 dicto-

1883 4769 2002 4809 rum
2031 4768 2250 4806 snorum
2277 4754 2511 4806 noluerit
2539 4751 2836 4814 immorari,
2872 4767 2939 4806 ne
2964 4768 3085 4804 cum
3119 4753 3345 4820 probare
3367 4755 3458 4810 diu

1848 4868 1857 4880 ·
1881 4845 2154 4901 contendit
2175 4845 2315 4914 quod
2337 4860 2464 4911 non,
2491 4852 2546 4899 ut
2567 4843 2874 4927 putabatur,
2905 4845 2972 4897 ab
2995 4859 3058 4898 eo
3077 4844 3274 4898 fuerint
3299 4844 3462 4912 dicta,

1881 4947 1951 5004 de
1974 4949 2165 5018 quibus
2192 4947 2367 5002 minus
2394 4944 2758 5015 intelligentes
2783 4944 2942 4999 aliter
2971 4944 3294 5010 sentiebant,
3337 4959 3464 4998 con-

1884 5039 2158 5094 troversiae
2181 5039 2279 5093 hac
2326 5038 2664 5094 dissensione
2720 5037 2742 5069 ³
2781 5037 3038 5092 terminus
3088 5051 3193 5090 non
3224 5035 3464 5092 daretur.

1882 5131 2032 5199 Quod
2059 5131 2186 5185 item
2227 5130 2335 5185 illis
2365 5131 2543 5186 verbis
2573 5129 3034 5186 reverentissimus
3063 5129 3182 5184 lbas
3209 5129 3464 5194 ostendit,

1882 5222 2073 5293 quilnts
2112 5231 2398 5291 sequenter
2434 5221 2679 5276 eumdem
2726 5222 2940 5276 beatum
2976 5219 3233 5292 Cyrillum
3285 5221 3463 5274 retulit

1883 5315 1999 5370 sine
2027 5312 2336 5382 fatigatione
2353 5311 2701 5368 Orientalium
2729 5312 2849 5368 ﬁdei
2873 5311 3226 5374 consensisse,
3254 5319 3307 5364 et
3328 5309 3464 5362 hanc

1880 5392 2224 5473 suscepissts,
2258 5413 2416 5473 atque
2445 5418 2633 5458 omnes
2677 5403 2766 5472 qui
2795 5404 2994 5473 absque
3037 5403 3134 5456 hac
3182 5400 3464 5454 crederent

1881 5496 2384 5554 anatitetnatizasse.
2433 5496 2538 5550 Sed
2566 5496 2803 5564 nunquid
2843 5497 3054 5550 beatum
3086 5492 3336 5563 Cyrillum
3366 5507 3460 5559 pu~

1883 5602 2025 5647 tasse
2054 5602 2394 5655 conversum,
2435 5587 2809 5641 Nestorianutn
2839 5595 2920 5642 est
2956 5582 3468 5654 critncuillespon—

1952 5759 1969 5791 ³
1997 5765 2137 5821 Idem
2161 5762 2275 5820 cod.
2285 5803 2301 5832 ,
2327 5783 2386 5822 nr
2420 5762 2739 5819 dissensioni.
