3954 6352
115 343 216 396 675
1004 342 1134 399 PRO
1172 340 1602 399 DEFENSIONE
1643 342 1854 399 TRIUM
1887 341 2197 400 CAPITUL.
2244 344 2372 401 LIB.
2416 343 2507 400 Vl.
3278 348 3383 402 67L

112 451 318 522 angelis
351 450 492 505 sicut
542 451 593 505 in
640 452 653 481 ¹
696 464 800 505 uno
855 449 1156 521 eodemque
1203 451 1417 531 homine
1455 442 1700 518 dicimus,
1734 456 1782 516 Α
1811 456 2037 511 concilio
2073 455 2117 521 ³,
2141 457 2279 524 quod
2310 469 2495 511 eorum
2519 456 2945 513 communionem
2975 458 3130 514 simul
3156 461 3387 530 amplexi

111 544 255 612 quod
284 544 507 596 interior
547 543 712 597 homo
750 542 813 596 ad
847 543 1132 612 imaginem
1168 542 1258 597 Dei
1292 541 1574 609 formatus,
1606 551 1700 597 aut
1803 556 1945 601 sunt.
2006 547 2161 602 Unde
2196 548 2306 617 jam
2352 548 2563 603 videtur
2604 563 2791 618 magna
2834 552 3070 621 synodus
3111 568 3215 609 non
3244 557 3386 625 quod

113 633 352 689 exterior
372 632 666 686 secundum
701 634 1021 688 lineamenta
1047 634 1407 687 membrorum
1435 648 1700 702 sexusque
1804 638 2080 707 epistolam
2118 638 2439 693 venerabilis
2486 639 2589 692 lbae
2618 641 2970 695 orthodoxam
3012 644 3238 711 dixerit,
3289 645 3383 700 sed

110 727 498 789 diversitatem,
551 726 778 781 extimo
811 734 969 781 terra:
1011 735 1244 780 creatus.
1271 725 1376 779 Sed
1424 739 1698 792 nunquam
1804 728 1943 799 quod
1986 743 2091 782 non
2133 737 2188 783 et
2224 729 2337 797 ipsa
2386 728 2603 783 beatum
2648 726 2901 799 Cyrillum
2948 746 3071 786 cum
3117 732 3389 802 Ephesiuo

110 818 211 873 hoc
239 818 427 872 beatus
450 816 679 886 Cyrillus
728 825 948 886 putasse
990 827 1353 883 monstratur,
1405 819 1530 887 quia
1558 816 1701 871 idem
1805 821 2038 876 concilio
2090 820 2529 890 reprehenderit,
2583 821 2845 875 accusari.
2902 821 3185 894 Assignata
3232 812 3389 892 igitur

112 921 298 963 natura
328 919 413 964 est
436 910 691 979 templum
722 908 864 979 quod
908 925 975 965 ex
1015 910 1223 980 virgine
1252 908 1416 964 Maria
1468 908 1701 977 sumpsit
1806 913 1985 967 omnia
2040 928 2157 982 qua
2211 913 2572 982 promisimus.
2656 912 3002 983 Recognosce
3050 916 3300 984 quoniam
3346 918 3391 972 si

118 1003 357 1065 initium,
391 1011 445 1055 et
477 1002 704 1057 Verbum
737 1000 899 1066 Deus,
925 1001 1067 1069 quod
1099 1003 1153 1054 in
1176 1001 1437 1070 principio
1472 1010 1584 1055 erat
1612 1015 1703 1054 ca-
1806 1004 2261 1060 Chalcedonensis
2310 1004 2547 1074 synodus
2593 1004 2876 1073 epistolam
2926 1008 3244 1062 venerabilis
3287 1008 3392 1063 lbae

118 1110 246 1150 rens
270 1094 443 1149 initio.
481 1094 590 1148 lloc
633 1096 775 1148 cnim
828 1094 1204 1163 Apolinaristaa
1244 1100 1575 1164 sapuerunt;
1604 1093 1705 1149 hoc
1809 1096 1950 1151 velut
1972 1096 2280 1151 hareticam
2314 1096 2643 1166 improbaret
2663 1095 2829 1162 ,‘ltinc
2851 1096 3024 1166 potius
3047 1097 3259 1151 beatum
3288 1098 3393 1169 Cy-

121 1188 190 1241 ab
238 1186 619 1255 Apolinaristis
650 1186 928 1242 dementes
961 1187 1276 1257 Eurychiani
1316 1196 1343 1224 ⁸
1386 1196 1702 1252 traxerunt;
1809 1191 1983 1244 rillum
2007 1190 2298 1244 credidisse
2324 1190 2731 1255 hazreticum,et
2758 1188 3387 1257 Nestoriumexcusasse,

115 1284 217 1336 hoc
248 1283 292 1335 si
344 1280 504 1334 etiam
535 1280 770 1351 Cyrillus
814 1281 1062 1346 sentiret,
1108 1282 1387 1336 verissime
1434 1279 1702 1335 dicen-tur
1809 1293 1971 1353 atque
1995 1283 2321 1352 Ephesinum
2348 1282 2766 1351 reprehendisse
2789 1280 3073 1336 concilium
3098 1282 3391 1336 videretur.

113 1373 237 1440 quia
270 1371 453 1440 lapsus
477 1384 579 1433 est,
606 1380 659 1425 et
688 1373 739 1424 in
769 1371 963 1441 dogma
995 1371 1299 1439 Apolinaris
1348 1372 1595 1426 inventus
1626 1380 1709 1425 e-t
1809 1374 2069 1439 Quocirca
2094 1374 2257 1427 etiam
2289 1373 2340 1426 in
2374 1373 2474 1427 hoc
2498 1380 2793 1426 memorata
2824 1372 3063 1443 synodus
3092 1372 3397 1440 exemplum

114 1463 387 1516 incidisse.
430 1461 583 1516 Nunc
633 1472 809 1516 autem
857 1472 1141 1532 prepteren
1204 1478 1388 1515 verum
1438 1476 1558 1517 esse
1602 1477 1706 1516 non
1812 1463 1977 1533 ipsius
2025 1464 2164 1518 beati
2218 1462 2439 1535 Cyrilli,
2492 1463 2573 1516 vel
2627 1464 2800 1531 potius
2858 1464 3137 1531 Ephesium
3185 1462 3395 1533 synodi,

112 1555 409 1622 credimus,
432 1556 553 1624 quia
584 1568 690 1609 non
712 1555 969 1626 probatur
994 1556 1094 1610 hoc
1125 1553 1413 1624 aliquando
1444 1553 1704 1609 sensisse.
1811 1564 1993 1607 secuta
2024 1562 2106 1607 est
2141 1570 2152 1604 :
2188 1560 2245 1605 ut
2274 1552 2411 1605 Sit‘lll
2443 1552 2528 1605 illa
2560 1552 2797 1604 omnium
2831 1552 3181 1605 Orientalium
3215 1554 3397 1607 tectis-

735 1684 961 1740 CAPUT
1001 1685 1064 1739 ν.
1812 1644 1998 1740 simam
2046 1643 2113 1740 de
2141 1642 2357 1696 Christo
2384 1641 2578 1740 fidem,
2624 1642 2867 1740 quamvis
2907 1642 2982 1740 de.
3011 1658 3070 1697 se
3097 1657 3214 1740 non
3255 1652 3399 1740 recte

1053 1726 1064 1739 ’
1813 1736 2229 1804 suspicantium,
2262 1734 2511 1803 prudenti
2541 1733 2747 1787 ratione
2774 1734 3039 1802 suscepit,
3095 1736 3167 1789 ita
3205 1746 3260 1789 et
3287 1736 3399 1804 ipsa

115 1820 272 1888 Quod
317 1819 570 1897 synodum
618 1819 889 1897 quominus
924 1819 1194 1897 epistolam
1235 1818 1709 1897 ibmorlhodoxgm
1742 1837 1785 1896 Β
1815 1826 1976 1880 simili
2000 1827 2209 1880 ratione
2241 1828 2540 1893 susciperet
2572 1828 2819 1897 epistolae
2850 1828 2954 1882 Iba:
2984 1830 3400 1897 congruentissi-

180 1891 1137 1989 8521‘"".’.‘.‘Ifﬁ‘:.1"°i‘1';f."%E;.‘fﬁ’?:‘."
1168 1888 1711 1989 Ci’iﬁ'..””'i‘..‘.’f.£¥;
1819 1931 1958 1969 mam
1995 1915 2063 1969 «ια
2103 1915 2319 1970 cun-isto
2366 1916 2556 1985 ﬁdem.
2602 1921 2848 1989 quamvis
2892 1919 2959 1973 de
2998 1920 3153 1973 beam
3201 1918 3399 1989 cum»

104 2004 107 2007 ‹
181 1957 309 2013 ritto
379 1963 628 2027 suspicio,
687 1977 799 2013 cum
852 1957 1103 2029 Cyrillum
1168 1957 1386 2029 ipsum,
1438 1957 1711 2029 quominus

185 2032 530 2085 Orientalium
586 2030 891 2096 confessioni
941 2030 1312 2093 subscriberet,
1362 2047 1456 2101 par
1506 2031 1712 2084 illorum

185 2104 415 2171 suspicio
444 2117 545 2154 non
572 2101 872 2155 returdarit.

184 2237 298 2292 Sed
333 2236 528 2291 iterum
562 2234 690 2288 dicit
721 2232 910 2303 aliquis
942 2250 953 2286 :
988 2233 1266 2299 Quomodo
1316 2247 1441 2303 ergo
1470 2232 1711 2303 synodus

122 2331 416 2402 epistolam
468 2326 835 2398 pronuntiavit
890 2325 1276 2391 orthodoxam,
1336 2340 1456 2394 qua:
1503 2325 1715 2379 beatum

116 2422 412 2492 Cyrillum,
444 2434 600 2490 quem
630 2416 763 2470 dicis
788 2414 917 2467 nihil
946 2414 1048 2468 tale
1070 2413 1414 2482 prmdicassc,
1447 2412 1719 2480 culpavit?

118 2512 471 2583 Respondeo,
519 2509 642 2580 quia
674 2508 830 2563 fidem
863 2507 950 2559 illa
991 2504 1131 2560 beati
1172 2503 1353 2575 Cyrilli
1393 2504 1718 2572 prazdicavit.

123 2607 257 2659 Nam
307 2604 356 2659 si
405 2611 523 2671 post
570 2601 866 2655 unitionem
916 2599 1054 2652 inter
1102 2597 1399 2651 Orientales
1450 2605 1503 2649 et
1549 2596 1720 2663 ipsum

122 2700 326 2753 factam
351 2696 611 2767 approbat
632 2695 748 2764 ejus
773 2694 952 2758 tidem,
975 2706 1070 2747 nos
1085 2698 1265 2747 autem
1290 2688 1560 2743 credimus
1580 2688 1721 2756 quod

118 2806 344 2862 semper
374 2789 559 2844 eadem
592 2787 754 2842 fuerit
779 2786 965 2856 Cyrilli
997 2784 1127 2839 tides
1160 2798 1174 2837 :
1201 2780 1504 2836 necessario
1534 2780 1721 2849 sequi—

116 2892 206 2937 tur
232 2880 380 2952 quod
410 2890 533 2934 ante
561 2877 850 2932 unitionem
876 2890 1086 2947 quoque
1113 2873 1270 2927 [idem
1298 2872 1413 2941 ejus
1445 2871 1565 2925 ibas
1600 2887 1721 2940 pro-

119 2976 336 3029 baverit
354 3016 371 3042 ,
396 2973 636 3043 quamvis
653 2970 772 3042 ejus
804 2970 968 3025 luisse
991 2966 1261 3022 nescierit.
1296 2964 1524 3019 Attende
1565 2976 1725 3032 porro

127 3068 305 3136 ipsam
341 3065 533 3135 synodi
565 3062 919 3125 sententiam,
962 3068 1016 3115 et
1062 3058 1305 3113 invenies
1357 3054 1497 3126 quod
1544 3055 1597 3107 in
1637 3055 1725 3107 illa

119 3160 386 3229 epistola,
437 3156 783 3211 dissimulans
822 3154 890 3208 ab
921 3151 1169 3207 humanis
1200 3147 1618 3217 suspicionibus,
1661 3162 1721 3201 ea

117 3266 241 3317 qua:
277 3249 347 3301 ad
394 3247 550 3302 fidem
579 3244 779 3300 Christi
813 3244 1109 3314 pertinent,
1158 3249 1378 3312 propter
1413 3254 1569 3306 quam
1608 3253 1722 3292 ma-

116 3335 490 3392 nifestandam
521 3343 683 3409 atque
718 3331 1033 3408 firmandam
1066 3336 1420 3407 convenerat,
1459 3326 1724 3395 approba.

117 3429 196 3483 vit
228 3446 245 3481 :
282 3425 589 3482 orthodoxa
619 3423 762 3479 enim
785 3465 801 3493 ,
835 3437 938 3475 non
972 3435 1068 3489 pro
1093 3416 1499 3473 honoriﬁcentia
1530 3416 1718 3485 Cyrilli

114 3534 222 3574 nec
257 3532 363 3588 pro
394 3516 680 3586 cujuslibet
712 3514 947 3567 haeretici
971 3510 1163 3580 injuria
1186 3509 1475 3575 diceretur,
1502 3507 1596 3562 sed
1625 3521 1721 3573 pro

113 3626 247 3665 Vera
294 3609 365 3663 de
396 3608 609 3662 Christo
648 3606 755 3661 fide
802 3618 960 3672 quam
989 3603 1248 3656 continet.
1301 3598 1360 3654 Si
1394 3598 1513 3667 quis
1543 3605 1724 3651 autem

113 3703 628 3760 Chalcedonensem
657 3699 920 3768 synodum
948 3694 1125 3762 culpat
1170 3691 1337 3756 quod,
1384 3690 1617 3743 hominis
1659 3688 1726 3743 de

119 3797 359 3851 homine
391 3792 694 3861 suspicione
720 3787 1045 3859 posthabita,
1086 3783 1370 3854 epistolam
1396 3780 1723 3836 venerabilis

112 3888 224 3939 Iba:
261 3872 633 3954 pronuntiavit
663 3878 1052 3940 orthodoxam;
1096 3875 1269 3945 ipsum
1305 3873 1518 3925 beatum
1551 3870 1729 3940 Cyril-

1818 2007 2077 2076 quasdam
2101 2007 2431 2075 SttSpiciones
2457 2008 2779 2080 incongruas
2802 2013 3122 2065 contineret.
3159 2011 3402 2080 Nunquid

1820 2113 1948 2170 ergo
1985 2102 2098 2155 lucc
2129 2109 2314 2155 sancta
2358 2101 2594 2170 synodus
2626 2100 2849 2171 injurias
2893 2101 3031 2155 beati
3069 2099 3254 2171 Cyrilli
3284 2116 3403 2169 gra-

1823 2199 1997 2245 tanter
2011 2193 2285 2260 accepisse
2306 2191 2569 2246 credenda
2590 2201 2693 2261 est,
2716 2207 2875 2262 quem
2902 2192 3155 2262 probatur
3176 2192 3403 2256 imitata,

1821 2285 1961 2353 quod
1996 2285 2350 2339 diSsimulavit
2376 2286 2444 2339 ab
2473 2285 2819 2340 alieuiSsimis
2850 2284 2871 2315 ‘
2908 2283 3320 2353 suSpicionibus,
3351 2293 3403 2339 et

1822 2375 1994 2443 cujus,
2027 2375 2130 2428 nisi
2153 2376 2219 2428 ab
2244 2374 2321 2429 eis
2350 2375 2738 2440 dissimularet,
2771 2383 3083 2443 argueretur
3115 2373 3402 2441 exemplo!

1824 2468 1926 2521 Aut
1958 2467 2197 2537 nunquid
2228 2468 2347 2521 ideo
2377 2467 2871 2521 reverentissimum
2905 2468 3048 2521 ibam
3083 2481 3188 2520 non
3216 2466 3406 2519 debuit

1823 2557 2121 2625 absolvere,
2154 2567 2207 2613 et
2235 2560 2597 2626 episcopatum
2624 2559 2671 2612 ei
2698 2568 2751 2612 et
2781 2558 3071 2613 Ecclesiam
3099 2559 3406 2623 restituere,

1824 2646 1891 2701 de
1911 2661 2014 2715 qua
2043 2662 2137 2716 per
2168 2648 2424 2717 Eutychis
2447 2645 2735 2702 factionem
2767 2647 2961 2716 injuste
2989 2657 3044 2702 et
3065 2647 3264 2702 absens
3291 2660 3409 2701 erat

1825 2737 2100 2806 expulsus,
2150 2737 2274 2806 quia
2317 2735 2484 2791 falsus
2526 2746 2642 2792 erat
2688 2738 2740 2791 in
2772 2752 3001 2806 persona
3032 2737 3169 2791 beati
3201 2737 3409 2810 Cyrilli,

1827 2833 1883 2877 ut
1911 2840 2032 2878 eum
2058 2823 2344 2893 aliquando
2375 2834 2586 2894 putaret
2633 2838 2869 2889 errasse,
2920 2824 3074 2893 cujus
3105 2824 3263 2880 fidem
3296 2841 3409 2883 non

1826 2916 1997 2969 solmn
2022 2915 2200 2970 sciens
2219 2923 2338 2984 post
2361 2916 2656 2970 unitionem
2674 2930 2794 2970 cum
2818 2915 3174 2971 Orientalibus
3191 2916 3408 2983 factam,

1828 3023 2013 3063 verum
2037 3016 2163 3064 ante
2195 3008 2485 3062 unitionem
2517 3008 2765 3061 nesciens
2785 3008 3135 3075 approbavit?
3169 3009 3272 3063 Sed
3308 3023 3411 3061 non

1827 3099 2363 3167 oportuit,inquiunt',
2382 3106 2500 3165 post
2532 3096 2701 3150 hanc“
2720 3096 3007 3151 unitionem
3031 3098 3097 3151 de
3126 3098 3283 3152 beato
3312 3098 3413 3169 Cy-

1753 3202 1799 3264 ρ
1831 3188 1949 3241 rillo
1973 3188 2099 3242 talia
2128 3188 2460 3257 loqueretur.
2505 3186 2612 3256 Ego
2639 3197 2814 3241 autem
2839 3187 2987 3253 dico,
3016 3190 3140 3257 quia
3173 3203 3270 3243 nec
3291 3200 3414 3243 ante

1829 3282 2124 3337 unitionem
2149 3280 2415 3350 oportuit,
2465 3280 2573 3334 imo
2627 3294 2726 3334 nec
2778 3288 2906 3335 ante
2952 3281 3120 3348 ipsam
3151 3282 3413 3351 syuodmn

1827 3373 2156 3438 Ephesinam
2187 3388 2202 3425 :
2236 3372 2361 3441 quia
2394 3356 2541 3440 prius
2576 3371 2897 3440 interrogari
2940 3371 3171 3441 Cyrdlus
3212 3373 3415 3436 debuit,

1826 3482 1887 3522 ac
1910 3467 2103 3521 deinde
2131 3465 2364 3535 culpari,
2392 3466 2437 3518 si
2464 3482 2567 3519 non
2595 3464 2954 3519 satisfaceret.
2986 3466 3092 3520 Sed
3120 3480 3261 3519 nunc
3285 3465 3414 3520 illud

1828 3558 2140 3629 quazrimus,
2191 3568 2371 3611 utrum
2412 3557 2530 3611 lure
2572 3556 2890 3611 venerabilis
2930 3555 3035 3609 lbze
3076 3556 3229 3623 culpa
3272 3571 3413 3625 qum,

1830 3651 1967 3705 sicut
1991 3651 2101 3719 jam
2134 3647 2496 3718 probavimus,
2550 3661 2579 3698 a
2618 3646 2824 3716 synodo
2855 3660 3068 3715 quoque
3099 3654 3278 3698 notata
3310 3656 3415 3712 esr,

1832 3745 1961 3799 tanti
1992 3743 2240 3798 debuerit
2268 3738 2555 3803 mSIimztri,
2606 3748 2663 3791 ut
2707 3740 2822 3807 ejus
2851 3738 3074 3807 cpistola
3110 3737 3420 3807 pronuntia-

1832 3846 1981 3893 retur
2030 3835 2306 3900 haeretica,
2366 3848 2487 3885 cum
2540 3831 2699 3885 fidem
2735 3830 2904 3899 ipsius
2947 3829 3087 3883 beati
3137 3828 3319 3899 Cyrilli
3369 3829 3422 3886 'm

1833 3927 2172 3985 cenfessione
2194 3940 2351 3995 quant
2385 3925 2433 3979 ei
2465 3939 2558 3994 per
2585 3924 2806 3977 Paulum
2832 3924 3145 3991 episcopum
3177 3923 3423 3977 Orienta-

116 3978 238 4041 lum
266 3973 459 4042 culpet
480 3984 701 4026 necesse
722 3976 826 4031 est,
848 3967 988 4036 quod
1012 3965 1126 4033 ipse
1147 3976 1361 4033 quoque
1381 3969 1732 4014 contemnens

114 4066 383 4120 eamdem
404 4060 765 4129 suspicionem
780 4055 1117 4111 orientalium
1138 4050 1581 4106 consacerdotum
1600 4061 1730 4102 suo-

116 4172 275 4223 rum,
303 4153 535 4223 quicum
563 4150 681 4203 aliis
703 4148 1031 4202 diversarum
1053 4141 1448 4212 provinciarum
1467 4137 1734 4206 episcopis

114 4241 450 4315 congregati
477 4241 592 4309 ejus
619 4236 845 4306 capitula
873 4235 1288 4294 damnaverunt,
1331 4226 1728 4283 confessionem

116 4338 254 4394 “4“
276 4349 444 4413 ί¹¹¹³¹¹¹
465 4333 515 4387 εί
544 4346 641 4402 νθτ
666 4326 1027 4384 ν⁸¹¹⁸¹³¹³ί¹θ¹η
1057 4323 1279 4379 Ρ³¹¹¹¹¹¹¹³
1305 4321 1612 4413 “NW”
1638 4319 1738 4371 '“i'
1838 4319 1953 4413 ῗξῗθ
1974 4319 2158 4413 Ῐῗλῗῖῗ
2190 4319 2531 4413 ἳῗέἷξῗῗζῖἷῖῗ
2562 4319 3317 4413 221'..TiiiiiiZ’JJL'JZ:3.717:

115 4380 353 4489 senui,“
384 4427 440 4479 in
472 4380 621 4477 suarm
652 4418 931 4488 epistolam
957 4413 1254 4478 transtulit,
1287 4420 1339 4466 et
1374 4411 1452 4463 eis
1480 4423 1721 4462 commu-

1840 4389 1939 4453 sit,
1972 4386 2159 4441 eadem
2200 4384 2333 4439 fides
2371 4391 2535 4449 esset,
2563 4382 2694 4437 nihil
2721 4382 2936 4437 diﬂ'erre
2954 4380 3423 4450 judicavitquibus

114 4519 375 4575 nicavit,
450 4528 615 4583 seque
668 4508 942 4581 professus
994 4514 1078 4561 est
1140 4503 1325 4558 eadem
1384 4498 1605 4554 credere
1675 4510 1728 4550 ac

1838 4480 2023 4537 verbis
2066 4481 2395 4536 enuntiatam
2445 4478 2630 4549 Cyrilli
2681 4478 2841 4533 fidem
2886 4478 3006 4531 lbas
3051 4476 3422 4545 approbasset,

339 4621 441 4661 are
486 4565 551 4659 de
595 4601 982 4660 incarnationis
1032 4596 1230 4651 Christi
1282 4592 1568 4664 mysterio;
1629 4606 1728 4646 nec

1836 4591 1958 4631 cum
2006 4589 2164 4641 eum,
2221 4572 2364 4642 quod
2415 4570 2778 4626 necessarium
2835 4567 3038 4633 fuerat,
3098 4565 3425 4634 approbasse
3513 4578 3522 4587 '

1082 4664 1227 4728 ζηιηηι
1285 4655 1356 4728 nl;
1377 4686 1457 4728 ρῑς
1485 4655 1731 4728 damnari
1839 4676 2127 4722 constaret.
2180 4664 2331 4721 Unde
2358 4678 2458 4719 nec
2490 4662 2627 4716 aliud
2658 4660 2916 4728 credidit,
2964 4672 3065 4713 nec
3090 4656 3310 4712 credere
3335 4655 3428 4709 de-

1840 4762 1983 4825 buit,
2037 4758 2137 4813 nisi
2185 4758 2306 4827 quia
2362 4756 2545 4811 Patres
2592 4750 2906 4819 orientales,
2960 4749 3100 4803 inter
3142 4761 3277 4818 quos
3321 4745 3425 4801 fuit

1842 4858 2003 4912 etiam
2051 4855 2165 4923 ipse
2218 4852 2333 4907 lbas
2366 4852 2698 4917 aliarumque
2738 4842 3134 4916 provinciarum
3167 4842 3427 4911 episcOpi,

1846 4945 2198 5000 intentionem
2222 4942 2576 5011 capitulorum
2608 4938 2747 4992 beati
2774 4935 2960 5006 Cyrilli
2988 4935 3166 4989 minus
3187 4932 3428 4988 animad-

1847 5045 2148 5105 verterant,
2201 5044 2259 5090 ut
2287 5026 2346 5089 ea
2371 5034 2530 5089 etiam
2560 5046 2587 5084 a
2617 5031 2844 5086 concilio
2880 5029 3151 5099 Ephesino
3178 5037 3429 5099 suscepta

1837 4019 2377 4077 lessubscribendam
2404 4019 2684 4081 miserant,
2718 4016 3062 4085 approbaret,
3093 4016 3215 4069 licet
3240 4016 3292 4069 in
3318 4015 3425 4069 illis

1839 4109 1906 4162 i2
1953 4108 2197 4179 capitulis
2243 4108 2592 4162 intentionem
2643 4106 2760 4175 cjus
2808 4104 3034 4159 necdum
3080 4105 3423 4174 intelligeret.

1835 4201 2178 4271 Cognoscens
2194 4215 2381 4268 magna
2403 4198 2638 4268 synodus
2661 4197 2802 4267 quod
2825 4199 2936 4251 sive
2958 4199 3009 4251 in
3034 4197 3138 4251 illis
3152 4198 3421 4266 capitulis,

1838 4299 1953 4353 sive
1983 4296 2034 4349 in
2066 4296 2158 4349 illa
2190 4293 2531 4348 confessione
2562 4292 2649 4346 cui
2678 4293 2865 4346 beatus
2892 4289 3123 4361 Cyrillus
3153 4291 3423 4359 subscrip-

153 4610 335 4665 rmdic

116 4628 441 4680 prmurcare
486 4628 551 4659 ue
598 4628 982 4660 lucaruauuuta
1032 4628 1230 4675 uri-tau
1282 4628 1568 4664 IIIJDIUIIU,
1629 4628 1729 4646 nu,

114 4703 505 4773 suspicionem
530 4712 688 4767 quam
719 4695 786 4749 de
813 4695 901 4747 illo
928 4692 1252 4752 habuerunt,
1285 4686 1351 4740 ab
1377 4686 1457 4739 eis
1485 4683 1732 4738 damnari

114 4793 409 4866 qv'msivit,
434 4790 557 4859 quin
582 4802 681 4842 nec
713 4788 734 4816 ’
764 4786 922 4840 etiam
954 4779 1265 4836 satisfacere
1293 4790 1390 4847 pro
1410 4790 1470 4831 ea
1491 4787 1740 4829 necessa-

112 4896 267 4946 rium
326 4884 505 4941 duxit.
556 4880 751 4937 Verum
795 4891 983 4947 neque.
1013 4890 1134 4931 cum
1172 4872 1291 4928 solo
1338 4872 1498 4925 beato
1535 4866 1738 4938 Cyrillo

112 4980 382 5053 synodus
415 4969 872 5028 Chalcedonensis
902 4966 1164 5035 culpatur,
1197 4960 1339 5031 Quod
1368 4961 1507 5053 hanc
1536 4959 1737 5053 episto-

110 5049 225 5129 lam
248 5064 634 5141 pronuntiavit
651 5059 1036 5123 orthodoxam,
1069 5055 1162 5111 sed
1187 5069 1306 5109 cum
1332 5060 1444 5105 toto
1466 5049 1740 5120 Ephesino

1851 5208 1910 5256 ut
1954 5202 2013 5253 in
2034 5197 2223 5253 eodem
2252 5204 2435 5250 contra
2472 5190 2768 5263 Eutychem
2824 5190 2961 5244 duas
2991 5202 3096 5243 non
3157 5186 3430 5263 confusas,

1851 5272 1944 5327 sed
1973 5270 2251 5324 distinctas
2298 5278 2460 5335 atque
2508 5257 2772 5334 perfectas
2802 5273 3020 5316 naturas
3048 5269 3321 5330 agnoscat,
3352 5257 3433 5312 di-

1851 5345 2031 5397 vinam
2057 5350 2113 5396 et
2138 5340 2445 5395 humanam.

194 5224 223 5250 ει
282 5205 556 5278 Eutychis
600 5216 752 5278 error
816 5194 1121 5278 contrarius
1169 5188 1741 5278 Nestoria‘n‘onunam

114 5282 298 5340 Verbi
327 5266 458 5335 cuin
509 5272 835 5328 humanitate
864 5266 1216 5341 compositam
1250 5271 1493 5341 naturam
1537 5266 1745 5339 astrue-

109 5337 215 5411 ba't'
247 5372 265 5406 :
298 5364 438 5406 cum
469 5346 601 5400 fides
631 5341 917 5405 catholica,
958 5337 1178 5404 utrique
1206 5337 1473 5411 opposita,
1507 5337 1584 5411 sic
1615 5343 1742 5408 unt-

115 5398 587 5482 ὧίίιῖίίιιίῆᾤ
640 5398 923 5484 personam
973 5398 1180 5462 asserat
1210 5398 1394 5458 contra
1421 5398 1744 5462 Nestorium,
2083 5478 2094 5484 _
2132 5474 2169 5484 _
2409 5474 2422 5484 _
2721 5470 2742 5484 ‘
2907 5476 2920 5484 η
2951 5468 2964 5480 .
3035 5465 3130 5484 Μ

1852 5488 1902 5533 et
1925 5478 2094 5532 caeteri
2124 5474 2307 5533 Patres
2335 5474 2423 5544 qui
2451 5488 2564 5526 cum
2592 5470 2685 5525 illo
2712 5470 2920 5541 fuerunt
2945 5468 3000 5522 in
3030 5465 3285 5533 Ephesiae
3314 5469 3447 5510 εοη-

1853 5551 1991 5612 cilia,
2021 5558 2068 5602 et
2097 5566 2271 5605 eorum
2299 5544 2702 5600 communionem
2727 5584 2743 5609 ,
2774 5551 2875 5595 etc.

1924 5623 1947 5653 ⁸
1986 5625 2127 5677 ldem
2150 5621 2294 5686 cod.,
2322 5634 2355 5670 a
2384 5614 2666 5669 levissimis.

1928 5694 1948 5725 ⁵
1986 5695 2129 5750 ldcnt
2157 5693 2303 5757 cod.,
2334 5698 2388 5741 ut
2418 5695 2529 5754 post
2560 5688 2711 5735 horto.

184 5556 205 5589 ⁸
242 5550 405 5607 Cod.
442 5546 663 5605 Veron.,
696 5544 824 5595 sicut
845 5554 936 5593 nec
956 5539 1007 5590 in
1033 5549 1155 5588 uno.

186 5628 211 5661 ²
260 5627 329 5677 In
366 5618 562 5673 eodem
586 5615 707 5669 cod.
740 5613 889 5665 deest
916 5612 975 5664 τὸ
1004 5621 1114 5680 tlng
1188 5673 1199 5680 _
1575 5665 1630 5680 η.
1712 5661 1726 5680 _-

186 5699 208 5729 ³
449 5665 713 5749 ἱλάξξξέά
739 5698 851 5733 cum
879 5689 980 5732 toto
1015 5673 1269 5749 Ephesiae
1296 5667 1532 5749 concilio.
1569 5665 1753 5747 Siqui-

109 5773 232 5822 dem
586 5738 775 5806 ,beatus
805 5738 1069 5822 Cyrinus,
1097 5740 1547 5822 nihiiimpendcus
1577 5738 1750 5822 ipsum

113 5804 888 5898 Ué-EQAiZ’iiJhiEhspict-onem“,
911 5835 995 5873 eos
1012 5804 1263 5888 judicavit
1288 5804 1634 5871 orthodoxos;
1658 5804 1749 5857 sed
