3974 6330
141 261 241 320 απ

1033 257 1166 314 PRO
1208 254 1635 315 DEFENSIUNE
1675 254 1890 312 TRIUM
1916 253 2228 311 CAPITUL.
2270 254 2398 312 LIB.
2436 255 2517 310 γι.

3314 256 3412 308 679

142 372 479 440 ramus,sola
510 370 677 441 possit
702 367 1021 424 necessitas‘
1046 368 1347 422 excursare?
1369 368 1607 430 Fratres,
1637 367 1721 420 in-
1754 375 1800 432 Α
1832 371 2127 418 memorato
2180 364 2520 417 sanctissimo
2581 363 2693 418 viro
2751 362 2958 419 Joanne
3012 362 3218 419 diceret
3274 367 3414 433 quod

148 472 291 540 quit,
322 468 557 522 Joannes
584 461 923 532 persequitur
955 459 1230 514 immundo
1258 459 1446 528 spiritu
1476 473 1583 527 quo
1613 457 1725 512 Suf-

148 560 420 617 focabatnr
473 553 633 617 Sani;
689 560 744 606 et
798 551 1029 617 iterum,
1101 556 1404 603 sanctormn
1457 548 1729 603 ministros

148 651 376 708 necavit.
426 648 566 702 Dicit
606 644 758 699 illum
801 643 1255 709 contaminatum,
1300 650 1354 697 et
1393 642 1443 695 in
1490 640 1726 695 Ecclesia

146 746 537 817 primitivorum
587 741 846 808 impium,
902 737 1278 806 pestilentem,
1337 750 1624 799 vesanum,
1676 742 1732 787 et

150 836 441 908 tyrannica:
480 831 678 885 mentis
709 828 911 882 insania
940 826 1283 881 furibundum
1302 864 1319 892 ,
1366 837 1526 896 atque
1555 826 1606 878 in
1635 839 1729 879 sua

147 927 362 981 vesania
414 923 771 993 gloriantem,
835 917 1068 973 animam
1122 932 1271 972 suam
1327 916 1731 971 adulterandam

149 1018 436 1073 tradidisse
465 1014 702 1068 diabolo.
737 1012 863 1065 lltcc
885 1019 1061 1064 autem
1083 1010 1282 1070 omnia,
1309 1009 1447 1063 sicut
1472 1008 1735 1061 habentur

148 1113 201 1165 in
224 1111 393 1176 ipsius
414 1106 695 1172 Theophili
721 1108 740 1136 ²
765 1106 920 1169 libro,
957 1106 1024 1155 ita
1058 1104 1352 1171 posuimus.
1384 1101 1554 1156 Vocat
1582 1101 1731 1157 illum

148 1202 309 1256 etiam
342 1196 683 1252 humanitatis
714 1193 920 1247 hostem
941 1234 954 1255 ,
999 1200 1052 1245 et
1083 1194 1170 1261 qui
1199 1193 1402 1246 scelere
1438 1205 1534 1244 sua
1567 1191 1733 1244 latro-

150 1309 276 1347 num
323 1290 542 1344 vicisset
573 1287 880 1353 audaciam,
930 1285 1316 1353 sacrilegorum
1348 1283 1641 1353 principem
1682 1290 1737 1335 et

150 1381 509 1437 sacerdotium
541 1386 786 1447 agentem
830 1377 1077 1444 impium,
1128 1384 1287 1443 atque
1316 1375 1615 1429 oblationes
1646 1388 1735 1427 sa-

150 1476 378 1543 crilegas
408 1472 718 1526 offerentem
738 1511 751 1533 ,
800 1484 1079 1538 procacem
1110 1478 1165 1524 et
1193 1468 1381 1521 frontis
1409 1468 1737 1521 durissiimc.

154 1566 265 1620 Hoc
291 1578 501 1633 quoque
532 1561 811 1631 adjiciens,
843 1561 981 1629 quod
1015 1574 1119 1614 non
1152 1559 1233 1614 his
1264 1559 1500 1613 Joannes
1530 1558 1735 1627 laqueis

153 1655 396 1708 irretitus
422 1661 631 1706 tenetur
659 1652 747 1717 qui
782 1652 989 1717 possint
1015 1649 1302 1719 aliquando
1332 1650 1587 1716 dissolvi,
1638 1648 1733 1702 sed

1827 454 1929 507 alia
1959 455 2005 507 ei
2032 467 2188 522 paena
2238 454 2520 521 quaerenda
2572 454 2663 520 sit,
2696 469 2760 507 eo
2790 455 2929 523 quod
2960 455 3200 510 vinceret
3244 458 3417 507 siele-

1830 546 1904 601 ris
1938 546 2246 614 magnitudo
2298 547 2695 600 multitudinem
2748 557 3159 605 tormentorum.
3214 550 3268 604 Si
3302 554 3421 618 quis

1829 647 2005 692 autem
2038 639 2268 707 experiri
2294 639 2518 694 voluerit
2547 641 2685 709 quod
2721 655 2827 695 non
2855 643 3151 696 sententias
3183 651 3417 704 tantum,

1833 746 2014 785 verum
2044 733 2204 785 etiam
2236 733 2347 800 ipsa
2382 732 2537 786 verba
2577 733 2870 801 posuimus,
2898 746 2952 789 et
3002 751 3161 791 nosse
3209 738 3422 805 quoties

1834 823 1947 877 hazc
1968 823 2036 876 ab
2082 823 2174 877 illo
2221 825 2471 891 replicata
2519 834 2662 891 sunt,
2707 826 2844 891 legat
2891 827 3170 881 innormcu
3208 830 3420 892 librum,

1835 928 1941 967 non
1971 914 2143 967 solum
2175 916 2537 980 contumeliis,
2570 916 2664 970 sed
2698 917 2808 983 ipsa
2854 933 3064 987 quoque
3095 934 3238 988 smpe
3272 938 3416 988 rupe-

1836 1008 1928 1060 Iita
1959 1006 2363 1060 maledictorum
2398 1007 2860 1075 rccathnlationc,
2898 1012 3055 1063 nimis
3086 1010 3423 1075 horribilem,

1835 1098 1901 1152 ab
1935 1097 2257 1166 Hieronymo
2298 1098 2610 1168 presbytero
2656 1100 2993 1154 translatum.
3051 1100 3126 1154 De
3150 1116 3255 1169 quo
3288 1104 3427 1156 idern

1838 1190 2023 1244 beatus
2056 1190 2386 1259 Theophilus
2427 1192 2761 1260 exspecmvit
2791 1200 2846 1245 ut
2877 1207 2972 1261 per
2994 1193 3108 1261 ejus
3135 1188 3425 1260 eloquium,

1837 1282 2008 1350 qual;s
2053 1282 2287 1337 Joannes
2336 1283 2494 1337 fuerit
2540 1283 2710 1339 Latini
2763 1295 3168 1353 cognoscerent.
3202 1287 3307 1339 Nos
3329 1304 3425 1341 auo

1841 1383 1943 1427 tem
1978 1375 2026 1425 in
2064 1373 2154 1425 illo
2208 1375 2365 1435 liliro,
2404 1391 2506 1428 nun
2538 1376 2708 1442 qualis
2757 1379 3009 1439 Joannes,
3056 1379 3141 1445 qui
3175 1376 3302 1430 nihil
3338 1379 3426 1429 lin.

1841 1481 1955 1517 rum
1993 1464 2324 1527 merebatur;
2358 1480 2461 1518 nec
2485 1466 2653 1534 qualis
2700 1466 3047 1534 Theophilus,
3081 1468 3234 1535 cujus
3263 1472 3429 1521 virtus
3493 1496 3499 1501 -

1842 1556 1892 1610 in
1926 1557 2105 1609 muitis
2138 1557 2374 1624 probata,
2432 1572 2537 1611 non
2590 1574 2652 1611 ex
2711 1558 2812 1612 isto
2838 1559 3115 1613 accedenti
3144 1560 3330 1613 morbo
3354 1562 3435 1628 ju-

1845 1647 2067 1701 dicanda
2092 1658 2206 1710 est;
2238 1648 2329 1701 sed
2354 1648 2527 1715 petitis
2556 1648 2729 1717 qualis
2760 1651 2827 1702 sit
2858 1649 3173 1703 miserabilis
3202 1652 3431 1712 humana

153 1746 244 1815 qui
269 1745 589 1812 audiretpro
610 1744 802 1795 merito
826 1742 1007 1812 Πηείιίἱ
1033 1745 1110 1796 sui
1131 1743 1541 1797 comminantem
1567 1743 1730 1796 Deum
1774 1760 1812 1816 Β
1843 1740 1948 1793 vita
1978 1742 2371 1807 cognoscimus,
2401 1740 2467 1793 de
2494 1756 2597 1810 qua
2630 1742 2885 1809 scripturn
2919 1754 3031 1795 est:
3065 1742 3199 1807 Quia
3223 1748 3437 1797 (curatio

151 1850 315 1908 atque
362 1837 628 1893 dicentem
677 1835 964 1890 :Jndieate
1010 1837 1148 1889 inter
1199 1850 1284 1889 me
1330 1843 1386 1889 et
1428 1836 1737 1890 Joannem:

155 1929 463 1997 exspectavi
497 1935 555 1981 ut
585 1926 779 1979 faceret
806 1925 1095 1995 judicium,
1127 1925 1250 1979 fecit
1282 1934 1457 1979 autem
1490 1924 1740 1994 iniquita-

157 2030 304 2083 tem,
349 2029 405 2074 et
441 2033 545 2070 non
572 2018 865 2085 jusntiam,
917 2017 1011 2070 sed
1039 2018 1352 2070 clamorem.
1386 2016 1521 2071 Dicit
1552 2017 1739 2081 etiam,

157 2112 281 2179 quia
304 2111 444 2164 sicut
466 2110 690 2165 Satanas
720 2107 1115 2176 transtiguravit
1138 2121 1197 2161 se
1227 2108 1279 2160 in
1306 2106 1549 2175 angelum
1582 2108 1738 2171 lucis,

158 2203 229 2255 ita
276 2200 431 2255 etiam
479 2199 709 2252 Joannes
754 2215 857 2250 non
905 2206 1048 2251 esset
1090 2197 1231 2266 quod
1275 2196 1587 2261 videbatur;
1644 2210 1743 2252 nec

158 2302 365 2346 tantum
396 2290 624 2345 similem
664 2290 899 2354 Satanae,
942 2290 1034 2343 sel
1072 2287 1405 2342 immundum
1440 2288 1739 2343 dannonein

158 2398 282 2436 eum
325 2381 591 2449 appellat,
641 2395 790 2432 ntere
837 2378 1092 2432 torrentis
1122 2378 1423 2432 trahentem
1458 2376 1741 2431 verborum

159 2471 507 2541 Spurcitiam,
557 2485 718 2538 quem
759 2469 885 2523 etin
917 2468 1192 2524 Christum
1242 2469 1484 2539 perhibet
1522 2469 1742 2538 impium

159 2559 450 2622 exstitisse,
500 2570 554 2613 et
581 2557 731 2614 Juda:
761 2559 1035 2613 traditoris
1066 2575 1185 2614 esse
1215 2570 1543 2615 consortem.
1585 2561 1748 2614 Addit

159 2651 320 2704 etiam
362 2649 502 2719 quod
532 2661 787 2719 arguatur
818 2650 869 2702 in
904 2650 1073 2704 Deum
1117 2665 1305 2704 manus
1337 2651 1525 2720 impias
1562 2662 1755 2705 exten—

158 2742 327 2808 disse,
357 2740 571 2809 etquod
594 2740 825 2794 Jacobus
847 2742 1121 2808 apostolus
1144 2740 1211 2793 de
1233 2741 1547 2808 quibusdam
1567 2756 1745 2795 rerum

156 2832 554 2886 mundanorum
598 2830 806 2899 cupidis
837 2832 971 2885 dixit
1006 2847 1018 2883 :
1056 2829 1239 2884 I’etitis
1268 2842 1315 2884 et
1346 2848 1447 2885 non
1492 2816 1744 2902 accipitis,

159 2937 218 2973 eo
248 2921 388 2990 quod
411 2922 540 2973 male
563 2922 742 2989 petatis
769 2920 905 2991 (Jac.
942 2936 1013 2989 tv,
1031 2920 1109 2991 5),
1144 2922 1244 2976 hoc
1269 2923 1453 2977 beatus
1479 2922 1753 2990 Theophi-

160 3013 245 3066 lus
267 3012 481 3066 beatum
507 3012 765 3066 Joannem
792 3015 987 3079 asserit
1012 3012 1215 3066 dixisse
1237 3014 1302 3067 de
1324 3014 1558 3067 Chiiaiﬂ.
1591 3031 1611 3065 ι
1640 3014 1751 3067 Au-

1844 1844 1913 1885 est
1941 1850 2091 1903 super
2122 1842 2307 1885 terram
2355 1832 2485 1903 (Job
2516 1850 2606 1899 vn,
2637 1833 2708 1904 i).
2746 1835 2876 1888 Nam
2908 1835 2952 1888 si
2976 1835 3095 1889 talia
3125 1834 3318 1889 talibus
3348 1852 3436 1890 ae-

1844 1925 2105 1988 ciderunt,
2139 1927 2262 1994 quid
2289 1926 2441 1978 nobis
2474 1927 2815 1981 metuendum
2869 1943 2974 1981 non
3007 1930 3098 1991 sit,
3152 1929 3432 1997 nostrique

1843 2014 2146 2068 similibus?
2177 2018 2244 2068 At
2265 2030 2362 2084 ego
2391 2016 2475 2069 hic
2500 2017 2817 2086 interrogari
2838 2019 3027 2073 vellem
3053 2018 3263 2087 judices
3296 2034 3439 2072 mor—

1847 2115 2079 2171 tuorum,
2114 2107 2201 2175 qui
2238 2108 2301 2159 ad
2348 2106 2762 2162 destructionem
2796 2108 2990 2178 synodi
3033 2108 3435 2183 Chalcedonen-

1844 2197 1918 2251 sis
1942 2213 2038 2251 nos
2068 2213 2276 2266 quoque
2313 2198 2499 2251 volunt
2548 2198 2615 2252 de
2660 2200 2886 2254 mortuis
2922 2184 3189 2267 judicare,
3220 2216 3322 2268 qua
3348 2215 3440 2253 ra-

1848 2289 2012 2353 tione,
2060 2303 2235 2356 quave
2281 2287 2508 2356 justitia,
2545 2288 2766 2343 hmresis
2814 2291 3019 2344 crimen
3047 2290 3065 2320 ‘
3116 2291 3399 2359 deputetur
3434 2325 3448 2349 .

1852 2379 2113 2450 Cyrillum
2171 2379 2371 2435 dixisse
2416 2394 2757 2447 conversum,
2787 2391 2840 2434 et
2866 2381 3194 2449 Theophilus
3221 2395 3323 2434 non
3351 2380 3443 2448 ju-

1849 2469 2089 2523 dicatur’
2134 2467 2436 2534 haereticus,
2497 2469 2588 2537 qui
2641 2468 3170 2525 sanctumJeannem
3202 2468 3437 2524 clarissi-

1850 2574 1995 2611 mum
2045 2558 2320 2612 doctorem
2373 2557 2623 2611 Ecclesia:
2671 2559 2869 2613 dixisse
2909 2558 3243 2621 criminatur,
3297 2560 3436 2627 quod

1847 2648 2094 2704 Christus
2141 2649 2393 2713 oraverit,
2439 2658 2492 2701 et
2522 2663 2625 2702 non
2675 2648 2836 2703 fuerit
2862 2649 3143 2706 exauditus
3169 2648 3291 2718 quia
3325 2664 3434 2702 non

1850 2736 1986 2792 bene
2024 2738 2291 2802 oraverit;
2331 2746 2384 2792 et
2417 2738 2540 2792 talia
2574 2739 2914 2806 praedicasse,
2945 2749 3001 2792 ut
3028 2740 3212 2793 Ariani
3241 2751 3295 2793 et
3330 2740 3434 2793 Ειιο

1856 2831 2090 2899 nomiani
2122 2840 2304 2883 contra
2336 2828 2604 2885 Christum
2646 2831 2764 2900 ejus
2795 2831 3141 2900 blasphemiis
3170 2832 3439 2887 delecten-

1856 2929 1963 2986 tur,
1994 2920 2089 2975 scd
2120 2918 2287 2974 Judrei
2314 2931 2365 2974 et
2398 2920 2721 2986 idololatris;
2757 2930 2812 2976 et
2841 2923 2959 2991 quit
2991 2936 3055 2976 se
3082 2921 3316 2978 Judaica:
3348 2927 3440 2978 in»

1859 3015 2042 3082 pietati
2076 3014 2376 3068 tradiderit.
2413 3014 2466 3068 Si
2500 3028 2629 3068 vero
2660 3014 2794 3067 nihil
2826 3014 3022 3068 habent
3056 3016 3195 3082 quod
3229 3030 3445 3083 respou-

159 3118 257 3157 ειυς
299 3111 415 3169 est,
467 3103 671 3172 inquit,
724 3104 905 3158 dicere
937 3106 988 3157 in
1017 3104 1265 3169 ecclesia,
1320 3105 1460 3173 quod
1506 3105 1751 3159 Christus
1783 3121 1828 3183 ρ
1862 3106 2046 3173 deant,
2078 3107 2329 3176 quoniam
2380 3105 2734 3175 Theophilum
2787 3121 2883 3175 pro
2934 3106 3178 3160 humanis
3242 3108 3451 3176 injuriis

161 3195 441 3257 oraverit,
494 3204 547 3247 et
589 3209 692 3247 non
740 3191 902 3247 fuerit
947 3194 1250 3260 exauditus,
1301 3195 1425 3264 quia
1475 3210 1581 3249 non
1622 3196 1759 3251 bene

163 3285 424 3339 oraverit.
466 3303 483 3334 ι
533 3284 662 3351 Quis
696 3285 1068 3340 liarreticorum
1101 3286 1337 3340 deterius
1371 3286 1761 3355 blasphemavit

172 3394 338 3449 quam
397 3380 608 3433 beatum
643 3381 926 3433 'Joannem
978 3379 1141 3435 refert
1194 3380 1383 3436 beatus
1433 3381 1763 3450 Theophilus

164 3469 603 3537 blasphemasse,
662 3485 818 3539 quem
868 3467 1101 3525 affirmat
1145 3473 1416 3526 consortio
1461 3472 1481 3503 ³
1529 3471 1764 3527 Jttdaica:

163 3562 459 3629 impietatis
476 3562 816 3632 semetipsum
849 3562 1153 3628 tradidisse,
1181 3565 1445 3619 etoll‘erre
1465 3566 1765 3621 temeritate

162 3655 327 3708 solita
376 3655 517 3724 quod
556 3656 860 3710 obtulerunt
906 3657 1108 3721 Judaei,
1157 3658 1388 3727 seipsuin
1447 3674 1512 3712 ac
1542 3659 1765 3728 pepulos

162 3748 525 3816 decipientem
547 3788 562 3811 ,
616 3757 677 3806 et
700 3748 901 3801 Dathan
933 3757 1093 3817 atque
1122 3749 1325 3803 Abiron
1352 3750 1765 3803 aamulatorern?

172 3856 191 3888 ι
233 3838 453 3904 Audiat,
486 3838 675 3907 inquit,
703 3855 821 3893 cum
845 3839 1043 3894 Judmis
1065 3880 1079 3904 ,
1114 3841 1365 3910 iniquitas
1390 3840 1409 3870 ³⁵
1434 3842 1763 3910 magnilicata

164 3940 255 3983 est
304 3931 483 3982 nimis.
536 3946 558 3982 ι
610 3929 806 3999 Adjicit
835 3930 994 3984 etiam
1030 3931 1129 3983 hoc
1165 3949 1179 3983 :
1225 3948 1243 3982 ι
1282 3931 1457 3986 Ariani
1496 3944 1546 3984 et
1589 3932 1768 3985 Euno-

170 4020 337 4072 miani
386 4029 570 4071 contra
619 4018 892 4073 Christum
933 4018 1153 4072 Joannis
1194 4020 1539 4089 blasphemiis
1583 4020 1766 4075 delec-

169 4110 637 4174 tantur;Jud:eiet
659 4112 953 4165 idololatrae
978 4111 1249 4178 justiﬁcati
1280 4122 1402 4165 sunt
1432 4122 1519 4166 tua
1550 4128 1765 4181 compa-

168 4206 385 4258 ratione
414 4203 662 4274 genziles.
704 4224 721 4254 ι
771 4204 835 4257 Ει
882 4207 1072 4259 iterum
1126 4204 1257 4258 dicit
1298 4220 1313 4257 :
1352 4224 1369 4255 ι
1426 4207 1539 4261 Non
1589 4208 1761 4261 solum

170 4313 281 4351 non
313 4304 398 4349 est
423 4294 759 4350 Christianus
788 4296 1039 4359 Joannes,
1091 4296 1184 4350 sed
1217 4296 1363 4365 pejor
1392 4308 1473 4351 est
1504 4313 1626 4366 rege
1657 4299 1760 4351 Ba—

172 4388 417 4457 bylonio,
450 4388 616 4441 multo
635 4388 946 4442 sceleratior
962 4404 1118 4456 quam
1143 4389 1436 4453 Dalthasar,
1466 4390 1757 4445 idololatris

1862 3200 2103 3269 judiiant
2152 3212 2255 3251 non
2286 3211 2407 3251 esse
2459 3197 2741 3251 dicenuum
2801 3197 3134 3264 ha'rcticum,
3158 3207 3256 3256 hoc
3286 3201 3449 3253 etiam

1866 3292 2125 3363 synodum
2186 3290 2680 3344 Chalcedoncisi-m
2727 3292 2779 3344 in
2851 3292 3076 3360 cpistola
3131 3294 3448 3346 venerabilis

1868 3384 2257 3454 lba-ju‘ilicasse
2287 3384 2532 3437 desinant
2557 3383 2849 3437 criminari.
2886 3384 3052 3453 llujus
3082 3396 3259 3439 autem
3292 3402 3443 3440 vene-

1867 3478 2051 3531 rabilis
2073 3476 2357 3544 ΤΙιθοιιιιίιί
2400 3477 2481 3530 sui
2527 3477 2830 3533 decessoris
2860 3477 3045 3532 beatus
3079 3477 3306 3547 Cyrillus
3329 3493 3442 3531 sen-

1869 3568 2087 3621 tentiam
2138 3579 2391 3633 sequens,
2425 3567 2539 3633 ipse
2571 3567 2730 3619 etiam
2763 3575 2969 3634 postea,
3004 3566 3445 3633 quemadmodum

1866 3672 2056 3726 quare
2090 3656 2225 3710 libro
2255 3655 2556 3722 docuimus,
2589 3665 2775 3709 contra
2833 3656 3090 3725 judicium
3124 3670 3335 3725 quoque
3364 3672 3445 3712 sc-

1868 3749 1950 3802 dis
1980 3748 2312 3816 apostolicae,
2367 3761 2487 3816 qua:
2517 3762 2611 3816 per
2669 3747 3032 3802 beatissimum
3065 3762 3255 3816 papam
3290 3748 3446 3801 luno-

1866 3840 2096 3894 centium
2145 3838 2379 3908 pra-dicti
2408 3839 2574 3894 sancti
2621 3838 2844 3895 Joannis
2874 3841 2926 3894 in
2950 3839 3143 3894 exsilio
3165 3839 3442 3893 constituti

1867 3930 2265 3986 damnationem
2305 3932 2559 3996 solverat,
2586 3948 2781 3988 nomen
2811 3933 2928 4002 ejus
2950 3942 3072 4002 post
3114 3942 3338 3988 mortem
3370 3934 3450 3988 in-

1870 4032 1951 4076 ter
1996 4023 2086 4077 De:
2140 4024 2447 4078 sacerdotes
2504 4024 2555 4078 in
2588 4025 2854 4080 sacriﬁcio
2902 4025 3116 4079 recitari
3150 4024 3451 4092 prohibuit;

1870 4124 1943 4179 et,
2003 4114 2139 4167 sicut
2188 4115 2303 4183 ejus
2357 4115 2610 4169 decessor
2656 4116 2983 4185 TbeOpIiilus
3038 4116 3244 4172 dixerat
3315 4119 3452 4185 quod

1869 4204 2050 4257 Ariani
2085 4203 2429 4272 hlaSphemiis
2479 4204 2597 4273 ejus
2646 4205 3069 4272 delectarentur,
3124 4207 3192 4260 ita
3249 4217 3301 4261 et
3343 4208 3453 4275 ipse

1864 4310 1986 4349 eum
2018 4295 2265 4350 Eudoxio
2318 4296 2521 4349 Ariano
2551 4297 2805 4366 episc0po
2832 4300 3197 4366 comparavit;
3231 4314 3329 4352 nec
3363 4314 3453 4364 pro

1865 4389 1963 4443 hac
1985 4387 2382 4442 existimatione
2412 4388 2495 4442 vel
2526 4388 2893 4458 Theophilum
2923 4389 3201 4458 quisquam
3245 4391 3325 4443 vel
3355 4390 3453 4459 Cy-

170 4489 230 4533 et
257 4478 490 4533 ethnicis
516 4479 831 4534 sceleratior
868 4488 951 4533 est
988 4479 1239 4534 Joannes.
1293 4480 1446 4544 Tibi,
1480 4481 1589 4547 ait,
1624 4497 1757 4550 prrc-
1789 4499 1838 4557 Β
1866 4479 2040 4533 rillum
2064 4479 2327 4548 judicavit
2350 4478 2685 4543 hrcreticum,
2705 4478 2955 4547 quoniam
2980 4480 3138 4549 longe
3168 4480 3269 4534 alia
3297 4495 3453 4533 causa

171 4585 305 4624 scus
334 4569 644 4640 ignominia,
678 4579 874 4624 :cterna
907 4571 958 4624 in
992 4567 1185 4624 futuris
1212 4572 1419 4626 srcenlis
1450 4586 1605 4640 pinna
1637 4573 1759 4627 red-

171 4661 356 4714 detur.
398 4678 416 4711 I
455 4659 564 4714 Hoc
590 4674 801 4729 quoque
829 4662 997 4715 visum
1026 4670 1107 4714 est
1137 4671 1191 4715 et
1222 4662 1361 4716 idem
1395 4664 1550 4717 beato
1582 4665 1760 4719 Theo-

173 4752 330 4823 philo
378 4752 556 4806 dicere
599 4768 611 4805 :
658 4753 901 4805 Salvator
944 4754 1193 4806 clamavit
1240 4765 1293 4808 ct
1345 4754 1509 4820 dixit,
1567 4756 1761 4813 Tollite

174 4845 484 4905 Joannem,
554 4853 612 4898 et
671 4843 864 4897 mittite
917 4844 968 4897 in
1021 4847 1269 4899 tenebras
1327 4848 1648 4901 exteriores.
1698 4851 1762 4901 tit

176 4937 375 4991 iterum
433 4952 445 4986 ε
518 4934 872 5004 Largissimos
932 4932 1148 4989 fomites
1199 4944 1323 4989 ante
1382 4937 1609 4990 tribunal
1669 4938 1761 4993 Dei

176 5042 279 5082 suo
343 5026 662 5079 ministravit
741 5025 1009 5080 incendio.
1086 5026 1150 5079 Et
1216 5026 1328 5080 inec
1401 5028 1581 5080 omnia
1658 5043 1762 5083 non

175 5119 511 5176 sun‘ecerunt
558 5120 648 5174 ira:
697 5128 856 5189 atque
886 5118 1049 5173 furori
1080 5119 1123 5185 ⁸,
1174 5119 1271 5172 nisi
1326 5117 1483 5173 etiam
1536 5121 1636 5175 hoc
1694 5121 1764 5176 de

178 5290 477 5362 permissus
505 5292 1388 5367 est,_quam__eum‘Clirysostomo,
1422 5296 1542 5366 ejus
1573 5298 1777 5367 imagio'

177 5381 307 5418 nem
356 5365 679 5427 venerando,
730 5363 927 5417 rediret
970 5365 1019 5417 in
1059 5372 1311 5431 gratam,
1362 5376 1415 5421 ut
1451 5363 1521 5427 ἐκ
1572 5363 1756 5426 15Ηόνί

258 5519 270 5547 ¹
319 5514 455 5571 Cod.
492 5514 707 5580 Verum,
742 5533 908 5571 causa?
934 5520 1221 5572 necessitas.

254 5589 275 5619 ³
321 5586 464 5640 Idem
498 5586 640 5651 cod.,
669 5588 801 5640 benti
838 5587 1124 5654 Theophili.

259 5657 279 5687 ⁸
325 5657 467 5708 Idcut
498 5656 617 5710 cod.
636 5696 653 5719 ,
700 5660 851 5709 etiam
881 5659 1151 5709 consortio.

258 5728 280 5757 ⁸
321 5725 466 5780 ldetu
492 5728 637 5793 cod.,
666 5727 905 5796 iniquitas
936 5735 1041 5778 tua.

1862 4581 1944 4626 est
1970 4587 2086 4639 qua:
2116 4580 2351 4625 meretur
2381 4573 2479 4625 hoc
2512 4585 2728 4625 nomen.
2754 4572 2906 4637 Quod
2944 4572 3106 4626 etiam
3136 4580 3321 4625 sancta
3362 4587 3450 4643 sy-

1864 4667 2033 4720 nodus
2081 4672 2130 4721 in
2189 4666 2413 4735 epistola
2466 4665 2793 4721 venerabilis
2820 4666 2925 4719 that
2954 4666 3327 4727 considerans,
3359 4681 3453 4719 ne-

1863 4760 2047 4829 glectis
2078 4766 2238 4826 atque
2288 4756 2610 4825 posthabitis
2663 4756 2898 4811 hominis
2941 4757 3008 4811 de
3040 4756 3251 4809 homine
3274 4757 3454 4825 suspi-

1866 4850 2129 4915 cionibus,
2162 4864 2257 4917 pro
2281 4863 2401 4903 vera
2433 4848 2749 4902 Christiana:
2778 4849 2901 4902 ﬁdei
2932 4848 3269 4902 confessione
3294 4864 3453 4918 quam

1867 4941 2127 5005 continet,
2175 4954 2291 4993 eam
2338 4939 2701 5007 pronuntiavit
2749 4939 3127 4993 orthodoxam.
3182 4940 3311 5005 Quae
3356 4940 3456 4993 hoc

1868 5032 2026 5086 etiam
2059 5032 2395 5100 prospexisse
2422 5030 2686 5085 credenda
2717 5040 2818 5095 est,
2863 5030 3114 5100 quoniam
3143 5034 3185 5085 si
3219 5046 3333 5083 eam
3363 5044 3457 5097 pro

1869 5123 2141 5178 levissima
2202 5133 2253 5177 et
2301 5121 2563 5191 praaterita
2614 5121 2922 5190 suspicione
2973 5136 3132 5192 quam
3192 5122 3259 5175 de
3300 5122 3457 5175 beato

1870 5298 2078 5354 diaconi
2109 5299 2542 5367 Chroiiographia
2576 5310 2755 5355 narrat
2785 5300 3169 5368 Damascenus,
3211 5300 3286 5355 De
3318 5300 3455 5353 ima-

1866 5370 2076 5439 ginibus
2108 5372 2199 5425 lih.
2233 5387 2310 5436 ut,
2342 5383 2609 5425 extremo.

1947 5528 1965 5599 ξ
2006 5527 2145 5581 Ideni
2176 5530 2298 5583 cod.
2332 5570 2345 5594 ,
2393 5530 2555 5597 furori
2583 5530 2874 5599 Theophili.

1945 5596 1965 5625 ⁸
2007 5598 2144 5650 Idem
2182 5601 2327 5663 cml.,
2358 5596 2577 5651 crimini.

1953 5667 1972 5698 '
2016 5668 2153 5721 Idem
2184 5672 2303 5725 cod.
2333 5709 2347 5733 ,
2374 5670 2595 5723 dicatur.
