3974 6330
536 344 635 399 670

1626 332 1925 392 FACUNDI
1967 334 2179 391 EI’ISC.
2223 334 2729 395 llEl‘iMlANENSlS

3717 343 3814 399 680

537 459 737 530 Cyrillo
764 472 885 512 cum
932 453 1298 511 Orientalibus
1348 452 1801 524 diversarumque
1834 452 2132 521 provincia-
2163 456 2209 514 Α
2242 466 2308 506 ne
2330 466 2466 521 quos
2518 452 2603 504 hic
2632 448 2811 515 modo,
2846 449 2935 505 ubi
2982 449 3136 505 nobis
3166 449 3348 504 omnia
3378 451 3567 516 licent,
3600 455 3697 510 sed
3724 471 3824 514 non

538 567 656 608 rum
713 549 980 617 episcopis
1030 548 1369 615 conscriptor
1406 545 1527 615 ejus
1580 546 1783 611 habuit,
1828 544 2131 599 ha'reticam

538 644 823 714 iudicaret,
857 640 1024 693 multo
1076 640 1247 706 magis
1301 639 1489 693 eadem
1550 638 1760 691 ratione
1806 635 2133 705 TheOphilus

536 736 865 806 judicaretur
912 732 1220 797 hzereticus,
1269 731 1356 799 qui
1413 731 1548 786 dixit
1591 730 1852 785 Joannem
1896 729 2135 782 inChri-

535 840 676 883 stum
708 826 929 896 impium
959 826 1251 889 exstitisse,
1284 834 1339 879 et
1369 840 1557 877 ausum
1591 823 1755 879 fuisse
1802 824 1855 876 in
1908 822 2134 877 ecclesia

536 921 737 986 dicere,
785 919 930 988 quod
987 918 1235 973 Christus
1282 919 1616 983 orarerit,et
1648 932 1751 971 non
1786 915 1949 971 fuerit
1979 931 2136 969 exau-

537 1012 701 1077 ditus,
730 1012 852 1079 quia
883 1025 989 1063 non
1024 1009 1159 1063 bene
1192 1010 1457 1073 oraverit;
1490 1016 1545 1061 et
1576 1009 1700 1077 quia
1730 1007 1911 1063 Ariani
1944 1015 1999 1061 et
2025 1006 2136 1062 Eu-

540 1103 773 1155 nomiani
818 1109 1003 1155 contra
1043 1098 1318 1154 Christum
1347 1098 1463 1165 ejus
1496 1099 1847 1167 blasphetniis
1892 1099 2136 1153 delecta-

540 1206 744 1256 rentur,
773 1193 946 1247 Judaei
998 1206 1210 1260 quoque
1241 1204 1290 1245 et
1326 1190 1645 1244 idololatrm.
1676 1190 1841 1257 Cujus
1873 1205 1972 1245 nec
2002 1192 2136 1246 levis

542 1299 592 1339 et
622 1284 929 1338 transitoria
982 1282 1081 1336 fuit
1127 1283 1229 1335 ista
1250 1281 1503 1349 suSpicio,
1550 1280 1644 1334 sed
1686 1295 1843 1349 quam
1869 1294 1967 1334 suo
1999 1297 2134 1350 quo-

541 1392 644 1445 que
674 1374 973 1429 successori
1015 1372 1218 1443 Cyrillo
1248 1373 1565 1436 transmisit,
1613 1383 1669 1425 ut
1699 1381 1752 1426 et
1774 1372 1888 1439 ipse
1918 1388 2042 1427 eum
2068 1373 2137 1429 de

541 1467 918 1522 ecclesiasticis
970 1467 1141 1518 muris
1192 1464 1507 1519 excluderet
1551 1465 1591 1527 ί,
1647 1474 1699 1518 et
1740 1464 1929 1518 Judam
1979 1474 2139 1532 atque

542 1562 853 1615 Jechoniam
902 1559 1126 1621 diceret,
1178 1573 1241 1611 ac
1276 1556 1580 1625 profanum,
1614 1568 1667 1609 et
1710 1556 1951 1610 Eudoxio
1978 1558 2137 1611 Aria-

545 1668 734 1707 norum
790 1652 1047 1720 episcopo
1093 1649 1339 1704 crederet
1386 1648 1789 1703 conferendum.
1843 1648 1956 1702 Non
2007 1663 2139 1716 ergo

545 1743 685 1811 juste
734 1741 928 1794 dicitur
952 1749 1135 1793 sancta
1180 1738 1419 1809 synodus
1449 1737 1731 1806 epistolam
1756 1737 1862 1791 lbze
1911 1752 2006 1805 pro
2044 1754 2136 1792 su-

2234 544 2412 595 omnia
2455 540 2767 610 expediunt,
2810 539 3137 609 judicamus,
3170 556 3293 597 cum
3339 541 3589 611 judicare
3630 553 3827 604 venerit

2237 633 2403 687 Fiiius
2436 634 2666 688 hominis
2695 633 2749 686 in
2781 632 3061 701 majestate
3086 648 3201 699 sua,
3226 644 3283 690 et
3302 651 3491 692 omnes
3505 640 3686 709 angeli
3714 657 3827 698 enin

2234 739 2321 789 eo,
2351 733 2405 778 et
2429 724 2897 795 cungregabuntur
2942 734 3069 779 ante
3115 740 3237 779 eum
3260 740 3453 783 onmes
3481 740 3703 798 gentes,
3734 735 3825 800 ipsi

2234 818 2344 870 sint
2370 816 2583 885 judiees
2637 817 2828 870 nostri.
2880 816 3087 871 Adesse
3114 827 3292 872 autem
3325 820 3482 875 nobis
3510 821 3680 877 debet
3707 836 3759 878 et
3781 828 3828 879 iu

2238 911 2339 965 hoc
2366 910 2486 966 loco
2534 910 2621 965 illa
2674 910 2814 967 ratio
2842 918 3003 977 atque
3033 910 3346 976 similitudo,
3376 928 3538 982 quam
3584 916 3639 969 in
3680 932 3831 986 supe-

2236 1003 2363 1057 riori
2412 1003 2552 1057 libro
2599 1004 2869 1069 dedimus,
2902 1018 3023 1058 cum
3055 1004 3125 1059 de
3170 1005 3589 1064 interlocutione
3616 1026 3832 1066 venera-

2238 1095 2359 1151 bilis
2387 1095 2621 1151 Anatolii
2648 1093 3229 1166 Constantinopolitani
3248 1100 3504 1155 antistitis
3529 1118 3830 1173 ageremus,

2237 1200 2338 1253 qua
2368 1185 2737 1254 pronuntiavit
2781 1185 3096 1241 Dioscorum
3132 1203 3235 1242 non
3264 1203 3362 1257 pro
3398 1191 3503 1246 ﬁde
3534 1207 3663 1248 esse
3691 1195 3831 1250 dam-

2238 1287 2449 1331 natum:
2502 1279 2756 1347 quoniam
2806 1279 2945 1333 sicut
2992 1294 3115 1333 eum
3168 1280 3478 1337 litereticum
3530 1300 3644 1340 non
3690 1286 3828 1353 fecit.

2237 1369 2376 1437 quod
2408 1369 2577 1437 ipsum
2626 1369 2932 1424 Dioscorum
2960 1385 2989 1422 a
3016 1370 3233 1438 perﬁdia
3254 1374 3364 1427 ﬁeri
3397 1374 3631 1430 voluerit
3659 1392 3825 1434 exeu.

2238 1468 2436 1525 satum,
2486 1474 2550 1515 eo
2576 1460 2716 1526 quod
2766 1462 2907 1514 aliud
2936 1462 3006 1516 sit
3053 1462 3175 1516 ideo
3201 1464 3507 1519 haeretieum
3551 1483 3826 1535 excusare,

2240 1553 2379 1621 quod
2412 1552 2709 1609 catholicus
2763 1562 3003 1622 putetur,
3057 1564 3113 1608 et
3159 1555 3301 1610 aliud
3356 1557 3527 1625 ipsam
3588 1560 3827 1618 haeresim

2240 1643 2467 1712 probare
2492 1653 2650 1713 atque
2676 1644 2996 1700 defendere:
3030 1646 3098 1700 ita
3137 1660 3237 1701 nec
3260 1648 3487 1716 epistola
3510 1653 3825 1709 venerabilis

2241 1734 2347 1788 Iba:
2379 1734 2548 1802 potuit
2580 1736 2829 1790 lmretica
2858 1735 3000 1805 juste
3030 1737 3219 1802 videri,
3256 1740 3335 1793 vel
3358 1740 3403 1794 si
3438 1756 3546 1795 non
3578 1759 3698 1799 rem
3742 1761 3826 1815 ges

547 1837 780 1905 Spjcione
809 1849 966 1905 quam
997 1833 1064 1888 de
1088 1834 1244 1888 beato
1268 1832 1469 1903 Cyrillo
1512 1831 1845 1899 conscriptor
1874 1830 1989 1900 ejus
2010 1844 2131 1884 eum
2166 1821 2211 1880 Β
2237 1835 2395 1891 stam,
2426 1836 2581 1893 prout
2612 1826 2661 1879 in
2692 1836 2930 1895 tempore
2961 1827 3134 1882 visum
3155 1838 3257 1896 est,
3289 1846 3565 1898 narrasse,
3596 1838 3694 1890 sed
3711 1837 3825 1892 bea-

500 1942 505 1945 ·
548 1929 730 1982 multis
777 1925 1061 1996 aliquando
1118 1925 1325 1991 habuit,
1378 1923 1526 1978 velut
1558 1922 1863 1977 hzrreticam
1894 1921 2145 1977 debuisse

548 2018 831 2071 damnare:
861 2032 984 2070 eum
1037 2016 1235 2084 potius,
1270 2015 1314 2070 si
1348 2014 1449 2067 hoc
1495 2020 1866 2082 prmsumeret,
1902 2010 2031 2065 hinc
2059 2012 2143 2080 ip-

548 2126 668 2164 sum
701 2110 913 2163 beatum
946 2106 1224 2178 Cyrillum,
1275 2107 1416 2176 quod
1460 2107 1566 2175 jam
1617 2120 1762 2175 saepe
1792 2114 2142 2159 monstratum

550 2195 654 2265 est,
690 2200 892 2256 facer-ct
920 2199 1090 2253 videri
1118 2198 1501 2253 damnabilem.
1535 2198 1664 2264 Quis
1704 2196 1845 2251 enim
1880 2197 1963 2250 vel
1996 2197 2140 2264 ipso-

554 2309 671 2347 rum
718 2291 1159 2346 calumniantium
1190 2298 1347 2357 neget
1376 2289 1518 2359 quod
1548 2290 1788 2357 graviora
1821 2287 2048 2357 Cyrillus
2076 2286 2144 2342 de

550 2391 738 2436 sancto
760 2382 966 2436 JOanne
996 2394 1153 2448 quam
1179 2379 1297 2433 lbas
1325 2378 1391 2432 de
1421 2377 1619 2447 Cyrillo
1641 2377 1992 2445 conscripsit?
2022 2376 2145 2429 llmc

530 2480 730 2528 autem
755 2474 1003 2529 scandala
1045 2473 1129 2528 vel
1172 2472 1460 2542 quzelibet'
1490 2471 1684 2525 merito
1733 2483 1831 2525 nos
1872 2469 2145 2524 offendunt

550 2564 604 2617 in
636 2562 900 2629 Patribus,
932 2578 1068 2632 quos
1108 2570 1360 2631 tanquam
1391 2560 1673 2614 luminaria
1700 2560 1838 2613 Deus
1871 2561 1922 2612 in
1954 2559 2141 2613 Eccle-

550 2654 625 2708 ria
654 2668 748 2707 sua
801 2654 1098 2717 constituit,
1149 2662 1213 2707 ut
1260 2667 1446 2707 eorum
1488 2651 1731 2719 desuper
1777 2650 2143 2705 illuminemur

550 2745 834 2800 excellenti
886 2745 1111 2799 scientia
1146 2754 1307 2814 atque
1338 2745 1602 2809 doctrina,
1640 2744 1717 2798 sic
1744 2744 1986 2798 habenda
2009 2744 2141 2798 mihi

551 2838 818 2904 videntur,
845 2838 982 2892 sicut
1014 2837 1252 2904 ipsorum
1286 2850 1501 2905 quoque
1530 2835 1871 2890 luminarium
1900 2836 2020 2891 caeli
2049 2835 2143 2891 de-

550 2930 748 2985 fectus:
806 2944 924 2998 qua!
975 2929 1099 2983 licet
1126 2942 1511 2997 nonnunquam
1544 2927 1844 2997 splendoris
1869 2929 1951 2981 sui
1978 2927 2142 2981 detri-

552 3028 726 3075 menta
778 3019 1096 3085 sustineant,
1149 3032 1254 3073 non
1313 3027 1493 3072 tamen
1559 3018 1811 3071 amittunt
1859 3018 2140 3072 luminaria

552 3125 671 3167 esse
721 3111 860 3180 quod
908 3119 1054 3163 sunt.
1105 3110 1173 3161 Et
1212 3109 1403 3164 crebro
1452 3108 1669 3179 quidem
1716 3110 1910 3163 accidit
1953 3120 2008 3165 ut
2040 3111 2140 3164 ista

2250 1927 2361 1970 tuin
2425 1916 2679 1986 Cyrillum
2724 1932 2979 1975 accusare
3021 1917 3041 1949 ³
3093 1922 3362 1974 ﬁrmetur:
3410 1937 3477 1978 eo
3509 1926 3659 1994 quod
3699 1928 3827 1983 aliud

2246 2007 2319 2061 sit
2340 2006 2460 2061 ideo
2480 2021 2734 2062 accusare
2760 2008 3106 2077 catholicum,
3124 2010 3265 2079 quod
3295 2010 3584 2069 haereticus
3603 2025 3827 2085 putetur,

2245 2098 2462 2155 ctaliud
2512 2099 2682 2167 ipsam
2715 2098 3020 2168 improbare
3066 2114 3130 2155 ac
3174 2102 3577 2171 reprehendere
3605 2109 3829 2164 catholi-

2245 2206 2361 2245 cam
2401 2190 2582 2245 ﬁdem.
2632 2192 2697 2246 Et
2716 2191 2855 2246 sicut
2901 2192 3223 2267 venerabilis
3264 2194 3502 2250 Anatolii
3534 2198 3829 2257 defensioni

2248 2283 2471 2353 pro'ecit
2518 2283 2657 2351 quod
2708 2284 2778 2338 ibi
2800 2283 3053 2351 diximus,
3072 2285 3206 2354 .quia
3244 2296 3419 2354 potest
3446 2291 3721 2347 castitatis
3747 2308 3832 2364 ap~

2246 2376 2500 2444 probator
2528 2384 2688 2445 atque
2729 2375 2954 2431 dilector
3002 2392 3107 2431 non
3154 2380 3446 2448 approbata
3477 2380 3834 2441 fornicatione

2247 2464 2651 2533 fornicatorem,
2695 2468 2821 2522 dum
2871 2468 2925 2523 in
2976 2483 3202 2537 persona
3251 2471 3468 2539 fallitur,
3506 2478 3835 2545 approbare:

2247 2560 2317 2611 ita
2348 2560 2508 2614 etiam
2539 2560 2958 2635 reverentissimi
3008 2559 3133 2627 lbae,
3163 2570 3219 2616 ct
3245 2570 3567 2620 cancrorum
3589 2569 3837 2625 0rienta«

2246 2649 2394 2713 lium,
2428 2658 2587 2717 atque
2613 2649 2838 2705 aliarum
2884 2651 3277 2720 provinciarum
3321 2655 3629 2711 antistitum
3660 2660 3837 2715 defert.

2244 2740 2384 2793 sioni
2411 2740 2676 2809 proﬁciat,
2706 2740 2848 2809 quod
2879 2741 3077 2796 ibidem
3104 2755 3495 2814 consequenter
3516 2748 3837 2819 adiecimus,

2245 2832 2368 2901 quia
2400 2841 2575 2900 potest
2596 2834 2858 2905 castitatis
2896 2834 3220 2904 approbatur
3258 2849 3419 2904 atque
3450 2838 3713 2910 dilector,
3738 2859 3836 2898 non

2245 2924 2543 2993 improbata
2574 2926 2840 2995 castitate,
2889 2936 3118 2992 castum,
3144 2929 3267 2983 dum
3295 2930 3346 2984 in
3376 2936 3614 3000 persona
3646 2935 3837 2990 simili-

2245 3028 2327 3075 ter
2351 3019 2571 3087 fallitur,
2629 3020 2954 3090 improbare.
3007 3021 3138 3077 Nam
3167 3023 3212 3076 si
3259 3032 3288 3062 ι
3320 3026 3655 3083 venerabilis
3703 3029 3838 3098 lbas,

2244 3113 2357 3167 sive
2382 3112 2475 3165 alii
2520 3126 2655 3180 quos
2684 3103 3098 3168 memoravimus
3144 3112 3447 3171 Orientales
3500 3118 3838 3192 aliarumque

551 3217 763 3273 quoque
795 3202 1050 3256 Ecclesiae
1078 3201 1379 3265 luminaria,
1411 3202 1663 3271 quoniam
1710 3202 1873 3254 multa
1902 3216 1933 3254 a
1983 3202 2138 3256 nobis
2168 3202 2211 3264 C
2246 3203 2638 3271 provinciarum
2680 3205 2935 3274 episcopi,
2984 3205 3035 3259 in
3081 3220 3309 3275 persona
3355 3209 3536 3278 potius
3558 3211 3706 3269 beati
3735 3215 3839 3284 Cy.

552 3291 869 3347 celsitudine
894 3298 1231 3359 separantur,
1280 3306 1377 3360 pro
1406 3291 1636 3359 quodam
1665 3301 1859 3345 nostra:
1889 3290 2138 3361 ignoran-

553 3385 639 3437 tia:
672 3384 878 3447 nubilo,
929 3398 1050 3437 cum
1103 3383 1157 3438 in
1214 3397 1271 3437 se
1317 3380 1651 3451 splendentia
1676 3395 1945 3449 maneant,
1984 3385 2138 3439 nobis

554 3475 832 3529 videantur
878 3476 1123 3529 obscura.
1185 3475 1452 3530 llabeatur
1498 3476 1677 3545 itaque
1726 3476 1873 3529 velut
1925 3477 2138 3545 eclipsis

550 3565 796 3631 quatiam
828 3565 1169 3619 luminarium
1198 3564 1484 3634 Theophili
1532 3576 1587 3619 et
1612 3564 1821 3635 Cyrilli,
1855 3566 1994 3635 quod
2029 3576 2136 3622 tam

552 3655 827 3710 horribilia
860 3655 927 3711 de
952 3672 1145 3726 magno
1173 3656 1424 3711 luminari
1454 3657 1661 3713 Joanne
1679 3658 2140 3731 ConstantinOpo-_

552 3745 718 3799 litano
737 3746 898 3800 locuti
930 3755 1075 3803 sunt.
1106 3747 1378 3802 llabeatur
1400 3749 1562 3803 etiam
1592 3749 1759 3803 altera
1781 3752 1996 3820 eclipsis
2022 3752 2131 3807 vel-

554 3845 608 3890 ut
656 3837 997 3891 luminarium
1059 3837 1406 3893 Orientalium
1472 3840 1585 3894 sive
1639 3840 1869 3896 aliorum
1922 3842 2135 3897 Patrum

549 3930 637 3998 qui
665 3945 732 3983 cu
755 3948 784 3983 ιι
827 3928 905 3984 eis
932 3946 997 3984 ex
1023 3930 1250 3984 diversis
1274 3930 1565 3999 provinciis
1585 3943 1966 4003 convenerant,
1996 3935 2136 4005 quod

550 4022 913 4092 intelligentiae
938 4022 1148 4077 defectu
1179 4024 1449 4093 paululum
1475 4025 1763 4093 obscurati,
1794 4028 1952 4083 aliter
1975 4044 2135 4098 quam

549 4128 636 4168 res
678 4114 862 4167 habuit
908 4115 975 4168 de
1025 4114 1287 4170 luminare
1317 4116 1525 4187 Cyrillo
1554 4119 1974 4175 aestimaverunt.
2004 4122 2134 4177 Nam

550 4216 686 4271 quos
708 4202 955 4257 Christus
986 4203 1037 4257 in
1071 4205 1326 4260 Ecclesia:
1354 4221 1466 4261 sua:
1502 4207 1681 4262 stabili
1708 4224 1856 4279 pace,
1885 4220 2135 4283 tauquam

548 4293 603 4347 in
644 4292 766 4347 cceli
839 4292 1180 4349 ﬁrmamento
1236 4297 1487 4363 servavit,
1539 4312 1636 4352 uos
1678 4303 1922 4355 venerari
1976 4313 2136 4373 atque

547 4387 825 4455 suscipere
869 4397 1112 4457 oportet;
1147 4404 1248 4445 nec
1270 4390 1337 4445 de
1366 4391 1586 4446 illorum
1615 4397 1996 4451 controversiis
2021 4396 2135 4467 jam

551 4479 719 4533 ﬁnitis
742 4480 947 4535 inﬁnita
979 4496 1197 4536 movere
1236 4485 1551 4550 certamina,
1573 4494 1629 4540 et
1652 4496 1854 4543 temere
1880 4490 2136 4561 eundem:

2243 3293 2349 3346 rilli
2371 3308 2528 3360 quam
2552 3294 2602 3346 in
2629 3292 2740 3363 ipsa
2764 3294 2887 3350 ﬁdei
2916 3297 3097 3364 regula
3122 3296 3463 3368 fallebantur,
3497 3304 3643 3360 sicut
3669 3308 3833 3361 etiam

2243 3384 2360 3453 ipse
2408 3385 2641 3456 Cyrillus
2691 3401 2812 3441 cum
2862 3387 3161 3459 Theophilo
3216 3390 3500 3449 fallebatur
3554 3397 3614 3452 in
3680 3398 3837 3454 beato

2226 3473 2479 3541 Joanne;
2531 3477 2673 3546 quod
2720 3479 2880 3533 etiam
2906 3490 3087 3535 sancta
3118 3478 3355 3552 synodus
3383 3486 3671 3555 intellexit,
3701 3500 3761 3545 ut
3787 3502 3837 3547 et

2241 3567 2383 3622 illius
2439 3569 2719 3639 epistolam
2773 3574 3145 3642 pronuntiaret
3199 3578 3577 3647 orthodoxam,
3638 3592 3695 3639 et
3719 3585 3838 3639 illos

2241 3669 2546 3730 acceptaret
2572 3672 2634 3718 ut
2681 3664 2887 3722 Patres.
2919 3666 3027 3724 Nos
3056 3678 3259 3740 autem,
3308 3686 3408 3741 per
3431 3677 3838 3733 contentionem

2239 3760 2294 3806 et
2318 3753 2529 3810 inanem
2559 3756 2779 3825 gloriam
2824 3774 2982 3829 quam
3038 3763 3234 3831 passim
3274 3766 3436 3821 etiam
3468 3766 3536 3823 de
3566 3784 3834 3839 praesum-

2245 3843 2424 3912 ptione
2453 3847 2706 3915 gestimus
2736 3850 3032 3919 acquirere,
3066 3853 3415 3923 sapientiores
3443 3874 3541 3913 nos
3576 3870 3723 3917 tanta
3747 3872 3838 3935 sy-

2240 3935 2382 3989 nodo
2406 3936 2731 4006 judicantes,
2762 3942 3090 3999 levissimam
3121 3946 3188 4001 de
3217 3962 3445 4016 persona
3468 3953 3836 4021 suspicionem

2242 4028 2507 4084 traximus
2556 4034 2621 4085 ad
2674 4034 2907 4103 regulam
2942 4036 3085 4103 ﬁdei,
3138 4022 3193 4093 et
3242 4054 3349 4094 non
3376 4043 3527 4110 quasi
3578 4043 3841 4101 festucam

2240 4120 2485 4175 auximus
2515 4122 2566 4175 in
2600 4123 2826 4192 trabem,
2862 4141 2981 4195 quze
3002 4129 3046 4182 si
3077 4144 3184 4183 non
3217 4130 3458 4200 ejusdem
3490 4138 3837 4204 quantitatis,

2238 4211 2479 4280 ejusdem
2507 4223 2682 4270 tamen
2714 4225 2798 4271 est
2849 4220 3083 4287 generis,
3112 4220 3206 4275 sed
3249 4226 3715 4295 contemptibilem
3747 4231 3845 4283 sti.

2240 4305 2418 4370 pulam
2477 4306 2528 4359 in
2579 4306 2848 4377 ingentem
2901 4311 3161 4366 vertimus
3208 4314 3454 4381 arietem,
3512 4318 3608 4386 qui
3662 4327 3839 4373 totum

2240 4394 2465 4452 Romani
2496 4401 2679 4454 orbem
2731 4401 2942 4471 imperii
2978 4402 3173 4458 frustra
3203 4415 3445 4476 quateret
3473 4419 3637 4480 atque
3676 4428 3846 4468 vexa-

2239 4492 2343 4541 ret.
2366 4488 2496 4554 Quis
2543 4501 2717 4545 autem
2767 4492 2928 4562 digne
2957 4494 3345 4564 consideraret,
3385 4498 3503 4569 quis
3530 4503 3722 4557 verbis
3752 4520 3847 4557 ex-

546 4586 677 4627 nare
710 4583 970 4640 mortuos,
1024 4575 1195 4644 magis
1232 4586 1409 4631 autem
1441 4579 1681 4648 cogitare
1706 4596 1803 4636 nos
1823 4585 2132 4651 morituros,
2166 4578 2217 4639 D
2243 4579 2444 4648 plicare
2490 4582 2786 4649 sufﬁceret.
2832 4600 2995 4654 quam
3025 4587 3296 4655 sapienter
3324 4589 3388 4644 ad
3424 4591 3844 4650 instructionem

546 4672 598 4717 et
624 4662 844 4718 credere
876 4663 1082 4733 potius,
1122 4665 1266 4731 quod
1298 4667 1479 4735 pietati
1519 4670 1770 4725 convenit
1793 4669 2134 4740 Christianae,

545 4755 667 4823 quia
719 4770 816 4821 pro
847 4755 958 4810 suis
987 4756 1039 4810 in
1082 4757 1324 4812 Ecclesia
1362 4758 1559 4814 Christi
1588 4754 1879 4828 laboribus,
1906 4775 1956 4818 et
1986 4766 2133 4833 pacis

544 4845 739 4898 merito
788 4860 951 4913 quam
987 4846 1105 4916 ipsi
1153 4859 1509 4903 servaverunt
1534 4848 1815 4915 Ecclesiae,
1839 4854 1881 4907 si
1914 4855 2042 4922 quid
2076 4854 2130 4910 in

542 4934 748 5002 aliquas
779 4935 1021 5003 privatim
1056 4951 1333 5004 personas,
1367 4955 1473 4993 non
1523 4940 1691 4996 livore
1720 4942 2004 5019 diabolico.
2034 4945 2128 5000 sed

545 5024 777 5079 humano
814 5040 1000 5081 errore
1041 5038 1321 5094 percautus
1366 5030 1654 5086 emendare
1704 5048 1807 5086 non
1842 5043 2130 5101 potuerunt

540 5121 828 5183 ante‘juam
857 5117 924 5171 de
954 5116 1050 5171 hac
1081 5120 1185 5172 vita
1234 5121 1550 5188 transirent,
1582 5121 1908 5193 indulgentia
1950 5125 2129 5180 Domi-

542 5207 593 5261 ni
625 5208 951 5274 remittente,
1004 5226 1163 5277 quem
1199 5216 1405 5280 precari
1442 5229 1547 5269 non
1588 5216 1906 5272 desinebant
1952 5227 2008 5273 ut
2034 5219 2127 5274 de-

476 5296 479 5301 ’
541 5298 663 5353 licta
690 5298 989 5368 juventutis
1008 5317 1191 5375 eorum
1215 5314 1269 5359 et
1294 5306 1610 5375 ignorantiae
1638 5324 1745 5362 non
1770 5310 2123 5377 meminisset,

537 5387 590 5444 in
638 5388 823 5460 requie
870 5392 980 5446 sint
1007 5394 1144 5462 apud
1196 5411 1337 5461 eam,
1369 5406 1743 5466 exspectantes
1789 5402 1963 5454 securi
1990 5400 2131 5468 judi-

534 5484 677 5539 cium
729 5488 1093 5544 retributionis
1132 5498 1367 5545 :eternas.
1403 5491 1555 5549 Unde
1582 5502 1824 5550 metuere
1860 5495 2121 5554 debemus

606 5671 634 5701 ⁸
673 5662 837 5720 Forte
864 5667 958 5720 sic.

607 5781 625 5852 ξ
663 5780 795 5852 Cod.
813 5784 1032 5852 Vcron.,
1048 5788 1326 5842 exclusum.

606 5849 629 5881 ¹
667 5850 811 5907 Idem
833 5856 949 5909 cod.
976 5896 991 5923 ,
1016 5849 1248 5921 qualibet
1271 5860 1469 5926 aliqua.

2244 4669 2742 4737 prmdestinatorum
2795 4675 3024 4730 humana
3074 4694 3286 4749 quoque
3340 4681 3642 4752 ignorantia
3704 4690 3848 4743 Deus

2242 4772 2444 4829 utatur,
2473 4765 2627 4834 cujus
2655 4768 2996 4835 omnipotens
3027 4771 3238 4827 bonitas
3271 4777 3321 4829 in
3353 4791 3602 4848 magnam
3635 4783 3847 4836 utilita-

2243 4863 2372 4918 tem,
2427 4870 2548 4911 cum
2610 4858 2858 4928 voluerit,
2906 4860 3062 4916 noxia
3112 4878 3338 4935 quaeque
3388 4872 3706 4926 convertit?
3760 4875 3849 4928 ltla

2240 4962 2469 5015 namque
2498 4950 2565 5006 de
2595 4951 2754 5008 beato
2796 4952 2998 5023 Cyrillo
3038 4958 3483 5013 consacerdotum
3533 4961 3655 5031 ejus
3694 4966 3852 5034 igno~

2242 5038 2432 5103 rantia,
2473 5054 2594 5109 quae.
2642 5042 2757 5110 paci
2810 5043 3176 5100 Ecclesiarum
3220 5047 3512 5117 aliquando
3565 5060 3852 5111 contraria

2241 5126 2434 5197 fuerat,
2493 5130 2537 5185 si
2572 5132 2692 5201 quis
2742 5133 2878 5190 bene
2907 5137 3235 5205 consideret,
3268 5140 3609 5199 instructioni
3641 5146 3850 5205 Eccle-

2236 5222 2332 5278 sire
2360 5240 2502 5280 nunc
2524 5229 2921 5300 assertionique
2951 5231 3179 5300 proﬁcit.
3213 5232 3531 5293 Evidentius
3560 5242 3721 5297 enim
3747 5248 3855 5301 do-

2234 5329 2544 5375 cumentum
2591 5333 2674 5377 est
2718 5338 2860 5381 vera:
2911 5324 3056 5391 ﬁdei,
3111 5331 3155 5384 si
3194 5328 3338 5387 inter
3366 5347 3428 5389 se
3448 5333 3857 5396 dissidentium

2235 5426 2393 5481 quam
2425 5413 2493 5496 si
2521 5426 2832 5485 pacatorum
2883 5418 3189 5477 inveniatur
3214 5425 3402 5482 eadem
3451 5428 3521 5485 de
3552 5431 3642 5498 illa
3675 5433 3859 5492 fuisse

2236 5504 2519 5559 sententia.
2568 5504 2701 5562 Nam
2754 5508 2877 5565 licet
2922 5512 3216 5572 orientales
3261 5517 3503 5591 episcopi
3537 5536 3673 5581 eam
3729 5529 3861 5586 aliis

2314 5796 2334 5831 ³
2372 5798 2513 5856 Idem
2538 5798 2659 5857 cod.
2678 5838 2694 5867 ,
2723 5817 3011 5862 accusem.
