  <div class='ocr_page' id='page_1' title='image "/cluster/home/n/w/nwhite01/storage/ocr_20150623/67/hvd.32044073505141/348.png"; bbox 0 0 3974 6330; ppageno 0'>
   <div class='ocr_carea' id='block_1_1' title="bbox 279 320 371 375">
    <p class='ocr_par' dir='ltr' id='par_1_1' title="bbox 279 320 371 375">
     <span class='ocr_line' id='line_1_1' title="bbox 279 320 371 375; baseline 0.033 -3"><span class='ocrx_word' id='word_1_1' title='bbox 279 320 371 375; x_wconf 74' lang='grc'><strong>681</strong></span> 
     </span>
    </p>
   </div>
   <div class='ocr_carea' id='block_1_2' title="bbox 1156 317 2677 375">
    <p class='ocr_par' dir='ltr' id='par_1_2' title="bbox 1156 317 2677 375">
     <span class='ocr_line' id='line_1_2' title="bbox 1156 317 2677 375; baseline -0.002 -4"><span class='ocrx_word' id='word_1_2' title='bbox 1156 319 1292 374; x_wconf 75' lang='lat' dir='ltr'><strong>PRO</strong></span> <span class='ocrx_word' id='word_1_3' title='bbox 1333 320 1753 375; x_wconf 69' lang='lat' dir='ltr'><strong>DEFENSIONE</strong></span> <span class='ocrx_word' id='word_1_4' title='bbox 1794 319 2009 374; x_wconf 74' lang='lat' dir='ltr'><strong>TRlb‘M</strong></span> <span class='ocrx_word' id='word_1_5' title='bbox 2048 318 2360 373; x_wconf 77' lang='lat' dir='ltr'><strong>CAPITUL.</strong></span> <span class='ocrx_word' id='word_1_6' title='bbox 2404 317 2527 371; x_wconf 82' lang='lat' dir='ltr'><strong>LIB.</strong></span> <span class='ocrx_word' id='word_1_7' title='bbox 2576 318 2677 372; x_wconf 72' lang='grc' dir='ltr'><strong>γει.</strong></span> 
     </span>
    </p>
   </div>
   <div class='ocr_carea' id='block_1_3' title="bbox 3425 320 3533 374">
    <p class='ocr_par' dir='ltr' id='par_1_3' title="bbox 3425 320 3533 374">
     <span class='ocr_line' id='line_1_3' title="bbox 3425 320 3533 374; baseline 0.037 -3"><span class='ocrx_word' id='word_1_8' title='bbox 3425 320 3533 374; x_wconf 72' lang='lat'><strong>682</strong></span> 
     </span>
    </p>
   </div>
   <div class='ocr_carea' id='block_1_4' title="bbox 274 427 3527 499">
    <p class='ocr_par' dir='ltr' id='par_1_4' title="bbox 274 427 3527 499">
     <span class='ocr_line' id='line_1_4' title="bbox 274 427 3527 499; baseline 0 -14"><span class='ocrx_word' id='word_1_9' title='bbox 274 432 415 485; x_wconf 83' lang='lat' dir='ltr'><strong>male</strong></span> <span class='ocrx_word' id='word_1_10' title='bbox 462 430 528 485; x_wconf 82' lang='lat' dir='ltr'><strong>de</strong></span> <span class='ocrx_word' id='word_1_11' title='bbox 578 431 740 485; x_wconf 65' lang='lat' dir='ltr'><strong>beato</strong></span> <span class='ocrx_word' id='word_1_12' title='bbox 789 430 985 499; x_wconf 74' lang='lat' dir='ltr'><strong>Cyrillo</strong></span> <span class='ocrx_word' id='word_1_13' title='bbox 1030 432 1312 495; x_wconf 87' lang='lat' dir='ltr'><strong>sentirent,</strong></span> <span class='ocrx_word' id='word_1_14' title='bbox 1360 441 1411 484; x_wconf 91' lang='lat' dir='ltr'><strong>et</strong></span> <span class='ocrx_word' id='word_1_15' title='bbox 1466 431 1534 484; x_wconf 93' lang='lat' dir='ltr'><strong>ob</strong></span> <span class='ocrx_word' id='word_1_16' title='bbox 1564 432 1662 483; x_wconf 93' lang='lat' dir='ltr'><strong>hoc</strong></span> <span class='ocrx_word' id='word_1_17' title='bbox 1689 429 1846 483; x_wconf 86' lang='lat' dir='ltr'><strong>etiam</strong></span> <span class='ocrx_word' id='word_1_18' title='bbox 1880 435 1929 491; x_wconf 79' lang='grc' dir='ltr'><strong>Α</strong></span> <span class='ocrx_word' id='word_1_19' title='bbox 1962 427 2104 481; x_wconf 78' lang='lat' dir='ltr'><strong>tibus</strong></span> <span class='ocrx_word' id='word_1_20' title='bbox 2151 429 2472 497; x_wconf 86' lang='lat' dir='ltr'><strong>respondeat</strong></span> <span class='ocrx_word' id='word_1_21' title='bbox 2503 430 2669 497; x_wconf 91' lang='lat' dir='ltr'><strong>novit,</strong></span> <span class='ocrx_word' id='word_1_22' title='bbox 2712 443 2884 497; x_wconf 85' lang='lat' dir='ltr'><strong>neque</strong></span> <span class='ocrx_word' id='word_1_23' title='bbox 2918 429 3155 497; x_wconf 86' lang='lat' dir='ltr'><strong>paternis</strong></span> <span class='ocrx_word' id='word_1_24' title='bbox 3202 430 3527 485; x_wconf 70' lang='lat' dir='ltr'><strong>definitioni-</strong></span> 
     </span>
    </p>
   </div>
   <div class='ocr_carea' id='block_1_5' title="bbox 276 520 1844 585">
    <p class='ocr_par' dir='ltr' id='par_1_5' title="bbox 276 520 1844 585">
     <span class='ocr_line' id='line_1_5' title="bbox 276 520 1844 585; baseline 0.001 -12"><span class='ocrx_word' id='word_1_25' title='bbox 276 521 621 575; x_wconf 84' lang='lat' dir='ltr'><strong>vehementer</strong></span> <span class='ocrx_word' id='word_1_26' title='bbox 652 522 668 551; x_wconf 83' lang='grc'>¹</span> <span class='ocrx_word' id='word_1_27' title='bbox 707 520 1122 585; x_wconf 74' lang='lat' dir='ltr'><strong>insectarentur,</strong></span> <span class='ocrx_word' id='word_1_28' title='bbox 1155 521 1442 574; x_wconf 84' lang='lat' dir='ltr'><strong>venerabili</strong></span> <span class='ocrx_word' id='word_1_29' title='bbox 1480 532 1655 573; x_wconf 87' lang='lat' dir='ltr'><strong>tamen</strong></span> <span class='ocrx_word' id='word_1_30' title='bbox 1682 520 1844 574; x_wconf 86' lang='lat' dir='ltr'><strong>Paulo</strong></span> 
     </span>
    </p>
   </div>
   <div class='ocr_carea' id='block_1_6' title="bbox 276 608 1853 677">
    <p class='ocr_par' dir='ltr' id='par_1_6' title="bbox 276 608 1853 677">
     <span class='ocr_line' id='line_1_6' title="bbox 276 608 1853 677; baseline -0.001 -14"><span class='ocrx_word' id='word_1_31' title='bbox 276 610 541 663; x_wconf 77' lang='lat' dir='ltr'><strong>Emeseno</strong></span> <span class='ocrx_word' id='word_1_32' title='bbox 586 608 837 677; x_wconf 60' lang='lat' dir='ltr'><strong>episctipo</strong></span> <span class='ocrx_word' id='word_1_33' title='bbox 869 609 1133 661; x_wconf 84' lang='lat' dir='ltr'><strong>mediante</strong></span> <span class='ocrx_word' id='word_1_34' title='bbox 1158 611 1511 676; x_wconf 86' lang='lat' dir='ltr'><strong>comperimus</strong></span> <span class='ocrx_word' id='word_1_35' title='bbox 1540 609 1679 677; x_wconf 89' lang='lat' dir='ltr'><strong>quod</strong></span> <span class='ocrx_word' id='word_1_36' title='bbox 1712 618 1853 662; x_wconf 88' lang='lat' dir='ltr'><strong>utra-</strong></span> 
     </span>
    </p>
   </div>
   <div class='ocr_carea' id='block_1_7' title="bbox 272 699 1854 769">
    <p class='ocr_par' dir='ltr' id='par_1_7' title="bbox 272 699 1854 769">
     <span class='ocr_line' id='line_1_7' title="bbox 272 699 1854 769; baseline 0 -16"><span class='ocrx_word' id='word_1_37' title='bbox 272 716 377 769; x_wconf 90' lang='lat' dir='ltr'><strong>que</strong></span> <span class='ocrx_word' id='word_1_38' title='bbox 410 715 531 768; x_wconf 89' lang='lat' dir='ltr'><strong>pars</strong></span> <span class='ocrx_word' id='word_1_39' title='bbox 572 714 674 768; x_wconf 83' lang='lat' dir='ltr'><strong>pro</strong></span> <span class='ocrx_word' id='word_1_40' title='bbox 726 714 828 752; x_wconf 83' lang='lat' dir='ltr'><strong>una</strong></span> <span class='ocrx_word' id='word_1_41' title='bbox 870 699 1159 766; x_wconf 84' lang='lat' dir='ltr'><strong>eademque</strong></span> <span class='ocrx_word' id='word_1_42' title='bbox 1193 699 1294 752; x_wconf 82' lang='lat' dir='ltr'><strong>ﬁde</strong></span> <span class='ocrx_word' id='word_1_43' title='bbox 1338 699 1607 753; x_wconf 89' lang='lat' dir='ltr'><strong>certabat:</strong></span> <span class='ocrx_word' id='word_1_44' title='bbox 1651 710 1854 755; x_wconf 85' lang='lat' dir='ltr'><strong>cumet</strong></span> 
     </span>
    </p>
   </div>
   <div class='ocr_carea' id='block_1_8' title="bbox 272 789 1851 860">
    <p class='ocr_par' dir='ltr' id='par_1_8' title="bbox 272 789 1851 860">
     <span class='ocr_line' id='line_1_8' title="bbox 272 789 1851 860; baseline 0 -16"><span class='ocrx_word' id='word_1_45' title='bbox 272 790 574 844; x_wconf 81' lang='lat' dir='ltr'><strong>Orientales</strong></span> <span class='ocrx_word' id='word_1_46' title='bbox 627 789 756 842; x_wconf 81' lang='lat' dir='ltr'><strong>nihil</strong></span> <span class='ocrx_word' id='word_1_47' title='bbox 803 789 948 843; x_wconf 86' lang='lat' dir='ltr'><strong>aliud</strong></span> <span class='ocrx_word' id='word_1_48' title='bbox 1007 805 1036 842; x_wconf 95' lang='lat' dir='ltr'><strong>a</strong></span> <span class='ocrx_word' id='word_1_49' title='bbox 1068 789 1223 843; x_wconf 88' lang='lat' dir='ltr'><strong>beato</strong></span> <span class='ocrx_word' id='word_1_50' title='bbox 1262 790 1461 860; x_wconf 77' lang='lat' dir='ltr'><strong>Cyrillo</strong></span> <span class='ocrx_word' id='word_1_51' title='bbox 1491 793 1851 844; x_wconf 87' lang='lat' dir='ltr'><strong>conﬁtendum</strong></span> 
     </span>
    </p>
   </div>
   <div class='ocr_carea' id='block_1_9' title="bbox 274 881 1849 949">
    <p class='ocr_par' dir='ltr' id='par_1_9' title="bbox 274 881 1849 949">
     <span class='ocr_line' id='line_1_9' title="bbox 274 881 1849 949; baseline -0.001 -14"><span class='ocrx_word' id='word_1_52' title='bbox 274 890 658 948; x_wconf 65' lang='lat' dir='ltr'><strong>exsliectarent</strong></span> <span class='ocrx_word' id='word_1_53' title='bbox 697 896 855 949; x_wconf 90' lang='lat' dir='ltr'><strong>quam</strong></span> <span class='ocrx_word' id='word_1_54' title='bbox 882 881 1049 934; x_wconf 88' lang='lat' dir='ltr'><strong>tenuit</strong></span> <span class='ocrx_word' id='word_1_55' title='bbox 1090 896 1304 949; x_wconf 87' lang='lat' dir='ltr'><strong>semper</strong></span> <span class='ocrx_word' id='word_1_56' title='bbox 1336 890 1389 935; x_wconf 91' lang='lat' dir='ltr'><strong>et</strong></span> <span class='ocrx_word' id='word_1_57' title='bbox 1413 890 1555 935; x_wconf 89' lang='lat' dir='ltr'><strong>tenet</strong></span> <span class='ocrx_word' id='word_1_58' title='bbox 1580 882 1849 947; x_wconf 84' lang='lat' dir='ltr'><strong>Lcclesia;</strong></span> 
     </span>
    </p>
   </div>
   <div class='ocr_carea' id='block_1_10' title="bbox 273 971 1854 1042">
    <p class='ocr_par' dir='ltr' id='par_1_10' title="bbox 273 971 1854 1042">
     <span class='ocr_line' id='line_1_10' title="bbox 273 971 1854 1042; baseline -0.003 -15"><span class='ocrx_word' id='word_1_59' title='bbox 273 984 328 1028; x_wconf 90' lang='lat' dir='ltr'><strong>et</strong></span> <span class='ocrx_word' id='word_1_60' title='bbox 375 973 563 1027; x_wconf 85' lang='lat' dir='ltr'><strong>beatus</strong></span> <span class='ocrx_word' id='word_1_61' title='bbox 607 972 838 1041; x_wconf 79' lang='lat' dir='ltr'><strong>Cyrillus</strong></span> <span class='ocrx_word' id='word_1_62' title='bbox 867 972 1006 1039; x_wconf 91' lang='lat' dir='ltr'><strong>quod</strong></span> <span class='ocrx_word' id='word_1_63' title='bbox 1050 971 1459 1038; x_wconf 74' lang='lat' dir='ltr'><strong>eXSpectabatur</strong></span> <span class='ocrx_word' id='word_1_64' title='bbox 1509 988 1628 1024; x_wconf 89' lang='lat' dir='ltr'><strong>cum</strong></span> <span class='ocrx_word' id='word_1_65' title='bbox 1664 988 1854 1042; x_wconf 78' lang='lat' dir='ltr'><strong>magna</strong></span> 
     </span>
    </p>
   </div>
   <div class='ocr_carea' id='block_1_11' title="bbox 272 1062 1853 1132">
    <p class='ocr_par' dir='ltr' id='par_1_11' title="bbox 272 1062 1853 1132">
     <span class='ocr_line' id='line_1_11' title="bbox 272 1062 1853 1132; baseline 0.001 -15"><span class='ocrx_word' id='word_1_66' title='bbox 272 1062 632 1117; x_wconf 75' lang='lat' dir='ltr'><strong>exsultatione</strong></span> <span class='ocrx_word' id='word_1_67' title='bbox 678 1062 985 1132; x_wconf 90' lang='lat' dir='ltr'><strong>perﬁceret,</strong></span> <span class='ocrx_word' id='word_1_68' title='bbox 1016 1064 1403 1117; x_wconf 90' lang='lat' dir='ltr'><strong>confessionem</strong></span> <span class='ocrx_word' id='word_1_69' title='bbox 1458 1078 1642 1117; x_wconf 87' lang='lat' dir='ltr'><strong>eorum</strong></span> <span class='ocrx_word' id='word_1_70' title='bbox 1674 1064 1741 1118; x_wconf 94' lang='lat' dir='ltr'><strong>de</strong></span> <span class='ocrx_word' id='word_1_71' title='bbox 1770 1065 1853 1118; x_wconf 90' lang='lat' dir='ltr'><strong>in-</strong></span> 
     </span>
    </p>
   </div>
   <div class='ocr_carea' id='block_1_12' title="bbox 272 1153 1851 1225">
    <p class='ocr_par' dir='ltr' id='par_1_12' title="bbox 272 1153 1851 1225">
     <span class='ocr_line' id='line_1_12' title="bbox 272 1153 1851 1225; baseline 0.001 -16"><span class='ocrx_word' id='word_1_72' title='bbox 272 1155 601 1209; x_wconf 89' lang='lat' dir='ltr'><strong>carnationis</strong></span> <span class='ocrx_word' id='word_1_73' title='bbox 641 1153 835 1208; x_wconf 68' lang='lat' dir='ltr'><strong>divina:</strong></span> <span class='ocrx_word' id='word_1_74' title='bbox 862 1155 1119 1222; x_wconf 82' lang='lat' dir='ltr'><strong>mysterio</strong></span> <span class='ocrx_word' id='word_1_75' title='bbox 1167 1154 1537 1209; x_wconf 86' lang='lat' dir='ltr'><strong>desideranter</strong></span> <span class='ocrx_word' id='word_1_76' title='bbox 1559 1156 1851 1225; x_wconf 87' lang='lat' dir='ltr'><strong>accipiens,</strong></span> 
     </span>
    </p>
   </div>
   <div class='ocr_carea' id='block_1_13' title="bbox 273 1242 1855 1315">
    <p class='ocr_par' dir='ltr' id='par_1_13' title="bbox 273 1242 1855 1315">
     <span class='ocr_line' id='line_1_13' title="bbox 273 1242 1855 1315; baseline 0.002 -18"><span class='ocrx_word' id='word_1_77' title='bbox 273 1259 531 1315; x_wconf 87' lang='lat' dir='ltr'><strong>suamque</strong></span> <span class='ocrx_word' id='word_1_78' title='bbox 562 1257 682 1299; x_wconf 88' lang='lat' dir='ltr'><strong>esse</strong></span> <span class='ocrx_word' id='word_1_79' title='bbox 729 1252 1056 1311; x_wconf 88' lang='lat' dir='ltr'><strong>protestans.</strong></span> <span class='ocrx_word' id='word_1_80' title='bbox 1088 1242 1241 1298; x_wconf 88' lang='lat' dir='ltr'><strong>Unde</strong></span> <span class='ocrx_word' id='word_1_81' title='bbox 1293 1245 1382 1313; x_wconf 89' lang='lat' dir='ltr'><strong>qui</strong></span> <span class='ocrx_word' id='word_1_82' title='bbox 1410 1245 1545 1297; x_wconf 89' lang='lat' dir='ltr'><strong>bene</strong></span> <span class='ocrx_word' id='word_1_83' title='bbox 1572 1246 1639 1299; x_wconf 87' lang='lat' dir='ltr'><strong>de</strong></span> <span class='ocrx_word' id='word_1_84' title='bbox 1657 1246 1855 1315; x_wconf 71' lang='lat' dir='ltr'><strong>Cyrillo</strong></span> 
     </span>
    </p>
   </div>
   <div class='ocr_carea' id='block_1_14' title="bbox 272 1335 1855 1407">
    <p class='ocr_par' dir='ltr' id='par_1_14' title="bbox 272 1335 1855 1407">
     <span class='ocr_line' id='line_1_14' title="bbox 272 1335 1855 1407; baseline -0.001 -16"><span class='ocrx_word' id='word_1_85' title='bbox 272 1339 457 1401; x_wconf 87' lang='lat' dir='ltr'><strong>sentit,</strong></span> <span class='ocrx_word' id='word_1_86' title='bbox 483 1338 571 1405; x_wconf 90' lang='lat' dir='ltr'><strong>qui</strong></span> <span class='ocrx_word' id='word_1_87' title='bbox 594 1352 712 1391; x_wconf 90' lang='lat' dir='ltr'><strong>eum</strong></span> <span class='ocrx_word' id='word_1_88' title='bbox 762 1351 890 1390; x_wconf 87' lang='lat' dir='ltr'><strong>vere</strong></span> <span class='ocrx_word' id='word_1_89' title='bbox 918 1336 1195 1402; x_wconf 77' lang='lat' dir='ltr'><strong>apostolici</strong></span> <span class='ocrx_word' id='word_1_90' title='bbox 1226 1335 1397 1389; x_wconf 88' lang='lat' dir='ltr'><strong>credit</strong></span> <span class='ocrx_word' id='word_1_91' title='bbox 1433 1336 1676 1405; x_wconf 83' lang='lat' dir='ltr'><strong>affecms,</strong></span> <span class='ocrx_word' id='word_1_92' title='bbox 1712 1338 1855 1407; x_wconf 82' lang='lat' dir='ltr'><strong>cogi-</strong></span> 
     </span>
    </p>
   </div>
   <div class='ocr_carea' id='block_1_15' title="bbox 273 1425 1855 1494">
    <p class='ocr_par' dir='ltr' id='par_1_15' title="bbox 273 1425 1855 1494">
     <span class='ocr_line' id='line_1_15' title="bbox 273 1425 1855 1494; baseline 0.001 -13"><span class='ocrx_word' id='word_1_93' title='bbox 273 1436 390 1481; x_wconf 86' lang='lat' dir='ltr'><strong>tare</strong></span> <span class='ocrx_word' id='word_1_94' title='bbox 411 1426 569 1480; x_wconf 83' lang='lat' dir='ltr'><strong>debet</strong></span> <span class='ocrx_word' id='word_1_95' title='bbox 597 1436 851 1494; x_wconf 88' lang='lat' dir='ltr'><strong>quantum</strong></span> <span class='ocrx_word' id='word_1_96' title='bbox 877 1425 1148 1481; x_wconf 80' lang='lat' dir='ltr'><strong>exsultare</strong></span> <span class='ocrx_word' id='word_1_97' title='bbox 1172 1428 1417 1494; x_wconf 87' lang='lat' dir='ltr'><strong>potuerit,</strong></span> <span class='ocrx_word' id='word_1_98' title='bbox 1453 1429 1636 1483; x_wconf 78' lang='lat' dir='ltr'><strong>tideus</strong></span> <span class='ocrx_word' id='word_1_99' title='bbox 1665 1431 1855 1483; x_wconf 89' lang='lat' dir='ltr'><strong>adver-</strong></span> 
     </span>
    </p>
   </div>
   <div class='ocr_carea' id='block_1_16' title="bbox 272 1515 1856 1588">
    <p class='ocr_par' dir='ltr' id='par_1_16' title="bbox 272 1515 1856 1588">
     <span class='ocr_line' id='line_1_16' title="bbox 272 1515 1856 1588; baseline 0.003 -19"><span class='ocrx_word' id='word_1_100' title='bbox 272 1530 391 1570; x_wconf 89' lang='lat' dir='ltr'><strong>sum</strong></span> <span class='ocrx_word' id='word_1_101' title='bbox 436 1531 495 1571; x_wconf 88' lang='lat' dir='ltr'><strong>se</strong></span> <span class='ocrx_word' id='word_1_102' title='bbox 535 1516 706 1570; x_wconf 82' lang='lat' dir='ltr'><strong>zelum</strong></span> <span class='ocrx_word' id='word_1_103' title='bbox 763 1515 1000 1581; x_wconf 82' lang='lat' dir='ltr'><strong>Patrum,</strong></span> <span class='ocrx_word' id='word_1_104' title='bbox 1058 1517 1288 1570; x_wconf 74' lang='lat' dir='ltr'><strong>maxime</strong></span> <span class='ocrx_word' id='word_1_105' title='bbox 1340 1518 1699 1583; x_wconf 80' lang='lat' dir='ltr'><strong>orientalium,</strong></span> <span class='ocrx_word' id='word_1_106' title='bbox 1762 1535 1856 1588; x_wconf 88' lang='lat' dir='ltr'><strong>pro</strong></span> 
     </span>
    </p>
   </div>
   <div class='ocr_carea' id='block_1_17' title="bbox 276 1608 1852 1677">
    <p class='ocr_par' dir='ltr' id='par_1_17' title="bbox 276 1608 1852 1677">
     <span class='ocr_line' id='line_1_17' title="bbox 276 1608 1852 1677; baseline 0.002 -16"><span class='ocrx_word' id='word_1_107' title='bbox 276 1608 399 1662; x_wconf 90' lang='lat' dir='ltr'><strong>ﬁdei</strong></span> <span class='ocrx_word' id='word_1_108' title='bbox 447 1623 603 1677; x_wconf 86' lang='lat' dir='ltr'><strong>quam</strong></span> <span class='ocrx_word' id='word_1_109' title='bbox 655 1608 770 1675; x_wconf 89' lang='lat' dir='ltr'><strong>ipse</strong></span> <span class='ocrx_word' id='word_1_110' title='bbox 813 1622 1026 1677; x_wconf 89' lang='lat' dir='ltr'><strong>quoque</strong></span> <span class='ocrx_word' id='word_1_111' title='bbox 1082 1609 1296 1662; x_wconf 90' lang='lat' dir='ltr'><strong>tenebat</strong></span> <span class='ocrx_word' id='word_1_112' title='bbox 1349 1610 1570 1663; x_wconf 86' lang='lat' dir='ltr'><strong>veritate</strong></span> <span class='ocrx_word' id='word_1_113' title='bbox 1621 1610 1852 1665; x_wconf 77' lang='lat' dir='ltr'><strong>fervere.</strong></span> 
     </span>
    </p>
   </div>
   <div class='ocr_carea' id='block_1_18' title="bbox 273 1694 1845 1769">
    <p class='ocr_par' dir='ltr' id='par_1_18' title="bbox 273 1694 1845 1769">
     <span class='ocr_line' id='line_1_18' title="bbox 273 1694 1845 1769; baseline 0.003 -18"><span class='ocrx_word' id='word_1_114' title='bbox 273 1698 390 1752; x_wconf 60' lang='lat' dir='ltr'><strong>Non</strong></span> <span class='ocrx_word' id='word_1_115' title='bbox 440 1700 581 1753; x_wconf 89' lang='lat' dir='ltr'><strong>enim</strong></span> <span class='ocrx_word' id='word_1_116' title='bbox 617 1699 750 1751; x_wconf 88' lang='lat' dir='ltr'><strong>tanti</strong></span> <span class='ocrx_word' id='word_1_117' title='bbox 784 1697 1041 1766; x_wconf 90' lang='lat' dir='ltr'><strong>penderet</strong></span> <span class='ocrx_word' id='word_1_118' title='bbox 1082 1700 1161 1752; x_wconf 90' lang='lat' dir='ltr'><strong>vir</strong></span> <span class='ocrx_word' id='word_1_119' title='bbox 1208 1701 1599 1765; x_wconf 85' lang='lat' dir='ltr'><strong>sanctissimus,</strong></span> <span class='ocrx_word' id='word_1_120' title='bbox 1632 1702 1768 1769; x_wconf 90' lang='lat' dir='ltr'><strong>quod</strong></span> <span class='ocrx_word' id='word_1_121' title='bbox 1793 1694 1845 1755; x_wconf 82' lang='lat' dir='ltr'><strong>in</strong></span> 
     </span>
    </p>
   </div>
   <div class='ocr_carea' id='block_1_19' title="bbox 1962 520 3531 591">
    <p class='ocr_par' dir='ltr' id='par_1_19' title="bbox 1962 520 3531 591">
     <span class='ocr_line' id='line_1_19' title="bbox 1962 520 3531 591; baseline 0.003 -18"><span class='ocrx_word' id='word_1_122' title='bbox 1962 521 2059 573; x_wconf 87' lang='lat' dir='ltr'><strong>bus</strong></span> <span class='ocrx_word' id='word_1_123' title='bbox 2080 521 2386 589; x_wconf 85' lang='lat' dir='ltr'><strong>acquiescit.</strong></span> <span class='ocrx_word' id='word_1_124' title='bbox 2436 521 2568 574; x_wconf 88' lang='lat' dir='ltr'><strong>llinc</strong></span> <span class='ocrx_word' id='word_1_125' title='bbox 2597 532 2676 575; x_wconf 89' lang='lat' dir='ltr'><strong>est</strong></span> <span class='ocrx_word' id='word_1_126' title='bbox 2716 522 2857 589; x_wconf 88' lang='lat' dir='ltr'><strong>quod</strong></span> <span class='ocrx_word' id='word_1_127' title='bbox 2889 520 3043 577; x_wconf 82' lang='lat' dir='ltr'><strong>facile</strong></span> <span class='ocrx_word' id='word_1_128' title='bbox 3094 522 3373 591; x_wconf 89' lang='lat' dir='ltr'><strong>decipitur,</strong></span> <span class='ocrx_word' id='word_1_129' title='bbox 3407 522 3531 578; x_wconf 88' lang='lat' dir='ltr'><strong>hinc</strong></span> 
     </span>
    </p>
   </div>
   <div class='ocr_carea' id='block_1_20' title="bbox 1957 610 3531 685">
    <p class='ocr_par' dir='ltr' id='par_1_20' title="bbox 1957 610 3531 685">
     <span class='ocr_line' id='line_1_20' title="bbox 1957 610 3531 685; baseline 0.003 -23"><span class='ocrx_word' id='word_1_130' title='bbox 1957 610 2324 665; x_wconf 67' lang='lat' dir='ltr'><strong>haereticorum</strong></span> <span class='ocrx_word' id='word_1_131' title='bbox 2363 613 2897 667; x_wconf 87' lang='lat' dir='ltr'><strong>circumventionibus</strong></span> <span class='ocrx_word' id='word_1_132' title='bbox 2948 614 3206 680; x_wconf 89' lang='lat' dir='ltr'><strong>irretilur,</strong></span> <span class='ocrx_word' id='word_1_133' title='bbox 3238 617 3403 685; x_wconf 81' lang='lat' dir='ltr'><strong>magis</strong></span> <span class='ocrx_word' id='word_1_134' title='bbox 3453 616 3531 668; x_wconf 91' lang='lat' dir='ltr'><strong>in-</strong></span> 
     </span>
    </p>
   </div>
   <div class='ocr_carea' id='block_1_21' title="bbox 1958 700 3531 772">
    <p class='ocr_par' dir='ltr' id='par_1_21' title="bbox 1958 700 3531 772">
     <span class='ocr_line' id='line_1_21' title="bbox 1958 700 3531 772; baseline 0.004 -20"><span class='ocrx_word' id='word_1_135' title='bbox 1958 700 2133 769; x_wconf 90' lang='lat' dir='ltr'><strong>quieta</strong></span> <span class='ocrx_word' id='word_1_136' title='bbox 2161 716 2317 768; x_wconf 91' lang='lat' dir='ltr'><strong>quam</strong></span> <span class='ocrx_word' id='word_1_137' title='bbox 2347 701 2519 755; x_wconf 89' lang='lat' dir='ltr'><strong>fortis.</strong></span> <span class='ocrx_word' id='word_1_138' title='bbox 2552 702 2658 754; x_wconf 86' lang='lat' dir='ltr'><strong>Nos</strong></span> <span class='ocrx_word' id='word_1_139' title='bbox 2679 713 2877 766; x_wconf 87' lang='lat' dir='ltr'><strong>autem,</strong></span> <span class='ocrx_word' id='word_1_140' title='bbox 2908 703 3048 772; x_wconf 90' lang='lat' dir='ltr'><strong>quod</strong></span> <span class='ocrx_word' id='word_1_141' title='bbox 3074 712 3155 757; x_wconf 90' lang='lat' dir='ltr'><strong>est</strong></span> <span class='ocrx_word' id='word_1_142' title='bbox 3185 706 3329 772; x_wconf 89' lang='lat' dir='ltr'><strong>prius</strong></span> <span class='ocrx_word' id='word_1_143' title='bbox 3356 719 3417 758; x_wconf 89' lang='lat' dir='ltr'><strong>ac</strong></span> <span class='ocrx_word' id='word_1_144' title='bbox 3448 716 3531 758; x_wconf 87' lang='lat' dir='ltr'><strong>tu-</strong></span> 
     </span>
    </p>
   </div>
   <div class='ocr_carea' id='block_1_22' title="bbox 1956 793 3531 866">
    <p class='ocr_par' dir='ltr' id='par_1_22' title="bbox 1956 793 3531 866">
     <span class='ocr_line' id='line_1_22' title="bbox 1956 793 3531 866; baseline 0.006 -21"><span class='ocrx_word' id='word_1_145' title='bbox 1956 793 2083 857; x_wconf 88' lang='lat' dir='ltr'><strong>tius,</strong></span> <span class='ocrx_word' id='word_1_146' title='bbox 2135 803 2440 849; x_wconf 83' lang='lat' dir='ltr'><strong>sanctorum</strong></span> <span class='ocrx_word' id='word_1_147' title='bbox 2491 794 2709 847; x_wconf 89' lang='lat' dir='ltr'><strong>Patrum</strong></span> <span class='ocrx_word' id='word_1_148' title='bbox 2764 796 3069 849; x_wconf 82' lang='lat' dir='ltr'><strong>couStitutis</strong></span> <span class='ocrx_word' id='word_1_149' title='bbox 3118 796 3324 865; x_wconf 90' lang='lat' dir='ltr'><strong>placido</strong></span> <span class='ocrx_word' id='word_1_150' title='bbox 3371 806 3531 866; x_wconf 86' lang='lat' dir='ltr'><strong>atque</strong></span> 
     </span>
    </p>
   </div>
   <div class='ocr_carea' id='block_1_23' title="bbox 1957 883 3528 953">
    <p class='ocr_par' dir='ltr' id='par_1_23' title="bbox 1957 883 3528 953">
     <span class='ocr_line' id='line_1_23' title="bbox 1957 883 3528 953; baseline 0.004 -17"><span class='ocrx_word' id='word_1_151' title='bbox 1957 883 2147 938; x_wconf 84' lang='lat' dir='ltr'><strong>humili</strong></span> <span class='ocrx_word' id='word_1_152' title='bbox 2186 886 2349 939; x_wconf 89' lang='lat' dir='ltr'><strong>corde</strong></span> <span class='ocrx_word' id='word_1_153' title='bbox 2393 885 2640 953; x_wconf 81' lang='lat' dir='ltr'><strong>subjecti,</strong></span> <span class='ocrx_word' id='word_1_154' title='bbox 2675 900 2861 939; x_wconf 91' lang='lat' dir='ltr'><strong>eorum</strong></span> <span class='ocrx_word' id='word_1_155' title='bbox 2894 886 3208 941; x_wconf 86' lang='lat' dir='ltr'><strong>auctoritate</strong></span> <span class='ocrx_word' id='word_1_156' title='bbox 3235 889 3528 943; x_wconf 77' lang='lat' dir='ltr'><strong>ﬁrmantur.</strong></span> 
     </span>
    </p>
   </div>
   <div class='ocr_carea' id='block_1_24' title="bbox 1957 974 3530 1048">
    <p class='ocr_par' dir='ltr' id='par_1_24' title="bbox 1957 974 3530 1048">
     <span class='ocr_line' id='line_1_24' title="bbox 1957 974 3530 1048; baseline 0.003 -20"><span class='ocrx_word' id='word_1_157' title='bbox 1957 974 2160 1029; x_wconf 82' lang='lat' dir='ltr'><strong>Dehinc</strong></span> <span class='ocrx_word' id='word_1_158' title='bbox 2188 976 2347 1029; x_wconf 90' lang='lat' dir='ltr'><strong>etiam</strong></span> <span class='ocrx_word' id='word_1_159' title='bbox 2380 976 2721 1044; x_wconf 79' lang='lat' dir='ltr'><strong>intelligimus</strong></span> <span class='ocrx_word' id='word_1_160' title='bbox 2750 975 2889 1043; x_wconf 90' lang='lat' dir='ltr'><strong>quod</strong></span> <span class='ocrx_word' id='word_1_161' title='bbox 2918 988 3100 1029; x_wconf 84' lang='lat' dir='ltr'><strong>sancta</strong></span> <span class='ocrx_word' id='word_1_162' title='bbox 3131 977 3365 1045; x_wconf 86' lang='lat' dir='ltr'><strong>synodus</strong></span> <span class='ocrx_word' id='word_1_163' title='bbox 3402 994 3530 1048; x_wconf 87' lang='lat' dir='ltr'><strong>pru-</strong></span> 
     </span>
    </p>
   </div>
   <div class='ocr_carea' id='block_1_25' title="bbox 1957 1065 3528 1136">
    <p class='ocr_par' dir='ltr' id='par_1_25' title="bbox 1957 1065 3528 1136">
     <span class='ocr_line' id='line_1_25' title="bbox 1957 1065 3528 1136; baseline 0.003 -17"><span class='ocrx_word' id='word_1_164' title='bbox 1957 1065 2145 1120; x_wconf 83' lang='lat' dir='ltr'><strong>denter</strong></span> <span class='ocrx_word' id='word_1_165' title='bbox 2196 1066 2547 1121; x_wconf 91' lang='lat' dir='ltr'><strong>intentionem</strong></span> <span class='ocrx_word' id='word_1_166' title='bbox 2592 1066 2846 1136; x_wconf 86' lang='lat' dir='ltr'><strong>Eutyebis</strong></span> <span class='ocrx_word' id='word_1_167' title='bbox 2876 1074 3037 1135; x_wconf 83' lang='lat' dir='ltr'><strong>atque</strong></span> <span class='ocrx_word' id='word_1_168' title='bbox 3066 1067 3173 1121; x_wconf 75' lang='lat' dir='ltr'><strong>Iba:</strong></span> <span class='ocrx_word' id='word_1_169' title='bbox 3213 1068 3528 1136; x_wconf 87' lang='lat' dir='ltr'><strong>dijudicans,</strong></span> 
     </span>
    </p>
   </div>
   <div class='ocr_carea' id='block_1_26' title="bbox 1955 1157 3529 1229">
    <p class='ocr_par' dir='ltr' id='par_1_26' title="bbox 1955 1157 3529 1229">
     <span class='ocr_line' id='line_1_26' title="bbox 1955 1157 3529 1229; baseline 0.004 -20"><span class='ocrx_word' id='word_1_170' title='bbox 1955 1157 2256 1211; x_wconf 88' lang='lat' dir='ltr'><strong>sicutillum</strong></span> <span class='ocrx_word' id='word_1_171' title='bbox 2284 1157 2762 1227; x_wconf 85' lang='lat' dir='ltr'><strong>sacrilegumjuste</strong></span> <span class='ocrx_word' id='word_1_172' title='bbox 2806 1157 3099 1221; x_wconf 87' lang='lat' dir='ltr'><strong>damnavit,</strong></span> <span class='ocrx_word' id='word_1_173' title='bbox 3134 1159 3357 1229; x_wconf 86' lang='lat' dir='ltr'><strong>ejusque</strong></span> <span class='ocrx_word' id='word_1_174' title='bbox 3399 1162 3529 1229; x_wconf 78' lang='lat' dir='ltr'><strong>dog~</strong></span> 
     </span>
    </p>
   </div>
   <div class='ocr_carea' id='block_1_27' title="bbox 1957 1247 3540 1317">
    <p class='ocr_par' dir='ltr' id='par_1_27' title="bbox 1957 1247 3540 1317">
     <span class='ocr_line' id='line_1_27' title="bbox 1957 1247 3540 1317; baseline 0.003 -18"><span class='ocrx_word' id='word_1_175' title='bbox 1957 1260 2064 1309; x_wconf 88' lang='lat' dir='ltr'><strong>ma,</strong></span> <span class='ocrx_word' id='word_1_176' title='bbox 2107 1247 2349 1313; x_wconf 83' lang='lat' dir='ltr'><strong>quamvis</strong></span> <span class='ocrx_word' id='word_1_177' title='bbox 2379 1247 2591 1301; x_wconf 88' lang='lat' dir='ltr'><strong>beatum</strong></span> <span class='ocrx_word' id='word_1_178' title='bbox 2643 1247 2897 1316; x_wconf 82' lang='lat' dir='ltr'><strong>Cyrillum</strong></span> <span class='ocrx_word' id='word_1_179' title='bbox 2930 1248 3187 1313; x_wconf 88' lang='lat' dir='ltr'><strong>laudaret,</strong></span> <span class='ocrx_word' id='word_1_180' title='bbox 3224 1252 3540 1317; x_wconf 35' lang='lat' dir='ltr'><strong>pronuntias</strong></span> 
     </span>
    </p>
   </div>
   <div class='ocr_carea' id='block_1_28' title="bbox 1957 1333 3530 1406">
    <p class='ocr_par' dir='ltr' id='par_1_28' title="bbox 1957 1333 3530 1406">
     <span class='ocr_line' id='line_1_28' title="bbox 1957 1333 3530 1406; baseline 0.005 -21"><span class='ocrx_word' id='word_1_181' title='bbox 1957 1333 2034 1385; x_wconf 90' lang='lat' dir='ltr'><strong>vit</strong></span> <span class='ocrx_word' id='word_1_182' title='bbox 2061 1334 2393 1398; x_wconf 72' lang='lat' dir='ltr'><strong>haereticum,</strong></span> <span class='ocrx_word' id='word_1_183' title='bbox 2424 1335 2545 1401; x_wconf 84' lang='lat' dir='ltr'><strong>quia</strong></span> <span class='ocrx_word' id='word_1_184' title='bbox 2578 1336 2733 1388; x_wconf 88' lang='lat' dir='ltr'><strong>ﬁdem</strong></span> <span class='ocrx_word' id='word_1_185' title='bbox 2766 1336 2932 1404; x_wconf 89' lang='lat' dir='ltr'><strong>ipsius</strong></span> <span class='ocrx_word' id='word_1_186' title='bbox 2956 1336 3162 1405; x_wconf 81' lang='lat' dir='ltr'><strong>Cyrilli,</strong></span> <span class='ocrx_word' id='word_1_187' title='bbox 3196 1338 3337 1405; x_wconf 88' lang='lat' dir='ltr'><strong>quod</strong></span> <span class='ocrx_word' id='word_1_188' title='bbox 3368 1341 3530 1406; x_wconf 67' lang='lat' dir='ltr'><strong>magis</strong></span> 
     </span>
    </p>
   </div>
   <div class='ocr_carea' id='block_1_29' title="bbox 1958 1425 3530 1496">
    <p class='ocr_par' dir='ltr' id='par_1_29' title="bbox 1958 1425 3530 1496">
     <span class='ocr_line' id='line_1_29' title="bbox 1958 1425 3530 1496; baseline 0.005 -20"><span class='ocrx_word' id='word_1_189' title='bbox 1958 1425 2342 1479; x_wconf 83' lang='lat' dir='ltr'><strong>attendendum</strong></span> <span class='ocrx_word' id='word_1_190' title='bbox 2398 1426 2589 1489; x_wconf 88' lang='lat' dir='ltr'><strong>fuerat,</strong></span> <span class='ocrx_word' id='word_1_191' title='bbox 2648 1428 2944 1495; x_wconf 86' lang='lat' dir='ltr'><strong>improbat:</strong></span> <span class='ocrx_word' id='word_1_192' title='bbox 2999 1430 3071 1482; x_wconf 89' lang='lat' dir='ltr'><strong>ita</strong></span> <span class='ocrx_word' id='word_1_193' title='bbox 3111 1428 3254 1496; x_wconf 90' lang='lat' dir='ltr'><strong>juste</strong></span> <span class='ocrx_word' id='word_1_194' title='bbox 3285 1445 3530 1484; x_wconf 82' lang='lat' dir='ltr'><strong>reveren-</strong></span> 
     </span>
    </p>
   </div>
   <div class='ocr_carea' id='block_1_30' title="bbox 1959 1515 3531 1591">
    <p class='ocr_par' dir='ltr' id='par_1_30' title="bbox 1959 1515 3531 1591">
     <span class='ocr_line' id='line_1_30' title="bbox 1959 1515 3531 1591; baseline 0.007 -25"><span class='ocrx_word' id='word_1_195' title='bbox 1959 1515 2219 1569; x_wconf 83' lang='lat' dir='ltr'><strong>tissimum</strong></span> <span class='ocrx_word' id='word_1_196' title='bbox 2255 1517 2393 1570; x_wconf 89' lang='lat' dir='ltr'><strong>Ibam</strong></span> <span class='ocrx_word' id='word_1_197' title='bbox 2424 1518 2671 1585; x_wconf 84' lang='lat' dir='ltr'><strong>absolvit,</strong></span> <span class='ocrx_word' id='word_1_198' title='bbox 2705 1518 2925 1588; x_wconf 83' lang='lat' dir='ltr'><strong>ejusque</strong></span> <span class='ocrx_word' id='word_1_199' title='bbox 2951 1520 3250 1588; x_wconf 81' lang='lat' dir='ltr'><strong>epiStolam,</strong></span> <span class='ocrx_word' id='word_1_200' title='bbox 3287 1527 3531 1591; x_wconf 77' lang='lat' dir='ltr'><strong>quamvis</strong></span> 
     </span>
    </p>
   </div>
   <div class='ocr_carea' id='block_1_31' title="bbox 1960 1604 3531 1678">
    <p class='ocr_par' dir='ltr' id='par_1_31' title="bbox 1960 1604 3531 1678">
     <span class='ocr_line' id='line_1_31' title="bbox 1960 1604 3531 1678; baseline 0.006 -21"><span class='ocrx_word' id='word_1_201' title='bbox 1960 1604 2173 1658; x_wconf 90' lang='lat' dir='ltr'><strong>beatum</strong></span> <span class='ocrx_word' id='word_1_202' title='bbox 2205 1605 2457 1674; x_wconf 86' lang='lat' dir='ltr'><strong>Cyrillum</strong></span> <span class='ocrx_word' id='word_1_203' title='bbox 2512 1609 2857 1676; x_wconf 85' lang='lat' dir='ltr'><strong>vituperaret,</strong></span> <span class='ocrx_word' id='word_1_204' title='bbox 2933 1612 3291 1678; x_wconf 90' lang='lat' dir='ltr'><strong>pronuntiavit</strong></span> <span class='ocrx_word' id='word_1_205' title='bbox 3345 1614 3531 1666; x_wconf 52' lang='lat' dir='ltr'><strong>ortho-</strong></span> 
     </span>
    </p>
   </div>
   <div class='ocr_carea' id='block_1_32' title="bbox 1966 1697 3531 1773">
    <p class='ocr_par' dir='ltr' id='par_1_32' title="bbox 1966 1697 3531 1773">
     <span class='ocr_line' id='line_1_32' title="bbox 1966 1697 3531 1773; baseline 0.004 -23"><span class='ocrx_word' id='word_1_206' title='bbox 1966 1697 2181 1762; x_wconf 80' lang='lat' dir='ltr'><strong>doxam,</strong></span> <span class='ocrx_word' id='word_1_207' title='bbox 2212 1700 2337 1766; x_wconf 90' lang='lat' dir='ltr'><strong>quia</strong></span> <span class='ocrx_word' id='word_1_208' title='bbox 2370 1699 2524 1753; x_wconf 89' lang='lat' dir='ltr'><strong>ﬁdem</strong></span> <span class='ocrx_word' id='word_1_209' title='bbox 2573 1700 2737 1768; x_wconf 87' lang='lat' dir='ltr'><strong>ipsius</strong></span> <span class='ocrx_word' id='word_1_210' title='bbox 2767 1700 2976 1770; x_wconf 84' lang='lat' dir='ltr'><strong>Cyrilli,</strong></span> <span class='ocrx_word' id='word_1_211' title='bbox 3007 1704 3147 1769; x_wconf 90' lang='lat' dir='ltr'><strong>quod</strong></span> <span class='ocrx_word' id='word_1_212' title='bbox 3172 1704 3339 1773; x_wconf 88' lang='lat' dir='ltr'><strong>magis</strong></span> <span class='ocrx_word' id='word_1_213' title='bbox 3366 1716 3531 1759; x_wconf 67' lang='lat' dir='ltr'><strong>atteu.</strong></span> 
     </span>
    </p>
   </div>
   <div class='ocr_carea' id='block_1_33' title="bbox 274 1785 3532 1861">
    <p class='ocr_par' dir='ltr' id='par_1_33' title="bbox 274 1785 3532 1861">
     <span class='ocr_line' id='line_1_33' title="bbox 274 1785 3532 1861; baseline 0.002 -19"><span class='ocrx_word' id='word_1_214' title='bbox 274 1792 368 1847; x_wconf 77' lang='lat' dir='ltr'><strong>illn</strong></span> <span class='ocrx_word' id='word_1_215' title='bbox 413 1791 726 1843; x_wconf 78' lang='lat' dir='ltr'><strong>fallebantur</strong></span> <span class='ocrx_word' id='word_1_216' title='bbox 775 1790 857 1842; x_wconf 88' lang='lat' dir='ltr'><strong>sui</strong></span> <span class='ocrx_word' id='word_1_217' title='bbox 911 1790 1151 1858; x_wconf 68' lang='lat' dir='ltr'><strong>collegae,</strong></span> <span class='ocrx_word' id='word_1_218' title='bbox 1187 1792 1367 1859; x_wconf 77' lang='lat' dir='ltr'><strong>quanti</strong></span> <span class='ocrx_word' id='word_1_219' title='bbox 1401 1792 1661 1859; x_wconf 68' lang='lat' dir='ltr'><strong>pendebat</strong></span> <span class='ocrx_word' id='word_1_220' title='bbox 1707 1794 1848 1861; x_wconf 76' lang='lat' dir='ltr'><strong>quod</strong></span> <span class='ocrx_word' id='word_1_221' title='bbox 1883 1793 1925 1850; x_wconf 84' lang='grc' dir='ltr'>Β</span> <span class='ocrx_word' id='word_1_222' title='bbox 1955 1785 2188 1839; x_wconf 90' lang='lat' dir='ltr'><strong>dendum</strong></span> <span class='ocrx_word' id='word_1_223' title='bbox 2216 1787 2407 1851; x_wconf 87' lang='lat' dir='ltr'><strong>fuerat,</strong></span> <span class='ocrx_word' id='word_1_224' title='bbox 2444 1790 2721 1856; x_wconf 90' lang='lat' dir='ltr'><strong>approbat.</strong></span> <span class='ocrx_word' id='word_1_225' title='bbox 2760 1790 2890 1843; x_wconf 84' lang='lat' dir='ltr'><strong>Vide</strong></span> <span class='ocrx_word' id='word_1_226' title='bbox 2939 1791 3064 1858; x_wconf 88' lang='lat' dir='ltr'><strong>quid</strong></span> <span class='ocrx_word' id='word_1_227' title='bbox 3117 1791 3203 1845; x_wconf 92' lang='lat' dir='ltr'><strong>ille</strong></span> <span class='ocrx_word' id='word_1_228' title='bbox 3249 1793 3532 1859; x_wconf 64' lang='lat' dir='ltr'><strong>prwelarus</strong></span> 
     </span>
    </p>
   </div>
   <div class='ocr_carea' id='block_1_34' title="bbox 276 1878 1850 1952">
    <p class='ocr_par' dir='ltr' id='par_1_34' title="bbox 276 1878 1850 1952">
     <span class='ocr_line' id='line_1_34' title="bbox 276 1878 1850 1952; baseline 0.005 -23"><span class='ocrx_word' id='word_1_229' title='bbox 276 1897 373 1945; x_wconf 83' lang='lat' dir='ltr'><strong>pro</strong></span> <span class='ocrx_word' id='word_1_230' title='bbox 425 1880 547 1933; x_wconf 85' lang='lat' dir='ltr'><strong>fidei</strong></span> <span class='ocrx_word' id='word_1_231' title='bbox 590 1880 867 1933; x_wconf 69' lang='lat' dir='ltr'><strong>catholica:</strong></span> <span class='ocrx_word' id='word_1_232' title='bbox 915 1878 1139 1936; x_wconf 81' lang='lat' dir='ltr'><strong>veritate</strong></span> <span class='ocrx_word' id='word_1_233' title='bbox 1187 1883 1521 1945; x_wconf 81' lang='lat' dir='ltr'><strong>eertareut&#39;,</strong></span> <span class='ocrx_word' id='word_1_234' title='bbox 1577 1884 1850 1952; x_wconf 82' lang='lat' dir='ltr'><strong>magisque</strong></span> 
     </span>
    </p>
   </div>
   <div class='ocr_carea' id='block_1_35' title="bbox 273 1970 1847 2042">
    <p class='ocr_par' dir='ltr' id='par_1_35' title="bbox 273 1970 1847 2042">
     <span class='ocr_line' id='line_1_35' title="bbox 273 1970 1847 2042; baseline 0.005 -22"><span class='ocrx_word' id='word_1_235' title='bbox 273 1972 486 2025; x_wconf 81' lang='lat' dir='ltr'><strong>volebat</strong></span> <span class='ocrx_word' id='word_1_236' title='bbox 531 1970 943 2025; x_wconf 89' lang='lat' dir='ltr'><strong>consacerdotes</strong></span> <span class='ocrx_word' id='word_1_237' title='bbox 989 1986 1115 2025; x_wconf 91' lang='lat' dir='ltr'><strong>suos</strong></span> <span class='ocrx_word' id='word_1_238' title='bbox 1163 1986 1400 2025; x_wconf 90' lang='lat' dir='ltr'><strong>errorem</strong></span> <span class='ocrx_word' id='word_1_239' title='bbox 1434 1974 1482 2025; x_wconf 94' lang='lat' dir='ltr'><strong>in</strong></span> <span class='ocrx_word' id='word_1_240' title='bbox 1515 1988 1671 2042; x_wconf 85' lang='lat' dir='ltr'><strong>quem</strong></span> <span class='ocrx_word' id='word_1_241' title='bbox 1701 1974 1847 2028; x_wconf 90' lang='lat' dir='ltr'><strong>illum</strong></span> 
     </span>
    </p>
   </div>
   <div class='ocr_carea' id='block_1_36' title="bbox 275 2062 1850 2133">
    <p class='ocr_par' dir='ltr' id='par_1_36' title="bbox 275 2062 1850 2133">
     <span class='ocr_line' id='line_1_36' title="bbox 275 2062 1850 2133; baseline 0.002 -17"><span class='ocrx_word' id='word_1_242' title='bbox 275 2063 529 2118; x_wconf 82' lang='lat' dir='ltr'><strong>incidisse</strong></span> <span class='ocrx_word' id='word_1_243' title='bbox 586 2071 920 2131; x_wconf 83' lang='lat' dir='ltr'><strong>putaverant,</strong></span> <span class='ocrx_word' id='word_1_244' title='bbox 948 2062 1061 2116; x_wconf 89' lang='lat' dir='ltr'><strong>sine</strong></span> <span class='ocrx_word' id='word_1_245' title='bbox 1095 2078 1335 2130; x_wconf 81' lang='lat' dir='ltr'><strong>personae</strong></span> <span class='ocrx_word' id='word_1_246' title='bbox 1364 2068 1673 2133; x_wconf 73' lang='lat' dir='ltr'><strong>acet-ptione</strong></span> <span class='ocrx_word' id='word_1_247' title='bbox 1702 2066 1850 2119; x_wconf 87' lang='lat' dir='ltr'><strong>dam-</strong></span> 
     </span>
    </p>
   </div>
   <div class='ocr_carea' id='block_1_37' title="bbox 274 2156 1850 2226">
    <p class='ocr_par' dir='ltr' id='par_1_37' title="bbox 274 2156 1850 2226">
     <span class='ocr_line' id='line_1_37' title="bbox 274 2156 1850 2226; baseline 0.003 -18"><span class='ocrx_word' id='word_1_248' title='bbox 274 2171 432 2218; x_wconf 86' lang='lat' dir='ltr'><strong>nare,</strong></span> <span class='ocrx_word' id='word_1_249' title='bbox 487 2171 641 2223; x_wconf 89' lang='lat' dir='ltr'><strong>quam</strong></span> <span class='ocrx_word' id='word_1_250' title='bbox 691 2170 783 2209; x_wconf 87' lang='lat' dir='ltr'><strong>eos</strong></span> <span class='ocrx_word' id='word_1_251' title='bbox 841 2170 937 2224; x_wconf 87' lang='lat' dir='ltr'><strong>pro</strong></span> <span class='ocrx_word' id='word_1_252' title='bbox 976 2170 1067 2209; x_wconf 89' lang='lat' dir='ltr'><strong>sua</strong></span> <span class='ocrx_word' id='word_1_253' title='bbox 1124 2170 1350 2223; x_wconf 87' lang='lat' dir='ltr'><strong>persona</strong></span> <span class='ocrx_word' id='word_1_254' title='bbox 1380 2156 1663 2211; x_wconf 91' lang='lat' dir='ltr'><strong>defendere</strong></span> <span class='ocrx_word' id='word_1_255' title='bbox 1708 2158 1850 2226; x_wconf 90' lang='lat' dir='ltr'><strong>quod</strong></span> 
     </span>
    </p>
   </div>
   <div class='ocr_carea' id='block_1_38' title="bbox 274 2245 1845 2315">
    <p class='ocr_par' dir='ltr' id='par_1_38' title="bbox 274 2245 1845 2315">
     <span class='ocr_line' id='line_1_38' title="bbox 274 2245 1845 2315; baseline 0.001 -17"><span class='ocrx_word' id='word_1_256' title='bbox 274 2254 392 2299; x_wconf 66' lang='lat' dir='ltr'><strong>erat</strong></span> <span class='ocrx_word' id='word_1_257' title='bbox 416 2245 433 2274; x_wconf 88' lang='grc'><em>³</em></span> <span class='ocrx_word' id='word_1_258' title='bbox 470 2246 793 2297; x_wconf 87' lang='lat' dir='ltr'><strong>contrarium</strong></span> <span class='ocrx_word' id='word_1_259' title='bbox 828 2245 1060 2297; x_wconf 88' lang='lat' dir='ltr'><strong>veritati.</strong></span> <span class='ocrx_word' id='word_1_260' title='bbox 1095 2245 1386 2300; x_wconf 79' lang='lat' dir='ltr'><strong>Audiamus</strong></span> <span class='ocrx_word' id='word_1_261' title='bbox 1423 2248 1729 2315; x_wconf 84' lang='lat' dir='ltr'><strong>Apostolum</strong></span> <span class='ocrx_word' id='word_1_262' title='bbox 1762 2248 1845 2301; x_wconf 90' lang='lat' dir='ltr'><strong>di-</strong></span> 
     </span>
    </p>
   </div>
   <div class='ocr_carea' id='block_1_39' title="bbox 275 2320 1849 2405">
    <p class='ocr_par' dir='ltr' id='par_1_39' title="bbox 275 2320 1849 2405">
     <span class='ocr_line' id='line_1_39' title="bbox 275 2320 1849 2405; baseline 0.001 -17"><span class='ocrx_word' id='word_1_263' title='bbox 275 2346 485 2388; x_wconf 89' lang='lat' dir='ltr'><strong>centem</strong></span> <span class='ocrx_word' id='word_1_264' title='bbox 542 2334 775 2389; x_wconf 79' lang='lat' dir='ltr'><strong>Calatis:</strong></span> <span class='ocrx_word' id='word_1_265' title='bbox 809 2335 915 2389; x_wconf 84' lang='lat' dir='ltr'><strong>Sed</strong></span> <span class='ocrx_word' id='word_1_266' title='bbox 943 2320 1071 2388; x_wconf 81' lang='lat' dir='ltr'><strong>licet</strong></span> <span class='ocrx_word' id='word_1_267' title='bbox 1101 2352 1212 2400; x_wconf 81' lang='lat' dir='ltr'><strong>nos,</strong></span> <span class='ocrx_word' id='word_1_268' title='bbox 1259 2348 1347 2388; x_wconf 87' lang='lat' dir='ltr'><strong>aut</strong></span> <span class='ocrx_word' id='word_1_269' title='bbox 1379 2338 1591 2405; x_wconf 76' lang='lat' dir='ltr'><strong>angelus</strong></span> <span class='ocrx_word' id='word_1_270' title='bbox 1639 2338 1700 2389; x_wconf 83' lang='lat' dir='ltr'><strong>de</strong></span> <span class='ocrx_word' id='word_1_271' title='bbox 1725 2338 1849 2390; x_wconf 69' lang='lat' dir='ltr'><strong>(mlo</strong></span> 
     </span>
    </p>
   </div>
   <div class='ocr_carea' id='block_1_40' title="bbox 276 2427 1850 2497">
    <p class='ocr_par' dir='ltr' id='par_1_40' title="bbox 276 2427 1850 2497">
     <span class='ocr_line' id='line_1_40' title="bbox 276 2427 1850 2497; baseline 0.002 -17"><span class='ocrx_word' id='word_1_272' title='bbox 276 2429 577 2497; x_wconf 75' lang='lat' dir='ltr'><strong>erangclizet</strong></span> <span class='ocrx_word' id='word_1_273' title='bbox 607 2427 742 2479; x_wconf 79' lang='lat' dir='ltr'><strong>vobis</strong></span> <span class='ocrx_word' id='word_1_274' title='bbox 767 2437 1097 2497; x_wconf 68' lang='lat' dir='ltr'><strong>prwterquant</strong></span> <span class='ocrx_word' id='word_1_275' title='bbox 1124 2430 1257 2495; x_wconf 84' lang='lat' dir='ltr'><strong>quod</strong></span> <span class='ocrx_word' id='word_1_276' title='bbox 1300 2430 1747 2495; x_wconf 67' lang='lat' dir='ltr'><strong>evangeliaavimus</strong></span> <span class='ocrx_word' id='word_1_277' title='bbox 1765 2446 1850 2483; x_wconf 82' lang='lat' dir='ltr'><strong>vo-</strong></span> 
     </span>
    </p>
   </div>
   <div class='ocr_carea' id='block_1_41' title="bbox 277 2519 1850 2588">
    <p class='ocr_par' dir='ltr' id='par_1_41' title="bbox 277 2519 1850 2588">
     <span class='ocr_line' id='line_1_41' title="bbox 277 2519 1850 2588; baseline 0.001 -15"><span class='ocrx_word' id='word_1_278' title='bbox 277 2520 370 2584; x_wconf 84' lang='lat' dir='ltr'><strong>bis,</strong></span> <span class='ocrx_word' id='word_1_279' title='bbox 403 2523 675 2571; x_wconf 81' lang='lat' dir='ltr'><strong>anathema</strong></span> <span class='ocrx_word' id='word_1_280' title='bbox 714 2521 811 2571; x_wconf 84' lang='lat' dir='ltr'><strong>sit:</strong></span> <span class='ocrx_word' id='word_1_281' title='bbox 856 2520 982 2570; x_wconf 80' lang='lat' dir='ltr'><strong>sicut</strong></span> <span class='ocrx_word' id='word_1_282' title='bbox 1030 2519 1381 2588; x_wconf 76' lang='lat' dir='ltr'><strong>prtvdiximus,</strong></span> <span class='ocrx_word' id='word_1_283' title='bbox 1421 2529 1465 2572; x_wconf 75' lang='lat' dir='ltr'><strong>et</strong></span> <span class='ocrx_word' id='word_1_284' title='bbox 1496 2537 1628 2573; x_wconf 83' lang='lat' dir='ltr'><strong>nunc</strong></span> <span class='ocrx_word' id='word_1_285' title='bbox 1668 2523 1850 2574; x_wconf 82' lang='lat' dir='ltr'><strong>iterum</strong></span> 
     </span>
    </p>
   </div>
   <div class='ocr_carea' id='block_1_42' title="bbox 277 2608 1851 2680">
    <p class='ocr_par' dir='ltr' id='par_1_42' title="bbox 277 2608 1851 2680">
     <span class='ocr_line' id='line_1_42' title="bbox 277 2608 1851 2680; baseline 0.002 -17"><span class='ocrx_word' id='word_1_286' title='bbox 277 2613 408 2673; x_wconf 73' lang='lat' dir='ltr'><strong>dico,</strong></span> <span class='ocrx_word' id='word_1_287' title='bbox 443 2613 485 2663; x_wconf 84' lang='lat' dir='ltr'><strong>si</strong></span> <span class='ocrx_word' id='word_1_288' title='bbox 516 2612 624 2677; x_wconf 85' lang='lat' dir='ltr'><strong>quis</strong></span> <span class='ocrx_word' id='word_1_289' title='bbox 658 2611 791 2662; x_wconf 73' lang='lat' dir='ltr'><strong>vobis</strong></span> <span class='ocrx_word' id='word_1_290' title='bbox 818 2608 1229 2679; x_wconf 79' lang='lat' dir='ltr'><strong>evangelizaverit</strong></span> <span class='ocrx_word' id='word_1_291' title='bbox 1251 2620 1431 2677; x_wconf 47' lang='lat' dir='ltr'><strong>prtct’cr</strong></span> <span class='ocrx_word' id='word_1_292' title='bbox 1462 2612 1513 2662; x_wconf 82' lang='lat' dir='ltr'><strong>id</strong></span> <span class='ocrx_word' id='word_1_293' title='bbox 1541 2613 1677 2680; x_wconf 85' lang='lat' dir='ltr'><strong>quod</strong></span> <span class='ocrx_word' id='word_1_294' title='bbox 1708 2630 1851 2667; x_wconf 73' lang='lat' dir='ltr'><strong>arce-</strong></span> 
     </span>
    </p>
   </div>
   <div class='ocr_carea' id='block_1_43' title="bbox 278 2699 1850 2771">
    <p class='ocr_par' dir='ltr' id='par_1_43' title="bbox 278 2699 1850 2771">
     <span class='ocr_line' id='line_1_43' title="bbox 278 2699 1850 2771; baseline 0.003 -19"><span class='ocrx_word' id='word_1_295' title='bbox 278 2703 443 2770; x_wconf 78' lang='lat' dir='ltr'><strong>pistis,</strong></span> <span class='ocrx_word' id='word_1_296' title='bbox 474 2701 744 2753; x_wconf 78' lang='lat' dir='ltr'><strong>anathema</strong></span> <span class='ocrx_word' id='word_1_297' title='bbox 770 2701 829 2752; x_wconf 87' lang='lat' dir='ltr'><strong>sit</strong></span> <span class='ocrx_word' id='word_1_298' title='bbox 870 2699 887 2770; x_wconf 89' lang='lat'><strong>(</strong></span> <span class='ocrx_word' id='word_1_299' title='bbox 912 2699 1031 2752; x_wconf 86' lang='lat' dir='ltr'><strong>Gal.</strong></span> <span class='ocrx_word' id='word_1_300' title='bbox 1066 2716 1107 2764; x_wconf 86' lang='grc' dir='ltr'><strong>ι,</strong></span> <span class='ocrx_word' id='word_1_301' title='bbox 1133 2704 1215 2768; x_wconf 89' lang='grc'><strong>8).</strong></span> <span class='ocrx_word' id='word_1_302' title='bbox 1245 2700 1375 2753; x_wconf 90' lang='lat' dir='ltr'><strong>Cum</strong></span> <span class='ocrx_word' id='word_1_303' title='bbox 1406 2716 1535 2771; x_wconf 83' lang='lat' dir='ltr'><strong>ergo</strong></span> <span class='ocrx_word' id='word_1_304' title='bbox 1563 2703 1850 2771; x_wconf 86' lang='lat' dir='ltr'><strong>Apostolus</strong></span> 
     </span>
    </p>
   </div>
   <div class='ocr_carea' id='block_1_44' title="bbox 278 2791 1851 2860">
    <p class='ocr_par' dir='ltr' id='par_1_44' title="bbox 278 2791 1851 2860">
     <span class='ocr_line' id='line_1_44' title="bbox 278 2791 1851 2860; baseline 0.001 -15"><span class='ocrx_word' id='word_1_305' title='bbox 278 2808 380 2846; x_wconf 89' lang='lat' dir='ltr'><strong>non</strong></span> <span class='ocrx_word' id='word_1_306' title='bbox 414 2801 615 2845; x_wconf 88' lang='lat' dir='ltr'><strong>tantum</strong></span> <span class='ocrx_word' id='word_1_307' title='bbox 644 2806 723 2857; x_wconf 88' lang='lat' dir='ltr'><strong>se,</strong></span> <span class='ocrx_word' id='word_1_308' title='bbox 753 2806 936 2843; x_wconf 90' lang='lat' dir='ltr'><strong>verum</strong></span> <span class='ocrx_word' id='word_1_309' title='bbox 961 2791 1117 2843; x_wconf 89' lang='lat' dir='ltr'><strong>etiam</strong></span> <span class='ocrx_word' id='word_1_310' title='bbox 1154 2793 1396 2860; x_wconf 88' lang='lat' dir='ltr'><strong>angelum</strong></span> <span class='ocrx_word' id='word_1_311' title='bbox 1416 2792 1482 2845; x_wconf 90' lang='lat' dir='ltr'><strong>de</strong></span> <span class='ocrx_word' id='word_1_312' title='bbox 1502 2794 1659 2858; x_wconf 73' lang='lat' dir='ltr'><strong>cmlo,</strong></span> <span class='ocrx_word' id='word_1_313' title='bbox 1693 2808 1851 2847; x_wconf 87' lang='lat' dir='ltr'><strong>evan-</strong></span> 
     </span>
    </p>
   </div>
   <div class='ocr_carea' id='block_1_45' title="bbox 279 2880 1847 2952">
    <p class='ocr_par' dir='ltr' id='par_1_45' title="bbox 279 2880 1847 2952">
     <span class='ocr_line' id='line_1_45' title="bbox 279 2880 1847 2952; baseline 0.001 -16"><span class='ocrx_word' id='word_1_314' title='bbox 279 2884 589 2952; x_wconf 83' lang='lat' dir='ltr'><strong>gelizantcm</strong></span> <span class='ocrx_word' id='word_1_315' title='bbox 624 2891 974 2951; x_wconf 74' lang='lat' dir='ltr'><strong>prteterquam</strong></span> <span class='ocrx_word' id='word_1_316' title='bbox 1007 2880 1144 2949; x_wconf 90' lang='lat' dir='ltr'><strong>quod</strong></span> <span class='ocrx_word' id='word_1_317' title='bbox 1186 2883 1668 2949; x_wconf 84' lang='lat' dir='ltr'><strong>evangelizaverat,</strong></span> <span class='ocrx_word' id='word_1_318' title='bbox 1719 2900 1847 2937; x_wconf 83' lang='lat' dir='ltr'><strong>ana-</strong></span> 
     </span>
    </p>
   </div>
   <div class='ocr_carea' id='block_1_46' title="bbox 280 2974 1852 3042">
    <p class='ocr_par' dir='ltr' id='par_1_46' title="bbox 280 2974 1852 3042">
     <span class='ocr_line' id='line_1_46' title="bbox 280 2974 1852 3042; baseline -0.002 -12"><span class='ocrx_word' id='word_1_319' title='bbox 280 2980 455 3030; x_wconf 84' lang='lat' dir='ltr'><strong>thema</strong></span> <span class='ocrx_word' id='word_1_320' title='bbox 499 2990 618 3028; x_wconf 88' lang='lat' dir='ltr'><strong>esse</strong></span> <span class='ocrx_word' id='word_1_321' title='bbox 666 2974 933 3037; x_wconf 75' lang='lat' dir='ltr'><strong>maluerit,</strong></span> <span class='ocrx_word' id='word_1_322' title='bbox 990 2988 1145 3042; x_wconf 90' lang='lat' dir='ltr'><strong>quam</strong></span> <span class='ocrx_word' id='word_1_323' title='bbox 1180 2983 1237 3025; x_wconf 82' lang='lat' dir='ltr'><strong>ut.</strong></span> <span class='ocrx_word' id='word_1_324' title='bbox 1266 2974 1459 3027; x_wconf 84' lang='lat' dir='ltr'><strong>Christi</strong></span> <span class='ocrx_word' id='word_1_325' title='bbox 1495 2974 1731 3028; x_wconf 90' lang='lat' dir='ltr'><strong>lidelesa</strong></span> <span class='ocrx_word' id='word_1_326' title='bbox 1764 2974 1852 3027; x_wconf 86' lang='lat' dir='ltr'><strong>ﬁr-</strong></span> 
     </span>
    </p>
   </div>
   <div class='ocr_carea' id='block_1_47' title="bbox 280 3065 1852 3135">
    <p class='ocr_par' dir='ltr' id='par_1_47' title="bbox 280 3065 1852 3135">
     <span class='ocr_line' id='line_1_47' title="bbox 280 3065 1852 3135; baseline -0.001 -13"><span class='ocrx_word' id='word_1_327' title='bbox 280 3068 461 3122; x_wconf 89' lang='lat' dir='ltr'><strong>tnitate</strong></span> <span class='ocrx_word' id='word_1_328' title='bbox 514 3067 784 3135; x_wconf 66' lang='lat' dir='ltr'><strong>praedicati</strong></span> <span class='ocrx_word' id='word_1_329' title='bbox 842 3065 944 3118; x_wconf 90' lang='lat' dir='ltr'><strong>sibi</strong></span> <span class='ocrx_word' id='word_1_330' title='bbox 975 3065 1243 3134; x_wconf 79' lang='lat' dir='ltr'><strong>Evangelii</strong></span> <span class='ocrx_word' id='word_1_331' title='bbox 1288 3076 1659 3120; x_wconf 89' lang='lat' dir='ltr'><strong>moverentur:</strong></span> <span class='ocrx_word' id='word_1_332' title='bbox 1686 3082 1852 3135; x_wconf 75' lang='lat' dir='ltr'><strong>quau-</strong></span> 
     </span>
    </p>
   </div>
   <div class='ocr_carea' id='block_1_48' title="bbox 1953 1876 3533 1950">
    <p class='ocr_par' dir='ltr' id='par_1_48' title="bbox 1953 1876 3533 1950">
     <span class='ocr_line' id='line_1_48' title="bbox 1953 1876 3533 1950; baseline 0.005 -21"><span class='ocrx_word' id='word_1_333' title='bbox 1953 1876 2237 1943; x_wconf 89' lang='lat' dir='ltr'><strong>episcopus</strong></span> <span class='ocrx_word' id='word_1_334' title='bbox 2274 1877 2444 1931; x_wconf 87' lang='lat' dir='ltr'><strong>inanis</strong></span> <span class='ocrx_word' id='word_1_335' title='bbox 2472 1879 2656 1946; x_wconf 74' lang='lat' dir='ltr'><strong>gloria:</strong></span> <span class='ocrx_word' id='word_1_336' title='bbox 2680 1880 3101 1935; x_wconf 87' lang='lat' dir='ltr'><strong>studiosissimus</strong></span> <span class='ocrx_word' id='word_1_337' title='bbox 3130 1885 3498 1950; x_wconf 65' lang='lat' dir='ltr'><strong>contemptor“</strong></span> <span class='ocrx_word' id='word_1_338' title='bbox 3520 1925 3533 1946; x_wconf 87' lang='lat'><strong>,</strong></span> 
     </span>
    </p>
   </div>
   <div class='ocr_carea' id='block_1_49' title="bbox 1953 1968 3529 2038">
    <p class='ocr_par' dir='ltr' id='par_1_49' title="bbox 1953 1968 3529 2038">
     <span class='ocr_line' id='line_1_49' title="bbox 1953 1968 3529 2038; baseline 0.004 -21"><span class='ocrx_word' id='word_1_339' title='bbox 1953 1974 2009 2017; x_wconf 89' lang='lat' dir='ltr'><strong>et</strong></span> <span class='ocrx_word' id='word_1_340' title='bbox 2038 1975 2244 2018; x_wconf 83' lang='lat' dir='ltr'><strong>amator</strong></span> <span class='ocrx_word' id='word_1_341' title='bbox 2264 1968 2656 2020; x_wconf 84' lang='lat' dir='ltr'><strong>sincerissimus</strong></span> <span class='ocrx_word' id='word_1_342' title='bbox 2679 1969 2939 2035; x_wconf 88' lang='lat' dir='ltr'><strong>veritatis,</strong></span> <span class='ocrx_word' id='word_1_343' title='bbox 2973 1969 2993 1999; x_wconf 76' lang='lat'><em>‘</em></span> <span class='ocrx_word' id='word_1_344' title='bbox 3012 1972 3337 2038; x_wconf 78' lang='lat' dir='ltr'><strong>Augustinus</strong></span> <span class='ocrx_word' id='word_1_345' title='bbox 3355 1973 3529 2026; x_wconf 85' lang='lat' dir='ltr'><strong>dicat:</strong></span> 
     </span>
    </p>
   </div>
   <div class='ocr_carea' id='block_1_50' title="bbox 1960 2056 3533 2129">
    <p class='ocr_par' dir='ltr' id='par_1_50' title="bbox 1960 2056 3533 2129">
     <span class='ocr_line' id='line_1_50' title="bbox 1960 2056 3533 2129; baseline 0.008 -24"><span class='ocrx_word' id='word_1_346' title='bbox 1960 2073 1978 2105; x_wconf 73' lang='grc' dir='ltr'>ι</span> <span class='ocrx_word' id='word_1_347' title='bbox 2018 2056 2075 2108; x_wconf 91' lang='lat' dir='ltr'><strong>lu</strong></span> <span class='ocrx_word' id='word_1_348' title='bbox 2107 2058 2327 2111; x_wconf 80' lang='lat' dir='ltr'><strong>exordio</strong></span> <span class='ocrx_word' id='word_1_349' title='bbox 2373 2058 2627 2111; x_wconf 90' lang='lat' dir='ltr'><strong>librorum</strong></span> <span class='ocrx_word' id='word_1_350' title='bbox 2663 2074 2904 2113; x_wconf 89' lang='lat' dir='ltr'><strong>meorum</strong></span> <span class='ocrx_word' id='word_1_351' title='bbox 2944 2061 3255 2129; x_wconf 83' lang='lat' dir='ltr'><strong>Opinaturus</strong></span> <span class='ocrx_word' id='word_1_352' title='bbox 3306 2078 3391 2117; x_wconf 91' lang='lat' dir='ltr'><strong>me</strong></span> <span class='ocrx_word' id='word_1_353' title='bbox 3414 2079 3533 2117; x_wconf 84' lang='lat' dir='ltr'><strong>sen-</strong></span> 
     </span>
    </p>
   </div>
   <div class='ocr_carea' id='block_1_51' title="bbox 1951 2148 3526 2219">
    <p class='ocr_par' dir='ltr' id='par_1_51' title="bbox 1951 2148 3526 2219">
     <span class='ocr_line' id='line_1_51' title="bbox 1951 2148 3526 2219; baseline 0.004 -19"><span class='ocrx_word' id='word_1_354' title='bbox 1951 2148 2090 2202; x_wconf 88' lang='lat' dir='ltr'><strong>sisse</strong></span> <span class='ocrx_word' id='word_1_355' title='bbox 2135 2150 2274 2218; x_wconf 89' lang='lat' dir='ltr'><strong>quod</strong></span> <span class='ocrx_word' id='word_1_356' title='bbox 2324 2166 2429 2204; x_wconf 89' lang='lat' dir='ltr'><strong>non</strong></span> <span class='ocrx_word' id='word_1_357' title='bbox 2460 2150 2627 2205; x_wconf 83' lang='lat' dir='ltr'><strong>sensi:</strong></span> <span class='ocrx_word' id='word_1_358' title='bbox 2661 2167 2885 2219; x_wconf 89' lang='lat' dir='ltr'><strong>quorutn</strong></span> <span class='ocrx_word' id='word_1_359' title='bbox 2917 2167 3155 2208; x_wconf 89' lang='lat' dir='ltr'><strong>errorem</strong></span> <span class='ocrx_word' id='word_1_360' title='bbox 3190 2154 3317 2208; x_wconf 91' lang='lat' dir='ltr'><strong>mihi</strong></span> <span class='ocrx_word' id='word_1_361' title='bbox 3366 2156 3526 2209; x_wconf 86' lang='lat' dir='ltr'><strong>tribui</strong></span> 
     </span>
    </p>
   </div>
   <div class='ocr_carea' id='block_1_52' title="bbox 1952 2240 3521 2315">
    <p class='ocr_par' dir='ltr' id='par_1_52' title="bbox 1952 2240 3521 2315">
     <span class='ocr_line' id='line_1_52' title="bbox 1952 2240 3521 2315; baseline 0.008 -26"><span class='ocrx_word' id='word_1_362' title='bbox 1952 2253 2058 2292; x_wconf 87' lang='lat' dir='ltr'><strong>non</strong></span> <span class='ocrx_word' id='word_1_363' title='bbox 2081 2240 2275 2293; x_wconf 82' lang='lat' dir='ltr'><strong>debere</strong></span> <span class='ocrx_word' id='word_1_364' title='bbox 2322 2241 2439 2309; x_wconf 88' lang='lat' dir='ltr'><strong>quis</strong></span> <span class='ocrx_word' id='word_1_365' title='bbox 2470 2241 2691 2306; x_wconf 86' lang='lat' dir='ltr'><strong>nesciat,</strong></span> <span class='ocrx_word' id='word_1_366' title='bbox 2722 2243 2764 2295; x_wconf 88' lang='lat' dir='ltr'><strong>si</strong></span> <span class='ocrx_word' id='word_1_367' title='bbox 2814 2245 2957 2296; x_wconf 83' lang='lat' dir='ltr'><strong>velut</strong></span> <span class='ocrx_word' id='word_1_368' title='bbox 2998 2261 3082 2298; x_wconf 93' lang='lat' dir='ltr'><strong>me</strong></span> <span class='ocrx_word' id='word_1_369' title='bbox 3112 2260 3394 2315; x_wconf 87' lang='lat' dir='ltr'><strong>sequentes</strong></span> <span class='ocrx_word' id='word_1_370' title='bbox 3424 2265 3521 2301; x_wconf 86' lang='lat' dir='ltr'><strong>ne-</strong></span> 
     </span>
    </p>
   </div>
   <div class='ocr_carea' id='block_1_53' title="bbox 1951 2331 3528 2404">
    <p class='ocr_par' dir='ltr' id='par_1_53' title="bbox 1951 2331 3528 2404">
     <span class='ocr_line' id='line_1_53' title="bbox 1951 2331 3528 2404; baseline 0.006 -23"><span class='ocrx_word' id='word_1_371' title='bbox 1951 2344 2055 2396; x_wconf 91' lang='lat' dir='ltr'><strong>que</strong></span> <span class='ocrx_word' id='word_1_372' title='bbox 2099 2331 2582 2399; x_wconf 86' lang='lat' dir='ltr'><strong>apprehendentes,</strong></span> <span class='ocrx_word' id='word_1_373' title='bbox 2612 2332 2941 2386; x_wconf 88' lang='lat' dir='ltr'><strong>deviaverint</strong></span> <span class='ocrx_word' id='word_1_374' title='bbox 2985 2336 3034 2387; x_wconf 91' lang='lat' dir='ltr'><strong>in</strong></span> <span class='ocrx_word' id='word_1_375' title='bbox 3066 2336 3295 2404; x_wconf 89' lang='lat' dir='ltr'><strong>aliquam</strong></span> <span class='ocrx_word' id='word_1_376' title='bbox 3330 2338 3528 2391; x_wconf 87' lang='lat' dir='ltr'><strong>falsita-</strong></span> 
     </span>
    </p>
   </div>
   <div class='ocr_carea' id='block_1_54' title="bbox 1953 2422 3528 2494">
    <p class='ocr_par' dir='ltr' id='par_1_54' title="bbox 1953 2422 3528 2494">
     <span class='ocr_line' id='line_1_54' title="bbox 1953 2422 3528 2494; baseline 0.005 -23"><span class='ocrx_word' id='word_1_377' title='bbox 1953 2427 2081 2483; x_wconf 88' lang='lat' dir='ltr'><strong>tem,</strong></span> <span class='ocrx_word' id='word_1_378' title='bbox 2133 2422 2255 2475; x_wconf 91' lang='lat' dir='ltr'><strong>dum</strong></span> <span class='ocrx_word' id='word_1_379' title='bbox 2304 2438 2398 2490; x_wconf 91' lang='lat' dir='ltr'><strong>per</strong></span> <span class='ocrx_word' id='word_1_380' title='bbox 2441 2423 2681 2491; x_wconf 68' lang='lat' dir='ltr'><strong>quaadam</strong></span> <span class='ocrx_word' id='word_1_381' title='bbox 2714 2423 2876 2477; x_wconf 89' lang='lat' dir='ltr'><strong>densa</strong></span> <span class='ocrx_word' id='word_1_382' title='bbox 2922 2435 2974 2476; x_wconf 85' lang='lat' dir='ltr'><strong>et</strong></span> <span class='ocrx_word' id='word_1_383' title='bbox 3004 2440 3166 2493; x_wconf 86' lang='lat' dir='ltr'><strong>opaca</strong></span> <span class='ocrx_word' id='word_1_384' title='bbox 3197 2442 3359 2494; x_wconf 87' lang='lat' dir='ltr'><strong>engor</strong></span> <span class='ocrx_word' id='word_1_385' title='bbox 3390 2428 3528 2481; x_wconf 83' lang='lat' dir='ltr'><strong>viam</strong></span> 
     </span>
    </p>
   </div>
   <div class='ocr_carea' id='block_1_55' title="bbox 1953 2514 3531 2582">
    <p class='ocr_par' dir='ltr' id='par_1_55' title="bbox 1953 2514 3531 2582">
     <span class='ocr_line' id='line_1_55' title="bbox 1953 2514 3531 2582; baseline 0.006 -18"><span class='ocrx_word' id='word_1_386' title='bbox 1953 2515 2206 2579; x_wconf 82' lang='lat' dir='ltr'><strong>carpere?</strong></span> <span class='ocrx_word' id='word_1_387' title='bbox 2248 2514 2673 2582; x_wconf 86' lang='lat' dir='ltr'><strong>quandoquidem</strong></span> <span class='ocrx_word' id='word_1_388' title='bbox 2708 2530 2805 2570; x_wconf 88' lang='lat' dir='ltr'><strong>nec</strong></span> <span class='ocrx_word' id='word_1_389' title='bbox 2836 2515 2962 2582; x_wconf 71' lang='lat' dir='ltr'><strong>ipsis</strong></span> <span class='ocrx_word' id='word_1_390' title='bbox 3000 2518 3199 2570; x_wconf 84' lang='lat' dir='ltr'><strong>sanctis</strong></span> <span class='ocrx_word' id='word_1_391' title='bbox 3230 2520 3531 2573; x_wconf 83' lang='lat' dir='ltr'><strong>divinorum</strong></span> 
     </span>
    </p>
   </div>
   <div class='ocr_carea' id='block_1_56' title="bbox 1952 2600 3527 2673">
    <p class='ocr_par' dir='ltr' id='par_1_56' title="bbox 1952 2600 3527 2673">
     <span class='ocr_line' id='line_1_56' title="bbox 1952 2600 3527 2673; baseline 0.005 -20"><span class='ocrx_word' id='word_1_392' title='bbox 1952 2600 2208 2656; x_wconf 89' lang='lat' dir='ltr'><strong>librorum</strong></span> <span class='ocrx_word' id='word_1_393' title='bbox 2256 2604 2661 2658; x_wconf 81' lang='lat' dir='ltr'><strong>anetoritatibus</strong></span> <span class='ocrx_word' id='word_1_394' title='bbox 2706 2604 2812 2656; x_wconf 90' lang='lat' dir='ltr'><strong>ullo</strong></span> <span class='ocrx_word' id='word_1_395' title='bbox 2863 2605 3019 2657; x_wconf 73' lang='lat' dir='ltr'><strong>modo</strong></span> <span class='ocrx_word' id='word_1_396' title='bbox 3051 2610 3332 2673; x_wconf 70' lang='lat' dir='ltr'><strong>quisquam</strong></span> <span class='ocrx_word' id='word_1_397' title='bbox 3383 2622 3527 2661; x_wconf 75' lang='lat' dir='ltr'><strong>recte</strong></span> 
     </span>
    </p>
   </div>
   <div class='ocr_carea' id='block_1_57' title="bbox 1956 2694 3529 2751">
    <p class='ocr_par' dir='ltr' id='par_1_57' title="bbox 1956 2694 3529 2751">
     <span class='ocr_line' id='line_1_57' title="bbox 1956 2694 3529 2751; baseline 0.004 -6"><span class='ocrx_word' id='word_1_398' title='bbox 1956 2694 2197 2746; x_wconf 85' lang='lat' dir='ltr'><strong>tribuerit</strong></span> <span class='ocrx_word' id='word_1_399' title='bbox 2220 2702 2323 2745; x_wconf 89' lang='lat' dir='ltr'><strong>tam</strong></span> <span class='ocrx_word' id='word_1_400' title='bbox 2356 2695 2552 2748; x_wconf 88' lang='lat' dir='ltr'><strong>multos</strong></span> <span class='ocrx_word' id='word_1_401' title='bbox 2580 2704 2634 2748; x_wconf 89' lang='lat' dir='ltr'><strong>et</strong></span> <span class='ocrx_word' id='word_1_402' title='bbox 2675 2696 2851 2747; x_wconf 85' lang='lat' dir='ltr'><strong>varios</strong></span> <span class='ocrx_word' id='word_1_403' title='bbox 2879 2710 3090 2748; x_wconf 90' lang='lat' dir='ltr'><strong>errores</strong></span> <span class='ocrx_word' id='word_1_404' title='bbox 3124 2699 3529 2751; x_wconf 71' lang='lat' dir='ltr'><strong>haereticorum:</strong></span> 
     </span>
    </p>
   </div>
   <div class='ocr_carea' id='block_1_58' title="bbox 1953 2785 3535 2858">
    <p class='ocr_par' dir='ltr' id='par_1_58' title="bbox 1953 2785 3535 2858">
     <span class='ocr_line' id='line_1_58' title="bbox 1953 2785 3535 2858; baseline 0.004 -21"><span class='ocrx_word' id='word_1_405' title='bbox 1953 2797 2073 2838; x_wconf 87' lang='lat' dir='ltr'><strong>cum</strong></span> <span class='ocrx_word' id='word_1_406' title='bbox 2096 2800 2283 2839; x_wconf 89' lang='lat' dir='ltr'><strong>omnes</strong></span> <span class='ocrx_word' id='word_1_407' title='bbox 2306 2800 2368 2838; x_wconf 85' lang='lat' dir='ltr'><strong>ex</strong></span> <span class='ocrx_word' id='word_1_408' title='bbox 2399 2785 2602 2839; x_wconf 83' lang='lat' dir='ltr'><strong>eisdem</strong></span> <span class='ocrx_word' id='word_1_409' title='bbox 2644 2786 2868 2855; x_wconf 55' lang='lat' dir='ltr'><strong>Scripta:</strong></span> <span class='ocrx_word' id='word_1_410' title='bbox 2886 2787 2929 2841; x_wconf 88' lang='lat' dir='ltr'><strong>is</strong></span> <span class='ocrx_word' id='word_1_411' title='bbox 2951 2789 3106 2842; x_wconf 84' lang='lat' dir='ltr'><strong>falsas</strong></span> <span class='ocrx_word' id='word_1_412' title='bbox 3130 2800 3287 2858; x_wconf 90' lang='lat' dir='ltr'><strong>atque</strong></span> <span class='ocrx_word' id='word_1_413' title='bbox 3319 2791 3535 2844; x_wconf 79' lang='lat' dir='ltr'><strong>fallaces</strong></span> 
     </span>
    </p>
   </div>
   <div class='ocr_carea' id='block_1_59' title="bbox 1954 2876 3535 2943">
    <p class='ocr_par' dir='ltr' id='par_1_59' title="bbox 1954 2876 3535 2943">
     <span class='ocr_line' id='line_1_59' title="bbox 1954 2876 3535 2943; baseline 0.006 -15"><span class='ocrx_word' id='word_1_414' title='bbox 1954 2876 2234 2943; x_wconf 89' lang='lat' dir='ltr'><strong>opiniones</strong></span> <span class='ocrx_word' id='word_1_415' title='bbox 2282 2893 2405 2931; x_wconf 81' lang='lat' dir='ltr'><strong>suas</strong></span> <span class='ocrx_word' id='word_1_416' title='bbox 2459 2889 2722 2931; x_wconf 71' lang='lat' dir='ltr'><strong>canentur</strong></span> <span class='ocrx_word' id='word_1_417' title='bbox 2782 2880 3090 2934; x_wconf 83' lang='lat' dir='ltr'><strong>defendere.</strong></span> <span class='ocrx_word' id='word_1_418' title='bbox 3146 2884 3406 2935; x_wconf 69' lang='lat' dir='ltr'><strong>Admonet</strong></span> <span class='ocrx_word' id='word_1_419' title='bbox 3456 2898 3535 2937; x_wconf 80' lang='lat' dir='ltr'><strong>me</strong></span> 
     </span>
    </p>
   </div>
   <div class='ocr_carea' id='block_1_60' title="bbox 1955 2968 3534 3040">
    <p class='ocr_par' dir='ltr' id='par_1_60' title="bbox 1955 2968 3534 3040">
     <span class='ocr_line' id='line_1_60' title="bbox 1955 2968 3534 3040; baseline 0.006 -22"><span class='ocrx_word' id='word_1_420' title='bbox 1955 2970 2133 3036; x_wconf 84' lang='lat' dir='ltr'><strong>plane,</strong></span> <span class='ocrx_word' id='word_1_421' title='bbox 2177 2983 2239 3022; x_wconf 88' lang='lat' dir='ltr'><strong>ac</strong></span> <span class='ocrx_word' id='word_1_422' title='bbox 2268 2969 2394 3022; x_wconf 90' lang='lat' dir='ltr'><strong>mihi</strong></span> <span class='ocrx_word' id='word_1_423' title='bbox 2421 2968 2574 3037; x_wconf 90' lang='lat' dir='ltr'><strong>jubet</strong></span> <span class='ocrx_word' id='word_1_424' title='bbox 2601 2972 2919 3024; x_wconf 78' lang='lat' dir='ltr'><strong>suavissimo</strong></span> <span class='ocrx_word' id='word_1_425' title='bbox 2951 2974 3174 3040; x_wconf 86' lang='lat' dir='ltr'><strong>imperio</strong></span> <span class='ocrx_word' id='word_1_426' title='bbox 3209 2974 3289 3027; x_wconf 84' lang='lat' dir='ltr'><strong>lex</strong></span> <span class='ocrx_word' id='word_1_427' title='bbox 3317 2975 3534 3038; x_wconf 79' lang='lat' dir='ltr'><strong>Christi,</strong></span> 
     </span>
    </p>
   </div>
   <div class='ocr_carea' id='block_1_61' title="bbox 1958 3061 3538 3131">
    <p class='ocr_par' dir='ltr' id='par_1_61' title="bbox 1958 3061 3538 3131">
     <span class='ocr_line' id='line_1_61' title="bbox 1958 3061 3538 3131; baseline 0.006 -19"><span class='ocrx_word' id='word_1_428' title='bbox 1958 3064 2058 3115; x_wconf 91' lang='lat' dir='ltr'><strong>hoc</strong></span> <span class='ocrx_word' id='word_1_429' title='bbox 2084 3071 2163 3114; x_wconf 76' lang='lat' dir='ltr'><strong>est</strong></span> <span class='ocrx_word' id='word_1_430' title='bbox 2188 3061 2446 3127; x_wconf 86' lang='lat' dir='ltr'><strong>charitas,</strong></span> <span class='ocrx_word' id='word_1_431' title='bbox 2473 3073 2526 3115; x_wconf 88' lang='lat' dir='ltr'><strong>ut</strong></span> <span class='ocrx_word' id='word_1_432' title='bbox 2548 3077 2668 3115; x_wconf 89' lang='lat' dir='ltr'><strong>cum</strong></span> <span class='ocrx_word' id='word_1_433' title='bbox 2689 3063 2883 3131; x_wconf 85' lang='lat' dir='ltr'><strong>aliquid</strong></span> <span class='ocrx_word' id='word_1_434' title='bbox 2909 3064 3020 3117; x_wconf 60' lang='lat' dir='ltr'><strong>fulsi</strong></span> <span class='ocrx_word' id='word_1_435' title='bbox 3055 3065 3102 3117; x_wconf 91' lang='lat' dir='ltr'><strong>in</strong></span> <span class='ocrx_word' id='word_1_436' title='bbox 3122 3065 3271 3119; x_wconf 54' lang='lat' dir='ltr'><strong>lubris</strong></span> <span class='ocrx_word' id='word_1_437' title='bbox 3299 3068 3429 3120; x_wconf 86' lang='lat' dir='ltr'><strong>meis</strong></span> <span class='ocrx_word' id='word_1_438' title='bbox 3456 3082 3538 3121; x_wconf 89' lang='lat' dir='ltr'><strong>me</strong></span> 
     </span>
    </p>
   </div>
   <div class='ocr_carea' id='block_1_62' title="bbox 281 3151 3539 3226">
    <p class='ocr_par' dir='ltr' id='par_1_62' title="bbox 281 3151 3539 3226">
     <span class='ocr_line' id='line_1_62' title="bbox 281 3151 3539 3226; baseline -0 -14"><span class='ocrx_word' id='word_1_439' title='bbox 281 3167 391 3212; x_wconf 91' lang='lat' dir='ltr'><strong>tum</strong></span> <span class='ocrx_word' id='word_1_440' title='bbox 440 3158 629 3211; x_wconf 90' lang='lat' dir='ltr'><strong>beatus</strong></span> <span class='ocrx_word' id='word_1_441' title='bbox 677 3155 906 3226; x_wconf 76' lang='lat' dir='ltr'><strong>Cyrillus</strong></span> <span class='ocrx_word' id='word_1_442' title='bbox 950 3155 1113 3209; x_wconf 64' lang='lat' dir='ltr'><strong>laetari</strong></span> <span class='ocrx_word' id='word_1_443' title='bbox 1154 3154 1388 3223; x_wconf 89' lang='lat' dir='ltr'><strong>potuisse</strong></span> <span class='ocrx_word' id='word_1_444' title='bbox 1432 3155 1729 3211; x_wconf 84' lang='lat' dir='ltr'><strong>credendus</strong></span> <span class='ocrx_word' id='word_1_445' title='bbox 1751 3168 1852 3223; x_wconf 72' lang='lat'><strong>65!,</strong></span> <span class='ocrx_word' id='word_1_446' title='bbox 1885 3152 1931 3214; x_wconf 92' lang='lat' dir='ltr'><strong>C</strong></span> <span class='ocrx_word' id='word_1_447' title='bbox 1963 3152 2196 3205; x_wconf 52' lang='lat' dir='ltr'><strong>sensisse</strong></span> <span class='ocrx_word' id='word_1_448' title='bbox 2245 3151 2490 3207; x_wconf 82' lang='lat' dir='ltr'><strong>homines</strong></span> <span class='ocrx_word' id='word_1_449' title='bbox 2522 3161 2708 3220; x_wconf 88' lang='lat' dir='ltr'><strong>putant</strong></span> <span class='ocrx_word' id='word_1_450' title='bbox 2737 3154 2877 3222; x_wconf 89' lang='lat' dir='ltr'><strong>quod</strong></span> <span class='ocrx_word' id='word_1_451' title='bbox 2920 3170 3019 3223; x_wconf 85' lang='lat' dir='ltr'><strong>ego</strong></span> <span class='ocrx_word' id='word_1_452' title='bbox 3052 3171 3154 3208; x_wconf 93' lang='lat' dir='ltr'><strong>non</strong></span> <span class='ocrx_word' id='word_1_453' title='bbox 3194 3157 3356 3221; x_wconf 89' lang='lat' dir='ltr'><strong>sensi,</strong></span> <span class='ocrx_word' id='word_1_454' title='bbox 3384 3170 3539 3224; x_wconf 87' lang='lat' dir='ltr'><strong>atque</strong></span> 
     </span>
    </p>
   </div>
   <div class='ocr_carea' id='block_1_63' title="bbox 279 3247 1857 3318">
    <p class='ocr_par' dir='ltr' id='par_1_63' title="bbox 279 3247 1857 3318">
     <span class='ocr_line' id='line_1_63' title="bbox 279 3247 1857 3318; baseline 0.001 -17"><span class='ocrx_word' id='word_1_455' title='bbox 279 3266 397 3302; x_wconf 72' lang='lat' dir='ltr'><strong>cum</strong></span> <span class='ocrx_word' id='word_1_456' title='bbox 428 3264 487 3301; x_wconf 87' lang='lat' dir='ltr'><strong>se</strong></span> <span class='ocrx_word' id='word_1_457' title='bbox 518 3250 805 3301; x_wconf 79' lang='lat' dir='ltr'><strong>videretnb</strong></span> <span class='ocrx_word' id='word_1_458' title='bbox 835 3262 951 3300; x_wconf 90' lang='lat' dir='ltr'><strong>eam</strong></span> <span class='ocrx_word' id='word_1_459' title='bbox 983 3247 1138 3298; x_wconf 89' lang='lat' dir='ltr'><strong>fidem</strong></span> <span class='ocrx_word' id='word_1_460' title='bbox 1170 3262 1326 3316; x_wconf 86' lang='lat' dir='ltr'><strong>quam</strong></span> <span class='ocrx_word' id='word_1_461' title='bbox 1358 3248 1592 3312; x_wconf 83' lang='lat' dir='ltr'><strong>tenebat,</strong></span> <span class='ocrx_word' id='word_1_462' title='bbox 1619 3260 1671 3303; x_wconf 92' lang='lat' dir='ltr'><strong>et</strong></span> <span class='ocrx_word' id='word_1_463' title='bbox 1701 3266 1857 3318; x_wconf 86' lang='lat' dir='ltr'><strong>quam</strong></span> 
     </span>
    </p>
   </div>
   <div class='ocr_carea' id='block_1_64' title="bbox 282 3335 1861 3401">
    <p class='ocr_par' dir='ltr' id='par_1_64' title="bbox 282 3335 1861 3401">
     <span class='ocr_line' id='line_1_64' title="bbox 282 3335 1861 3401; baseline 0.002 -10"><span class='ocrx_word' id='word_1_464' title='bbox 282 3339 348 3391; x_wconf 66' lang='lat' dir='ltr'><strong>ab</strong></span> <span class='ocrx_word' id='word_1_465' title='bbox 379 3338 627 3391; x_wconf 89' lang='lat' dir='ltr'><strong>omnibus</strong></span> <span class='ocrx_word' id='word_1_466' title='bbox 660 3338 826 3391; x_wconf 89' lang='lat' dir='ltr'><strong>teneri</strong></span> <span class='ocrx_word' id='word_1_467' title='bbox 882 3335 1112 3401; x_wconf 86' lang='lat' dir='ltr'><strong>volebat,</strong></span> <span class='ocrx_word' id='word_1_468' title='bbox 1156 3351 1185 3388; x_wconf 91' lang='lat' dir='ltr'><strong>a</strong></span> <span class='ocrx_word' id='word_1_469' title='bbox 1240 3338 1350 3389; x_wconf 87' lang='lat' dir='ltr'><strong>suis</strong></span> <span class='ocrx_word' id='word_1_470' title='bbox 1392 3339 1861 3394; x_wconf 89' lang='lat' dir='ltr'><strong>cousacerdotihus</strong></span> 
     </span>
    </p>
   </div>
   <div class='ocr_carea' id='block_1_65' title="bbox 284 3427 1863 3495">
    <p class='ocr_par' dir='ltr' id='par_1_65' title="bbox 284 3427 1863 3495">
     <span class='ocr_line' id='line_1_65' title="bbox 284 3427 1863 3495; baseline -0.001 -12"><span class='ocrx_word' id='word_1_471' title='bbox 284 3429 561 3484; x_wconf 83' lang='lat' dir='ltr'><strong>insectari!</strong></span> <span class='ocrx_word' id='word_1_472' title='bbox 586 3430 735 3495; x_wconf 90' lang='lat' dir='ltr'><strong>Quod</strong></span> <span class='ocrx_word' id='word_1_473' title='bbox 768 3428 910 3482; x_wconf 90' lang='lat' dir='ltr'><strong>enim</strong></span> <span class='ocrx_word' id='word_1_474' title='bbox 946 3428 996 3479; x_wconf 92' lang='lat' dir='ltr'><strong>in</strong></span> <span class='ocrx_word' id='word_1_475' title='bbox 1027 3428 1118 3480; x_wconf 94' lang='lat' dir='ltr'><strong>illo</strong></span> <span class='ocrx_word' id='word_1_476' title='bbox 1162 3427 1501 3490; x_wconf 89' lang='lat' dir='ltr'><strong>fallebantur,</strong></span> <span class='ocrx_word' id='word_1_477' title='bbox 1526 3442 1623 3482; x_wconf 92' lang='lat' dir='ltr'><strong>nec</strong></span> <span class='ocrx_word' id='word_1_478' title='bbox 1656 3430 1725 3483; x_wconf 86' lang='lat' dir='ltr'><strong>ibi</strong></span> <span class='ocrx_word' id='word_1_479' title='bbox 1748 3444 1863 3482; x_wconf 82' lang='lat' dir='ltr'><strong>cre-</strong></span> 
     </span>
    </p>
   </div>
   <div class='ocr_carea' id='block_1_66' title="bbox 283 3518 1864 3585">
    <p class='ocr_par' dir='ltr' id='par_1_66' title="bbox 283 3518 1864 3585">
     <span class='ocr_line' id='line_1_66' title="bbox 283 3518 1864 3585; baseline -0.001 -10"><span class='ocrx_word' id='word_1_480' title='bbox 283 3524 445 3576; x_wconf 88' lang='lat' dir='ltr'><strong>debat</strong></span> <span class='ocrx_word' id='word_1_481' title='bbox 466 3531 660 3575; x_wconf 89' lang='lat' dir='ltr'><strong>statum</strong></span> <span class='ocrx_word' id='word_1_482' title='bbox 696 3520 816 3573; x_wconf 89' lang='lat' dir='ltr'><strong>lidei</strong></span> <span class='ocrx_word' id='word_1_483' title='bbox 847 3518 1162 3573; x_wconf 74' lang='lat' dir='ltr'><strong>Christiana:</strong></span> <span class='ocrx_word' id='word_1_484' title='bbox 1202 3532 1470 3585; x_wconf 67' lang='lat' dir='ltr'><strong>constare,</strong></span> <span class='ocrx_word' id='word_1_485' title='bbox 1503 3535 1602 3573; x_wconf 87' lang='lat' dir='ltr'><strong>nec</strong></span> <span class='ocrx_word' id='word_1_486' title='bbox 1632 3524 1864 3575; x_wconf 66' lang='lat' dir='ltr'><strong>aestima-</strong></span> 
     </span>
    </p>
   </div>
   <div class='ocr_carea' id='block_1_67' title="bbox 285 3613 1865 3683">
    <p class='ocr_par' dir='ltr' id='par_1_67' title="bbox 285 3613 1865 3683">
     <span class='ocr_line' id='line_1_67' title="bbox 285 3613 1865 3683; baseline -0.002 -13"><span class='ocrx_word' id='word_1_487' title='bbox 285 3618 375 3670; x_wconf 67' lang='lat' dir='ltr'><strong>bit</strong></span> <span class='ocrx_word' id='word_1_488' title='bbox 406 3616 495 3669; x_wconf 90' lang='lat' dir='ltr'><strong>diu</strong></span> <span class='ocrx_word' id='word_1_489' title='bbox 526 3630 646 3670; x_wconf 73' lang='lat' dir='ltr'><strong>esse</strong></span> <span class='ocrx_word' id='word_1_490' title='bbox 677 3630 956 3668; x_wconf 90' lang='lat' dir='ltr'><strong>mansuros</strong></span> <span class='ocrx_word' id='word_1_491' title='bbox 978 3613 1034 3678; x_wconf 76' lang='grc'><strong>⁸,</strong></span> <span class='ocrx_word' id='word_1_492' title='bbox 1065 3629 1185 3667; x_wconf 91' lang='lat' dir='ltr'><strong>cum</strong></span> <span class='ocrx_word' id='word_1_493' title='bbox 1216 3613 1268 3666; x_wconf 93' lang='lat' dir='ltr'><strong>in</strong></span> <span class='ocrx_word' id='word_1_494' title='bbox 1315 3614 1429 3680; x_wconf 88' lang='lat' dir='ltr'><strong>ejus</strong></span> <span class='ocrx_word' id='word_1_495' title='bbox 1451 3623 1596 3667; x_wconf 73' lang='lat' dir='ltr'><strong>esset</strong></span> <span class='ocrx_word' id='word_1_496' title='bbox 1628 3623 1865 3683; x_wconf 86' lang='lat' dir='ltr'><strong>potesta-</strong></span> 
     </span>
    </p>
   </div>
   <div class='ocr_carea' id='block_1_68' title="bbox 283 3704 1863 3775">
    <p class='ocr_par' dir='ltr' id='par_1_68' title="bbox 283 3704 1863 3775">
     <span class='ocr_line' id='line_1_68' title="bbox 283 3704 1863 3775; baseline -0.001 -15"><span class='ocrx_word' id='word_1_497' title='bbox 283 3718 357 3770; x_wconf 86' lang='lat' dir='ltr'><strong>te,</strong></span> <span class='ocrx_word' id='word_1_498' title='bbox 388 3706 527 3775; x_wconf 90' lang='lat' dir='ltr'><strong>quod</strong></span> <span class='ocrx_word' id='word_1_499' title='bbox 563 3705 900 3775; x_wconf 87' lang='lat' dir='ltr'><strong>postmodum</strong></span> <span class='ocrx_word' id='word_1_500' title='bbox 957 3704 1102 3765; x_wconf 90' lang='lat' dir='ltr'><strong>fecit,</strong></span> <span class='ocrx_word' id='word_1_501' title='bbox 1153 3704 1415 3757; x_wconf 73' lang='lat' dir='ltr'><strong>diczorum</strong></span> <span class='ocrx_word' id='word_1_502' title='bbox 1468 3718 1684 3757; x_wconf 91' lang='lat' dir='ltr'><strong>suorum</strong></span> <span class='ocrx_word' id='word_1_503' title='bbox 1731 3722 1863 3774; x_wconf 84' lang='lat' dir='ltr'><strong>pan-</strong></span> 
     </span>
    </p>
   </div>
   <div class='ocr_carea' id='block_1_69' title="bbox 284 3792 1860 3855">
    <p class='ocr_par' dir='ltr' id='par_1_69' title="bbox 284 3792 1860 3855">
     <span class='ocr_line' id='line_1_69' title="bbox 284 3792 1860 3855; baseline 0 -6"><span class='ocrx_word' id='word_1_504' title='bbox 284 3796 411 3849; x_wconf 86' lang='lat' dir='ltr'><strong>dere</strong></span> <span class='ocrx_word' id='word_1_505' title='bbox 436 3797 714 3855; x_wconf 84' lang='lat' dir='ltr'><strong>rationem,</strong></span> <span class='ocrx_word' id='word_1_506' title='bbox 750 3802 801 3847; x_wconf 92' lang='lat' dir='ltr'><strong>et</strong></span> <span class='ocrx_word' id='word_1_507' title='bbox 852 3794 1043 3846; x_wconf 89' lang='lat' dir='ltr'><strong>sedare</strong></span> <span class='ocrx_word' id='word_1_508' title='bbox 1083 3792 1237 3845; x_wconf 87' lang='lat' dir='ltr'><strong>aliter</strong></span> <span class='ocrx_word' id='word_1_509' title='bbox 1265 3793 1640 3846; x_wconf 76' lang='lat' dir='ltr'><strong>mstimantium</strong></span> <span class='ocrx_word' id='word_1_510' title='bbox 1670 3804 1860 3850; x_wconf 91' lang='lat' dir='ltr'><strong>motus.</strong></span> 
     </span>
    </p>
   </div>
   <div class='ocr_carea' id='block_1_70' title="bbox 283 3884 1866 3954">
    <p class='ocr_par' dir='ltr' id='par_1_70' title="bbox 283 3884 1866 3954">
     <span class='ocr_line' id='line_1_70' title="bbox 283 3884 1866 3954; baseline 0.001 -14"><span class='ocrx_word' id='word_1_511' title='bbox 283 3886 438 3952; x_wconf 82' lang='lat' dir='ltr'><strong>Quod</strong></span> <span class='ocrx_word' id='word_1_512' title='bbox 468 3896 644 3938; x_wconf 87' lang='lat' dir='ltr'><strong>autem</strong></span> <span class='ocrx_word' id='word_1_513' title='bbox 690 3884 936 3949; x_wconf 85' lang='lat' dir='ltr'><strong>fideliter,</strong></span> <span class='ocrx_word' id='word_1_514' title='bbox 969 3884 1112 3953; x_wconf 90' lang='lat' dir='ltr'><strong>quod</strong></span> <span class='ocrx_word' id='word_1_515' title='bbox 1132 3894 1462 3951; x_wconf 85' lang='lat' dir='ltr'><strong>constanter,</strong></span> <span class='ocrx_word' id='word_1_516' title='bbox 1490 3900 1552 3939; x_wconf 88' lang='lat' dir='ltr'><strong>ea</strong></span> <span class='ocrx_word' id='word_1_517' title='bbox 1580 3902 1698 3954; x_wconf 72' lang='lat' dir='ltr'><strong>quae</strong></span> <span class='ocrx_word' id='word_1_518' title='bbox 1726 3890 1866 3943; x_wconf 91' lang='lat' dir='ltr'><strong>veri-</strong></span> 
     </span>
    </p>
   </div>
   <div class='ocr_carea' id='block_1_71' title="bbox 286 3975 1865 4045">
    <p class='ocr_par' dir='ltr' id='par_1_71' title="bbox 286 3975 1865 4045">
     <span class='ocr_line' id='line_1_71' title="bbox 286 3975 1865 4045; baseline 0.001 -16"><span class='ocrx_word' id='word_1_519' title='bbox 286 3977 411 4029; x_wconf 86' lang='lat' dir='ltr'><strong>tatis</strong></span> <span class='ocrx_word' id='word_1_520' title='bbox 436 3976 647 4028; x_wconf 89' lang='lat' dir='ltr'><strong>fueraut</strong></span> <span class='ocrx_word' id='word_1_521' title='bbox 673 3975 1007 4039; x_wconf 85' lang='lat' dir='ltr'><strong>asserebant,</strong></span> <span class='ocrx_word' id='word_1_522' title='bbox 1038 3976 1279 4043; x_wconf 89' lang='lat' dir='ltr'><strong>quamvis</strong></span> <span class='ocrx_word' id='word_1_523' title='bbox 1294 3984 1479 4028; x_wconf 90' lang='lat' dir='ltr'><strong>contra</strong></span> <span class='ocrx_word' id='word_1_524' title='bbox 1501 3977 1672 4045; x_wconf 90' lang='lat' dir='ltr'><strong>ipsum</strong></span> <span class='ocrx_word' id='word_1_525' title='bbox 1697 3976 1865 4032; x_wconf 91' lang='lat' dir='ltr'><strong>asseri</strong></span> 
     </span>
    </p>
   </div>
   <div class='ocr_carea' id='block_1_72' title="bbox 288 4064 1864 4129">
    <p class='ocr_par' dir='ltr' id='par_1_72' title="bbox 288 4064 1864 4129">
     <span class='ocr_line' id='line_1_72' title="bbox 288 4064 1864 4129; baseline 0.002 -12"><span class='ocrx_word' id='word_1_526' title='bbox 288 4079 507 4119; x_wconf 88' lang='lat' dir='ltr'><strong>necesse</strong></span> <span class='ocrx_word' id='word_1_527' title='bbox 535 4080 637 4119; x_wconf 91' lang='lat' dir='ltr'><strong>non</strong></span> <span class='ocrx_word' id='word_1_528' title='bbox 671 4064 868 4128; x_wconf 89' lang='lat' dir='ltr'><strong>fuerat,</strong></span> <span class='ocrx_word' id='word_1_529' title='bbox 908 4064 977 4117; x_wconf 85' lang='lat' dir='ltr'><strong>ibi</strong></span> <span class='ocrx_word' id='word_1_530' title='bbox 1026 4073 1186 4118; x_wconf 72' lang='lat' dir='ltr'><strong>recta:</strong></span> <span class='ocrx_word' id='word_1_531' title='bbox 1218 4064 1335 4117; x_wconf 88' lang='lat' dir='ltr'><strong>lidei</strong></span> <span class='ocrx_word' id='word_1_532' title='bbox 1368 4073 1585 4129; x_wconf 79' lang='lat' dir='ltr'><strong>statum,</strong></span> <span class='ocrx_word' id='word_1_533' title='bbox 1620 4066 1688 4118; x_wconf 92' lang='lat' dir='ltr'><strong>ibi</strong></span> <span class='ocrx_word' id='word_1_534' title='bbox 1714 4082 1864 4120; x_wconf 88' lang='lat' dir='ltr'><strong>suam</strong></span> 
     </span>
    </p>
   </div>
   <div class='ocr_carea' id='block_1_73' title="bbox 286 4152 1866 4223">
    <p class='ocr_par' dir='ltr' id='par_1_73' title="bbox 286 4152 1866 4223">
     <span class='ocr_line' id='line_1_73' title="bbox 286 4152 1866 4223; baseline 0.002 -15"><span class='ocrx_word' id='word_1_535' title='bbox 286 4152 611 4223; x_wconf 82' lang='lat' dir='ltr'><strong>Illorumque</strong></span> <span class='ocrx_word' id='word_1_536' title='bbox 635 4154 881 4221; x_wconf 80' lang='lat' dir='ltr'><strong>salutem,</strong></span> <span class='ocrx_word' id='word_1_537' title='bbox 917 4152 987 4206; x_wconf 89' lang='lat' dir='ltr'><strong>ibi</strong></span> <span class='ocrx_word' id='word_1_538' title='bbox 1022 4153 1381 4207; x_wconf 84' lang='lat' dir='ltr'><strong>Ecelesiarum</strong></span> <span class='ocrx_word' id='word_1_539' title='bbox 1405 4154 1642 4208; x_wconf 91' lang='lat' dir='ltr'><strong>omnium</strong></span> <span class='ocrx_word' id='word_1_540' title='bbox 1671 4155 1737 4209; x_wconf 90' lang='lat' dir='ltr'><strong>de</strong></span> <span class='ocrx_word' id='word_1_541' title='bbox 1763 4172 1866 4211; x_wconf 77' lang='lat' dir='ltr'><strong>ca:-</strong></span> 
     </span>
    </p>
   </div>
   <div class='ocr_carea' id='block_1_74' title="bbox 289 4243 1867 4311">
    <p class='ocr_par' dir='ltr' id='par_1_74' title="bbox 289 4243 1867 4311">
     <span class='ocr_line' id='line_1_74' title="bbox 289 4243 1867 4311; baseline 0.001 -12"><span class='ocrx_word' id='word_1_542' title='bbox 289 4254 406 4299; x_wconf 88' lang='lat' dir='ltr'><strong>tero</strong></span> <span class='ocrx_word' id='word_1_543' title='bbox 429 4243 729 4298; x_wconf 86' lang='lat' dir='ltr'><strong>ﬁrmitatem</strong></span> <span class='ocrx_word' id='word_1_544' title='bbox 775 4244 1069 4298; x_wconf 90' lang='lat' dir='ltr'><strong>consistere</strong></span> <span class='ocrx_word' id='word_1_545' title='bbox 1092 4243 1381 4311; x_wconf 88' lang='lat' dir='ltr'><strong>judicabat,</strong></span> <span class='ocrx_word' id='word_1_546' title='bbox 1433 4255 1489 4297; x_wconf 95' lang='lat' dir='ltr'><strong>ut</strong></span> <span class='ocrx_word' id='word_1_547' title='bbox 1515 4245 1583 4299; x_wconf 92' lang='lat' dir='ltr'><strong>de</strong></span> <span class='ocrx_word' id='word_1_548' title='bbox 1624 4246 1867 4300; x_wconf 89' lang='lat' dir='ltr'><strong>incarna-</strong></span> 
     </span>
    </p>
   </div>
   <div class='ocr_carea' id='block_1_75' title="bbox 287 4332 1861 4397">
    <p class='ocr_par' dir='ltr' id='par_1_75' title="bbox 287 4332 1861 4397">
     <span class='ocr_line' id='line_1_75' title="bbox 287 4332 1861 4397; baseline 0.001 -11"><span class='ocrx_word' id='word_1_549' title='bbox 287 4335 448 4392; x_wconf 85' lang='lat' dir='ltr'><strong>‘,ionis</strong></span> <span class='ocrx_word' id='word_1_550' title='bbox 476 4332 754 4389; x_wconf 69' lang='lat' dir='ltr'><strong>deminicas</strong></span> <span class='ocrx_word' id='word_1_551' title='bbox 780 4340 1119 4387; x_wconf 84' lang='lat' dir='ltr'><strong>sacramento</strong></span> <span class='ocrx_word' id='word_1_552' title='bbox 1144 4347 1299 4385; x_wconf 85' lang='lat' dir='ltr'><strong>nemo</strong></span> <span class='ocrx_word' id='word_1_553' title='bbox 1326 4332 1599 4387; x_wconf 85' lang='lat' dir='ltr'><strong>dubitaret</strong></span> <span class='ocrx_word' id='word_1_554' title='bbox 1620 4335 1861 4397; x_wconf 88' lang='lat' dir='ltr'><strong>ulterius,</strong></span> 
     </span>
    </p>
   </div>
   <div class='ocr_carea' id='block_1_76' title="bbox 288 4423 1861 4495">
    <p class='ocr_par' dir='ltr' id='par_1_76' title="bbox 288 4423 1861 4495">
     <span class='ocr_line' id='line_1_76' title="bbox 288 4423 1861 4495; baseline -0.003 -15"><span class='ocrx_word' id='word_1_555' title='bbox 288 4426 355 4480; x_wconf 86' lang='lat' dir='ltr'><strong>de</strong></span> <span class='ocrx_word' id='word_1_556' title='bbox 376 4440 481 4495; x_wconf 88' lang='lat' dir='ltr'><strong>quo</strong></span> <span class='ocrx_word' id='word_1_557' title='bbox 510 4426 666 4479; x_wconf 88' lang='lat' dir='ltr'><strong>etiam</strong></span> <span class='ocrx_word' id='word_1_558' title='bbox 698 4424 835 4477; x_wconf 91' lang='lat' dir='ltr'><strong>inter</strong></span> <span class='ocrx_word' id='word_1_559' title='bbox 885 4424 1202 4478; x_wconf 87' lang='lat' dir='ltr'><strong>dissidentes</strong></span> <span class='ocrx_word' id='word_1_560' title='bbox 1250 4438 1313 4477; x_wconf 90' lang='lat' dir='ltr'><strong>ac</strong></span> <span class='ocrx_word' id='word_1_561' title='bbox 1353 4423 1417 4477; x_wconf 90' lang='lat' dir='ltr'><strong>de</strong></span> <span class='ocrx_word' id='word_1_562' title='bbox 1447 4439 1505 4477; x_wconf 91' lang='lat' dir='ltr'><strong>se</strong></span> <span class='ocrx_word' id='word_1_563' title='bbox 1551 4426 1707 4478; x_wconf 90' lang='lat' dir='ltr'><strong>aliter</strong></span> <span class='ocrx_word' id='word_1_564' title='bbox 1735 4440 1861 4479; x_wconf 87' lang='lat' dir='ltr'><strong>sen-</strong></span> 
     </span>
    </p>
   </div>
   <div class='ocr_carea' id='block_1_77' title="bbox 1970 3242 3538 3317">
    <p class='ocr_par' dir='ltr' id='par_1_77' title="bbox 1970 3242 3538 3317">
     <span class='ocr_line' id='line_1_77' title="bbox 1970 3242 3538 3317; baseline 0.006 -23"><span class='ocrx_word' id='word_1_565' title='bbox 1970 3242 2022 3295; x_wconf 91' lang='lat' dir='ltr'><strong>id</strong></span> <span class='ocrx_word' id='word_1_566' title='bbox 2075 3243 2244 3311; x_wconf 90' lang='lat' dir='ltr'><strong>ipsum</strong></span> <span class='ocrx_word' id='word_1_567' title='bbox 2296 3244 2485 3296; x_wconf 80' lang='lat' dir='ltr'><strong>falsum</strong></span> <span class='ocrx_word' id='word_1_568' title='bbox 2534 3244 2685 3297; x_wconf 88' lang='lat' dir='ltr'><strong>alteri</strong></span> <span class='ocrx_word' id='word_1_569' title='bbox 2718 3246 2983 3312; x_wconf 84' lang='lat' dir='ltr'><strong>displicet,</strong></span> <span class='ocrx_word' id='word_1_570' title='bbox 3018 3246 3333 3301; x_wconf 74' lang='lat' dir='ltr'><strong>malim&#39;me</strong></span> <span class='ocrx_word' id='word_1_571' title='bbox 3359 3264 3538 3317; x_wconf 85' lang='lat' dir='ltr'><strong>repre-</strong></span> 
     </span>
    </p>
   </div>
   <div class='ocr_carea' id='block_1_78' title="bbox 1970 3332 3539 3405">
    <p class='ocr_par' dir='ltr' id='par_1_78' title="bbox 1970 3332 3539 3405">
     <span class='ocr_line' id='line_1_78' title="bbox 1970 3332 3539 3405; baseline 0.004 -21"><span class='ocrx_word' id='word_1_572' title='bbox 1970 3332 2128 3385; x_wconf 90' lang='lat' dir='ltr'><strong>hendi</strong></span> <span class='ocrx_word' id='word_1_573' title='bbox 2157 3348 2186 3384; x_wconf 91' lang='lat' dir='ltr'><strong>a</strong></span> <span class='ocrx_word' id='word_1_574' title='bbox 2217 3334 2604 3401; x_wconf 89' lang='lat' dir='ltr'><strong>reprehensore</strong></span> <span class='ocrx_word' id='word_1_575' title='bbox 2636 3333 2897 3398; x_wconf 71' lang='lat' dir='ltr'><strong>falsitatis,</strong></span> <span class='ocrx_word' id='word_1_576' title='bbox 2937 3351 3092 3404; x_wconf 86' lang='lat' dir='ltr'><strong>quam</strong></span> <span class='ocrx_word' id='word_1_577' title='bbox 3124 3338 3190 3389; x_wconf 89' lang='lat' dir='ltr'><strong>ab</strong></span> <span class='ocrx_word' id='word_1_578' title='bbox 3217 3337 3333 3405; x_wconf 86' lang='lat' dir='ltr'><strong>ejus</strong></span> <span class='ocrx_word' id='word_1_579' title='bbox 3358 3339 3539 3393; x_wconf 80' lang='lat' dir='ltr'><strong>lauda-</strong></span> 
     </span>
    </p>
   </div>
   <div class='ocr_carea' id='block_1_79' title="bbox 1972 3425 3539 3493">
    <p class='ocr_par' dir='ltr' id='par_1_79' title="bbox 1972 3425 3539 3493">
     <span class='ocr_line' id='line_1_79' title="bbox 1972 3425 3539 3493; baseline 0.003 -16"><span class='ocrx_word' id='word_1_580' title='bbox 1972 3434 2088 3479; x_wconf 89' lang='lat' dir='ltr'><strong>tore</strong></span> <span class='ocrx_word' id='word_1_581' title='bbox 2119 3425 2340 3477; x_wconf 90' lang='lat' dir='ltr'><strong>laudari.</strong></span> <span class='ocrx_word' id='word_1_582' title='bbox 2394 3427 2475 3478; x_wconf 72' lang='lat' dir='ltr'><strong>Ah</strong></span> <span class='ocrx_word' id='word_1_583' title='bbox 2526 3425 2614 3478; x_wconf 92' lang='lat' dir='ltr'><strong>illo</strong></span> <span class='ocrx_word' id='word_1_584' title='bbox 2662 3427 2799 3478; x_wconf 88' lang='lat' dir='ltr'><strong>enim</strong></span> <span class='ocrx_word' id='word_1_585' title='bbox 2853 3428 3097 3493; x_wconf 70' lang='lat' dir='ltr'><strong>quamvis</strong></span> <span class='ocrx_word' id='word_1_586' title='bbox 3122 3439 3539 3493; x_wconf 79' lang='lat' dir='ltr'><strong>egououret-te,</strong></span> 
     </span>
    </p>
   </div>
   <div class='ocr_carea' id='block_1_80' title="bbox 1970 3518 3541 3588">
    <p class='ocr_par' dir='ltr' id='par_1_80' title="bbox 1970 3518 3541 3588">
     <span class='ocr_line' id='line_1_80' title="bbox 1970 3518 3541 3588; baseline 0.003 -19"><span class='ocrx_word' id='word_1_587' title='bbox 1970 3519 2058 3584; x_wconf 90' lang='lat' dir='ltr'><strong>qui</strong></span> <span class='ocrx_word' id='word_1_588' title='bbox 2094 3520 2193 3570; x_wconf 92' lang='lat' dir='ltr'><strong>hoe</strong></span> <span class='ocrx_word' id='word_1_589' title='bbox 2222 3533 2324 3570; x_wconf 91' lang='lat' dir='ltr'><strong>non</strong></span> <span class='ocrx_word' id='word_1_590' title='bbox 2350 3518 2632 3583; x_wconf 86' lang='lat' dir='ltr'><strong>senserim,</strong></span> <span class='ocrx_word' id='word_1_591' title='bbox 2683 3532 2837 3571; x_wconf 89' lang='lat' dir='ltr'><strong>error</strong></span> <span class='ocrx_word' id='word_1_592' title='bbox 2882 3528 3055 3570; x_wconf 92' lang='lat' dir='ltr'><strong>tamen</strong></span> <span class='ocrx_word' id='word_1_593' title='bbox 3080 3521 3259 3572; x_wconf 80' lang='lat' dir='ltr'><strong>recte‘</strong></span> <span class='ocrx_word' id='word_1_594' title='bbox 3280 3520 3541 3588; x_wconf 61' lang='lat' dir='ltr'><strong>vitupeiao</strong></span> 
     </span>
    </p>
   </div>
   <div class='ocr_carea' id='block_1_81' title="bbox 1974 3608 3539 3677">
    <p class='ocr_par' dir='ltr' id='par_1_81' title="bbox 1974 3608 3539 3677">
     <span class='ocr_line' id='line_1_81' title="bbox 1974 3608 3539 3677; baseline 0.004 -20"><span class='ocrx_word' id='word_1_595' title='bbox 1974 3618 2090 3670; x_wconf 88' lang='lat' dir='ltr'><strong>tur;</strong></span> <span class='ocrx_word' id='word_1_596' title='bbox 2116 3609 2183 3658; x_wconf 85' lang='lat' dir='ltr'><strong>ab</strong></span> <span class='ocrx_word' id='word_1_597' title='bbox 2227 3608 2326 3661; x_wconf 88' lang='lat' dir='ltr'><strong>hoc</strong></span> <span class='ocrx_word' id='word_1_598' title='bbox 2357 3616 2531 3661; x_wconf 88' lang='lat' dir='ltr'><strong>autem</strong></span> <span class='ocrx_word' id='word_1_599' title='bbox 2566 3623 2661 3660; x_wconf 89' lang='lat' dir='ltr'><strong>nec</strong></span> <span class='ocrx_word' id='word_1_600' title='bbox 2708 3623 2806 3675; x_wconf 90' lang='lat' dir='ltr'><strong>ego</strong></span> <span class='ocrx_word' id='word_1_601' title='bbox 2839 3618 2984 3661; x_wconf 75' lang='lat' dir='ltr'><strong>recte</strong></span> <span class='ocrx_word' id='word_1_602' title='bbox 3010 3608 3213 3672; x_wconf 76' lang='lat' dir='ltr'><strong>laudor,</strong></span> <span class='ocrx_word' id='word_1_603' title='bbox 3242 3623 3271 3661; x_wconf 69' lang='grc' dir='ltr'>ι</span> <span class='ocrx_word' id='word_1_604' title='bbox 3302 3625 3406 3677; x_wconf 91' lang='lat' dir='ltr'><strong>quo</strong></span> <span class='ocrx_word' id='word_1_605' title='bbox 3435 3614 3539 3663; x_wconf 45' lang='lat' dir='ltr'><strong>exi-</strong></span> 
     </span>
    </p>
   </div>
   <div class='ocr_carea' id='block_1_82' title="bbox 1971 3698 3543 3770">
    <p class='ocr_par' dir='ltr' id='par_1_82' title="bbox 1971 3698 3543 3770">
     <span class='ocr_line' id='line_1_82' title="bbox 1971 3698 3543 3770; baseline 0.001 -19"><span class='ocrx_word' id='word_1_606' title='bbox 1971 3699 2159 3751; x_wconf 91' lang='lat' dir='ltr'><strong>stimor</strong></span> <span class='ocrx_word' id='word_1_607' title='bbox 2205 3699 2254 3752; x_wconf 94' lang='lat' dir='ltr'><strong>id</strong></span> <span class='ocrx_word' id='word_1_608' title='bbox 2300 3698 2559 3761; x_wconf 83' lang='lat' dir='ltr'><strong>sensisse,</strong></span> <span class='ocrx_word' id='word_1_609' title='bbox 2603 3698 2743 3767; x_wconf 89' lang='lat' dir='ltr'><strong>quod</strong></span> <span class='ocrx_word' id='word_1_610' title='bbox 2780 3700 3275 3766; x_wconf 84' lang='lat' dir='ltr'><strong>vituperatveritas,</strong></span> <span class='ocrx_word' id='word_1_611' title='bbox 3311 3703 3543 3770; x_wconf 75' lang='lat' dir='ltr'><strong>necipsa</strong></span> 
     </span>
    </p>
   </div>
   <div class='ocr_carea' id='block_1_83' title="bbox 1970 3789 3542 3859">
    <p class='ocr_par' dir='ltr' id='par_1_83' title="bbox 1970 3789 3542 3859">
     <span class='ocr_line' id='line_1_83' title="bbox 1970 3789 3542 3859; baseline 0.004 -18"><span class='ocrx_word' id='word_1_612' title='bbox 1970 3789 2230 3842; x_wconf 73' lang='lat' dir='ltr'><strong>sententia</strong></span> <span class='ocrx_word' id='word_1_613' title='bbox 2262 3804 2418 3856; x_wconf 83' lang='lat' dir='ltr'><strong>quam</strong></span> <span class='ocrx_word' id='word_1_614' title='bbox 2444 3789 2706 3856; x_wconf 84' lang='lat' dir='ltr'><strong>vituperat</strong></span> <span class='ocrx_word' id='word_1_615' title='bbox 2748 3790 2963 3842; x_wconf 88' lang='lat' dir='ltr'><strong>veritas.</strong></span> <span class='ocrx_word' id='word_1_616' title='bbox 3006 3808 3023 3840; x_wconf 70' lang='grc' dir='ltr'><strong><em>ι</em></strong></span> <span class='ocrx_word' id='word_1_617' title='bbox 3059 3789 3112 3844; x_wconf 92' lang='lat' dir='ltr'><strong>Si</strong></span> <span class='ocrx_word' id='word_1_618' title='bbox 3140 3791 3265 3859; x_wconf 86' lang='lat' dir='ltr'><strong>quid</strong></span> <span class='ocrx_word' id='word_1_619' title='bbox 3292 3793 3449 3859; x_wconf 82' lang='lat' dir='ltr'><strong>igitur</strong></span> <span class='ocrx_word' id='word_1_620' title='bbox 3474 3799 3542 3847; x_wconf 85' lang='lat' dir='ltr'><strong>de</strong></span> 
     </span>
    </p>
   </div>
   <div class='ocr_carea' id='block_1_84' title="bbox 1968 3879 3542 3951">
    <p class='ocr_par' dir='ltr' id='par_1_84' title="bbox 1968 3879 3542 3951">
     <span class='ocr_line' id='line_1_84' title="bbox 1968 3879 3542 3951; baseline -0.001 -15"><span class='ocrx_word' id='word_1_621' title='bbox 1968 3882 2127 3936; x_wconf 90' lang='lat' dir='ltr'><strong>beato</strong></span> <span class='ocrx_word' id='word_1_622' title='bbox 2155 3879 2355 3951; x_wconf 89' lang='lat' dir='ltr'><strong>Cyrillo</strong></span> <span class='ocrx_word' id='word_1_623' title='bbox 2401 3881 2538 3935; x_wconf 92' lang='lat' dir='ltr'><strong>bene</strong></span> <span class='ocrx_word' id='word_1_624' title='bbox 2581 3882 2861 3943; x_wconf 86' lang='lat' dir='ltr'><strong>sentimus,</strong></span> <span class='ocrx_word' id='word_1_625' title='bbox 2914 3880 2957 3932; x_wconf 87' lang='lat' dir='ltr'><strong>si</strong></span> <span class='ocrx_word' id='word_1_626' title='bbox 2989 3880 3113 3948; x_wconf 87' lang='lat' dir='ltr'><strong>quid</strong></span> <span class='ocrx_word' id='word_1_627' title='bbox 3156 3882 3205 3933; x_wconf 90' lang='lat' dir='ltr'><strong>ei</strong></span> <span class='ocrx_word' id='word_1_628' title='bbox 3251 3883 3542 3947; x_wconf 66' lang='lat' dir='ltr'><strong>prudentiae</strong></span> 
     </span>
    </p>
   </div>
   <div class='ocr_carea' id='block_1_85' title="bbox 1970 3972 3541 4044">
    <p class='ocr_par' dir='ltr' id='par_1_85' title="bbox 1970 3972 3541 4044">
     <span class='ocr_line' id='line_1_85' title="bbox 1970 3972 3541 4044; baseline 0.001 -19"><span class='ocrx_word' id='word_1_629' title='bbox 1970 3975 2053 4027; x_wconf 88' lang='lat' dir='ltr'><strong>vel</strong></span> <span class='ocrx_word' id='word_1_630' title='bbox 2084 3973 2356 4028; x_wconf 85' lang='lat' dir='ltr'><strong>cbaritatis</strong></span> <span class='ocrx_word' id='word_1_631' title='bbox 2384 3972 2719 4039; x_wconf 87' lang='lat' dir='ltr'><strong>ascribimus,</strong></span> <span class='ocrx_word' id='word_1_632' title='bbox 2754 3973 2924 4040; x_wconf 84' lang='lat' dir='ltr'><strong>ipsum</strong></span> <span class='ocrx_word' id='word_1_633' title='bbox 2956 3986 3169 4041; x_wconf 87' lang='lat' dir='ltr'><strong>quoque</strong></span> <span class='ocrx_word' id='word_1_634' title='bbox 3216 3989 3336 4027; x_wconf 88' lang='lat' dir='ltr'><strong>eum</strong></span> <span class='ocrx_word' id='word_1_635' title='bbox 3359 3974 3541 4044; x_wconf 74' lang='lat' dir='ltr'><strong>justo&#39;</strong></span> 
     </span>
    </p>
   </div>
   <div class='ocr_carea' id='block_1_86' title="bbox 1970 4061 3542 4131">
    <p class='ocr_par' dir='ltr' id='par_1_86' title="bbox 1970 4061 3542 4131">
     <span class='ocr_line' id='line_1_86' title="bbox 1970 4061 3542 4131; baseline 0.001 -16"><span class='ocrx_word' id='word_1_636' title='bbox 1970 4066 2086 4117; x_wconf 89' lang='lat' dir='ltr'><strong>viro</strong></span> <span class='ocrx_word' id='word_1_637' title='bbox 2114 4063 2373 4131; x_wconf 85' lang='lat' dir='ltr'><strong>sapientia</strong></span> <span class='ocrx_word' id='word_1_638' title='bbox 2404 4071 2459 4118; x_wconf 90' lang='lat' dir='ltr'><strong>et</strong></span> <span class='ocrx_word' id='word_1_639' title='bbox 2490 4063 2686 4131; x_wconf 88' lang='lat' dir='ltr'><strong>pietate</strong></span> <span class='ocrx_word' id='word_1_640' title='bbox 2738 4061 2959 4130; x_wconf 74' lang='lat' dir='ltr'><strong>pra-dito</strong></span> <span class='ocrx_word' id='word_1_641' title='bbox 3012 4062 3307 4130; x_wconf 82' lang='lat' dir='ltr'><strong>Augustino</strong></span> <span class='ocrx_word' id='word_1_642' title='bbox 3350 4065 3542 4118; x_wconf 80' lang='lat' dir='ltr'><strong>ereda-</strong></span> 
     </span>
    </p>
   </div>
   <div class='ocr_carea' id='block_1_87' title="bbox 1969 4151 3543 4222">
    <p class='ocr_par' dir='ltr' id='par_1_87' title="bbox 1969 4151 3543 4222">
     <span class='ocr_line' id='line_1_87' title="bbox 1969 4151 3543 4222; baseline 0.001 -15"><span class='ocrx_word' id='word_1_643' title='bbox 1969 4168 2108 4217; x_wconf 89' lang='lat' dir='ltr'><strong>mus,</strong></span> <span class='ocrx_word' id='word_1_644' title='bbox 2139 4154 2281 4222; x_wconf 89' lang='lat' dir='ltr'><strong>quod</strong></span> <span class='ocrx_word' id='word_1_645' title='bbox 2309 4169 2429 4208; x_wconf 89' lang='lat' dir='ltr'><strong>cum</strong></span> <span class='ocrx_word' id='word_1_646' title='bbox 2460 4153 2592 4207; x_wconf 90' lang='lat' dir='ltr'><strong>false</strong></span> <span class='ocrx_word' id='word_1_647' title='bbox 2623 4160 2898 4221; x_wconf 88' lang='lat' dir='ltr'><strong>putaretur</strong></span> <span class='ocrx_word' id='word_1_648' title='bbox 2927 4151 2977 4205; x_wconf 93' lang='lat' dir='ltr'><strong>iu</strong></span> <span class='ocrx_word' id='word_1_649' title='bbox 3006 4152 3117 4205; x_wconf 85' lang='lat' dir='ltr'><strong>suis</strong></span> <span class='ocrx_word' id='word_1_650' title='bbox 3144 4153 3391 4219; x_wconf 86' lang='lat' dir='ltr'><strong>capitulis</strong></span> <span class='ocrx_word' id='word_1_651' title='bbox 3423 4168 3543 4208; x_wconf 82' lang='lat' dir='ltr'><strong>sen-</strong></span> 
     </span>
    </p>
   </div>
   <div class='ocr_carea' id='block_1_88' title="bbox 1968 4241 3544 4312">
    <p class='ocr_par' dir='ltr' id='par_1_88' title="bbox 1968 4241 3544 4312">
     <span class='ocr_line' id='line_1_88' title="bbox 1968 4241 3544 4312; baseline 0.003 -15"><span class='ocrx_word' id='word_1_652' title='bbox 1968 4241 2105 4298; x_wconf 86' lang='lat' dir='ltr'><strong>sisse</strong></span> <span class='ocrx_word' id='word_1_653' title='bbox 2133 4246 2274 4312; x_wconf 91' lang='lat' dir='ltr'><strong>quod</strong></span> <span class='ocrx_word' id='word_1_654' title='bbox 2321 4261 2426 4298; x_wconf 93' lang='lat' dir='ltr'><strong>non</strong></span> <span class='ocrx_word' id='word_1_655' title='bbox 2451 4244 2642 4309; x_wconf 83' lang='lat' dir='ltr'><strong>sensit,</strong></span> <span class='ocrx_word' id='word_1_656' title='bbox 2676 4244 2910 4298; x_wconf 85' lang='lat' dir='ltr'><strong>malebat</strong></span> <span class='ocrx_word' id='word_1_657' title='bbox 2933 4257 2992 4297; x_wconf 84' lang='lat' dir='ltr'><strong>se</strong></span> <span class='ocrx_word' id='word_1_658' title='bbox 3024 4244 3344 4311; x_wconf 79' lang='lat' dir='ltr'><strong>reprehendi</strong></span> <span class='ocrx_word' id='word_1_659' title='bbox 3372 4247 3437 4298; x_wconf 89' lang='lat' dir='ltr'><strong>ab</strong></span> <span class='ocrx_word' id='word_1_660' title='bbox 3461 4245 3544 4301; x_wconf 87' lang='lat' dir='ltr'><strong>lba</strong></span> 
     </span>
    </p>
   </div>
   <div class='ocr_carea' id='block_1_89' title="bbox 1970 4334 3544 4404">
    <p class='ocr_par' dir='ltr' id='par_1_89' title="bbox 1970 4334 3544 4404">
     <span class='ocr_line' id='line_1_89' title="bbox 1970 4334 3544 4404; baseline -0.001 -16"><span class='ocrx_word' id='word_1_661' title='bbox 1970 4335 2364 4402; x_wconf 85' lang='lat' dir='ltr'><strong>reprehensore</strong></span> <span class='ocrx_word' id='word_1_662' title='bbox 2387 4336 2657 4402; x_wconf 89' lang='lat' dir='ltr'><strong>falsitatis,</strong></span> <span class='ocrx_word' id='word_1_663' title='bbox 2688 4350 2848 4403; x_wconf 86' lang='lat' dir='ltr'><strong>quam</strong></span> <span class='ocrx_word' id='word_1_664' title='bbox 2870 4335 2938 4388; x_wconf 90' lang='lat' dir='ltr'><strong>ab</strong></span> <span class='ocrx_word' id='word_1_665' title='bbox 2960 4334 3197 4404; x_wconf 84' lang='lat' dir='ltr'><strong>Eutyche</strong></span> <span class='ocrx_word' id='word_1_666' title='bbox 3224 4337 3338 4403; x_wconf 88' lang='lat' dir='ltr'><strong>ejus</strong></span> <span class='ocrx_word' id='word_1_667' title='bbox 3362 4336 3544 4389; x_wconf 85' lang='lat' dir='ltr'><strong>lauda-</strong></span> 
     </span>
    </p>
   </div>
   <div class='ocr_carea' id='block_1_90' title="bbox 1971 4426 3542 4493">
    <p class='ocr_par' dir='ltr' id='par_1_90' title="bbox 1971 4426 3542 4493">
     <span class='ocr_line' id='line_1_90' title="bbox 1971 4426 3542 4493; baseline -0.001 -14"><span class='ocrx_word' id='word_1_668' title='bbox 1971 4435 2086 4480; x_wconf 91' lang='lat' dir='ltr'><strong>tore</strong></span> <span class='ocrx_word' id='word_1_669' title='bbox 2133 4426 2359 4480; x_wconf 89' lang='lat' dir='ltr'><strong>laudari.</strong></span> <span class='ocrx_word' id='word_1_670' title='bbox 2396 4426 2462 4479; x_wconf 84' lang='lat' dir='ltr'><strong>Et</strong></span> <span class='ocrx_word' id='word_1_671' title='bbox 2489 4427 2535 4478; x_wconf 90' lang='lat' dir='ltr'><strong>si</strong></span> <span class='ocrx_word' id='word_1_672' title='bbox 2580 4440 2720 4479; x_wconf 88' lang='lat' dir='ltr'><strong>nunc</strong></span> <span class='ocrx_word' id='word_1_673' title='bbox 2766 4426 3057 4489; x_wconf 87' lang='lat' dir='ltr'><strong>adviveret,</strong></span> <span class='ocrx_word' id='word_1_674' title='bbox 3091 4426 3207 4493; x_wconf 85' lang='lat' dir='ltr'><strong>ipse</strong></span> <span class='ocrx_word' id='word_1_675' title='bbox 3228 4439 3440 4493; x_wconf 89' lang='lat' dir='ltr'><strong>quoque</strong></span> <span class='ocrx_word' id='word_1_676' title='bbox 3468 4426 3542 4477; x_wconf 87' lang='lat' dir='ltr'><strong>in-</strong></span> 
     </span>
    </p>
   </div>
   <div class='ocr_carea' id='block_1_91' title="bbox 289 4512 3540 4585">
    <p class='ocr_par' dir='ltr' id='par_1_91' title="bbox 289 4512 3540 4585">
     <span class='ocr_line' id='line_1_91' title="bbox 289 4512 3540 4585; baseline -0.002 -14"><span class='ocrx_word' id='word_1_677' title='bbox 289 4519 505 4581; x_wconf 88' lang='lat' dir='ltr'><strong>tientes,</strong></span> <span class='ocrx_word' id='word_1_678' title='bbox 551 4528 654 4567; x_wconf 74' lang='lat' dir='ltr'><strong>una</strong></span> <span class='ocrx_word' id='word_1_679' title='bbox 706 4515 1035 4569; x_wconf 85' lang='lat' dir='ltr'><strong>inveniretur</strong></span> <span class='ocrx_word' id='word_1_680' title='bbox 1075 4515 1369 4582; x_wconf 89' lang='lat' dir='ltr'><strong>eademque</strong></span> <span class='ocrx_word' id='word_1_681' title='bbox 1425 4516 1705 4567; x_wconf 77' lang='lat' dir='ltr'><strong>Sententia.</strong></span> <span class='ocrx_word' id='word_1_682' title='bbox 1754 4515 1859 4567; x_wconf 91' lang='lat' dir='ltr'><strong>Cur</strong></span> <span class='ocrx_word' id='word_1_683' title='bbox 1890 4523 1934 4579; x_wconf 82' lang='grc' dir='ltr'>υ</span> <span class='ocrx_word' id='word_1_684' title='bbox 1965 4526 2265 4585; x_wconf 82' lang='lat' dir='ltr'><strong>terrogatus</strong></span> <span class='ocrx_word' id='word_1_685' title='bbox 2308 4531 2335 4568; x_wconf 89' lang='lat' dir='ltr'><strong>a</strong></span> <span class='ocrx_word' id='word_1_686' title='bbox 2388 4516 2540 4569; x_wconf 87' lang='lat' dir='ltr'><strong>nobis</strong></span> <span class='ocrx_word' id='word_1_687' title='bbox 2583 4515 2909 4582; x_wconf 87' lang='lat' dir='ltr'><strong>respondere</strong></span> <span class='ocrx_word' id='word_1_688' title='bbox 2961 4522 3140 4579; x_wconf 89' lang='lat' dir='ltr'><strong>posset</strong></span> <span class='ocrx_word' id='word_1_689' title='bbox 3166 4527 3229 4564; x_wconf 88' lang='lat' dir='ltr'><strong>ac</strong></span> <span class='ocrx_word' id='word_1_690' title='bbox 3255 4512 3464 4565; x_wconf 85' lang='lat' dir='ltr'><strong>dicere:</strong></span> <span class='ocrx_word' id='word_1_691' title='bbox 3496 4514 3540 4565; x_wconf 76' lang='grc' dir='ltr'><strong>Δ</strong></span> 
     </span>
    </p>
   </div>
   <div class='ocr_carea' id='block_1_92' title="bbox 288 4603 1861 4676">
    <p class='ocr_par' dir='ltr' id='par_1_92' title="bbox 288 4603 1861 4676">
     <span class='ocr_line' id='line_1_92' title="bbox 288 4603 1861 4676; baseline -0.003 -14"><span class='ocrx_word' id='word_1_692' title='bbox 288 4610 470 4676; x_wconf 82' lang='lat' dir='ltr'><strong>itaque</strong></span> <span class='ocrx_word' id='word_1_693' title='bbox 526 4605 886 4673; x_wconf 80' lang='lat' dir='ltr'><strong>pusillanimes</strong></span> <span class='ocrx_word' id='word_1_694' title='bbox 930 4620 1024 4658; x_wconf 83' lang='lat' dir='ltr'><strong>nos</strong></span> <span class='ocrx_word' id='word_1_695' title='bbox 1056 4606 1124 4659; x_wconf 91' lang='lat' dir='ltr'><strong>de</strong></span> <span class='ocrx_word' id='word_1_696' title='bbox 1172 4605 1490 4672; x_wconf 89' lang='lat' dir='ltr'><strong>magnanimi</strong></span> <span class='ocrx_word' id='word_1_697' title='bbox 1520 4603 1699 4674; x_wconf 84' lang='lat' dir='ltr'><strong>Cyrilli</strong></span> <span class='ocrx_word' id='word_1_698' title='bbox 1734 4622 1861 4675; x_wconf 86' lang='lat' dir='ltr'><strong>gau-</strong></span> 
     </span>
    </p>
   </div>
   <div class='ocr_carea' id='block_1_93' title="bbox 286 4695 1862 4763">
    <p class='ocr_par' dir='ltr' id='par_1_93' title="bbox 286 4695 1862 4763">
     <span class='ocr_line' id='line_1_93' title="bbox 286 4695 1862 4763; baseline -0.004 -11"><span class='ocrx_word' id='word_1_699' title='bbox 286 4700 377 4752; x_wconf 88' lang='lat' dir='ltr'><strong>dio</strong></span> <span class='ocrx_word' id='word_1_700' title='bbox 400 4698 810 4750; x_wconf 86' lang='lat' dir='ltr'><strong>contristamur?</strong></span> <span class='ocrx_word' id='word_1_701' title='bbox 864 4712 959 4749; x_wconf 90' lang='lat' dir='ltr'><strong>cur</strong></span> <span class='ocrx_word' id='word_1_702' title='bbox 990 4695 1111 4749; x_wconf 91' lang='lat' dir='ltr'><strong>inde</strong></span> <span class='ocrx_word' id='word_1_703' title='bbox 1143 4698 1514 4763; x_wconf 87' lang='lat' dir='ltr'><strong>perturbamus</strong></span> <span class='ocrx_word' id='word_1_704' title='bbox 1546 4696 1862 4759; x_wconf 83' lang='lat' dir='ltr'><strong>Eeclesiam,</strong></span> 
     </span>
    </p>
   </div>
   <div class='ocr_carea' id='block_1_94' title="bbox 287 4787 1863 4856">
    <p class='ocr_par' dir='ltr' id='par_1_94' title="bbox 287 4787 1863 4856">
     <span class='ocr_line' id='line_1_94' title="bbox 287 4787 1863 4856; baseline -0.004 -13"><span class='ocrx_word' id='word_1_705' title='bbox 287 4790 431 4843; x_wconf 87' lang='lat' dir='ltr'><strong>unde</strong></span> <span class='ocrx_word' id='word_1_706' title='bbox 474 4789 540 4843; x_wconf 86' lang='lat' dir='ltr'><strong>ab</strong></span> <span class='ocrx_word' id='word_1_707' title='bbox 566 4791 814 4842; x_wconf 87' lang='lat' dir='ltr'><strong>omnibus</strong></span> <span class='ocrx_word' id='word_1_708' title='bbox 853 4800 933 4841; x_wconf 83' lang='lat' dir='ltr'><strong>est</strong></span> <span class='ocrx_word' id='word_1_709' title='bbox 977 4789 1464 4856; x_wconf 86' lang='lat' dir='ltr'><strong>perturbationibus</strong></span> <span class='ocrx_word' id='word_1_710' title='bbox 1492 4787 1863 4842; x_wconf 81' lang='lat' dir='ltr'><strong>defendenda?</strong></span> 
     </span>
    </p>
   </div>
   <div class='ocr_carea' id='block_1_95' title="bbox 286 4860 1863 4949">
    <p class='ocr_par' dir='ltr' id='par_1_95' title="bbox 286 4860 1863 4949">
     <span class='ocr_line' id='line_1_95' title="bbox 286 4860 1863 4949; baseline -0.003 -9"><span class='ocrx_word' id='word_1_711' title='bbox 286 4860 384 4941; x_wconf 71' lang='lat' dir='ltr'><strong>cur</strong></span> <span class='ocrx_word' id='word_1_712' title='bbox 414 4886 481 4937; x_wconf 90' lang='lat' dir='ltr'><strong>de</strong></span> <span class='ocrx_word' id='word_1_713' title='bbox 530 4886 627 4935; x_wconf 90' lang='lat' dir='ltr'><strong>hoc</strong></span> <span class='ocrx_word' id='word_1_714' title='bbox 670 4883 845 4934; x_wconf 89' lang='lat' dir='ltr'><strong>ridere</strong></span> <span class='ocrx_word' id='word_1_715' title='bbox 890 4882 1077 4933; x_wconf 87' lang='lat' dir='ltr'><strong>damus</strong></span> <span class='ocrx_word' id='word_1_716' title='bbox 1101 4882 1383 4943; x_wconf 72' lang='lat' dir='ltr'><strong>haereticis,</strong></span> <span class='ocrx_word' id='word_1_717' title='bbox 1416 4882 1481 4934; x_wconf 86' lang='lat' dir='ltr'><strong>de</strong></span> <span class='ocrx_word' id='word_1_718' title='bbox 1522 4898 1627 4949; x_wconf 88' lang='lat' dir='ltr'><strong>quo</strong></span> <span class='ocrx_word' id='word_1_719' title='bbox 1652 4898 1679 4933; x_wconf 93' lang='lat' dir='ltr'><strong>a</strong></span> <span class='ocrx_word' id='word_1_720' title='bbox 1710 4881 1863 4935; x_wconf 76' lang='lat' dir='ltr'><strong>nobis</strong></span> 
     </span>
    </p>
   </div>
   <div class='ocr_carea' id='block_1_96' title="bbox 286 4971 1860 5039">
    <p class='ocr_par' dir='ltr' id='par_1_96' title="bbox 286 4971 1860 5039">
     <span class='ocr_line' id='line_1_96' title="bbox 286 4971 1860 5039; baseline -0.004 -9"><span class='ocrx_word' id='word_1_721' title='bbox 286 4975 541 5032; x_wconf 78' lang='lat' dir='ltr'><strong>cantandi</strong></span> <span class='ocrx_word' id='word_1_722' title='bbox 572 4973 899 5025; x_wconf 79' lang='lat' dir='ltr'><strong>debuerant?</strong></span> <span class='ocrx_word' id='word_1_723' title='bbox 951 4971 1055 5023; x_wconf 79' lang='lat' dir='ltr'><strong>Sed</strong></span> <span class='ocrx_word' id='word_1_724' title='bbox 1089 4974 1188 5023; x_wconf 89' lang='lat' dir='ltr'><strong>hoc</strong></span> <span class='ocrx_word' id='word_1_725' title='bbox 1217 4980 1383 5023; x_wconf 90' lang='lat' dir='ltr'><strong>totum</strong></span> <span class='ocrx_word' id='word_1_726' title='bbox 1414 4973 1519 5039; x_wconf 82' lang='lat' dir='ltr'><strong>agit</strong></span> <span class='ocrx_word' id='word_1_727' title='bbox 1552 4987 1786 5039; x_wconf 71' lang='lat' dir='ltr'><strong>prteceps</strong></span> <span class='ocrx_word' id='word_1_728' title='bbox 1809 4983 1860 5026; x_wconf 92' lang='lat' dir='ltr'><strong>et</strong></span> 
     </span>
    </p>
   </div>
   <div class='ocr_carea' id='block_1_97' title="bbox 286 5061 1861 5136">
    <p class='ocr_par' dir='ltr' id='par_1_97' title="bbox 286 5061 1861 5136">
     <span class='ocr_line' id='line_1_97' title="bbox 286 5061 1861 5136; baseline -0.004 -14"><span class='ocrx_word' id='word_1_729' title='bbox 286 5068 467 5136; x_wconf 86' lang='lat' dir='ltr'><strong>ignara</strong></span> <span class='ocrx_word' id='word_1_730' title='bbox 500 5065 788 5128; x_wconf 87' lang='lat' dir='ltr'><strong>temeritas,</strong></span> <span class='ocrx_word' id='word_1_731' title='bbox 838 5078 956 5131; x_wconf 77' lang='lat' dir='ltr'><strong>qua:</strong></span> <span class='ocrx_word' id='word_1_732' title='bbox 1000 5076 1168 5130; x_wconf 87' lang='lat' dir='ltr'><strong>neque</strong></span> <span class='ocrx_word' id='word_1_733' title='bbox 1196 5061 1462 5129; x_wconf 90' lang='lat' dir='ltr'><strong>quomodo</strong></span> <span class='ocrx_word' id='word_1_734' title='bbox 1491 5061 1861 5115; x_wconf 88' lang='lat' dir='ltr'><strong>contradicen-</strong></span> 
     </span>
    </p>
   </div>
   <div class='ocr_carea' id='block_1_98' title="bbox 359 5193 1333 5254">
    <p class='ocr_par' dir='ltr' id='par_1_98' title="bbox 359 5193 1333 5254">
     <span class='ocr_line' id='line_1_98' title="bbox 359 5193 1333 5254; baseline -0.006 -6"><span class='ocrx_word' id='word_1_735' title='bbox 359 5197 375 5227; x_wconf 88' lang='grc'>¹</span> <span class='ocrx_word' id='word_1_736' title='bbox 418 5194 547 5247; x_wconf 81' lang='lat' dir='ltr'><strong>Cod.</strong></span> <span class='ocrx_word' id='word_1_737' title='bbox 584 5194 807 5254; x_wconf 74' lang='lat' dir='ltr'><strong>Verum,</strong></span> <span class='ocrx_word' id='word_1_738' title='bbox 840 5209 957 5245; x_wconf 78' lang='lat' dir='ltr'><strong>eum</strong></span> <span class='ocrx_word' id='word_1_739' title='bbox 1002 5193 1333 5244; x_wconf 77' lang='lat' dir='ltr'><strong>vehementer.</strong></span> 
     </span>
    </p>
   </div>
   <div class='ocr_carea' id='block_1_99' title="bbox 359 5262 1855 5329">
    <p class='ocr_par' dir='ltr' id='par_1_99' title="bbox 359 5262 1855 5329">
     <span class='ocr_line' id='line_1_99' title="bbox 359 5262 1855 5329; baseline -0.003 -11"><span class='ocrx_word' id='word_1_740' title='bbox 359 5270 378 5296; x_wconf 82' lang='lat'><strong>’</strong></span> <span class='ocrx_word' id='word_1_741' title='bbox 422 5267 561 5318; x_wconf 88' lang='lat' dir='ltr'><strong>Idem</strong></span> <span class='ocrx_word' id='word_1_742' title='bbox 591 5266 710 5316; x_wconf 90' lang='lat' dir='ltr'><strong>cod.</strong></span> <span class='ocrx_word' id='word_1_743' title='bbox 734 5306 747 5326; x_wconf 88' lang='lat'><strong>,</strong></span> <span class='ocrx_word' id='word_1_744' title='bbox 794 5266 912 5328; x_wconf 77' lang='lat' dir='ltr'><strong>fidei</strong></span> <span class='ocrx_word' id='word_1_745' title='bbox 956 5262 1258 5314; x_wconf 70' lang='lat' dir='ltr'><strong>Christiana:</strong></span> <span class='ocrx_word' id='word_1_746' title='bbox 1278 5262 1569 5329; x_wconf 77' lang='lat' dir='ltr'><strong>defensione</strong></span> <span class='ocrx_word' id='word_1_747' title='bbox 1589 5270 1855 5313; x_wconf 71' lang='lat' dir='ltr'><strong>certarent.</strong></span> 
     </span>
    </p>
   </div>
   <div class='ocr_carea' id='block_1_100' title="bbox 359 5335 873 5398">
    <p class='ocr_par' dir='ltr' id='par_1_100' title="bbox 359 5335 873 5398">
     <span class='ocr_line' id='line_1_100' title="bbox 359 5335 873 5398; baseline -0.014 -8"><span class='ocrx_word' id='word_1_748' title='bbox 359 5336 381 5367; x_wconf 85' lang='grc'><strong><em>³</em></strong></span> <span class='ocrx_word' id='word_1_749' title='bbox 421 5335 562 5389; x_wconf 82' lang='lat' dir='ltr'><strong>Idem</strong></span> <span class='ocrx_word' id='word_1_750' title='bbox 591 5336 710 5387; x_wconf 81' lang='lat' dir='ltr'><strong>cad.</strong></span> <span class='ocrx_word' id='word_1_751' title='bbox 740 5375 756 5398; x_wconf 92' lang='lat'><strong>,</strong></span> <span class='ocrx_word' id='word_1_752' title='bbox 784 5347 873 5386; x_wconf 82' lang='lat' dir='ltr'><strong>est.</strong></span> 
     </span>
    </p>
   </div>
   <div class='ocr_carea' id='block_1_101' title="bbox 359 5405 1096 5468">
    <p class='ocr_par' dir='ltr' id='par_1_101' title="bbox 359 5405 1096 5468">
     <span class='ocr_line' id='line_1_101' title="bbox 359 5405 1096 5468; baseline -0.007 -10"><span class='ocrx_word' id='word_1_753' title='bbox 359 5406 381 5435; x_wconf 73' lang='grc'><strong>⁸</strong></span> <span class='ocrx_word' id='word_1_754' title='bbox 422 5409 562 5457; x_wconf 83' lang='lat' dir='ltr'><strong>ltletn</strong></span> <span class='ocrx_word' id='word_1_755' title='bbox 592 5405 712 5455; x_wconf 76' lang='lat' dir='ltr'><strong>cod.</strong></span> <span class='ocrx_word' id='word_1_756' title='bbox 734 5446 748 5468; x_wconf 89' lang='lat'><strong>,</strong></span> <span class='ocrx_word' id='word_1_757' title='bbox 783 5417 1096 5454; x_wconf 85' lang='lat' dir='ltr'><strong>mansurum.</strong></span> 
     </span>
    </p>
   </div>
   <div class='ocr_carea' id='block_1_102' title="bbox 358 5469 1861 5541">
    <p class='ocr_par' dir='ltr' id='par_1_102' title="bbox 358 5469 1861 5541">
     <span class='ocr_line' id='line_1_102' title="bbox 358 5469 1861 5541; baseline -0.002 -16"><span class='ocrx_word' id='word_1_758' title='bbox 358 5477 381 5508; x_wconf 85' lang='grc'><strong><em>⁸</em></strong></span> <span class='ocrx_word' id='word_1_759' title='bbox 424 5473 706 5526; x_wconf 87' lang='lat' dir='ltr'><strong>ldctneod.</strong></span> <span class='ocrx_word' id='word_1_760' title='bbox 736 5515 749 5539; x_wconf 89' lang='lat'><strong>,</strong></span> <span class='ocrx_word' id='word_1_761' title='bbox 796 5475 907 5541; x_wconf 75' lang='lat' dir='ltr'><strong>ejus</strong></span> <span class='ocrx_word' id='word_1_762' title='bbox 966 5473 1130 5523; x_wconf 79' lang='lat' dir='ltr'><strong>inanis</strong></span> <span class='ocrx_word' id='word_1_763' title='bbox 1180 5472 1357 5539; x_wconf 79' lang='lat' dir='ltr'><strong>gloria:</strong></span> <span class='ocrx_word' id='word_1_764' title='bbox 1416 5469 1861 5537; x_wconf 76' lang='lat' dir='ltr'><strong>fastidiosissimus</strong></span> 
     </span>
    </p>
   </div>
   <div class='ocr_carea' id='block_1_103' title="bbox 288 5553 618 5607">
    <p class='ocr_par' dir='ltr' id='par_1_103' title="bbox 288 5553 618 5607">
     <span class='ocr_line' id='line_1_103' title="bbox 288 5553 618 5607; baseline -0.021 -6"><span class='ocrx_word' id='word_1_765' title='bbox 288 5553 618 5607; x_wconf 72' lang='lat' dir='ltr'><strong>COﬂHmplOr.</strong></span> 
     </span>
    </p>
   </div>
   <div class='ocr_carea' id='block_1_104' title="bbox 361 5609 1862 5679">
    <p class='ocr_par' dir='ltr' id='par_1_104' title="bbox 361 5609 1862 5679">
     <span class='ocr_line' id='line_1_104' title="bbox 361 5609 1862 5679; baseline -0.003 -14"><span class='ocrx_word' id='word_1_766' title='bbox 361 5617 382 5645; x_wconf 86' lang='grc'>⁶</span> <span class='ocrx_word' id='word_1_767' title='bbox 425 5616 563 5665; x_wconf 86' lang='lat' dir='ltr'><strong>Idem</strong></span> <span class='ocrx_word' id='word_1_768' title='bbox 605 5613 724 5663; x_wconf 83' lang='lat' dir='ltr'><strong>cod.</strong></span> <span class='ocrx_word' id='word_1_769' title='bbox 744 5656 757 5676; x_wconf 90' lang='lat'><strong>,</strong></span> <span class='ocrx_word' id='word_1_770' title='bbox 806 5612 1117 5679; x_wconf 70' lang='lat' dir='ltr'><strong>Augustinus</strong></span> <span class='ocrx_word' id='word_1_771' title='bbox 1140 5613 1271 5662; x_wconf 80' lang='lat' dir='ltr'><strong>rltcat</strong></span> <span class='ocrx_word' id='word_1_772' title='bbox 1299 5612 1349 5661; x_wconf 78' lang='lat' dir='ltr'><strong>in</strong></span> <span class='ocrx_word' id='word_1_773' title='bbox 1373 5612 1583 5662; x_wconf 70' lang='lat' dir='ltr'><strong>exordio</strong></span> <span class='ocrx_word' id='word_1_774' title='bbox 1612 5609 1862 5661; x_wconf 82' lang='lat' dir='ltr'><strong>librorum</strong></span> 
     </span>
    </p>
   </div>
   <div class='ocr_carea' id='block_1_105' title="bbox 288 5679 1862 5756">
    <p class='ocr_par' dir='ltr' id='par_1_105' title="bbox 288 5679 1862 5756">
     <span class='ocr_line' id='line_1_105' title="bbox 288 5679 1862 5756; baseline -0.004 -19"><span class='ocrx_word' id='word_1_775' title='bbox 288 5701 415 5756; x_wconf 82' lang='lat' dir='ltr'><strong>quos</strong></span> <span class='ocrx_word' id='word_1_776' title='bbox 439 5683 501 5733; x_wconf 85' lang='lat' dir='ltr'><strong>de</strong></span> <span class='ocrx_word' id='word_1_777' title='bbox 528 5680 773 5756; x_wconf 54' lang='lat' dir='ltr'><strong>Trinitate</strong></span> <span class='ocrx_word' id='word_1_778' title='bbox 824 5692 1042 5747; x_wconf 72' lang='grc' dir='ltr'><strong>δονψεσι,</strong></span> <span class='ocrx_word' id='word_1_779' title='bbox 1065 5686 1135 5756; x_wconf 73' lang='lat' dir='ltr'><strong>_d.</strong></span> <span class='ocrx_word' id='word_1_780' title='bbox 1154 5681 1321 5756; x_wconf 62' lang='lat' dir='ltr'><strong>limans</strong></span> <span class='ocrx_word' id='word_1_781' title='bbox 1345 5682 1671 5756; x_wconf 10' lang='lat' dir='ltr'><strong>ulte/riderent</strong></span> <span class='ocrx_word' id='word_1_782' title='bbox 1705 5679 1862 5756; x_wconf 74' lang='lat' dir='ltr'><strong>Arhi-</strong></span> 
     </span>
    </p>
   </div>
   <div class='ocr_carea' id='block_1_106' title="bbox 291 5751 1859 5820">
    <p class='ocr_par' dir='ltr' id='par_1_106' title="bbox 291 5751 1859 5820">
     <span class='ocr_line' id='line_1_106' title="bbox 291 5751 1859 5820; baseline 0.001 -20"><span class='ocrx_word' id='word_1_783' title='bbox 291 5751 405 5809; x_wconf 67' lang='lat' dir='ltr'><strong>(ror</strong></span> <span class='ocrx_word' id='word_1_784' title='bbox 444 5765 591 5811; x_wconf 84' lang='lat' dir='ltr'><strong>sane.</strong></span> <span class='ocrx_word' id='word_1_785' title='bbox 627 5752 816 5815; x_wconf 78' lang='lat' dir='ltr'><strong>inquit,</strong></span> <span class='ocrx_word' id='word_1_786' title='bbox 860 5753 1140 5803; x_wconf 61' lang='lat' dir='ltr'><strong>nonnullis</strong></span> <span class='ocrx_word' id='word_1_787' title='bbox 1173 5753 1425 5805; x_wconf 69' lang='lat' dir='ltr'><strong>tardiores</strong></span> <span class='ocrx_word' id='word_1_788' title='bbox 1460 5755 1507 5806; x_wconf 76' lang='lat' dir='ltr'><strong>in</strong></span> <span class='ocrx_word' id='word_1_789' title='bbox 1544 5751 1859 5820; x_wconf 78' lang='lat' dir='ltr'><strong>quibusdam</strong></span> 
     </span>
    </p>
   </div>
   <div class='ocr_carea' id='block_1_107' title="bbox 575 5842 1144 5908">
    <p class='ocr_par' dir='ltr' id='par_1_107' title="bbox 575 5842 1144 5908">
     <span class='ocr_line' id='line_1_107' title="bbox 575 5842 1144 5908; baseline -0.009 -5"><span class='ocrx_word' id='word_1_790' title='bbox 575 5846 847 5908; x_wconf 71' lang='lat' dir='ltr'><strong>l‘uttut.</strong></span> <span class='ocrx_word' id='word_1_791' title='bbox 899 5842 1144 5901; x_wconf 65' lang='lat' dir='ltr'><strong>LXV“.</strong></span> 
     </span>
    </p>
   </div>
   <div class='ocr_carea' id='block_1_108' title="bbox 1971 4599 3542 4658">
    <p class='ocr_par' dir='ltr' id='par_1_108' title="bbox 1971 4599 3542 4658">
     <span class='ocr_line' id='line_1_108' title="bbox 1971 4599 3542 4658; baseline -0.003 -1"><span class='ocrx_word' id='word_1_792' title='bbox 1971 4622 2092 4658; x_wconf 86' lang='lat' dir='ltr'><strong>meo</strong></span> <span class='ocrx_word' id='word_1_793' title='bbox 2133 4603 2428 4658; x_wconf 89' lang='lat' dir='ltr'><strong>venerabili</strong></span> <span class='ocrx_word' id='word_1_794' title='bbox 2486 4602 2647 4655; x_wconf 89' lang='lat' dir='ltr'><strong>fratre</strong></span> <span class='ocrx_word' id='word_1_795' title='bbox 2695 4602 2780 4654; x_wconf 90' lang='lat' dir='ltr'><strong>lba</strong></span> <span class='ocrx_word' id='word_1_796' title='bbox 2828 4610 2883 4653; x_wconf 92' lang='lat' dir='ltr'><strong>et</strong></span> <span class='ocrx_word' id='word_1_797' title='bbox 2908 4600 3025 4652; x_wconf 86' lang='lat' dir='ltr'><strong>aliis</strong></span> <span class='ocrx_word' id='word_1_798' title='bbox 3074 4599 3542 4653; x_wconf 61' lang='lat' dir='ltr'><strong>cousacerdotihus</strong></span> 
     </span>
    </p>
   </div>
   <div class='ocr_carea' id='block_1_109' title="bbox 1971 4690 3540 4763">
    <p class='ocr_par' dir='ltr' id='par_1_109' title="bbox 1971 4690 3540 4763">
     <span class='ocr_line' id='line_1_109' title="bbox 1971 4690 3540 4763; baseline -0.005 -13"><span class='ocrx_word' id='word_1_799' title='bbox 1971 4698 2124 4759; x_wconf 84' lang='lat' dir='ltr'><strong>meis,</strong></span> <span class='ocrx_word' id='word_1_800' title='bbox 2157 4695 2405 4763; x_wconf 88' lang='lat' dir='ltr'><strong>quamvis</strong></span> <span class='ocrx_word' id='word_1_801' title='bbox 2448 4710 2545 4762; x_wconf 84' lang='lat' dir='ltr'><strong>ego</strong></span> <span class='ocrx_word' id='word_1_802' title='bbox 2576 4709 2678 4745; x_wconf 90' lang='lat' dir='ltr'><strong>non</strong></span> <span class='ocrx_word' id='word_1_803' title='bbox 2706 4702 2853 4746; x_wconf 88' lang='lat' dir='ltr'><strong>recte</strong></span> <span class='ocrx_word' id='word_1_804' title='bbox 2879 4692 2966 4759; x_wconf 87' lang='lat' dir='ltr'><strong>qui</strong></span> <span class='ocrx_word' id='word_1_805' title='bbox 3000 4690 3099 4742; x_wconf 91' lang='lat' dir='ltr'><strong>hoc</strong></span> <span class='ocrx_word' id='word_1_806' title='bbox 3124 4705 3229 4742; x_wconf 93' lang='lat' dir='ltr'><strong>non</strong></span> <span class='ocrx_word' id='word_1_807' title='bbox 3258 4690 3540 4755; x_wconf 85' lang='lat' dir='ltr'><strong>senserim,</strong></span> 
     </span>
    </p>
   </div>
   <div class='ocr_carea' id='block_1_110' title="bbox 1967 4776 3543 4849">
    <p class='ocr_par' dir='ltr' id='par_1_110' title="bbox 1967 4776 3543 4849">
     <span class='ocr_line' id='line_1_110' title="bbox 1967 4776 3543 4849; baseline -0.006 -11"><span class='ocrx_word' id='word_1_808' title='bbox 1967 4800 2120 4839; x_wconf 88' lang='lat' dir='ltr'><strong>error</strong></span> <span class='ocrx_word' id='word_1_809' title='bbox 2153 4794 2327 4836; x_wconf 85' lang='lat' dir='ltr'><strong>tamen</strong></span> <span class='ocrx_word' id='word_1_810' title='bbox 2362 4784 2475 4849; x_wconf 77' lang='lat' dir='ltr'><strong>ipse</strong></span> <span class='ocrx_word' id='word_1_811' title='bbox 2513 4794 2657 4834; x_wconf 85' lang='lat' dir='ltr'><strong>reete</strong></span> <span class='ocrx_word' id='word_1_812' title='bbox 2712 4780 3033 4845; x_wconf 83' lang='lat' dir='ltr'><strong>vituperatus</strong></span> <span class='ocrx_word' id='word_1_813' title='bbox 3094 4785 3204 4842; x_wconf 85' lang='lat' dir='ltr'><strong>est;</strong></span> <span class='ocrx_word' id='word_1_814' title='bbox 3258 4792 3287 4829; x_wconf 86' lang='lat' dir='ltr'><strong>a</strong></span> <span class='ocrx_word' id='word_1_815' title='bbox 3315 4776 3543 4830; x_wconf 83' lang='lat' dir='ltr'><strong>nefando</strong></span> 
     </span>
    </p>
   </div>
   <div class='ocr_carea' id='block_1_111' title="bbox 1968 4868 3543 4945">
    <p class='ocr_par' dir='ltr' id='par_1_111' title="bbox 1968 4868 3543 4945">
     <span class='ocr_line' id='line_1_111' title="bbox 1968 4868 3543 4945; baseline -0.003 -19"><span class='ocrx_word' id='word_1_816' title='bbox 1968 4876 2083 4929; x_wconf 81' lang='lat' dir='ltr'><strong>viro</strong></span> <span class='ocrx_word' id='word_1_817' title='bbox 2108 4877 2148 4906; x_wconf 89' lang='grc'><strong>¹⁰</strong></span> <span class='ocrx_word' id='word_1_818' title='bbox 2179 4876 2436 4945; x_wconf 82' lang='lat' dir='ltr'><strong>Eutyche,</strong></span> <span class='ocrx_word' id='word_1_819' title='bbox 2469 4872 2692 4941; x_wconf 76' lang='lat' dir='ltr'><strong>ejusque</strong></span> <span class='ocrx_word' id='word_1_820' title='bbox 2720 4868 3087 4938; x_wconf 83' lang='lat' dir='ltr'><strong>complicibus,</strong></span> <span class='ocrx_word' id='word_1_821' title='bbox 3128 4883 3225 4922; x_wconf 89' lang='lat' dir='ltr'><strong>nec</strong></span> <span class='ocrx_word' id='word_1_822' title='bbox 3253 4884 3351 4936; x_wconf 78' lang='lat' dir='ltr'><strong>ego</strong></span> <span class='ocrx_word' id='word_1_823' title='bbox 3402 4876 3543 4922; x_wconf 78' lang='lat' dir='ltr'><strong>recte</strong></span> 
     </span>
    </p>
   </div>
   <div class='ocr_carea' id='block_1_112' title="bbox 1970 4956 3543 5032">
    <p class='ocr_par' dir='ltr' id='par_1_112' title="bbox 1970 4956 3543 5032">
     <span class='ocr_line' id='line_1_112' title="bbox 1970 4956 3543 5032; baseline -0.004 -15"><span class='ocrx_word' id='word_1_824' title='bbox 1970 4965 2177 5030; x_wconf 90' lang='lat' dir='ltr'><strong>laudor,</strong></span> <span class='ocrx_word' id='word_1_825' title='bbox 2211 4981 2238 5016; x_wconf 91' lang='lat' dir='ltr'><strong>a</strong></span> <span class='ocrx_word' id='word_1_826' title='bbox 2280 4964 2472 5032; x_wconf 88' lang='lat' dir='ltr'><strong>quibus</strong></span> <span class='ocrx_word' id='word_1_827' title='bbox 2508 4960 2782 5014; x_wconf 77' lang='lat' dir='ltr'><strong>existimor</strong></span> <span class='ocrx_word' id='word_1_828' title='bbox 2828 4958 2877 5011; x_wconf 92' lang='lat' dir='ltr'><strong>id</strong></span> <span class='ocrx_word' id='word_1_829' title='bbox 2908 4958 3139 5011; x_wconf 87' lang='lat' dir='ltr'><strong>sensisse</strong></span> <span class='ocrx_word' id='word_1_830' title='bbox 3168 4956 3308 5024; x_wconf 90' lang='lat' dir='ltr'><strong>quod</strong></span> <span class='ocrx_word' id='word_1_831' title='bbox 3337 4957 3543 5024; x_wconf 76' lang='lat' dir='ltr'><strong>vimpe-</strong></span> 
     </span>
    </p>
   </div>
   <div class='ocr_carea' id='block_1_113' title="bbox 1969 5049 3541 5121">
    <p class='ocr_par' dir='ltr' id='par_1_113' title="bbox 1969 5049 3541 5121">
     <span class='ocr_line' id='line_1_113' title="bbox 1969 5049 3541 5121; baseline -0.003 -11"><span class='ocrx_word' id='word_1_832' title='bbox 1969 5069 2050 5110; x_wconf 90' lang='lat' dir='ltr'><strong>rat</strong></span> <span class='ocrx_word' id='word_1_833' title='bbox 2072 5059 2284 5120; x_wconf 87' lang='lat' dir='ltr'><strong>veritas,</strong></span> <span class='ocrx_word' id='word_1_834' title='bbox 2313 5070 2409 5108; x_wconf 82' lang='lat' dir='ltr'><strong>nec</strong></span> <span class='ocrx_word' id='word_1_835' title='bbox 2436 5055 2546 5121; x_wconf 83' lang='lat' dir='ltr'><strong>ipsa</strong></span> <span class='ocrx_word' id='word_1_836' title='bbox 2570 5051 2831 5105; x_wconf 89' lang='lat' dir='ltr'><strong>sententia</strong></span> <span class='ocrx_word' id='word_1_837' title='bbox 2857 5065 3011 5118; x_wconf 90' lang='lat' dir='ltr'><strong>quam</strong></span> <span class='ocrx_word' id='word_1_838' title='bbox 3037 5049 3299 5115; x_wconf 86' lang='lat' dir='ltr'><strong>vituperat</strong></span> <span class='ocrx_word' id='word_1_839' title='bbox 3324 5050 3541 5105; x_wconf 88' lang='lat' dir='ltr'><strong>veritas.</strong></span> 
     </span>
    </p>
   </div>
   <div class='ocr_carea' id='block_1_114' title="bbox 1967 5182 3537 5251">
    <p class='ocr_par' dir='ltr' id='par_1_114' title="bbox 1967 5182 3537 5251">
     <span class='ocr_line' id='line_1_114' title="bbox 1967 5182 3537 5251; baseline -0.006 -10"><span class='ocrx_word' id='word_1_840' title='bbox 1967 5188 2098 5241; x_wconf 87' lang='lat' dir='ltr'><strong>locis</strong></span> <span class='ocrx_word' id='word_1_841' title='bbox 2130 5188 2384 5241; x_wconf 85' lang='lat' dir='ltr'><strong>librorum</strong></span> <span class='ocrx_word' id='word_1_842' title='bbox 2409 5201 2646 5241; x_wconf 90' lang='lat' dir='ltr'><strong>meorum</strong></span> <span class='ocrx_word' id='word_1_843' title='bbox 2673 5184 2984 5251; x_wconf 88' lang='lat' dir='ltr'><strong>opinaturos</strong></span> <span class='ocrx_word' id='word_1_844' title='bbox 3014 5197 3097 5236; x_wconf 88' lang='lat' dir='ltr'><strong>me</strong></span> <span class='ocrx_word' id='word_1_845' title='bbox 3116 5182 3367 5243; x_wconf 70' lang='lat' dir='ltr'><strong>sensisse,</strong></span> <span class='ocrx_word' id='word_1_846' title='bbox 3386 5192 3480 5234; x_wconf 76' lang='lat' dir='ltr'><strong>etc.</strong></span> <span class='ocrx_word' id='word_1_847' title='bbox 3520 5203 3537 5231; x_wconf 76' lang='grc' dir='ltr'>ι</span> 
     </span>
    </p>
   </div>
   <div class='ocr_carea' id='block_1_115' title="bbox 1969 5253 3543 5325">
    <p class='ocr_par' dir='ltr' id='par_1_115' title="bbox 1969 5253 3543 5325">
     <span class='ocr_line' id='line_1_115' title="bbox 1969 5253 3543 5325; baseline -0.005 -14"><span class='ocrx_word' id='word_1_848' title='bbox 1969 5260 2149 5313; x_wconf 76' lang='lat' dir='ltr'><strong>l’riora</strong></span> <span class='ocrx_word' id='word_1_849' title='bbox 2171 5260 2359 5321; x_wconf 73' lang='lat' dir='ltr'><strong>verha,</strong></span> <span class='ocrx_word' id='word_1_850' title='bbox 2388 5273 2554 5325; x_wconf 84' lang='lat' dir='ltr'><strong>usque</strong></span> <span class='ocrx_word' id='word_1_851' title='bbox 2597 5256 2663 5307; x_wconf 86' lang='lat' dir='ltr'><strong>ad</strong></span> <span class='ocrx_word' id='word_1_852' title='bbox 2695 5256 3103 5325; x_wconf 30' lang='lat' dir='ltr'><strong>Arbitrortsttnt</strong></span> <span class='ocrx_word' id='word_1_853' title='bbox 3156 5253 3411 5325; x_wconf 68' lang='lat' dir='ltr'><strong>Facundi,</strong></span> <span class='ocrx_word' id='word_1_854' title='bbox 3440 5270 3543 5307; x_wconf 85' lang='lat' dir='ltr'><strong>nun</strong></span> 
     </span>
    </p>
   </div>
   <div class='ocr_carea' id='block_1_116' title="bbox 1972 5323 3542 5397">
    <p class='ocr_par' dir='ltr' id='par_1_116' title="bbox 1972 5323 3542 5397">
     <span class='ocr_line' id='line_1_116' title="bbox 1972 5323 3542 5397; baseline -0.006 -15"><span class='ocrx_word' id='word_1_855' title='bbox 1972 5328 2283 5397; x_wconf 75' lang='lat' dir='ltr'><strong>Augustini;</strong></span> <span class='ocrx_word' id='word_1_856' title='bbox 2333 5323 2605 5395; x_wconf 86' lang='lat' dir='ltr'><strong>sequentia</strong></span> <span class='ocrx_word' id='word_1_857' title='bbox 2658 5325 2917 5379; x_wconf 86' lang='lat' dir='ltr'><strong>habentur</strong></span> <span class='ocrx_word' id='word_1_858' title='bbox 2956 5324 3095 5377; x_wconf 89' lang='lat' dir='ltr'><strong>lib.t</strong></span> <span class='ocrx_word' id='word_1_859' title='bbox 3152 5324 3220 5377; x_wconf 81' lang='lat' dir='ltr'><strong>de</strong></span> <span class='ocrx_word' id='word_1_860' title='bbox 3265 5323 3542 5385; x_wconf 87' lang='lat' dir='ltr'><strong>Trinitatc,</strong></span> 
     </span>
    </p>
   </div>
   <div class='ocr_carea' id='block_1_117' title="bbox 1967 5396 2413 5468">
    <p class='ocr_par' dir='ltr' id='par_1_117' title="bbox 1967 5396 2413 5468">
     <span class='ocr_line' id='line_1_117' title="bbox 1967 5396 2413 5468; baseline -0.007 -15"><span class='ocrx_word' id='word_1_861' title='bbox 1967 5396 2085 5468; x_wconf 80' lang='lat' dir='ltr'><strong>cap.</strong></span> <span class='ocrx_word' id='word_1_862' title='bbox 2108 5397 2158 5461; x_wconf 75' lang='grc' dir='ltr'><strong>ὅ,</strong></span> <span class='ocrx_word' id='word_1_863' title='bbox 2190 5414 2337 5451; x_wconf 82' lang='grc' dir='ltr'><strong>ιιυιιι.</strong></span> <span class='ocrx_word' id='word_1_864' title='bbox 2361 5396 2413 5450; x_wconf 83' lang='grc'>6.</span> 
     </span>
    </p>
   </div>
   <div class='ocr_carea' id='block_1_118' title="bbox 2039 5463 3549 5535">
    <p class='ocr_par' dir='ltr' id='par_1_118' title="bbox 2039 5463 3549 5535">
     <span class='ocr_line' id='line_1_118' title="bbox 2039 5463 3549 5535; baseline -0.011 -11"><span class='ocrx_word' id='word_1_865' title='bbox 2039 5463 2241 5523; x_wconf 52' lang='lat' dir='ltr'><strong>ildetu</strong></span> <span class='ocrx_word' id='word_1_866' title='bbox 2297 5467 2451 5531; x_wconf 88' lang='lat' dir='ltr'><strong>cod.,</strong></span> <span class='ocrx_word' id='word_1_867' title='bbox 2501 5467 2648 5520; x_wconf 73' lang='lat' dir='ltr'><strong>alteri</strong></span> <span class='ocrx_word' id='word_1_868' title='bbox 2701 5465 2953 5535; x_wconf 79' lang='lat' dir='ltr'><strong>displicet,</strong></span> <span class='ocrx_word' id='word_1_869' title='bbox 3001 5463 3149 5515; x_wconf 82' lang='lat' dir='ltr'><strong>alteri</strong></span> <span class='ocrx_word' id='word_1_870' title='bbox 3197 5463 3385 5529; x_wconf 82' lang='lat' dir='ltr'><strong>placet,</strong></span> <span class='ocrx_word' id='word_1_871' title='bbox 3439 5475 3549 5510; x_wconf 80' lang='lat' dir='ltr'><strong>ma-</strong></span> 
     </span>
    </p>
   </div>
   <div class='ocr_carea' id='block_1_119' title="bbox 1970 5540 2971 5612">
    <p class='ocr_par' dir='ltr' id='par_1_119' title="bbox 1970 5540 2971 5612">
     <span class='ocr_line' id='line_1_119' title="bbox 1970 5540 2971 5612; baseline -0.008 -17"><span class='ocrx_word' id='word_1_872' title='bbox 1970 5543 2081 5605; x_wconf 82' lang='lat' dir='ltr'><strong>lim,</strong></span> <span class='ocrx_word' id='word_1_873' title='bbox 2106 5550 2249 5612; x_wconf 84' lang='lat' dir='ltr'><strong>_etc.,</strong></span> <span class='ocrx_word' id='word_1_874' title='bbox 2280 5542 2341 5592; x_wconf 29' lang='lat' dir='ltr'><strong>lor</strong></span> <span class='ocrx_word' id='word_1_875' title='bbox 2358 5554 2394 5612; x_wconf 62' lang='lat' dir='ltr'><strong>tt</strong></span> <span class='ocrx_word' id='word_1_876' title='bbox 2416 5540 2506 5592; x_wconf 82' lang='lat' dir='ltr'><strong>cit.</strong></span> <span class='ocrx_word' id='word_1_877' title='bbox 2645 5608 2654 5612; x_wconf 91' lang='lat'><em>_</em></span> <span class='ocrx_word' id='word_1_878' title='bbox 2790 5604 2801 5612; x_wconf 85' lang='lat'>_</span> <span class='ocrx_word' id='word_1_879' title='bbox 2962 5604 2971 5612; x_wconf 40' lang='lat'><em>.</em></span> 
     </span>
    </p>
   </div>
   <div class='ocr_carea' id='block_1_120' title="bbox 2042 5604 3015 5675">
    <p class='ocr_par' dir='ltr' id='par_1_120' title="bbox 2042 5604 3015 5675">
     <span class='ocr_line' id='line_1_120' title="bbox 2042 5604 3015 5675; baseline -0.012 -11"><span class='ocrx_word' id='word_1_880' title='bbox 2042 5613 2061 5640; x_wconf 81' lang='grc'>⁸</span> <span class='ocrx_word' id='word_1_881' title='bbox 2104 5610 2243 5663; x_wconf 79' lang='lat' dir='ltr'><strong>Idem</strong></span> <span class='ocrx_word' id='word_1_882' title='bbox 2275 5608 2415 5670; x_wconf 87' lang='lat' dir='ltr'><strong>cod.,</strong></span> <span class='ocrx_word' id='word_1_883' title='bbox 2451 5618 2618 5659; x_wconf 84' lang='lat' dir='ltr'><strong>tamen</strong></span> <span class='ocrx_word' id='word_1_884' title='bbox 2639 5608 2764 5675; x_wconf 83' lang='lat' dir='ltr'><strong>ipse,</strong></span> <span class='ocrx_word' id='word_1_885' title='bbox 2790 5604 2905 5657; x_wconf 70' lang='lat' dir='ltr'><strong>loco</strong></span> <span class='ocrx_word' id='word_1_886' title='bbox 2929 5604 3015 5654; x_wconf 76' lang='lat' dir='ltr'><strong>cit.</strong></span> 
     </span>
    </p>
   </div>
   <div class='ocr_carea' id='block_1_121' title="bbox 2043 5677 2579 5740">
    <p class='ocr_par' dir='ltr' id='par_1_121' title="bbox 2043 5677 2579 5740">
     <span class='ocr_line' id='line_1_121' title="bbox 2043 5677 2579 5740; baseline 0.007 -16"><span class='ocrx_word' id='word_1_887' title='bbox 2043 5681 2062 5713; x_wconf 72' lang='grc'><strong>³</strong></span> <span class='ocrx_word' id='word_1_888' title='bbox 2104 5680 2244 5732; x_wconf 75' lang='lat' dir='ltr'><strong>Idem</strong></span> <span class='ocrx_word' id='word_1_889' title='bbox 2278 5677 2421 5740; x_wconf 66' lang='lat' dir='ltr'><strong>(1rd,,</strong></span> <span class='ocrx_word' id='word_1_890' title='bbox 2462 5677 2579 5728; x_wconf 72' lang='lat' dir='ltr'><strong>ista.</strong></span> 
     </span>
    </p>
   </div>
   <div class='ocr_carea' id='block_1_122' title="bbox 2046 5747 2591 5811">
    <p class='ocr_par' dir='ltr' id='par_1_122' title="bbox 2046 5747 2591 5811">
     <span class='ocr_line' id='line_1_122' title="bbox 2046 5747 2591 5811; baseline -0.006 -9"><span class='ocrx_word' id='word_1_891' title='bbox 2046 5751 2085 5780; x_wconf 81' lang='lat'><strong>&#39;°</strong></span> <span class='ocrx_word' id='word_1_892' title='bbox 2127 5749 2267 5802; x_wconf 87' lang='lat' dir='ltr'><strong>ldetu</strong></span> <span class='ocrx_word' id='word_1_893' title='bbox 2289 5747 2406 5802; x_wconf 84' lang='lat' dir='ltr'><strong>cod.</strong></span> <span class='ocrx_word' id='word_1_894' title='bbox 2422 5788 2434 5811; x_wconf 91' lang='lat'><strong>,</strong></span> <span class='ocrx_word' id='word_1_895' title='bbox 2460 5762 2591 5799; x_wconf 73' lang='lat' dir='ltr'><strong>l‘tl‘Oo</strong></span> 
     </span>
    </p>
   </div>
   <div class='ocr_carea' id='block_1_123' title="bbox 3045 5831 3127 5891">
    <p class='ocr_par' dir='ltr' id='par_1_123' title="bbox 3045 5831 3127 5891">
     <span class='ocr_line' id='line_1_123' title="bbox 3045 5831 3127 5891; baseline 0.012 -1"><span class='ocrx_word' id='word_1_896' title='bbox 3045 5831 3127 5891; x_wconf 75' lang='lat'><strong>‘22</strong></span> 
     </span>
    </p>
   </div>
  </div>
