3974 6330
421 319 533 375 685

1502 318 1796 376 FACUNDI
1839 315 2046 373 EPISC.
2088 315 2594 372 HERIIIANENSIS

3590 319 3692 375 684

3476 445 3692 459 m

1545 522 1885 604 LIBER
1974 518 2583 601 SEPTIMUS.

936 719 1161 776 CAPUT
1201 720 1487 777 PRIMUM.

432 815 582 882 Quod
606 812 731 866 'Ibas
775 812 829 865 in
852 810 1072 882 epistola
1099 827 1193 864 sua
1218 829 1371 865 unam
1399 812 1591 867 Christi
1613 812 1845 866 virtutem
1894 827 2011 865 cum

494 886 650 951 dixit,
685 883 813 937 duas
838 883 894 934 in
924 881 1366 963 Christonaturas
1396 899 1499 936 non
1528 885 1749 954 negavit,
1778 882 1868 935 sed
1891 883 2010 936 uni-

500 970 612 1008 cam
653 968 921 1023 personam
950 963 1196 1007 asseruit.

501 1069 619 1124 Non
660 1068 849 1137 ignoro
890 1066 1033 1136 quod
1069 1066 1331 1134 imperitis
1377 1081 1555 1122 rerum
1600 1066 2013 1121 aestimatoribus

432 1158 879 1215 absolvendarum
917 1158 1271 1225 qua-stionum
1315 1157 1457 1213 lenta
1503 1168 1558 1213 et
1598 1157 1774 1213 minus
1822 1156 2015 1213 eilicax

434 1253 679 1307 videatur
707 1250 897 1305 oratio.
931 1249 1140 1305 Etenim
1169 1252 1293 1319 quia
1332 1252 1790 1319 circumspectans
1836 1250 2016 1305 omnia

432 1355 592 1399 cauto
624 1345 798 1411 petitis
829 1352 883 1397 et
912 1341 1190 1410 explorato
1219 1356 1376 1411 quam
1408 1342 1605 1397 festino
1634 1341 1798 1413 gradu
1830 1355 2019 1411 proce-

432 1434 532 1498 dit,
558 1433 681 1488 hinc
711 1432 779 1486 ab
818 1431 898 1486 eis
934 1430 1002 1485 de
1042 1431 1290 1487 tarditate
1328 1432 1590 1501 culpatur.
1638 1432 1837 1487 Deinde
1879 1446 2017 1499 quo-

433 1523 574 1577 niam
604 1538 700 1592 pro
729 1520 1048 1577 difﬁcultate
1078 1537 1287 1592 quoque
1316 1523 1639 1578 conditionis
1687 1539 1818 1589 suae,
1846 1532 1902 1577 ut
1930 1537 2019 1577 ca-

432 1616 693 1673 lumniam
718 1613 1045 1680 insidiantis,
1080 1616 1160 1670 vel
1193 1616 1551 1683 ignorantiam
1601 1615 1779 1669 minus
1820 1613 2019 1668 intelli-

432 1708 631 1779 gentia,
677 1721 800 1776 qua:
844 1707 897 1761 in
942 1710 1226 1777 superﬁcie
1266 1725 1451 1764 rerum
1488 1710 1877 1780 verborumque
1901 1724 2022 1764 ver-

433 1810 639 1859 santur,
669 1798 942 1862 excludat,
994 1815 1212 1855 necesse
1259 1802 1420 1856 habet
1464 1803 1746 1856 subtiliore
1795 1810 2022 1857 tractatu

434 1891 637 1945 lntima:
666 1888 908 1943 veritatis
937 1902 1145 1943 secreta
1174 1891 1415 1959 quaedam
1440 1906 1504 1945 ac
1534 1893 1845 1960 penetralia,
1879 1890 2021 1959 quod

437 1993 543 2033 non
572 1980 682 2033 cito
714 1979 977 2047 provenit,
1009 1979 1259 2033 omnibus
1280 1980 1490 2049 aperire
1524 1998 1537 2032 :
1573 1981 1673 2036 hoc
1702 1982 1774 2035 illi
1797 1982 2022 2051 quicum

2038 734 2086 781 Α
2114 730 2197 775 cte
2228 721 2281 775 in
2312 720 2457 773 Acti-
2481 718 2847 786 apostolorum
2876 718 3148 775 diceretur
3177 738 3190 773 :
3225 720 3575 777 Multitudinis
3606 739 3701 775 au-

2115 822 2217 866 tem
2265 811 2576 864 credentium
2619 820 2726 864 erat
2772 826 2859 864 cor
2906 809 3109 881 [unum]
3140 822 3188 867 et
3216 813 3390 867 anima
3432 832 3535 868 una
3565 816 3701 887 (Act.

2115 918 2191 967 tv,
2225 901 2347 972 52),
2376 900 2644 970 quomodo
2686 913 2832 957 recte
2862 900 2968 956 dici
3018 918 3122 956 non
3167 907 3361 973 potuit,
3411 906 3554 975 quod
3602 921 3702 963 una

2116 994 2286 1048 virtus
2312 993 2380 1047 sit
2408 992 2524 1059 ejus
2554 1006 2833 1061 personae,
2875 994 3031 1061 cujus
3071 993 3212 1049 dono
3242 996 3448 1051 laetum
3489 1006 3605 1061 est,
3650 1008 3702 1053 ut

2118 1084 2206 1139 illa
2235 1082 2523 1137 multitudo
2548 1082 2704 1137 unius
2725 1084 3068 1138 essetcordis
3105 1094 3161 1140 et
3207 1087 3439 1142 animat?
3479 1088 3630 1154 Quod
3661 1091 3703 1144 si

2118 1174 2474 1243 respondetur
2532 1173 2655 1242 quia
2726 1172 2868 1229 illius
2949 1175 3306 1232 multitudinis
3375 1179 3703 1235 credentium

2121 1272 2402 1333 propterea
2433 1263 2535 1317 dici
2562 1263 2583 1294 ⁸
2612 1264 2781 1332 potuit
2821 1280 2983 1317 unum
3044 1263 3207 1322 fuisse
3249 1283 3347 1322 cor
3393 1278 3450 1324 et
3475 1270 3706 1326 animam

2122 1370 2300 1419 unam,
2326 1354 2467 1424 quod
2498 1369 2686 1409 omnes
2716 1355 2874 1409 unius
2907 1366 3113 1410 natura:
3155 1357 3375 1423 fuerint,
3413 1360 3466 1413 id
3496 1370 3579 1415 est
3610 1363 3709 1415 hu-

2122 1461 2325 1511 mante;
2362 1445 2568 1499 Domini
2600 1454 2776 1499 autem
2809 1445 2937 1500 .lesu
2975 1444 3177 1501 Christi
3210 1448 3329 1502 diue
3362 1464 3438 1504 ac
3479 1450 3709 1506 diverse

2125 1544 2330 1591 natura:
2360 1537 2468 1591 sint
2501 1551 2515 1587 :
2550 1535 2851 1603 intelligant
2894 1536 3159 1605 imprimis
3202 1542 3325 1608 quia
3367 1556 3471 1593 non
3509 1540 3717 1595 idcirco

2125 1626 2337 1693 illorum
2380 1624 2714 1681 credentium
2770 1636 2885 1679 erat
2936 1641 3029 1680 cor
3068 1637 3136 1682 et
3172 1628 3350 1683 anima
3398 1644 3518 1694 uua,
3564 1632 3710 1699 quod

2128 1716 2287 1769 unius
2309 1722 2513 1768 naturae
2535 1713 2756 1781 iuerint,
2789 1716 2882 1769 sed
2908 1716 3083 1784 potius
3119 1719 3259 1786 quod
3302 1734 3437 1774 unus
3464 1719 3711 1779 Christus

2126 1809 2347 1878 Spiritus
2384 1806 2524 1861 hanc
2571 1806 2680 1861 illis
2715 1808 3026 1875 prazstiterit
3070 1811 3356 1868 unitatem.
3409 1811 3526 1867 Non
3571 1812 3712 1871 enim

2129 1909 2317 1953 natura
2361 1912 2458 1952 nos
2497 1899 2808 1964 unanimes,
2839 1899 2934 1953 sed
2961 1901 3260 1955 animorum
3289 1902 3522 1957 societas
3567 1903 3715 1958 facit.

2128 1987 2333 2043 Deinde
2374 1987 2719 2042 considerent
2760 1988 2901 2056 quod
2952 1989 3019 2044 ad
3070 1988 3377 2046 Corinthios
3416 1994 3709 2063 Apostolus

441 2069 746 2138 incapaces,
776 2080 886 2122 tum
917 2070 1079 2123 etiam
1104 2070 1443 2139 impatientes
1471 2082 1594 2126 sunt
1622 2072 1866 2134 rationis.
1902 2088 2017 2125 mo-
2058 2094 2102 2152 Β
2128 2078 2259 2132 dicit
2297 2095 2309 2131 :
2349 2081 2426 2132 An
2468 2078 2676 2133 nescitis
2734 2079 2976 2147 quoniam
3031 2082 3119 2149 qui
3166 2082 3392 2137 adhaeret
3443 2086 3714 2155 meretrici,

439 2161 727 2216 lestissime
755 2160 954 2214 lerunt.
979 2160 1147 2214 Nemo
1173 2162 1313 2214 enim
1355 2162 1522 2230 migis
1563 2162 1629 2216 de
1658 2161 2022 2217 ratiocinantis

438 2265 586 2304 mora
617 2258 899 2314 causatur,
931 2265 1090 2319 quam
1143 2251 1234 2304 ille
1279 2249 1432 2320 cujus
1488 2267 1582 2320 per
1626 2267 1745 2307 eam
1788 2250 2023 2305 tarditati

439 2340 752 2396 consulitur.
798 2340 907 2394 Nos
954 2351 1132 2394 autem
1179 2341 1498 2409 sapientium
1546 2344 1715 2413 magis
1763 2342 2023 2411 judicium

440 2445 689 2487 veremur
716 2431 1013 2496 ol‘l’endere,
1047 2446 1076 2485 a
1099 2432 1293 2501 quibus
1326 2433 1450 2488 hinc
1483 2434 1498 2464 ⁸
1528 2435 1765 2503 proiecto
1790 2433 2027 2500 culpabi-

441 2538 580 2585 tnur,
613 2519 659 2574 si
686 2522 830 2587 quod
870 2536 1045 2575 causa:
1077 2521 1278 2577 utilitas
1306 2523 1535 2578 maxime
1586 2525 1817 2593 postulat
1865 2523 2027 2578 omit-

441 2618 637 2665 tamus.
662 2608 741 2662 .Et
778 2608 899 2663 ideo
925 2611 1270 2679 qumrendum
1318 2621 1401 2666 est
1443 2612 1741 2682 cujustnodi
1772 2614 1879 2668 sint
1923 2613 2027 2667 alia

446 2716 542 2769 pro
572 2699 767 2769 quibus
795 2701 1024 2769 epistola
1073 2703 1395 2758 tenerabilis
1426 2705 1528 2757 Ibie
1563 2705 1761 2759 dicitur
1798 2721 1903 2760 non
1935 2704 2029 2759 de-

410 2776 412 2783 l
440 2790 620 2845 huisse
642 2789 942 2845 orthodoxa
968 2790 1218 2859 jutlicari.
1251 2791 1382 2844 Nam
1415 2793 1537 2861 quia
1585 2792 1725 2847 idem
1779 2809 2031 2852 reveren-

442 2879 681 2934 tissimus
710 2878 1008 2935 lhasvetiam
1055 2880 1213 2936 ﬁdem
1244 2897 1393 2935 suam
1442 2882 1706 2937 conﬁtens
1730 2885 1802 2938 ait
1833 2903 1847 2939 :
1882 2904 1899 2936 ι
1931 2887 2030 2942 Ee-

442 2972 605 3027 clesia
634 2972 780 3027 enim
812 2972 888 3026 sic
919 2973 1071 3039 dicit,
1104 2974 1239 3028 sicut
1279 2982 1336 3028 et
1362 2984 1453 3028 tua
1494 2978 1750 3032 sanctitas
1782 2980 1947 3045 novit,
1977 2990 2034 3035 et

440 3064 576 3117 sicut
604 3078 632 3116 a
667 3064 928 3133 principio
959 3065 1164 3131 didicit,
1197 3078 1251 3121 et
1277 3067 1590 3122 conﬁrmata
1619 3079 1702 3125 est
1721 3069 1902 3126 divina
1929 3071 2031 3127 do-

445 3154 619 3211 ctrina
651 3169 715 3209 ex
740 3155 890 3211 libris
919 3157 1195 3211 beatorum
1226 3158 1461 3227 Patrum,
1496 3160 1613 3214 dum
1653 3173 1887 3229 naturae,
1929 3178 2033 3218 una

444 3248 640 3311 virtus,
676 3261 778 3299 una
806 3261 1056 3316 persona,
1101 3249 1243 3317 quod
1287 3260 1371 3304 est
1417 3266 1554 3304 unus
1584 3251 1747 3307 Filius
1779 3252 2035 3309 Dominus

444 3334 600 3389 .lesus
629 3334 897 3390 Christus.
938 3355 956 3388 ι
1010 3337 1143 3392 Hinc
1173 3338 1262 3391 alii
1303 3355 1488 3394 rursus
1524 3356 1645 3394 eum
1694 3358 1726 3397 e
1764 3345 2036 3399 contraiio

2129 2187 2288 2223 unum
2334 2187 2516 2239 corpus
2561 2171 2808 2240 efﬁcitur?
2844 2170 3019 2226 Erunt
3070 2174 3220 2242 enim,
3274 2175 3460 2244 inquit,
3508 2178 3614 2230 duo
3661 2180 3717 2233 iss

2127 2277 2280 2315 carne
2305 2278 2409 2315 una
2464 2262 2567 2327 Qui
2596 2275 2764 2317 autent
2790 2264 3017 2319 adltmret
3050 2264 3180 2333 Deo,
3231 2283 3363 2322 unus
3400 2270 3614 2340 spiritus
3641 2281 3717 2327 est

2124 2350 2183 2423 (1
2214 2352 2339 2409 Cor.
2369 2368 2442 2419 vt,
2474 2354 2591 2424 16).
2625 2354 2681 2411 Si
2704 2366 2880 2411 autem
2913 2372 3017 2411 non
3049 2358 3225 2413 solum
3256 2359 3324 2414 de
3350 2361 3555 2415 naturis
3575 2402 3591 2428 ,
3624 2377 3719 2415 ve-

2130 2458 2247 2497 rum
2281 2444 2440 2499 etiam
2480 2445 2547 2499 de
2595 2446 2841 2514 personis
2895 2448 3092 2503 divinis
3117 2448 3138 2479 ⁸
3168 2459 3314 2505 recte
3353 2450 3551 2506 dictum
3610 2463 3718 2521 est,

2134 2538 2233 2603 Qui
2253 2546 2422 2591 autem
2451 2538 2678 2593 adliceret
2720 2536 2979 2607 Domino,
3021 2558 3153 2594 unus
3195 2543 3403 2612 spiritus
3439 2555 3513 2597 est
3536 2560 3721 2615 :quo-

2132 2627 2291 2682 modo
2322 2640 2467 2683 recte
2496 2630 2698 2684 dictum
2727 2644 2831 2684 non
2860 2640 3039 2699 potest
3061 2632 3317 2702 intelligi,
3346 2633 3485 2702 quod
3516 2634 3568 2688 in
3593 2635 3718 2705 epi-

2132 2719 2267 2773 stola
2322 2718 2644 2775 venerabilis
2694 2720 2797 2775 lbae
2844 2733 3029 2777 sancta
3081 2724 3319 2794 synodus
3364 2726 3720 2795 approbavit...

2134 2812 2258 2879 quia
2284 2825 2386 2865 una
2412 2811 2687 2868 virtusest
2715 2813 2875 2869 unius
2907 2830 3148 2884 persona:
3174 2814 3389 2871 Domini
3408 2816 3535 2872 Jesu
3560 2817 3722 2871 Chri-

2134 2902 2237 2956 sti?
2267 2902 2354 2969 Et,
2384 2903 2429 2956 si
2460 2903 2634 2959 ﬁdelis
2666 2905 2927 2975 quisque,
2976 2922 3069 2975 per
3108 2907 3300 2961 bonam
3350 2910 3725 2965 tantummodo

2136 2995 2460 3049 voluntatem
2487 2996 2769 3051 adhmrcns
2800 2998 3026 3052 Domino
3058 3015 3195 3055 unus
3216 3015 3335 3056 cum
3369 3002 3459 3057 illa
3497 3004 3723 3072 spiritus

2137 3082 2230 3146 sit,
2262 3085 2505 3151 quamvis
2545 3100 2649 3139 non
2696 3088 2765 3141 sit
2804 3102 2907 3141 una
2942 3103 3189 3155 persona,
3217 3099 3416 3157 quanto
3455 3093 3625 3161 magis
3670 3096 3724 3148 in

2138 3171 2356 3229 Christo
2379 3184 2525 3229 recte
2553 3174 2658 3229 dici
2682 3177 2856 3245 potuit
2884 3178 3024 3245 quod
3049 3194 3150 3231 una
3177 3179 3244 3233 sit
3270 3180 3461 3247 virtus,
3505 3182 3591 3235 ubi
3623 3197 3726 3236 na-

2140 3272 2378 3319 turarum
2404 3274 2671 3319 conventu
2700 3283 2800 3319 una
2833 3266 2966 3321 facta
2997 3276 3082 3323 est
3112 3270 3201 3324 Dei
3224 3269 3577 3341 hominisque
3602 3288 3724 3342 per-

2140 3355 2309 3408 sona?
2339 3354 2581 3421 Amplius
2603 3365 2779 3410 autem
2819 3363 2903 3410 est
2945 3371 3009 3411 ac
3048 3359 3325 3427 superius,
3361 3360 3407 3415 si
3442 3362 3563 3430 quis
3600 3361 3727 3417 dili-

444 3426 867 3493 repreltendunt,
896 3430 1037 3497 quod
1065 3445 1222 3483 tinam
1253 3430 1462 3485 Domini
1494 3433 1620 3487 .lesu
1646 3428 2032 3492 Christi’dixe-
2064 3459 2109 3520 ρ
2141 3454 2327 3514 genter
2351 3447 2610 3512 attendet,
2641 3447 2781 3517 quod
2818 3449 3105 3512 Apostolus
3147 3449 3259 3504 ait:
3294 3451 3396 3518 Qui
3424 3426 3595 3507 autem
3623 3455 3726 3507 ad-

440 3517 513 3570 rit
539 3531 659 3572 esse
682 3519 957 3573 virtutem.
1000 3521 1164 3574 Aiunt
1210 3522 1355 3575 enim
1391 3539 1403 3574 :
1434 3521 1534 3590 Qui
1589 3523 1703 3578 ﬁeri
1753 3537 1927 3592 potest
1971 3533 2031 3582 ut

437 3605 668 3661 duarum
723 3621 755 3660 a
807 3621 867 3661 se
904 3608 1063 3675 longe
1107 3610 1417 3665 distantium
1466 3622 1778 3668 naturarum
1805 3656 1819 3680 ,
1869 3616 1920 3669 id
1947 3627 2033 3672 est

442 3698 659 3755 deitatis
687 3706 743 3754 et
772 3700 1149 3767 humanitatis,
1197 3718 1298 3757 una
1340 3704 1408 3758 sit
1436 3704 1646 3759 virtus?
1685 3721 1749 3760 ac
1777 3722 1874 3776 per
1907 3707 2030 3774 hoc,

444 3805 565 3844 cum
598 3804 701 3844 una
740 3789 937 3845 dicitur
980 3792 1188 3857 virtus,
1234 3804 1545 3849 naturarum
1576 3797 1860 3853 diversitas
1892 3800 2033 3855 tolli-

448 3894 552 3946 tur,
585 3891 644 3937 ut
689 3884 980 3938 secundum
1010 3884 1265 3955 Entycbis
1315 3886 1641 3941 dementiam
1672 3898 1697 3925 ι
1727 3904 1831 3943 una
1872 3892 2032 3945 etiam

446 3973 691 4028 videatur
718 3988 839 4029 esse
869 3984 1078 4028 natura.
1112 3974 1281 4029 Porro
1311 3975 1424 4030 haec
1449 3977 1713 4042 dicentes,
1752 3979 2028 4034 nobiscum

450 4063 691 4131 profecto
719 4074 1069 4118 memoratam
1094 4065 1373 4132 epistolam
1403 4065 1773 4121 Nestorianam
1809 4084 1915 4123 non
1942 4085 2032 4125 es-

447 4172 507 4213 se
526 4158 869 4221 confirmant,
910 4156 1001 4225 qui
1050 4157 1208 4211 unius
1255 4156 1377 4212 Filii
1420 4159 1632 4214 Domini
1669 4159 1797 4215 Jesu
1838 4161 2035 4218 Chrisﬁ

448 4262 609 4302 unam
632 4246 813 4301 dicere
834 4247 1106 4313 virtutem,
1131 4248 1497 4317 Eutychiano,
1529 4250 1580 4304 id
1606 4260 1688 4306 est
1705 4251 2037 4310 Nestorianis

447 4339 746 4404 contrario,
774 4348 959 4407 putant
987 4343 1159 4395 errori
1188 4357 1506 4411 congruere.
1543 4343 1694 4399 Unde
1732 4346 1894 4400 etiam
1918 4361 2038 4402 cre-

449 4433 615 4495 ditur,
658 4446 765 4485 non
804 4446 925 4487 esse
957 4431 1344 4501 reprehensum
1392 4434 1462 4488 ab
1507 4434 1624 4488 istis
1674 4435 2036 4504 Eutychiano-

450 4538 569 4577 rum
602 4522 918 4576 fautoribus.
951 4522 1058 4576 Cur
1083 4532 1260 4577 autem
1291 4533 1510 4592 propter
1539 4525 1638 4579 hoc
1658 4527 1877 4580 verbum
1899 4566 1914 4591 ,
1953 4526 2038 4581 vel

450 4614 917 4669 reverentissimus
968 4613 1086 4668 lbas
1111 4657 1125 4682 ,
1160 4616 1243 4667 vel
1274 4615 1513 4685 synodus
1551 4629 1672 4684 qua:
1712 4616 1879 4684 ipsam
1924 4616 2039 4685 ejus

448 4706 733 4772 epistolam
766 4705 1133 4773 pronuntiavit
1148 4705 1522 4773 orthodoxam,
1556 4708 1800 4774 culpetur
1830 4709 2036 4777 ignoro.

2132 3534 2291 3588 lueret
2319 3534 2556 3600 Domino,
2581 3552 2711 3590 unus
2741 3539 2949 3605 spiritus
2978 3550 3266 3610 est,quam
3295 3541 3340 3595 si
3369 3542 3597 3611 diceret,
3621 3560 3727 3603 una

2136 3627 2306 3680 virtus
2328 3636 2409 3680 est
2438 3642 2453 3679 :
2484 3628 2735 3695 quoniam
2765 3643 2980 3682 causam
3006 3630 3214 3684 virtutis
3241 3630 3331 3686 ille
3364 3632 3585 3700 spiritus
3606 3647 3728 3690 esse

2138 3718 2479 3786 cognoscitur
2506 3732 2536 3771 a
2567 3734 2672 3787 quo
2703 3722 2978 3789 procedit,
3022 3737 3126 3776 non
3156 3730 3333 3777 autem
3360 3724 3529 3779 virtus
3564 3740 3729 3780 causa

2136 3816 2221 3861 est
2249 3808 2364 3874 ejus
2393 3808 2612 3876 spiritus
2662 3824 2690 3862 a
2741 3825 2847 3879 quo
2896 3812 3154 3880 procedit.
3209 3812 3568 3878 Quamobrem
3618 3830 3728 3871 non

2138 3907 2364 3967 possunt
2412 3899 2465 3951 in
2512 3898 2736 3967 epistola
2783 3900 3103 3955 venerabilis
3144 3902 3282 3968 Ihm,
3325 3904 3406 3957 vel
3438 3904 3489 3958 in
3533 3898 3729 3974 synodi

2137 3991 2407 4043 Sententia
2438 4005 2557 4060 qua:
2586 3990 2730 4044 illam
2762 3992 3114 4047 orthodoxam
3141 3993 3417 4062 judicavit,
3446 3995 3596 4061 justo
3614 3998 3730 4051 cul~

2138 4096 2264 4151 pare
2293 4083 2434 4153 quod
2487 4084 2662 4138 minus
2710 4094 2813 4149 est,
2844 4093 2898 4138 et
2949 4085 3017 4140 de
3073 4100 3175 4139 una
3221 4102 3445 4155 persona
3481 4089 3729 4154 dictum;

2138 4173 2352 4240 quando
2399 4173 2527 4227 iliud
2556 4173 2695 4242 quod
2739 4182 2820 4227 est
2859 4174 3060 4245 majus,
3108 4185 3164 4229 et
3192 4175 3259 4230 de
3288 4164 3493 4232 duabus
3527 4177 3731 4232 dictum

2142 4264 2407 4329 personis,
2468 4263 2517 4317 in
2568 4263 2878 4333 apostolicis
2932 4266 3145 4332 scriptis
3199 4266 3415 4335 ciilpare
3468 4281 3577 4320 non
3632 4283 3731 4322 att—

2140 4352 2327 4409 deant.
2358 4354 2622 4410 Voluntas
2654 4357 2812 4426 igitur
2840 4358 3064 4412 dicentis
3094 4360 3144 4412 in
3175 4359 3427 4412 omnibus
3452 4358 3615 4413 debet
3652 4369 3733 4414 εις

2146 4448 2289 4501 tendi
2321 4465 2334 4501 :
2369 4464 2525 4519 quam
2558 4450 2624 4503 de
2655 4459 2916 4518 praesente
2959 4449 3044 4503 Iba
3076 4449 3379 4519 diligentius
3400 4493 3415 4516 ,
3448 4450 3616 4505 etiam
3653 4452 3732 4505 ci-

2141 4548 2218 4591 tra
2248 4551 2430 4608 gesta,
2464 4549 2708 4610 spectare
2751 4556 2936 4609 magna
2981 4541 3217 4612 synodus
3260 4541 3453 4610 potuit,
3509 4551 3569 4595 ut
3615 4542 3733 4610 ejus

2140 4628 2417 4698 epistolam
2450 4630 2809 4685 orthodoxam
2852 4631 3341 4701 judicaretzatque
3388 4634 3489 4685 hoc
3532 4632 3587 4686 in
3616 4646 3734 4686 om-

2143 4724 2300 4779 nibus
2330 4741 2556 4794 quorum
2590 4726 2727 4779 ratio
2755 4727 2928 4780 minus
2961 4735 3130 4793 patet,
3181 4740 3286 4778 non
3325 4724 3501 4780 dicam
3540 4726 3733 4794 pietas,

448 4795 564 4850 Non
605 4798 747 4851 enim
791 4796 883 4850 ille
929 4808 1116 4850 contra
1165 4812 1479 4850 naturarum
1540 4796 1919 4853 discretionem
1966 4798 2036 4853 de
2065 4822 2119 4881 υ
2147 4814 2241 4868 sed
2273 4818 2384 4884 ipsa
2416 4818 2760 4871 considerare
2789 4816 2952 4871 debet
2983 4816 3302 4871 humanius,

448 4902 555 4956 qua
584 4886 828 4956 superius
860 4896 1008 4943 recte
1050 4890 1260 4943 locutus
1298 4900 1412 4955 est,
1448 4888 1587 4942 idem
1619 4890 1639 4919 ²
1662 4888 1885 4957 adjecit,
1917 4897 2034 4944 tan-

449 4994 606 5051 quam
639 4992 822 5044 unam,
858 4980 960 5033 hoc
992 4990 1070 5034 est
1103 4996 1282 5049 parem
1313 4982 1585 5036 creatricis
1615 4993 1666 5036 et
1690 4992 1887 5037 creata:
1908 4983 2037 5037 sub-

449 5070 661 5125 stantiae
692 5072 955 5140 putaverit
979 5086 1099 5126 esse
1127 5074 1409 5139 virtutem;
1454 5073 1548 5128 sed
1591 5075 1766 5143 potius
1794 5073 1922 5127 illud
1954 5082 2036 5127 at-

451 5161 641 5228 tendit,
672 5161 812 5231 quod
841 5162 996 5224 unius
1022 5177 1271 5233 persona:
1302 5168 1372 5218 sit
1396 5164 1584 5218 eadem
1616 5166 1804 5219 virtus.
1834 5164 1963 5218 Nam
1991 5164 2035 5219 si

448 5266 654 5311 tantum
682 5258 915 5313 cbaritas
945 5258 1108 5312 valuit
1140 5259 1190 5311 in
1231 5258 1414 5312 multis
1461 5260 1704 5327 personis
1748 5274 1842 5329 per
1877 5258 2036 5328 spiri-

448 5359 561 5404 tum
594 5351 759 5418 ipsius
784 5349 993 5406 Domini
1024 5352 1191 5406 nostri
1220 5352 1347 5407 Iesu
1371 5351 1562 5405 Christi
1594 5349 1819 5419 diffusa,
1857 5360 1913 5406 ut
1947 5366 2031 5406 re-

521 5492 546 5520 ι
572 5484 639 5536 At
670 5493 852 5536 contra
878 5482 1209 5537 Iustinianus
1240 5483 1293 5536 in
1315 5482 1522 5545 edicto,
1560 5490 1610 5534 et
1642 5482 1823 5551 quinta
1866 5495 2027 5551 syno-

447 5552 569 5617 dus,
600 5568 663 5607 es
696 5553 777 5606 his
815 5556 985 5606 verbis
1018 5553 1317 5608 Nestoriani
1359 5554 1622 5620 dogmatis
1664 5552 2022 5619 suspicionem

455 5623 678 5678 ducunt.
713 5623 850 5676 Duas
881 5625 1023 5679 enim
1068 5633 1287 5680 naturas
1332 5623 1399 5679 ab
1438 5619 1554 5690 Iba,
1600 5619 1829 5678 Nestorii
1875 5636 2025 5679 more

522 5716 539 5745 ί
569 5713 701 5768 Cod.
731 5713 952 5783 Verum,
977 5726 1118 5772 tunc.

522 5784 541 5814 ⁸
575 5783 718 5839 Idem
744 5787 887 5851 cod.,
915 5786 991 5841 id.

2772 4926 2998 4984 CAPUT
3037 4928 3099 4982 ll.

2147 5020 2296 5087 Quod
2320 5020 2439 5074 [bas
2478 5022 2653 5075 dicens
2697 5020 2994 5092 Nestorium
3044 5022 3154 5075 sine
3190 5020 3396 5092 judicio
3435 5028 3487 5073 et
3512 5023 3733 5092 inquisi-

2214 5094 2347 5144 tione
2375 5093 2693 5155 damnatum,
2728 5108 2829 5144 non
2854 5090 3231 5143 damnationem
3264 5093 3373 5158 ejus
3402 5090 3731 5160 improbas-it,

2216 5162 2305 5282 set]!
2335 5162 2431 5215 hoc
2458 5169 2659 5214 tantum
2700 5160 2839 5230 quod
2869 5162 3144 5230 exspectati
3175 5178 3279 5215 non
3323 5158 3518 5231 fuerint
3551 5158 3729 5215 Oricia-'-

2217 5241 2269 5283 ta
2295 5248 2366 5285 ϐε.

2216 5328 2377 5395 igitur
2407 5325 2475 5380 ad
2524 5325 2615 5380 illa
2660 5324 2944 5380 redeamus
2981 5338 3101 5394 quas
3154 5324 3209 5378 in
3260 5322 3450 5378 eadem
3504 5322 3731 5392 epistola

2133 5460 2352 5528 intelligi
2386 5458 2572 5512 volunt
2597 5457 2728 5511 duas
2757 5471 3034 5526 personas,
3061 5472 3221 5511 unam
3252 5468 3429 5511 autem
3469 5457 3726 5511 virtutem

2133 5542 2292 5599 atque
2317 5527 2476 5583 unam
2502 5545 2782 5597 personam
2806 5528 2873 5581 ab
2901 5543 2965 5582 eo
2994 5528 3097 5581 dici
3116 5572 3130 5596 ,
3178 5529 3237 5581 οὐ
3278 5529 3387 5582 καθ’
3414 5527 3725 5591 ὑπόστασιν,

2130 5603 2225 5658 sed
2256 5602 2382 5680 καιςτά
2402 5602 2518 5671 μίαν
2541 5601 2702 5664 ἀξίαν,
2734 5602 2821 5653 καὶ
2844 5605 2934 5659 τήν
2964 5601 3123 5659 αὐτὴν
3154 5602 3325 5671 τιμήν,

2206 5717 2227 5748 ³
2252 5715 2393 5771 Idem
2416 5713 2561 5779 cod.,
2592 5720 2730 5767 recte
2757 5714 2882 5770 dici.

2207 5786 2230 5817 ⁸
2255 5786 2397 5840 Idem
2430 5786 2574 5854 cod.,
2597 5784 2829 5841 diversis.
