3974 6330
304 381 403 435 ΰὸῖὶ

1182 368 1317 424 PRO
1361 361 1789 422 DEFENSIONE
1828 357 2041 414 TRIUM
2081 356 2390 415 CAPITUL.
2437 356 2566 412 LIB.
2592 356 2703 411 νη.

3471 353 3573 410 €86

303 493 538 545 fautores
577 486 959 541 tireieticorum
1018 482 1220 547 scripto
1275 474 1776 547 reprehenderunt.
1830 478 1885 521 ut
1915 469 1963 527 A
1992 467 2164 521 sinam
2188 467 2501 536 congregari
2531 467 2826 527 civitatem,
2860 474 2917 517 ut
2957 476 3141 519 coram
3177 460 3422 517 omnibus
3466 479 3571 521 non

305 603 418 643 eam
450 583 599 655 quasi
630 581 900 645 profanam
924 588 979 633 et
1009 576 1227 645 impiam
1270 573 1582 627 refutarent.
1621 568 1746 622 Huic
1790 580 1885 617 au-

304 688 408 735 tem
441 686 567 730 sunt
597 688 715 743 qua}
750 678 1084 739 sequuntur:
1119 686 1137 718 ‹
1171 666 1402 738 Cyrilltts
1444 675 1602 717 aures
1644 660 1883 715 omnium

305 770 578 839 pigmento
607 763 747 833 quod
777 768 1010 816 excaecat
1035 759 1217 814 oculos
1244 756 1583 825 sapientium,
1616 765 1887 821 praeoccu-

304 861 469 931 pavit,
499 877 519 908 ι
552 866 607 911 et
630 864 862 914 ea'tera;
893 863 947 906 et
973 854 1160 905 iterum
1197 866 1211 902 :
1243 867 1260 898 ι
1295 848 1428 914 Quia
1462 846 1515 899 in
1543 843 1886 898 damnatione

304 951 536 1005 Nestorii
587 961 707 1015 qua:
752 943 890 998 facta
920 953 999 996 est
1046 942 1112 995 ab
1155 939 1264 1002 eis,
1308 937 1372 993 12
1419 935 1651 1004 capitula
1694 949 1812 1004 quae
1855 948 1884 985 a

302 1040 505 1111 Cyrillo
564 1035 863 1103 conscripta
908 1043 1063 1096 sunt,
1118 1031 1383 1084 contraria
1424 1028 1705 1081 existentia
1749 1041 1886 1079 verae

302 1132 424 1185 fidei
466 1137 797 1200 posuerunt,
834 1143 856 1179 ι
888 1136 941 1178 et
990 1132 1204 1179 cmlera.
1236 1121 1367 1186 Quae
1396 1120 1502 1173 duo
1531 1118 1629 1173 sub
1662 1132 1765 1171 uno
1794 1133 1884 1171 ca-

304 1224 471 1293 pitulo
499 1222 875 1284 continentur,
922 1218 1063 1273 sicut
1089 1227 1142 1271 et
1174 1216 1260 1269 illa
1287 1213 1394 1269 duo
1423 1214 1637 1282 priora;
1675 1211 1770 1267 sed
1819 1210 1888 1266 ab

304 1320 420 1372 istis
447 1323 703 1371 consuete
732 1313 955 1371 discissa
1001 1319 1057 1366 et
1104 1310 1374 1363 deminuta
1423 1317 1569 1374 sunt,
1616 1322 1681 1360 ne
1726 1307 1777 1359 in
1808 1306 1889 1363 eis

304 1418 588 1480 appareret
616 1406 926 1461 intentionis
965 1402 1264 1474 integritas.
1296 1401 1467 1471 Ipsius
1512 1409 1690 1455 autem
1741 1400 1887 1468 capi-

304 1504 422 1569 tuli,
455 1501 596 1556 male
614 1498 682 1553 ab
713 1497 844 1567 ipsis
872 1495 1138 1563 dissipati,
1169 1493 1271 1547 hoc
1302 1502 1384 1548 est
1406 1491 1751 1560 principium,
1782 1489 1890 1543 sic-

305 1603 365 1648 ut
408 1594 464 1647 in
495 1592 582 1645 illa
612 1590 835 1658 epistola
879 1587 1187 1642 continetur
1215 1601 1229 1639 :
1269 1602 1288 1637 ι
1317 1585 1398 1639 0b
1428 1585 1564 1637 hanc
1590 1582 1890 1637 contentio-

305 1704 455 1754 nem,
484 1686 717 1739 victores
743 1692 795 1737 et
838 1682 906 1751 pii
952 1680 1302 1749 imperatores
1326 1677 1603 1748 jusserunt
1635 1675 1889 1743 primates

302 1780 683 1850 episcoporum
708 1778 762 1831 in
790 1774 1114 1843 Epltesiuam
1137 1771 1450 1841 congregari
1480 1769 1753 1825 civitatem
1781 1810 1797 1833 ,
1834 1776 1889 1822 et

304 1827 997 1928 coramro-muibus—iibros
1048 1827 1281 1921 Nestorii
1320 1827 1374 1919 et
1412 1863 1595 1933 Cyrilli
1636 1827 1884 1931 judicari.
1916 1847 1964 1907 B
1994 1827 2028 1881 τί

304 1964 411 2022 Sed
447 1974 736 2032 antequam
773 1976 961 2016 omnes
994 1958 1229 2029 episcopi
1269 1958 1359 2027 qui
1398 1955 1707 2025 congregari
1749 1953 1884 2023 jussi

305 2061 539 2123 fuerant,
574 2059 626 2111 in
661 2055 929 2125 Ephesum
973 2052 1354 2122 pervenirent,
1402 2050 1701 2117 autieipans
1745 2046 1886 2102 idem

304 2148 540 2220 Cyrillus
565 2163 721 2202 aures
746 2145 984 2201 omnium
1016 2145 1288 2214 pigmento
1315 2143 1455 2212 quod
1497 2149 1731 2196 excatcat
1760 2152 1889 2194 ocu-

305 2242 390 2295 los
419 2241 743 2308 sapientum,
776 2236 1189 2307 prreoccupavit.
1222 2235 1428 2289 Invenit
1472 2244 1650 2287 autem
1673 2246 1887 2287 causam

305 2347 373 2386 ex
394 2330 521 2384 odio
540 2329 682 2399 quod
715 2329 731 2359 ¹
756 2338 870 2382 erat
890 2327 1147 2381 adversus
1177 2324 1500 2390 Nestorium,
1529 2332 1582 2377 et
1604 2331 1888 2391 antequam

304 2422 515 2492 synodo
542 2420 756 2475 adesset
788 2417 1157 2474 sanctissimus
1187 2426 1241 2471 et
1284 2416 1752 2470 reverentissimus
1796 2430 1888 2469 ar-

304 2511 682 2581 chiepiscopus
722 2510 958 2564 Joannes
981 2548 997 2575 ,
1028 2509 1097 2562 de
1125 2508 1433 2576 episcOpatu
1464 2506 1767 2562 Nestorium
1796 2506 1889 2561 de-

305 2613 624 2674 posuerunt,
665 2601 863 2672 judicio
914 2609 969 2655 et
1020 2598 1359 2670 inquisitione
1396 2614 1500 2652 non
1556 2598 1709 2652 facta.
1764 2596 1893 2652 Post

306 2698 443 2754 duos
464 2708 644 2754 autem
676 2697 792 2754 dies
820 2695 1175 2752 damnationis
1202 2694 1318 2764 ejus
1354 2694 1597 2747 venimus
1637 2692 1688 2746 in
1719 2692 1892 2761 Ephe-

304 2806 463 2855 sum;
506 2800 561 2844 et
608 2786 1051 2857 cognoscentibus
1090 2784 1265 2848 nobis,
1306 2783 1429 2853 quia
1461 2784 1512 2835 in
1551 2781 1893 2835 damnatione

306 2878 539 2935 Nestorii
590 2894 709 2949 quae
751 2878 886 2932 facta
929 2885 1012 2931 est
1036 2877 1104 2931 ab
1128 2874 1370 2941 eisdem,
1418 2871 1482 2928 l2
1526 2872 1754 2941 capitula
1775 2886 1894 2939 qua:

306 2988 341 3028 a
395 2972 595 3043 Cyrillo
632 2970 930 3039 conscripta
961 2978 1083 3023 sunt
1131 2968 1395 3022 contraria
1433 2966 1715 3021 existentia
1750 2978 1894 3018 verat

309 3064 472 3130 ﬁdei,
525 3071 833 3131 posuerunt,
886 3069 939 3113 et
985 3059 1353 3121 firmaverunt,
1395 3067 1452 3112 et
1508 3060 1897 3111 consenserunt

305 3152 391 3207 eis
422 3162 672 3220 tanquam
710 3164 850 3202 vera:
881 3148 1002 3202 lidei
1028 3146 1474 3210 consonantibus;
1506 3158 1692 3199 omnes
1718 3144 1896 3196 orien-

1990 565 2194 611 tantum
2222 556 2452 611 Nestorii
2482 556 2635 622 libri,
2664 556 2755 609 sed
2801 556 2962 608 etiam
3010 553 3221 625 Cyrilli,
3265 552 3571 621 judicaretu-

1990 657 2095 702 tur.
2124 647 2236 703 Non
2269 664 2395 718 ergo
2418 662 2640 702 necesse
2680 658 2762 702 est
2801 647 2868 701 de
2897 647 3142 701 Nestorio
3189 646 3391 700 dictuut
3430 646 3568 698 acci-

1989 754 2137 808 pere,
2168 740 2307 809 quod
2338 740 2431 805 ait,
2460 739 2663 808 judicio
2686 748 2736 791 et
2761 738 3103 807 inquisitione
3135 753 3239 791 non
3272 737 3432 802 facta,
3460 737 3574 792 vel~

1990 840 2046 885 ut
2082 832 2355 886 Nestorius
2382 831 2497 885 sine
2521 830 2724 900 judicio
2767 838 2821 884 et
2856 829 3200 899 inquisitione
3232 827 3391 883 fuerit
3436 842 3567 882 eon—

1989 921 2302 986 demuatus;
2349 937 2471 975 cum
2525 922 2693 990 possit
2746 918 2970 988 intelligi
3025 928 3305 987 propterea
3341 918 3568 982 dictum,

1988 1010 2127 1079 quod
2173 1010 2403 1077 capitula
2457 1011 2594 1064 beati
2627 1008 2812 1079 Cyrilli
2859 1009 2924 1061 de
2955 1007 3148 1076 quibus
3174 1007 3280 1075 jam
3311 1003 3572 1060 satisfeci.

1989 1116 2127 1165 tuus,
2166 1102 2217 1153 in
2248 1102 2338 1153 illo
2378 1099 2581 1169 judicio
2636 1099 2882 1166 inquisita
2932 1114 3034 1151 non
3084 1097 3296 1151 fuerint.
3342 1095 3494 1162 Quod
3528 1096 3573 1149 si

1988 1190 2146 1244 etiam
2208 1191 2589 1256 concedamus,
2631 1190 2750 1257 quia
2817 1189 2881 1242 de
2930 1187 3175 1242 Nestorio
3224 1188 3425 1240 dictum
3460 1194 3566 1249 est,

1984 1279 2185 1349 judicio
2207 1291 2260 1334 et
2285 1280 2682 1349 inquisitione",
2709 1279 2943 1347 nunquid
2973 1278 3132 1333 etiam
3165 1277 3263 1331 hoc
3286 1290 3565 1340 concesso,

1989 1386 2211 1426 necesse
2243 1372 2397 1427 nobis
2438 1380 2521 1426 est
2547 1371 2847 1441 intelligere
2883 1369 3024 1440 quod
3058 1369 3109 1424 in
3142 1370 3223 1422 liis
3254 1369 3431 1423 verbis
3462 1368 3569 1421 Ne-

1988 1464 2187 1518 storius
2219 1462 2394 1518 fuerat
2422 1464 2751 1517 excusatus?
2795 1462 2899 1516 Cur
2945 1462 3086 1516 enim
3133 1474 3237 1515 non
3291 1458 3572 1513 credamus

1988 1554 2477 1610 reverentissimum
2528 1553 2670 1606 lbam
2715 1568 2820 1606 non
2871 1562 3236 1615 excusantem,
3287 1548 3380 1603 sed
3435 1548 3571 1602 indi-

1987 1652 2235 1713 gnantem
2284 1644 2425 1711 quod
2477 1640 2777 1696 Orientales
2830 1638 3125 1707 exspeCtati
3189 1653 3296 1693 non
3352 1636 3570 1697 fuerint,

1987 1738 2186 1793 dixisse
2236 1737 2287 1792 in
2340 1739 2433 1793 illo
2463 1738 2715 1803 concilio,
2747 1735 2950 1805 judicio
2975 1746 3031 1791 et
3072 1735 3420 1805 inquisitione
3465 1749 3570 1788 non

2030 1838 2133 1882 icta
2164 1828 2392 1893 finitum,
2424 1828 2565 1897 quod
2594 1829 2712 1882 sine
2744 1827 2874 1895 ipsis
2903 1826 2973 1880 ibi
2998 1824 3294 1894 judicatqu
3326 1825 3571 1883 fueratet

1988 1923 2269 1993 quaesitum
2305 1940 2319 1973 :
2360 1931 2609 1991 tanquam
2656 1920 2906 1989 iudicium
2953 1934 3056 1973 non
3086 1926 3230 1972 esset
3256 1918 3570 1985 legitimum,

1988 2029 2162 2084 neque
2193 2013 2423 2082 legitima
2464 2012 2768 2082 inquisitio,
2798 2012 2887 2066 ubi
2921 2012 3021 2078 ipsi
3063 2027 3167 2067 non
3210 2011 3451 2077 aderant,
3480 2012 3572 2079 qui

1988 2107 2189 2176 pariter
2220 2106 2563 2176 inquisitores
2606 2105 2796 2160 delecti
2845 2114 2996 2159 erant
3026 2114 3077 2158 et
3103 2104 3347 2174 iudices?
3372 2103 3570 2158 Verum

1988 2198 2258 2262 existimo,
2284 2206 2338 2251 et
2358 2197 2579 2252 credere
2607 2211 2704 2250 nos
2744 2204 2975 2260 Oportet,
3027 2195 3168 2264 quod
3211 2192 3572 2248 Orientalibus

1989 2299 2043 2345 et
2075 2290 2298 2343 aliarum
2327 2290 2723 2358 provinciarum
2756 2287 3000 2342 Patribus
3044 2288 3235 2356 aliquas
3267 2299 3444 2340 causa:
3492 2284 3573 2340 iu-

1990 2380 2268 2435 evitabiles
2294 2381 2536 2435 accidere
2564 2389 2855 2449 potuerunt
2877 2388 2932 2432 ut
2962 2379 3144 2434 venire
3170 2378 3473 2444 tardarent;
3504 2394 3570 2439 ex

1990 2471 2159 2525 altera
2190 2482 2339 2540 parte
2379 2471 2535 2526 beato
2574 2472 2776 2542 Cyrillo
2801 2480 2853 2526 et
2882 2471 3000 2524 aliis
3043 2471 3131 2539 qui
3179 2479 3571 2539 praevenerant,

1991 2562 2237 2616 similiter
2262 2576 2593 2632 quaecunque
2624 2559 2918 2615 necessitas
2956 2568 3014 2613 ut
3040 2575 3132 2614 eos
3156 2558 3357 2616 diutius
3380 2573 3572 2627 exspe-

1992 2666 2139 2709 crare
2168 2669 2272 2708 non
2305 2663 2542 2722 possent.
2576 2652 2679 2708 Ubi
2718 2666 2817 2707 nos
2857 2652 2987 2722 quid
3026 2653 3285 2715 dicamus,
3317 2651 3417 2705 nisi
3444 2650 3574 2710 illud

1994 2744 2133 2814 quod
2160 2743 2269 2813 jam
2297 2742 2550 2807 diximus,
2593 2756 2714 2796 cum
2751 2742 2817 2796 de
2848 2743 3153 2797 maledictis
3194 2742 3361 2812 ipsius
3389 2742 3572 2813 Cyrilli

1995 2850 2113 2900 qua:
2144 2843 2331 2888 contra
2376 2843 2618 2887 sanctum
2665 2832 2925 2888 Joannem
2978 2832 3219 2901 protulit,
3269 2848 3575 2902 ageremus,

2007 2923 2095 2979 νω
2137 2926 2327 2979 mundo
2359 2942 2391 2978 α
2419 2925 2673 2979 scandulis
2717 2922 2932 2994 (Matth.
2972 2938 3136 2987 xvut,
3165 2923 3257 2993 '7)?
3300 2923 3575 2994 Siquidem

1998 3031 2105 3071 non
2157 2996 2328 3070 scium
2379 3015 2698 3069 voluntariis
2749 3014 3051 3068 animorum
3101 3015 3358 3077 motibus,
3390 3031 3575 3072 verum

1998 3113 2157 3165 etiam
2186 3119 2378 3179 prmter
2400 3111 2724 3165 voluntatem
2764 3120 3061 3181 praeterque
3104 3110 3405 3176 scientiam,
3452 3126 3575 3164 exa-

309 3240 446 3296 tales
496 3200 731 3311 episcOpi
780 3239 1028 3294 eumdem
1082 3236 1337 3309 Cyrillum
1377 3239 1797 3303 damnaverunt,
1840 3245 1894 3289 et
1919 3207 1968 3269 (ἶ
1998 3200 2231 3270 suam“
2260 3200 2572 3258 momnb'm
2597 3202 2861 3256 οτίωηυτ·

305 3331 566 3386 adversus
624 3332 757 3385 alios
825 3331 1104 3399 episcopos
1168 3330 1256 3399 qui
1329 3338 1717 3383 consenserunt
1773 3327 1893 3396 ejus

305 3424 582 3496 capitulis,
608 3425 1219 3480 excommunicationem
1249 3422 1620 3477 decreverunt.
1676 3438 1695 3472 ι
1730 3420 1893 3475 Vide-

306 3527 395 3570 tur
429 3516 482 3570 in
511 3515 595 3570 bis
625 3516 830 3571 acerbis
860 3526 914 3571 et
947 3515 1270 3569 tumentibus
1312 3513 1489 3568 verbis
1518 3511 1893 3568 reverentissi-

303 3621 426 3661 mus
463 3607 582 3662 lbas
625 3606 938 3677 indigestam
980 3608 1153 3661 adhuc
1196 3605 1449 3661 exhalare
1494 3603 1890 3674 quodammodo

302 3698 617 3753 offensionis
646 3699 932 3766 prieterita:
960 3698 1301 3763 cruditatem,
1348 3695 1489 3765 quod
1530 3710 1650 3749 cum
1692 3695 1759 3750 ab
1789 3694 1891 3749 im-

304 3788 645 3857 peratoribus
692 3789 763 3843 ita
796 3801 1119 3858 prmceptum
1162 3791 1343 3851 fuerit,
1387 3796 1443 3840 ut
1484 3786 1539 3841 in
1583 3799 1743 3841 causa
1783 3785 1890 3843 Ne-

300 3880 457 3934 storii
510 3891 727 3935 sanctus
782 3896 995 3951 quoque
1050 3880 1283 3936 Joannes
1347 3878 1715 3943 Antiochenus
1765 3892 1886 3933 cum

300 3970 650 4027 orientalibus
678 3973 967 4041 epiSCOpis,
1002 3982 1058 4027 et
1098 3972 1187 4026 alii
1228 3971 1482 4041 primates
1512 3971 1885 4040 episcoporum

299 4075 423 4113 cum
449 4061 581 4128 suis,
610 4060 818 4130 judices
842 4063 1208 4127 considerent,
1232 4061 1338 4117 illis
1365 4059 1589 4116 necdum
1630 4060 1681 4113 in
1709 4058 1888 4130 Ephe-

295 4168 419 4207 sum
453 4154 882 4221 pervenieutibus
923 4155 1306 4209 condemnatus
1352 4164 1455 4211 est.
1502 4155 1635 4210 l‘linc
1682 4155 1887 4211 exstitit

295 4244 464 4297 totius
494 4260 654 4299 causa
695 4245 944 4300 discidii:
974 4246 1099 4301 hinc
1135 4250 1310 4302 omnis
1348 4250 1605 4305 tumultus
1655 4252 1886 4318 sumpsit

293 4335 592 4402 originem;
628 4335 751 4389 hinc
772 4337 1070 4392 Orientales
1091 4338 1291 4408 aliique
1321 4338 1505 4393 Patres
1534 4339 1766 4405 offensi,
1790 4341 1884 4395 ad-

293 4440 454 4478 versa
474 4426 583 4493 jam
615 4439 795 4480 mente
822 4428 1165 4482 crediderunt
1192 4470 1205 4493 ,
1236 4430 1378 4497 quod
1418 4432 1603 4483 beatus
1629 4429 1876 4499 Cyrillus,

292 4516 441 4567 male
465 4515 564 4568 sibi
594 4516 859 4581 conscius,
884 4517 1142 4586 judicium
1173 4528 1225 4573 et
1271 4518 1664 4589 inquisitionem
1702 4520 1878 4575 dicto-

291 4620 416 4659 rum
453 4606 664 4660 Patrum
693 4610 712 4638 ²
742 4608 1021 4678 θιῐυειοτὶι,
1070 4622 1126 4664 ut
1161 4625 1347 4665 eorum
1396 4627 1500 4667 non
1541 4623 1880 4683 exspectaret

290 4699 601 4754 adventum.
627 4699 1033 4757 Arbitrabantur
1059 4706 1203 4759 enim
1245 4706 1385 4775 quod
1426 4709 1470 4761 si
1496 4709 1655 4762 etiam
1692 4710 1759 4764 de
1787 4725 1879 4765 ca-

289 4790 483 4859 pitulis
511 4791 628 4858 ejus
653 4808 773 4863 qua:
814 4808 998 4863 postea
1046 4800 1376 4863 retractavit,
1419 4800 1675 4868 judicium
1713 4814 1766 4858 et
1798 4803 1883 4858 in-

286 4879 515 4948 quisitio
541 4881 677 4937 facta
697 4896 862 4951 esset,
896 4902 1001 4941 non
1033 4888 1179 4943 solus
1225 4900 1406 4959 posset
1441 4892 1717 4949 Nestorius
1760 4896 1878 4950 cul-
1905 4931 1927 4955 .

287 4969 489 5037 pabilis
548 4972 795 5029 inveniri.
851 4976 929 5030 0b
985 4977 1085 5033 boc
1142 4979 1323 5051 itaque
1377 4984 1701 5039 venerabilis
1759 4987 1877 5046 lbas

284 5061 452 5125 dixit,
474 5059 679 5132 judicio
710 5076 761 5120 et
792 5066 1136 5137 inquisitione
1159 5087 1265 5126 non
1297 5075 1437 5127 facta
1457 5077 1873 5136 condemnatum

283 5166 417 5206 esse
459 5152 809 5213 Nestorium:
843 5168 1094 5231 tanquam
1142 5164 1212 5220 de
1265 5168 1405 5221 beati
1452 5167 1640 5239 Cyrilli
1694 5175 1872 5240 dictis,

282 5258 524 5311 quorum
552 5247 901 5304 intentionem
934 5255 1111 5307 minus
1153 5257 1535 5328 intelligebant,
1570 5279 1672 5318 nou
1714 5266 1874 5322 luerit

281 5333 432 5388 facta
483 5336 777 5406 discussio;
841 5358 963 5399 cum
1014 5347 1402 5420 imperatores,
1462 5356 1600 5412 sicut
1665 5362 1867 5427 retulit,

282 5436 575 5494 propterea
599 5431 871 5498 iusserant
893 5441 1151 5506 primates
1179 5445 1554 5516 episcoporum
1599 5450 1653 5505 in
1690 5453 1870 5522 Ephe-

381 5636 396 5666 ¹
592 5650 808 5724 Veram,
840 5676 958 5727 quo.

361 5725 382 5756 ³
418 5719 559 5772 ldctu
589 5727 734 5791 θοαὶ..
764 5719 989 5788 sitorum.

1904 4569 1954 4633 Ι)

2603 3330 2831 3387 CAPUT
2872 3332 2958 3386 lll.

1997 3463 2147 3529 Quod
2178 3462 2294 3516 [bas
2322 3462 2512 3531 judicio
2534 3461 2648 3531 falli
2679 3463 2895 3528 potuerit
2915 3465 2965 3514 in
2995 3462 3256 3529 Nestorio,
3285 3464 3411 3517 sicut
3440 3465 3575 3515 Ana.

2066 3535 2222 3589 mlius
2262 3530 2630 3602 in’Dioscoro,
2653 3532 2965 3585 Athanasius
3004 3535 3058 3587 in
3099 3532 3383 3596 Timotheo,
3416 3550 3573 3602 igua.

2063 3601 2467 3675 dusPafmtina
2517 3614 2564 3654 et
2590 3601 2824 3657 Zosimus
2869 3620 3006 3671 pupa
3040 3604 3092 3658 in
3144 3602 3359 3675 Pelagia
3390 3613 3433 3655 et
3464 3602 3573 3656 Cm.

2064 3672 2231 3727 festio.

2062 3784 2130 3838 At
2170 3784 2287 3838 haec
2331 3782 2540 3849 omnia,
2596 3783 2786 3852 quibus
2833 3798 3094 3853 apparere
3147 3785 3315 3853 possit
3358 3799 3421 3839 ex
3470 3802 3572 3855 qua

1989 3892 2151 3932 causa
2188 3891 2309 3931 cum
2349 3876 2501 3943 aliis,
2527 3886 2578 3929 et
2625 3876 2855 3929 maxime
2904 3876 3253 3932 orientalibus
3275 3877 3567 3944 episcopis,

1988 3974 2226 4031 oﬂensus
2257 3973 2717 4028 reverentissimus
2747 3972 2864 4026 lbas
2892 3972 2963 4026 ita
2989 3972 3057 4026 de
3084 3972 3237 4026 beato
3266 3972 3465 4042 Cyrillo
3489 3972 3569 4025 lo-

1987 4076 2142 4121 cutus
2170 4073 2273 4129 est,
2302 4064 2550 4119 doctores
2578 4065 2661 4118 isti
2695 4064 2911 4118 nevitim
2938 4064 3179 4117 veritatis
3218 4065 3271 4117 in
3311 4078 3409 4118 suo
3436 4064 3571 4116 libro

1986 4169 2189 4225 ponere
2234 4155 2553 4217 vitaverunt,
2585 4170 2691 4222 quo
2739 4155 2824 4210 illa
2871 4154 3096 4223 epistola
3137 4169 3296 4222 quam
3335 4156 3571 4226 synodus

1987 4247 2352 4317 pronuntiavit
2395 4246 2767 4312 orthodoxam,
2812 4261 3105 4302 excusasse
3152 4248 3456 4302 Nestorium
3488 4250 3568 4300 vi-

1985 4342 2219 4395 deretur.
2244 4338 2398 4405 Quod
2444 4340 2656 4408 quidem
2697 4340 2740 4392 si
2773 4339 2976 4395 faceret
3016 4339 3157 4407 quod
3207 4341 3571 4408 respondeba-

1984 4448 2105 4487 mus
2131 4430 2463 4485 Nestorianis
2490 4446 2585 4499 pro
2608 4431 2764 4485 beato
2791 4431 3039 4485 Anatolio
3077 4446 3105 4483 a
3135 4445 3242 4499 quo
3286 4431 3568 4484 damnatus

1984 4531 2067 4579 est
2096 4523 2399 4585 Dioscorus,
2430 4537 2586 4591 quem
2616 4537 2874 4575 excusare
2904 4522 3093 4575 volens
3114 4520 3272 4583 dixit,
3305 4536 3425 4574 eum
3460 4535 3565 4574 non

1989 4628 2084 4683 pro
2111 4611 2215 4665 ﬁde
2241 4626 2360 4666 esse
2388 4610 2727 4675 damnatum;
2755 4610 2855 4663 hoc
2888 4610 3046 4663 etiam
3081 4607 3432 4677 Eutycbianis
3471 4625 3569 4678 pro

1987 4700 2422 4757 reverentissimo
2478 4700 2566 4755 Iba
2617 4713 2720 4750 non
2762 4699 3030 4751 immerito
3074 4697 3402 4766 respondi-re
3450 4713 3569 4766 pos.

1984 4806 2184 4846 scmus.
2230 4790 2491 4856 Quoniam
2554 4787 2694 4841 aliud
2763 4797 2889 4851 est,
2939 4786 2984 4839 si
3027 4788 3251 4855 quisque
3312 4787 3569 4855 simplici~

1986 4890 2067 4934 tcr
2119 4879 2172 4933 in
2224 4879 2477 4933 baeretico
2525 4876 2677 4931 dolos
2723 4890 2848 4930 suos
2890 4874 3167 4930 occulente
3218 4876 3458 4941 fallatur,
3514 4890 3563 4931 ut

1985 4986 2106 5026 eum
2136 4980 2284 5041 putet
2316 4968 2702 5031 orthodoxum;
2752 4975 2806 5022 et
2852 4966 3020 5032 aliud,
3064 4968 3107 5021 si
3139 4969 3423 5034 ipsammet
3450 4970 3566 5038 ejus

1986 5065 2231 5120 haeresim
2276 5063 2506 5131 aquilam
2561 5070 2795 5116 sectetur
2847 5072 3007 5130 atque
3057 5061 3325 5118 defendat.
3387 5063 3566 5130 Quan-

1982 5173 2139 5226 quam
2188 5158 2231 5210 si
2276 5158 2395 5226 quis
2414 5156 2571 5210 etiam
2595 5155 2671 5208 sic
2701 5166 3048 5224 utrorumque
3078 5170 3293 5210 causam
3335 5155 3562 5225 diligen-

1981 5255 2062 5301 ter
2091 5245 2408 5311 attenderet,
2440 5245 2652 5313 gravior
2680 5243 2914 5313 episcopi
2955 5246 3183 5301 Anatolii
3215 5246 3561 5315 probaretur;

1980 5337 2228 5407 quoniam
2270 5336 2423 5404 ipse,
2475 5335 2918 5405 quemadmodum
2969 5334 3165 5389 dictum
3216 5346 3343 5399 est,
3398 5337 3449 5389 in
3498 5350 3559 5388 ea

1978 5430 2183 5500 synodo
2236 5431 2401 5483 voluit
2443 5429 2509 5482 ab
2539 5428 2757 5484 haeresis
2808 5430 3031 5483 crimine
3087 5427 3336 5497 Eutycius
3396 5435 3558 5495 atque

2047 5695 2067 5723 ‘
2098 5694 2239 5746 Idem
2265 5693 2384 5748 cod.
2406 5734 2418 5752 ,
2453 5700 2499 5743 ct
2539 5687 2869 5761 inquisitione
2904 5702 3002 5761 non
3048 5690 3203 5754 facta.
3251 5687 3561 5761 erlionem

1974 5765 2289 5821 conﬁrmant
2312 5776 2431 5835 qua:
2462 5754 2619 5827 supra
2651 5771 2702 5813 et
2728 5754 2867 5809 infra
2896 5755 3166 5817 dicuntur.
