3974 6330
284 321 383 376 E89

1167 323 1298 379 PRO
1339 322 1766 378 DEFENSIONE
1806 317 2016 373 τιιιυιι
2054 307 2366 376 CAPi'fUL.
2410 320 2537 375 LIB.
2586 322 2687 375 \‘Il.

3446 330 3549 387 090

279 443 658 512 episcoporum
676 440 911 496 Orientis
935 441 1269 510 aliorumque
1292 441 1479 511 injuria
1504 441 1580 495 sic
1610 440 1866 494 locutum.
1898 437 1947 494 Α
1977 447 2058 491 est
2088 455 2269 493 rursus
2299 442 2364 495 ab
2387 442 2475 496 lba
2500 442 2774 498 Nestorius
2795 453 3076 499 excusatus
3102 462 3113 498 :
3146 445 3394 515 quianon
3426 462 3549 503 eum

277 534 411 592 Nam
455 534 691 589 conferte
718 550 833 602 qua:
865 534 941 587 illi
986 534 1125 588 male
1164 536 1413 602 decerpta
1460 547 1779 603 posuerunt,
1811 542 1867 587 et

277 641 400 697 quae
426 641 527 680 nos
548 625 839 679 secundum
863 624 1028 689 ipsius
1049 626 1285 693 episto’m
1313 635 1549 679 tenorem
1571 624 1864 692 posuimus,

276 728 332 773 et
356 732 460 772 non
492 718 665 771 solum
692 733 809 785 quae
833 717 984 769 furati
1014 728 1163 780 sunt,
1194 732 1380 770 verum
1412 717 1570 770 etiam
1604 715 1863 769 furtorum

275 825 469 863 causas
492 808 758 863 videbitis.
784 806 893 861 Cur
913 810 1053 860 enim
1075 807 1339 876 imprimis
1363 807 1682 860 narrationis
1702 807 1868 873 ipsius

274 902 519 971 epistolae
563 900 801 968 fugerem
834 900 1065 961 initium,
1097 914 1231 965 quos
1261 898 1387 952 inde
1416 898 1699 965 Oportebat
1729 896 1863 949 inci-

276 1007 428 1061 pere,
462 990 564 1046 nisi
594 990 713 1059 quia
746 991 1106 1043 nescientibus
1136 989 1261 1055 quid
1293 988 1516 1057 epistula
1549 988 1661 1054 ipsa
1690 987 1832 1040 conti
1852 1017 1864 1026 -

276 1091 422 1145 neat,
453 1082 538 1137 vel
572 1082 746 1133 minus
771 1079 1208 1150 intelligentihus,
1234 1079 1519 1144 subripere.
1542 1076 1865 1131 voluerunt?

279 1194 303 1227 ε
353 1175 513 1229 Facio
539 1182 740 1237 autem,
770 1172 965 1241 inquit,
996 1171 1205 1224 initium
1236 1169 1557 1224 narrationis
1590 1168 1657 1222 de
1688 1168 1866 1220 verbis

272 1282 395 1335 qua:
424 1276 475 1320 et
508 1266 621 1332 ipse
652 1264 811 1316 nosti.
842 1262 1125 1316 Contentio
1152 1261 1287 1314 facta
1318 1270 1422 1322 est,
1459 1263 1582 1312 dum
1612 1275 1867 1313 reveren-

276 1359 349 1411 tia
381 1366 467 1410 tua
499 1355 587 1409 hic
614 1364 775 1417 esset,
833 1354 916 1407 his
946 1353 1155 1406 duobus
1188 1352 1494 1406 hominibus
1525 1351 1773 1404 Nestor-io
1813 1359 1866 1411 et

272 1446 511 1515 Cyrillo;
545 1456 594 1499 et
619 1442 1059 1511 conscripserunt
1087 1442 1344 1495 adversus
1374 1454 1434 1494 se
1459 1442 1644 1494 noxios
1677 1441 1863 1505 libros,

272 1541 365 1608 qui
398 1537 706 1592 scandalum
760 1535 975 1590 fuerunt
1005 1534 1362 1589 audientibus.
1395 1532 1675 1587 Nestorius
1721 1533 1862 1585 enim

272 1632 458 1685 docuit
501 1630 554 1682 in
585 1630 699 1682 suis
730 1628 903 1691 libris,
943 1626 1081 1680 sicut
1129 1635 1180 1679 et
1214 1627 1509 1679 reverentia
1544 1636 1628 1679 tua
1676 1626 1862 1691 novit,

274 1722 400 1791 quia
453 1721 605 1775 beata
639 1718 801 1773 Maria
838 1716 931 1770 Dt-i
962 1716 1185 1786 genitrix
1220 1730 1321 1769 non
1353 1725 1455 1776 est,
1492 1714 1563 1767 ita
1608 1723 1662 1767 ut
1712 1713 1862 1766 multi

1971 530 2102 583 dixit
2133 541 2187 584 ut
2215 531 2525 588 hrcretirum
2552 536 2603 589 in
2626 549 2773 590 suam
2800 537 3070 591 civitatem
3100 538 3297 593 reverti
3328 554 3433 593 non
3458 554 3555 607 po-

1973 622 2172 687 tuisse,
2201 624 2293 676 δρᾶ
2326 626 2576 693 quoniam
2610 627 2656 680 ei
2690 627 2813 680 odio
2859 636 2974 680 erat
3014 634 3070 681 et
3098 628 3187 696 qui
3214 637 3367 682 erant
3398 629 3447 681 in
3487 643 3549 681 ea

1969 716 2462 770 excellentior-ibus.
2496 716 2660 782 Quasi
2710 720 2937 786 probare
2977 721 3183 779 nossint
3216 720 3356 787 quod
3401 735 3553 775 reve-

1970 808 2303 861 rcutissimus
2333 809 2448 861 lhas
2472 809 2776 863 Nestorium
2806 810 3031 876 dixerit,
3061 825 3166 865 non
3197 821 3412 879 propter
3443 810 3553 864 hrc-

1969 914 2173 963 resem,
2204 899 2297 953 sed
2343 913 2559 967 propter
2600 901 2731 953 alias
2772 916 3117 971 quascunque
3158 916 3367 967 causas,
3425 901 3549 955 odio

1971 991 2132 1045 fnis~e
2163 991 2360 1043 civitati
2384 1008 2493 1044 sum
2519 999 2571 1045 et
2600 991 2685 1058 qui
2715 1002 2867 1045 erant
2890 993 2940 1043 in
2966 1005 3028 1047 ea
3057 991 3545 1055 excellentiorilius,

1971 1092 2025 1134 ut
2053 1083 2101 1135 in
2132 1097 2247 1135 eam
2275 1082 2471 1135 reverti
2498 1098 2603 1135 non
2639 1092 2853 1151 posset;
2878 1085 2967 1153 qui
3001 1082 3244 1151 superius
3274 1084 3381 1150 jam
3410 1081 3552 1136 dixe-

1972 1180 2053 1226 rat
2093 1172 2229 1238 quod
2282 1173 2471 1227 noxios
2520 1174 2902 1243 conscripserit
2952 1175 3113 1227 libros
3172 1174 3261 1243 qui
3300 1174 3553 1228 seandalo

1971 1263 2167 1317 fuerint
2216 1264 2587 1329 audientibus,
2621 1266 2743 1333 quia
2799 1266 3005 1319 beatam
3052 1266 3270 1319 Mariam
3328 1274 3550 1319 matrem

1975 1354 2065 1407 Dei
2102 1354 2388 1420 negabant.
2425 1354 2829 1423 Respondemus
2860 1357 3019 1424 igitur
3044 1356 3121 1410 eis
3152 1357 3253 1409 hoc
3284 1355 3463 1421 modo,
3496 1363 3553 1408 ut

1973 1445 2282 1498 omittamus
2331 1445 2430 1499 alia
2473 1447 2665 1516 quibus
2712 1447 3099 1516 refragantibus
3144 1447 3259 1500 haec
3286 1446 3552 1500 calumnia

1970 1537 2335 1605 multipliciter
2359 1553 2419 1592 ac
2439 1540 2686 1594 facillime
2708 1540 3014 1595 confutatur
3039 1556 3053 1593 :
3076 1538 3321 1607 Nunquid
3352 1535 3550 1591 alicubi

1969 1630 2432 1685 reverentissimns
2461 1631 2578 1687 lbas
2604 1633 2677 1686 ait
2702 1632 2842 1701 quod
2871 1630 3147 1686 Nestorius
3187 1628 3399 1697 quidem
3424 1625 3551 1680 odio

1968 1729 2084 1773 erat
2112 1733 2223 1773 suae
2251 1718 2453 1774 civitati
2480 1735 2527 1775 et
2559 1722 2645 1790 qui
2676 1730 2827 1775 erant
2860 1722 2910 1773 in
2943 1737 3002 1773 ea
3044 1716 3553 1783 excellentiorihus,

275 1819 531 1882 putarent
557 1811 627 1863 de
658 1811 861 1863 hmrese
899 1808 1045 1861 Pauli
1075 1808 1411 1862 Samosateni
1446 1807 1587 1860 hunc
1629 1822 1749 1861 esse
1773 1806 1858 1873 qui
1898 1812 1937 1868 Β
1965 1810 2056 1864 sed
2090 1825 2194 1862 nor:
2240 1818 2490 1879 tanquam
2541 1811 2843 1876 hmrclicus,
2874 1819 2932 1864 ut
2964 1810 3018 1863 in
3058 1824 3175 1863 eam
3218 1808 3411 1862 reverti
3443 1824 3550 1864 non

271 1906 409 1961 dixit
441 1904 713 1961 hominem
764 1914 952 1970 purum
999 1913 1118 1953 esse
1167 1899 1481 1963 Christum;
1520 1919 1537 1950 ι
1574 1907 1626 1952 et
1673 1908 1857 1967 postea

270 1998 535 2067 sequitur,
566 1995 707 2049 unde
739 1994 824 2047 isti
855 2000 1172 2060 cmperunt:
1222 2010 1240 2041 ι
1290 1992 1514 2061 Cyrillus
1554 2002 1730 2044 autem
1766 2006 1859 2045 vo-

271 2090 392 2143 lens
425 2086 651 2141 Nesrorii
683 2085 848 2139 libros
874 2083 1172 2147 destruere,
1209 2082 1388 2151 lapsus
1426 2092 1527 2146 est,
1560 2090 1613 2135 et
1645 2083 1694 2134 in
1726 2082 1858 2150 deg-

271 2196 360 2234 rna
391 2178 709 2247 Apollinaris
776 2176 1023 2229 inventus
1069 2183 1152 2228 est
1204 2174 1476 2228 incidisse.
1530 2173 1860 2241 Conscripsit

269 2269 438 2321 etiam
467 2278 520 2321 et
573 2268 687 2336 ipse
716 2266 965 2319 similiter
1015 2265 1112 2328 illi,
1143 2266 1262 2331 quia
1295 2264 1411 2332 ipse
1442 2264 1579 2316 Deus
1628 2263 1856 2316 Verbum

270 2360 445 2413 foetus
477 2368 558 2413 est
590 2358 769 2411 homo.
817 2375 835 2407 ι
885 2356 951 2409 Ει
979 2356 1170 2409 deinde
1210 2356 1451 2423 sequitur
1504 2354 1663 2415 illud,
1716 2355 1855 2422 quod

270 2450 465 2502 iterum
496 2449 909 2501 subtraxcrunt:
950 2463 968 2495 ι
1007 2445 1281 2513 Tanquam
1314 2460 1417 2498 non
1448 2445 1518 2515 sit
1561 2444 1854 2498 differentia

268 2542 415 2593 inter
449 2539 704 2607 templum
735 2548 786 2590 et
819 2535 1204 2589 inhabitantem
1242 2535 1405 2587 ineo.
1448 2552 1464 2585 ι
1501 2534 1607 2588 Cur
1638 2536 1814 2602 itaque
1841 2574 1855 2597 ,

269 2630 411 2684 sicut
441 2629 572 2695 dixi,
608 2629 930 2684 narrationis
959 2628 1124 2697 ipsius
1157 2627 1411 2696 principia
1437 2626 1747 2693 contingere
1775 2627 1859 2680 vi-

270 2731 545 2787 taverunt,
595 2719 735 2774 unde
767 2720 944 2789 potius
994 2721 1130 2772 ratio
1160 2717 1416 2772 docendae
1456 2716 1697 2770 veritatis
1739 2730 1861 2769 sua-

268 2813 433 2867 debat
462 2812 716 2878 incipere,
742 2811 841 2863 nisi
865 2809 987 2878 quia
1011 2807 1225 2863 falsitati
1254 2808 1584 2863 contrarinm
1615 2816 1695 2861 est
1719 2807 1857 2877 quod

266 2916 349 2959 est
373 2905 696 2959 conveniens
720 2905 965 2959 veritati?
985 2906 1115 2959 Nam
1139 2907 1451 2960 calumniari
1472 2906 1714 2960 volentes
1739 2904 1860 2959 huic

267 2994 528 3064 epistola,
563 2996 704 3065 quod
748 2998 899 3065 quasi
932 2996 1237 3051 Nestorium
1280 2998 1647 3061 excusaverit,
1679 2995 1859 3049 occul-

272 3098 392 3141 tare
420 3088 704 3142 voluerunt
729 3089 867 3156 quod
901 3088 971 3143 ibi
1004 3089 1203 3143 dictum
1235 3098 1318 3143 est
1358 3089 1424 3143 de
1468 3089 1585 3158 ipso
1615 3087 1859 3141 Nestorio

1967 1904 2195 1970 posset?
2225 1902 2369 1965 Non,
2403 1902 2665 1973 inquitttif.
2710 1902 2955 1969 Nunquid
3011 1901 3111 1954 hoc
3150 1901 3339 1954 saltem
3375 1899 3558 1965 dixit,

1963 1991 2087 2043 odio
2116 2002 2230 2045 erat
2255 2007 2365 2044 sure
2390 1993 2589 2045 civitati
2622 2002 2677 2046 et
2704 1992 2794 2059 qui
2838 1993 2888 2045 in
2923 2007 2982 2045 ea
3017 1999 3169 2045 erant
3195 1989 3549 2045 excellentio-

1965 2082 2133 2147 ribus,
2164 2083 2232 2135 oh
2262 2084 2392 2135 alias
2426 2085 2656 2148 trivatas
2681 2098 2891 2146 causas,
2915 2093 2969 2136 ut
3005 2081 3055 2134 in
3081 2096 3195 2134 eam
3222 2080 3415 2133 reverti
3444 2095 3548 2134 non

1966 2174 2189 2241 pessct‘f
2219 2174 2399 2240 Neque
2433 2174 2554 2238 huc,
2584 2175 2846 2243 inquiunt.
2875 2173 2930 2228 Si
2960 2174 3119 2244 igitur
3150 2188 3247 2226 nec
3272 2171 3372 2226 hoc
3398 2187 3548 2227 reve~

1963 2264 2298 2317 rentissimus
2330 2265 2446 2315 lbas
2472 2263 2626 2326 dixit,
2676 2265 2813 2330 quod
2849 2265 3062 2332 (pridem
3096 2264 3139 2317 si
3186 2263 3409 2330 diceret,
3442 2279 3548 2318 non

1963 2363 2080 2408 erat
2109 2369 2445 2421 censequens
2486 2365 2543 2407 ut
2573 2354 2657 2422 qui
2692 2369 2788 2423 pro
2820 2354 2939 2405 aliis
2972 2353 3189 2420 privatis
3229 2355 3405 2407 causis
3435 2354 3548 2407 odi~

1962 2447 2084 2499 bilis
2116 2447 2404 2513 diceretur,
2438 2447 2599 2499 etiam
2634 2460 2730 2514 pro
2760 2460 2853 2499 sua
2890 2445 3080 2499 haeresi
3130 2446 3310 2514 negari
3343 2445 3548 2500 videre-

1966 2548 2049 2592 tur
2099 2538 2343 2599 odibilis;
2380 2549 2554 2590 tamen
2596 2552 2717 2590 eum
2769 2552 2942 2604 neiue
2994 2537 3095 2589 hoc
3140 2537 3376 2590 dixerit:
3410 2537 3548 2592 unde

1964 2625 2192 2693 putCFlis
2236 2626 2517 2679 ostendere
2566 2626 2703 2692 quod
2740 2624 2821 2677 his
2867 2624 3043 2677 verbis
3094 2623 3415 2677 venerabilis
3448 2626 3548 2679 ιδιυ

1963 2716 2123 2771 fuerit
2153 2719 2430 2772 Nestorius
2461 2717 2784 2772 excusatus?
2818 2720 2896 2769 An
2928 2718 3061 2770 forte
3092 2717 3360 2771 videretur
3397 2718 3548 2773 vobis

1964 2808 2029 2862 ad
2058 2808 2351 2863 sacerdotis
2381 2806 2666 2860 orthodoxi
2702 2806 3066 2860 testiinonium
3089 2806 3377 2874 pertinere,
3402 2807 3447 2861 si
3467 2808 3548 2862 di~

1964 2911 2113 2955 catur
2140 2900 2265 2953 odio
2296 2912 2415 2952 esse
2464 2896 2663 2951 civitati
2708 2911 2817 2950 sure
2845 2904 2897 2949 et
2922 2896 3007 2965 qui
3042 2898 3092 2948 in
3123 2910 3184 2948 ea
3219 2906 3339 2949 sunt
3366 2898 3547 2953 excel-

1966 2994 2323 3049 lentioribus?
2365 2991 2481 3046 Non
2540 2992 2828 3055 videretur,
2870 2990 3146 3059 inquiunt;
3180 2986 3546 3046 verumtamen

1967 3086 2021 3141 in
2049 3086 2227 3140 verbis
2258 3084 2414 3153 hujus
2445 3082 2686 3150 epistola:
2718 3082 3033 3136 subauditttr
3064 3081 3185 3149 hoc,
3211 3082 3333 3149 quia
3360 3081 3548 3137 Nesto-

271 3184 359 3235 vel
418 3185 573 3236 beato
618 3184 821 3251 Ciriilo
853 3201 866 3237 :
916 3202 934 3235 ‹
980 3184 1432 3252 Conscripserunt
1469 3185 1753 3239 adversum
1801 3200 1859 3238 se
1890 3178 1935 3240 C
1969 3180 2079 3233 rius
2109 3194 2216 3233 non
2244 3177 2548 3241 haereticus,
2596 3175 2690 3229 sed
2734 3184 2789 3228 ut
2824 3175 2894 3229 ob
2924 3175 3055 3229 alias
3096 3176 3327 3244 privatas
3359 3189 3547 3231 causas

269 3274 465 3327 noxios
507 3273 676 3328 libros
724 3276 813 3343 qui
860 3276 1113 3329 seandalo
1157 3276 1370 3331 fuerunt
1419 3275 1782 3331 audientibus.
1832 3295 1849 3328 ι

269 3365 551 3429 Quomodo
578 3366 721 3419 enim
754 3366 1026 3421 videretur
1054 3370 1524 3423 reverentissimus
1554 3368 1670 3423 lbas
1696 3383 1859 3422 excu-

270 3470 426 3510 sasse
470 3456 797 3525 Nestorium,
832 3460 875 3510 si
908 3459 1137 3512 sciretur
1167 3459 1367 3513 dixisse
1396 3459 1534 3529 quod
1568 3460 1756 3513 noxios
1789 3460 1853 3512 li-

270 3549 403 3603 bros
450 3551 537 3618 qui
590 3552 842 3605 seandalo
884 3562 1067 3607 essent
1094 3554 1434 3607 audientibus
1457 3594 1472 3617 ,
1505 3554 1617 3622 ipse
1646 3570 1857 3625 quoque

270 3642 695 3707 conscripserit?
723 3642 839 3696 Non
876 3644 1033 3711 igitur
1072 3646 1373 3698 excusando
1404 3645 1728 3709 Nestorium,
1762 3645 1857 3701 sed

268 3732 574 3786 accusando
595 3733 753 3788 simul
778 3736 987 3787 beatum
1011 3735 1292 3805 Cyrillum,
1318 3735 1589 3790 videretur
1609 3751 1853 3803 errasse;

272 3823 443 3894 quod,
476 3825 613 3878 sicut
634 3826 687 3878 in
720 3826 810 3881 illo
840 3828 1053 3881 noxium
1078 3827 1341 3897 judicavit
1369 3830 1491 3898 quia
1524 3829 1730 3883 beatam
1754 3829 1861 3883 Ma-

272 3919 408 3969 riam
442 3915 536 3970 Dei
566 3918 881 3985 genitricem
915 3920 1163 3987 negabat,
1188 3921 1256 3973 ita
1287 3929 1339 3975 et
1370 3921 1421 3974 in
1449 3928 1637 3974 sancto
1661 3920 1860 3990 Cyrillo

273 4006 493 4059 noxium
546 4006 772 4061 credidit
817 4009 957 4077 quod
1011 4025 1132 4064 eum
1186 4020 1463 4080 putaverat
1509 4012 1758 4067 similiter
1807 4025 1863 4068 ut

256 4094 618 4161 Apollinarem
669 4100 1094 4167 conscripsisse,
1147 4104 1268 4171 quia
1300 4104 1412 4171 ipse
1462 4104 1600 4158 Deus
1628 4103 1860 4158 Verbum

269 4201 350 4236 inc
396 4191 569 4240 tactus
614 4195 697 4242 est
741 4187 923 4253 homo,
958 4198 1019 4243 ut
1066 4206 1170 4245 non
1202 4204 1346 4247 esset
1389 4193 1687 4250 differentia
1726 4196 1864 4250 inter

272 4277 536 4345 templum
564 4286 619 4332 et
646 4278 1036 4335 inhabitantem
1082 4284 1134 4335 in
1162 4298 1247 4337 eo.
1284 4284 1352 4337 Et
1380 4286 1579 4340 idcirco
1609 4301 1704 4341 nec
1735 4287 1861 4341 illud

267 4369 603 4424 credendum
628 4381 709 4426 est
730 4372 796 4425 ad
815 4374 1217 4430 excusationem
1243 4376 1443 4431 dictum
1465 4394 1586 4433 esse
1608 4380 1859 4443 Nestorii,

268 4462 415 4530 quod
445 4462 539 4515 isti
558 4464 797 4530 quidem,
815 4467 995 4519 nescio
1023 4474 1199 4520 utrum
1226 4470 1557 4523 conscientia
1583 4479 1861 4537 renuente,

1966 3272 2201 3335 odibilis,
2233 3271 2285 3324 in
2308 3284 2459 3324 suam
2488 3269 2759 3323 civitatem
2785 3268 2981 3322 reverti
3005 3283 3108 3321 non
3136 3270 3324 3335 potuit.
3360 3270 3429 3322 At
3449 3283 3548 3337 ego

1964 3366 2019 3419 in
2051 3365 2157 3419 illis
2186 3363 2365 3420 verbis
2398 3362 2500 3417 hoc
2527 3361 2705 3431 potius
2728 3360 3085 3431 significatqu
3115 3360 3395 3427 subaudio,
3424 3365 3546 3431 quia

1965 3456 2245 3511 Nestorius
2279 3465 2526 3523 tanquam
2561 3453 2847 3507 hzrrcticus
2874 3453 2998 3507 odio
3039 3461 3155 3506 erat
3182 3468 3295 3507 sua:
3318 3453 3545 3522 civitati,

1965 3556 2023 3601 ut
2050 3547 2101 3601 in
2131 3560 2248 3601 eam
2293 3545 2491 3599 reverti
2542 3557 2646 3596 non
2696 3552 2894 3611 posset.
2934 3542 3191 3609 Qutenam
3238 3543 3545 3597 subauditio

1964 3637 2305 3708 acceptabilis
2335 3650 2456 3691 esse
2480 3634 2789 3690 videbitur?
2828 3634 3075 3690 Arbitror
3101 3635 3242 3704 quod
3278 3651 3340 3690 ea
3371 3638 3548 3704 potius

1964 3748 2083 3803 quae
2132 3732 2307 3786 verbis
2355 3730 2719 3798 superioribus
2757 3731 3041 3799 congruit,
3099 3730 3290 3800 quibus
3341 3729 3544 3784 dictum

1967 3836 2048 3881 eSt
2075 3824 2217 3894 quod
2250 3824 2388 3877 idem
2420 3822 2698 3877 Nestorius
2726 3825 2919 3876 noxius
2950 3823 3225 3893 scripserit
3255 3822 3420 3876 libros
3459 3824 3549 3891 qui

1965 3916 2218 3971 seandalo
2266 3914 2461 3970 fuerint
2509 3913 2879 3977 audientibus,
2914 3914 3037 3984 quia
3088 3914 3295 3967 beatam
3329 3913 3548 3967 Mariam

1967 4017 2191 4062 matrem
2226 4006 2327 4061 Dei
2350 4005 2574 4075 negabat
2600 4023 2612 4062 :
2639 4020 2798 4075 quam
2826 4004 2914 4059 illa
2942 4021 3062 4076 quas
3088 4005 3297 4061 videtur
3322 4006 3404 4060 his
3433 4020 3550 4059 om-

1968 4099 2124 4153 nibus
2151 4113 2469 4168 repuguare,
2503 4097 2519 4129 ⁸
2552 4097 2681 4167 quia
2712 4097 2987 4152 Nestorius
3018 4112 3115 4167 pro
3142 4097 3253 4151 suis
3284 4097 3459 4153 noxiis
3489 4097 3552 4151 li-

1967 4192 2102 4257 bris,
2130 4192 2322 4261 quibus
2354 4205 2557 4261 negaus
2589 4200 2814 4245 matrem
2851 4191 2940 4244 Dei
2981 4190 3195 4245 Mariam
3223 4190 3555 4245 scandaliza-

1968 4294 2118 4339 verat
2146 4283 2444 4347 audientes,
2479 4282 2695 4337 odibilis
2722 4290 2838 4337 erat
2886 4297 2997 4337 sum
3028 4284 3227 4337 civitati
3260 4291 3318 4335 ut
3349 4284 3399 4335 in
3431 4298 3550 4336 eam

1970 4377 2162 4431 reverti
2192 4390 2296 4428 non
2348 4384 2551 4443 posset.
2582 4375 2784 4429 Tamen
2815 4391 2878 4427 ex
2926 4358 3216 4428 abundanti
3258 4375 3549 4428 constitua-

1970 4481 2088 4521 mus
2114 4465 2620 4521 reverentissimum.
2639 4465 2778 4518 lbam
2805 4478 2909 4517 non
2935 4463 3358 4518 subaudiendum
3380 4464 3550 4531 signi-

268 4567 341 4606 θη
382 4554 503 4621 quia
533 4556 793 4621 pmteriit
823 4557 942 4611 illos
974 4558 1027 4612 in
1058 4558 1191 4612 alias
1213 4558 1428 4613 fraudes
1457 4560 1709 4625 intentos,
1754 4577 1859 4617 non
1888 4564 1942 4625 D
1970 4558 2178 4623 ficasse,
2209 4556 2303 4611 sed
2329 4566 2513 4624 aperte
2542 4554 2766 4618 dixisse,
2798 4554 2940 4623 quod
2978 4553 3250 4609 Nestorius
3282 4554 3407 4609 odio
3436 4565 3550 4609 erat

270 4652 571 4712 posuerunt
591 4643 643 4697 in
666 4645 856 4699 eodem
874 4648 1262 4702 calumniarum
1287 4661 1447 4719 atque
1466 4653 1860 4708 mendaciorum

268 4752 497 4790 suorum
532 4738 701 4802 libro;
736 4747 913 4793 tamen
956 4740 1096 4807 quod
1129 4741 1371 4795 videmus
1398 4743 1465 4796 ab
1488 4757 1670 4797 eorum
1702 4745 1864 4799 sociis

269 4829 359 4882 vel
379 4827 699 4882 satellitibus
720 4829 994 4897 objectari,
1021 4844 1123 4883 non
1149 4832 1446 4885 omittimus
1469 4834 1628 4887 simili
1651 4837 1862 4892 ratione

271 4920 546 4975 refellere.
578 4921 708 4974 Nam
740 4936 862 4975 cum
897 4931 1222 4979 memoratus
1251 4926 1568 4980 venerabilis
1600 4928 1715 4983 ibas
1743 4944 1865 4984 nar-

271 5017 424 5065 raret
450 5024 513 5064 ac
543 5010 783 5065 diceret:
808 5012 1009 5067 Omnes
1035 5013 1322 5068 orientales
1350 5015 1585 5085 cpi-copi
1616 5020 1861 5075 eumdem

271 5099 535 5169 Cyrillum
567 5101 990 5173 damnaverunt,
1021 5115 1077 5160 et
1103 5105 1362 5160 advt-rsus
1397 5108 1531 5161 alios
1561 5110 1863 5180 episcopos,

272 5193 365 5254 qui
395 5206 785 5249 consenserunt
810 5196 927 5265 ejus
954 5199 1217 5265 capitulis,
1254 5202 1864 5258 exeommunicationem

271 5286 659 5353 decreverunt,
686 5288 755 5341 ibi
782 5301 996 5343 secutus
1030 5290 1222 5358 adjecit
1252 5307 1265 5344 :
1303 5311 1318 5341 ι
1358 5293 1420 5345 Et
1452 5303 1570 5359 post
1594 5294 1729 5347 hanc
1756 5305 1866 5349 tur-

276 5378 549 5431 liationem
604 5381 965 5448 unusquisque
1012 5385 1061 5433 in
1096 5396 1243 5433 suam
1294 5383 1562 5437 civitatem
1609 5400 1863 5440 reversus

272 5480 382 5522 est.
417 5469 693 5526 Nestorius
712 5482 910 5535 autem,
934 5474 1186 5541 quoniam
1218 5489 1329 5528 sua:
1358 5475 1556 5529 civitati
1581 5478 1701 5530 odio
1725 5488 1857 5545 erat,

273 5570 335 5615 et
367 5561 453 5629 qui
492 5573 644 5618 erant
676 5564 729 5618 in
774 5580 834 5620 ea
868 5565 1359 5632 exeellentioribus,
1392 5568 1485 5623 illo
1519 5572 1715 5625 reverti
1759 5588 1862 5627 non

274 5652 474 5719 potuit.
523 5671 541 5705 ι
584 5654 850 5724 Dbjiciunt
880 5671 1007 5726 ergo
1049 5657 1199 5713 nobis
1237 5670 1289 5715 et
1326 5660 1551 5716 dicunt:
1588 5660 1727 5717 Ecce
1776 5664 1864 5719 ubi

1971 4650 2185 4719 quidem
2216 4646 2413 4703 civitati
2455 4661 2565 4700 sua:
2592 4654 2648 4701 et
2690 4646 2778 4712 qui
2810 4646 3041 4699 erantin
3074 4660 3134 4698 ea
3164 4646 3554 4701 excellentiori-

1971 4741 2091 4803 bus,
2119 4740 2209 4795 sed
2241 4755 2345 4794 non
2376 4746 2625 4807 tanquam
2671 4736 2978 4799 haereticus,
3013 4736 3180 4805 magis
3230 4745 3405 4792 autem
3438 4751 3551 4806 prn-

1972 4843 2089 4902 pter
2132 4832 2262 4885 alias
2293 4843 2501 4892 causas,
2544 4838 2600 4881 ut
2630 4828 2681 4881 in
2731 4842 2849 4881 eam
2884 4829 3085 4881 reverti
3121 4841 3227 4882 non
3274 4838 3555 4897 posset;et

1971 4922 2205 4979 defuisse
2231 4921 2384 4976 nobis
2413 4920 2537 4985 alia,
2581 4934 2701 4988 qua!
2727 4919 2838 4988 jam
2864 4918 3126 4989 diximus,
3154 4928 3211 4974 et
3240 4934 3367 4990 qua
3393 4921 3557 4976 multo

1973 5016 2121 5086 plura
2153 5014 2415 5077 dicemus,
2448 5011 2641 5081 quibus
2664 5012 3107 5066 convincentibus
3146 5014 3275 5067 satis
3307 5012 3558 5068 ostende-

1974 5119 2121 5163 retur
2168 5105 2309 5176 quod
2358 5107 2519 5160 etiam
2566 5106 2679 5159 lucc
2729 5120 2836 5158 non
2868 5105 2935 5159 ad
2966 5106 3334 5161 excusandum
3372 5105 3557 5161 Nesto.

1974 5199 2109 5252 rium
2155 5198 2293 5252 dicta
2324 5205 2502 5250 essent
2537 5214 2551 5251 :
2578 5195 2815 5265 nunquid
2848 5211 3071 5252 necesse
3099 5206 3219 5252 erat
3242 5197 3430 5252 eadem
3463 5210 3556 5265 per

1977 5308 2034 5346 se
2065 5292 2400 5346 corniderata
2432 5306 2551 5359 qua:
2583 5291 2834 5344 finximus
2857 5293 3016 5346 verba
3044 5293 3120 5345 sic
3147 5291 3464 5357 intelligere,
3500 5299 3556 5345 ut

1978 5398 2265 5443 excusatus
2294 5387 2344 5439 in
2376 5387 2455 5440 eis
2488 5385 2765 5441 Nestorius
2797 5384 3114 5439 videretur?
3144 5383 3371 5438 Possent
3412 5382 3567 5438 enim

1971 5490 2026 5537 et.
2056 5482 2213 5535 aliter
2239 5482 2491 5551 inte'ligi,
2526 5480 2576 5534 id
2607 5494 2709 5544 est,
2755 5480 2877 5549 quia
2902 5480 3033 5533 iicet
3059 5478 3339 5530 haereticus
3370 5477 3557 5532 Nesto-

1975 5574 2084 5626 rius
2106 5582 2270 5634 esset,
2298 5589 2393 5624 sua
2420 5581 2595 5625 tamen
2625 5572 2816 5625 civitas
2844 5568 2945 5622 hoc
2966 5569 3034 5622 de
3060 5568 3149 5621 illo
3175 5583 3278 5619 non
3302 5568 3555 5640 credidit,

1975 5678 2074 5719 nec
2106 5672 2357 5735 tanquam
2387 5662 2690 5727 hmreticus,
2721 5658 2813 5713 sed
2844 5670 3064 5729 propter
3089 5657 3230 5728 quod
3253 5659 3302 5714 ci
3329 5661 3400 5716 ob
3426 5662 3562 5721 alias

354 5784 373 5817 '
398 5785 529 5843 Cod.
569 5787 787 5859 Verum,
836 5805 1139 5861 repugnare.
1178 5790 1418 5859 Quamvis
1464 5796 1634 5863 itaque
1680 5796 2055 5854 conveniendus
2085 5798 2443 5859 subuudiatur,
2473 5796 2591 5862 quia
2625 5791 2915 5855 Nestorius,
2943 5804 3045 5851 etc.
