3974 6330
468 240 493 253 α

425 383 517 449 691

1529 380 1821 449 FACUNDI
1859 392 2068 449 EPISC.
2105 387 2607 454 ttcttittANENSts

3580 407 3682 462 {:92

425 506 611 564 causas
641 512 765 563 odio
795 521 929 569 erat.
960 511 1010 561 in
1039 524 1156 563 eam
1190 511 1387 563 reverti
1418 526 1522 564 non
1551 509 1737 579 potuit.
1772 510 2001 565 Possent
2032 514 2073 575 Α
2108 508 2323 577 factam,
2366 514 2658 583 iudicatum
2686 515 2950 571 dederunt
2974 517 3039 570 ad
3070 517 3495 574 destrui-tionem
3514 531 3571 575 et
3596 538 3683 576 ρςο

422 614 582 660 etiam
624 606 700 660 sic
750 604 996 672 intelligi,
1045 604 1188 673 quia,
1224 604 1346 659 licet
1395 605 1674 659 hrereticus
1728 604 2001 660 Nestor-ins

421 708 586 761 esset,
616 706 669 752 et
694 697 791 749 hoc
824 696 984 750 etiam
1009 710 1117 750 sua:
1145 696 1344 751 civitati
1371 697 1660 761 videretur,
1692 712 1796 752 non
1826 707 1999 755 tamen

421 802 701 860 propterea
735 790 785 843 in
818 805 937 844 eam
971 790 1167 843 reverti
1199 806 1303 843 non
1334 793 1523 860 potuit,
1556 806 1675 845 cum
1717 793 1784 846 ab
1812 794 2002 847 Orien-

419 882 615 935 talibus
643 892 695 936 et
738 881 958 935 aliarum
991 883 1385 950 provinciarum
1410 885 1677 953 episcoliis
1710 899 1812 939 non
1853 896 1997 941 esset

417 972 826 1036 condemnatus,
849 988 983 1040 quos
1007 974 1360 1041 imperatores
1387 975 1502 1045 ejus
1526 992 1736 1031 causam
1756 977 1997 1047 judicave

417 1072 818 1131 praeceperant,
853 1064 947 1119 sed
979 1065 1119 1133 quod
1150 1066 1195 1119 ei
1229 1067 1297 1119 ob
1342 1067 1476 1121 alias
1517 1083 1706 1121 Causas
1728 1069 1850 1123 odio
1876 1067 1993 1124 fuc-

416 1154 506 1206 rit.
550 1153 825 1222 Tanquam
868 1155 911 1207 si
944 1155 1265 1210 venerabilis
1309 1156 1446 1224 lbas,
1488 1159 1708 1212 multum
1755 1162 1994 1219 tribuens

414 1246 747 1298 auctoritatis
777 1260 873 1298 suo
896 1247 1305 1314 metropolitano
1327 1257 1379 1302 et
1401 1250 1607 1304 caeteris
1638 1250 1994 1307 Orientalibus

412 1335 746 1404 aliarumque
779 1337 1169 1402 provinciarum
1211 1339 1499 1408 episcopis,
1529 1342 1615 1411 qui
1645 1358 1751 1396 non
1783 1343 1994 1397 fuerant

411 1425 731 1494 exspectati,
777 1425 983 1481 diceret
1025 1430 1148 1497 quia
1185 1428 1480 1495 Nestorius,
1510 1432 1633 1488 licet
1682 1433 1985 1503 haereticus,

411 1530 517 1569 non
567 1526 741 1570 tamen
772 1515 839 1570 ab
887 1517 964 1571 eis
1007 1521 1413 1588 condemnatus,
1468 1534 1646 1592 posset
1686 1527 1879 1579 reverti
1936 1527 1987 1579 in

409 1605 702 1671 civitatem,
752 1614 806 1659 et
851 1621 1037 1662 eorum
1092 1621 1409 1677 exSpectare
1452 1613 1733 1682 judicium,
1793 1617 1892 1669 nisi
1938 1617 1987 1671 ei

409 1706 629 1765 pr0pter
679 1696 810 1749 alias
841 1713 1029 1753 causas
1076 1702 1199 1756 odio
1248 1712 1414 1758 esset.
1463 1703 1594 1758 Nam
1645 1720 1766 1760 cum
1824 1705 1987 1760 iidem

406 1786 705 1844 Orientales
732 1799 785 1842 et
813 1792 900 1859 qui
952 1807 1071 1846 cum
1102 1793 1181 1848 eis
1228 1804 1412 1859 erant,
1443 1803 1644 1850 tantum
1687 1799 1983 1866 praevalue-

2104 604 2400 656 clus'onem
2453 605 2739 672 impietatis
2784 606 3026 675 epismla:
3074 606 3153 659 ad
3194 606 3377 660 Marim
3414 625 3428 660 :
3478 628 3514 661 »ι
3547 614 3682 678 quod

2097 690 2417 761 judicatum,
2452 696 2588 749 sicut
2624 697 2872 764 superius
2903 697 3154 761 diximus,
3195 697 3380 753 adiens
3420 700 3535 754 lbas
3560 718 3683 758 sau-

2100 788 2238 834 ctam
2278 784 2538 851 synodum
2591 787 2737 851 periit
2782 786 2904 853 legi.
2956 787 3125 841 liabet
3166 800 3343 842 autem
3388 791 3678 857 judicatnm

2100 869 2191 935 ita,
2224 880 2281 925 ut
2327 872 2443 926 lbas
2494 875 2546 928 in
2596 889 2691 928 sua
2740 877 2964 932 ecclesia
3006 880 3477 936 anathematizaret
3505 885 3675 951 palam

2098 962 2347 1032 maligna:
2380 964 2669 1033 impietatis
2704 968 2995 1036 principem
3030 968 3353 1035 Nestorium,
3382 983 3437 1026 et
3467 989 3559 1029 eos
3585 977 3673 1043 qui

2096 1060 2187 1105 aut
2215 1054 2362 1109 libris
2390 1064 2481 1110 aut
2511 1057 2787 1112 codicibus
2821 1058 2939 1127 ejus
2968 1068 3208 1114 utuntur.
3241 1060 3356 1116 Non
3389 1064 3564 1133 itaque
3592 1081 3678 1120 vc-

2096 1159 2211 1198 rutn
2253 1156 2335 1200 est
2380 1148 2518 1216 quod
2563 1148 2833 1217 diverunt,
2875 1150 2997 1219 quia
3044 1165 3143 1205 nec
3182 1154 3506 1222 ostenditur,
3538 1156 3676 1211 sicut

2089 1236 2200 1305 jam
2248 1237 2546 1304 docuimus,
2587 1240 2717 1295 ibas
2749 1240 3043 1310 denegasse
3082 1243 3224 1312 quod
3270 1259 3366 1297 sua
3408 1244 3566 1300 fuerit
3606 1246 3676 1302 ad

2096 1330 2280 1384 Marim
2308 1334 2531 1399 epistola
2552 1350 2766 1402 ;-neque
2797 1336 3129 1392 venerabiles
3160 1338 3379 1392 Photius
3406 1349 3460 1395 et
3488 1341 3675 1394 Busta-

2093 1420 2247 1475 chius
2286 1426 2525 1494 episcopi
2566 1425 2961 1494 judicaverttnt,
2994 1440 3045 1480 ut
3078 1429 3202 1483 lbas
3226 1433 3279 1484 in
3321 1446 3415 1485 sua
3447 1432 3669 1487 ecclesia

2091 1513 2567 1570 anathematizaret
2588 1518 2761 1587 palam
2790 1519 3033 1589 malignae
3063 1519 3352 1587 impietatis
3377 1520 3669 1589 principem

2091 1601 2390 1659 Nestorium
2440 1614 2493 1659 et
2540 1621 2632 1662 eos
2670 1608 2760 1676 qui
2807 1618 2899 1663 aut
2938 1609 3089 1663 libris
3128 1621 3216 1663 aut
3255 1611 3529 1664 codicibus
3552 1613 3668 1679 ejus

2092 1704 2333 1749 utuntur.
2377 1697 2484 1753 Sed
2531 1698 2644 1768 ipse
2682 1699 2966 1767 praedictus
2997 1700 3112 1754 lbas
3139 1701 3421 1769 episcopus
3450 1701 3587 1755 ultro
3615 1712 3668 1759 et

2088 1800 2154 1841 ex
2185 1786 2497 1855 abundanti,
2532 1788 2631 1844 hoc
2675 1791 2887 1845 nemine
2927 1791 2979 1844 vi
3021 1792 3375 1861 compellcnte
3412 1793 3497 1847 vel
3525 1809 3667 1863 qna:-

406 1885 513 1939 rint
556 1887 812 1939 adversus
863 1885 1183 1956 Ephesinum
1217 1887 1498 1943 concilium
1531 1904 1627 1957 pro
1674 1890 1968 1959 receptiont

2090 1888 2239 1933 rente
2280 1880 2546 1947 promisit,
2590 1882 2731 1936 sicut
2768 1882 3143 1951 prmdictorum
3177 1884 3349 1939 Pltotii
3386 1893 3442 1939 et
3472 1885 3679 1939 Eusta~

405 1978 759 2046 capitulorum
788 1977 930 2033 beati
957 1978 1161 2048 Cyrilli,
1198 1988 1254 2033 ut
1282 1981 1530 2036 eumdem
1569 1981 1780 2037 beatum
1812 1980 1982 2053 Cyril-

403 2067 512 2124 lum
542 2076 596 2124 et
635 2061 974 2124 Memnonem
1005 2068 1331 2139 Ephesinum
1378 2073 1685 2141 episcopum
1726 2073 1981 2126 condem-

402 2168 617 2226 narent,
647 2169 701 2214 et
730 2160 1056 2229 imperatore
1082 2161 1302 2229 jubente
1330 2178 1517 2218 comes
1560 2179 1772 2234 quoque
1802 2180 1981 2219 sacras

400 2261 522 2306 rum
570 2250 907 2321 largitionum
942 2260 967 2288 ι
1007 2266 1103 2308 eos
1148 2253 1203 2306 in
1251 2254 1492 2309 custodia
1550 2256 1824 2311 traderet:
1854 2255 1979 2324 quid

398 2350 545 2397 esset
584 2342 900 2413 pra'judicii,
927 2342 970 2397 si
1000 2352 1054 2397 et
1082 2342 1183 2398 hoc
1221 2343 1425 2399 diceret
1468 2345 1608 2413 Ibus,
1638 2346 1761 2417 quia
1793 2348 1844 2401 in
1875 2346 1978 2402 Ne-

396 2434 584 2500 storio,
635 2449 936 2504 quanquam
984 2435 1254 2501 haeretico,
1292 2446 1466 2492 tamen
1513 2437 1583 2492 ab
1619 2438 1977 2495 Orientalibus

395 2539 501 2581 non
543 2525 790 2591 excluso,
814 2541 919 2580 non
951 2526 1159 2581 illorum
1212 2538 1294 2583 est
1320 2528 1658 2585 considerata
1688 2533 1974 2600 scatentia,

394 2617 482 2684 Qui
505 2615 846 2672 condemnati
870 2618 1016 2674 velut
1037 2619 1271 2673 haeretici
1296 2630 1583 2688 potuerunt
1603 2624 1653 2676 in
1676 2626 1973 2679 custodiam

394 2709 564 2774 mitti;
596 2709 691 2764 sed
721 2708 842 2776 quia
886 2719 1104 2779 propter
1130 2711 1262 2765 alias
1288 2725 1478 2767 causas
1514 2713 1711 2767 civitati
1738 2729 1849 2770 suae
1877 2717 1974 2771 luit

392 2801 630 2871 odibilis,
660 2800 783 2856 ideo
806 2801 858 2855 in
887 2816 1004 2857 eam
1027 2802 1222 2857 reverti
1247 2814 1351 2857 non
1386 2803 1596 2871 potuit?
1623 2803 1814 2858 Verum
1840 2806 1971 2860 nihil

393 2894 582 2949 horum
626 2895 680 2949 in
710 2894 827 2965 ejus
852 2894 1077 2965 epistola
1121 2896 1442 2965 continetur,
1492 2898 1542 2950 in
1572 2912 1671 2968 qua
1723 2898 1824 2953 hoc
1855 2908 1971 2952 tan-

392 2985 661 3039 tummodo
679 2985 875 3039 dictum
908 2994 1020 3041 est:
1044 2985 1321 3041 Nestorius
1346 2998 1545 3056 autem,
1574 2990 1825 3058 quoniam
1857 3005 1968 3043 suae

391 3078 588 3133 civitati
616 3078 743 3133 odio
783 3088 898 3134 erat
927 3088 979 3134 et
1005 3080 1093 3150 qui
1120 3090 1274 3135 erant
1301 3081 1354 3136 in
1384 3096 1444 3136 ea
1474 3080 1962 3148 excellentioribus,

390 3169 480 3224 Illo
510 3169 713 3224 reverti
738 3184 843 3223 non
890 3171 1078 3238 potuit.
1107 3169 1184 3226 De
1212 3187 1316 3241 quo
1340 3171 1451 3243 jam
1493 3172 1840 3228 calumniosis
1875 3188 1963 3229 re-

386 3262 695 3334 spondimus
722 3263 953 3330 amplius
980 3261 1119 3319 forte
1139 3278 1298 3332 quam
1323 3265 1683 3321 necessarium
1711 3264 1826 3322 fuit.

1002 3415 1228 3473 CAPUT
1265 3417 1330 3474 ν.

387 3526 534 3595 Quod
562 3527 692 3601 [also
722 3528 893 3601 dicunt
927 3528 1071 3582 Ibam
1096 3546 1128 3582 a
1157 3532 1355 3600 synodo
1388 3533 1703 3601 compulsum
1747 3531 1958 3588 anathe-

450 3597 1054 3672 matizareﬂeslorium;
1092 3611 1138 3655 et
1166 3597 1302 3666 quod
1340 3597 1595 3672 nunquam
1637 3603 1715 3657 illi
1742 3621 1955 3659 excusa-

448 3670 636 3721 tionem
668 3665 898 3724 Nestcrit'
923 3681 1240 3725 accusatores
1269 3665 1562 3745 objecerint.

448 3806 506 3861 ltt
539 3815 741 3860 tantum
778 3822 908 3860 vero
947 3806 1032 3860 vel
1069 3808 1534 3862 reverentissimus
1563 3808 1700 3875 lbas,
1731 3810 1812 3862 vel
1841 3811 1957 3875 ejus

382 3899 598 3970 epistola
633 3899 790 3968 longe
835 3897 1060 3953 aberant
1092 3898 1160 3952 ab
1193 3899 1292 3951 hac
1330 3899 1652 3966 suspicione,
1686 3900 1822 3964 quod
1856 3898 1956 3952 Ne-

381 3994 601 4048 storium
634 3993 829 4047 dicitur
864 4005 1169 4057 excusasse,
1202 3999 1259 4043 ut
1299 4007 1396 4045 nec
1437 3992 1535 4060 ipsi
1574 3992 1780 4059 judites
1811 3990 1954 4046 Pho-

380 4084 481 4136 tius
528 4095 574 4137 et
632 4081 948 4134 Eustachius
1002 4088 1162 4149 atque
1216 4076 1484 4145 Uranius,
1535 4080 1742 4147 obiecta
1796 4090 1954 4150 atque

380 4172 572 4226 relecta
618 4172 803 4225 eadem
836 4170 1083 4239 epistola,
1115 4171 1427 4240 praedictum
1469 4172 1613 4225 Ibam
1644 4171 1952 4239 episcopum

379 4262 763 4331 compellerent
810 4264 1093 4317 anathema
1137 4263 1382 4319 Nestorio
1420 4264 1617 4319 dicere.
1652 4265 1765 4319 Non
1809 4267 1950 4320 enim

379 4366 561 4405 verum
592 4362 673 4406 est
701 4349 730 4389 δ’
752 4352 892 4422 quod
926 4352 977 4407 in
1010 4368 1108 4407 suo
1139 4354 1274 4408 libro
1305 4365 1599 4424 posuerunt
1627 4356 1733 4423 isti,
1762 4356 1952 4426 quibus

377 4449 578 4494 tantum
628 4441 837 4496 mentiri
875 4441 1023 4506 libet,
1058 4453 1313 4513 quantum
1350 4445 1568 4513 impune
1598 4444 1740 4511 licet,
1771 4445 1953 4499 dicen-

376 4536 454 4586 tes
488 4549 501 4584 :
539 4550 558 4583 ι
597 4531 835 4602 Denique
859 4541 913 4587 et
944 4532 1162 4586 Photius
1190 4544 1239 4587 et
1273 4534 1589 4589 Eustachius
1620 4536 1711 4591 Dei
1739 4547 1945 4590 amato-

2086 1968 2194 2025 cbii
2242 1972 2617 2040 episcOporum
2666 1973 2976 2029 definitione
3026 1986 3375 2030 monstratur.
3425 1977 3666 2045 Namque

2085 2074 2206 2117 eum
2256 2064 2475 2119 absente
2517 2064 2628 2135 jam
2678 2067 2970 2122 venerabili
3013 2068 3214 2123 Uranie
3259 2071 3533 2139 episcopo,
3570 2072 3663 2139 qui

2080 2164 2201 2207 cum
2258 2154 2363 2208 illis
2411 2155 2573 2223 judex
2627 2156 2681 2210 in
2729 2155 2829 2211 hac
2870 2172 3028 2212 causa
3074 2158 3298 2227 jubente
3339 2161 3662 2226 imperatore

2080 2245 2418 2311 consederat,
2443 2261 2508 2301 ex
2533 2248 2804 2317 judieibus
2828 2248 3148 2303 mediatores
3174 2250 3318 2319 pacis
3345 2253 3661 2319 semetipsos

2079 2337 2319 2404 partibus
2367 2341 2686 2408 praeberent,
2741 2351 2854 2408 post
2904 2340 3175 2409 aliquanta
3225 2341 3495 2408 dixerunt,
3538 2357 3659 2397 eum

2079 2431 2242 2484 multa
2274 2442 2412 2484 mota
2440 2431 2679 2497 fuissent,
2710 2447 2828 2501 quae
2860 2432 2913 2485 in
2947 2433 3079 2485 actis
3106 2434 3301 2488 inserta
3332 2443 3476 2490 sunt.
3505 2453 3524 2486 ι
3552 2435 3679 2489 Nor

2078 2521 2411 2589 cognitorum
2458 2522 2698 2577 ordinem
2754 2522 3023 2591 paululum
3074 2525 3452 2594 relinquentes,
3493 2536 3546 2581 et
3590 2528 3677 2582 ad‘

2076 2620 2380 2665 sanctarum
2408 2612 2767 2666 Ecclesiarum
2800 2627 3136 2669 communem
3167 2616 3455 2671 utilitatem
3483 2619 3658 2685 νοερί-

2076 2702 2298 2770 cientes,
2331 2720 2427 2772 pro
2450 2705 2718 2773 jndicibus
2749 2707 3073 2761 mediatores
3100 2709 3455 2777 nosmetipsos
3496 2709 3660 2776 parti-

2074 2794 2173 2847 bus
2199 2796 2442 2861 fecimus,
2470 2806 2523 2851 et
2558 2797 2737 2852 multis
2762 2799 2841 2853 usi
2873 2800 3133 2863 conciliis,
3163 2800 3413 2868 pietatem
3458 2803 3677 2871 ubique"

2074 2900 2452 2961 proponentes,
2486 2893 2899 2961 praiparavimus
2927 2894 3235 2962 episcopatu
3265 2894 3283 2926 ⁸
3312 2893 3476 2957 Ibam,
3508 2900 3671 2963 quod

2072 2984 2186 3053 ipse
2215 2984 2278 3038 ad
2310 2985 2728 3041 satisfactionem
2770 3001 2953 3040 eorum
2984 3002 3106 3057 qum
3148 2987 3288 3042 dicta
3333 2986 3544 3042 fuerant
3571 3004 3677 3041 εδ--

2070 3076 2204 3146 puit,
2248 3075 2449 3143 scripto
2489 3076 2623 3132 dare
2666 3077 2791 3146 quid
2840 3080 3063 3133 sentiret
3101 3078 3186 3133 vel
3222 3087 3439 3148 saperet
3470 3078 3541 3133 de
3573 3084 3658 3147 pia

2070 3178 2251 3224 nostra
2300 3168 2403 3224 ﬁde
2434 3185 2447 3220 :
2480 3169 2626 3239 quod
2656 3172 2819 3225 etiam
2853 3170 3000 3225 fecit.
3032 3172 3107 3225 Ex
3155 3173 3443 3229 abundanti
3473 3184 3677 3229 autem

1989 3247 2040 3315 ϐ
2071 3262 2352 3329 ρνωόἰοιιιε
2408 3264 2876 3318 reverentissimus
2918 3266 3002 3318 vir
3044 3268 3291 3334 promisit
3332 3268 3491 3321 utin
3541 3283 3656 3322 sure

2063 3352 2299 3406 civitatis
2326 3353 2551 3408 ecclesia
2599 3354 2774 3422 palam
2823 3356 3296 3410 anathematizret
3332 3356 3369 3388 "
3398 3358 3650 3427 malignre

2062 3441 2351 3512 impietatis
2384 3444 2678 3513 principem
2709 3445 2749 3507 ’ς
2777 3454 2834 3500 et
2872 3460 2965 3500 eos
2995 3446 3084 3514 qui
3126 3448 3263 3502 sicut
3291 3447 3380 3502 ille
3407 3450 3671 3515 sopiunt,

2060 3543 2114 3590 et
2141 3534 2231 3605 qui
2259 3544 2350 3589 aut
2378 3536 2527 3590 libris
2568 3547 2659 3589 aut
2701 3537 2974 3592 codicibus
3005 3537 3121 3607 ejus
3152 3548 3392 3592 utuntur.
3419 3538 3653 3592 Confes-

2066 3639 2159 3681 sus
2197 3635 2281 3680 est
2329 3635 2505 3680 autem
2549 3642 2670 3681 sese
2712 3628 2932 3682 credere
2966 3637 3096 3682 scut
3124 3630 3402 3682 continent
3428 3629 3654 3693 litterar,

2059 3731 2177 3784 quae
2208 3716 2606 3771 intervenerunt
2634 3720 2772 3771 inter
2804 3718 3250 3773 reverentissimo:
3283 3728 3336 3772 et
3364 3720 3655 3773 sanctissi-

2059 3822 2159 3861 ma;
2175 3809 2445 3861 memoria:
2466 3808 2721 3862 Joannem
2746 3824 2949 3878 magnae
2971 3807 3319 3863 Antiochense
3336 3808 3571 3863 civitatis
3592 3818 3656 3864 et

2057 3897 2313 3970 Cyrillum
2340 3902 2755 3955 Alexandrinum
2775 3902 3055 3971 episcopos
3078 3901 3119 3967 ⁸,
3144 3916 3373 3970 quorum
3402 3900 3655 3957 minister

2058 3991 2156 4046 fuit
2197 3997 2365 4048 beata:
2415 3995 2707 4048 memoria)“
2736 3993 2939 4048 Paulus»
2983 3995 3369 4048 Ernesenorum
3412 3995 3663 4049 civitatis

2056 4083 2361 4152 episcopus,
2394 4100 2461 4137 ex
2502 4086 2694 4154 quibus
2731 4094 2783 4138 et
2820 4084 3138 4139 universalis
3180 4098 3477 4140 consensus
3519 4087 3655 4140 elice

2056 4182 2174 4228 ctus
2205 4184 2305 4228 cst.
2348 4195 2365 4227 ι
2404 4175 2540 4230 Ecce
2573 4177 2907 4230 venerabiles
2936 4176 3163 4231 Photius
3201 4186 3255 4230 et
3304 4177 3655 4241 lusmcbius,

2055 4276 2118 4317 ex
2161 4263 2433 4331 iudicibus
2474 4264 2793 4318 mediatores
2842 4265 2990 4332 pacis
3035 4264 3233 4329 effecti,
3275 4265 3460 4319 dicunt
3496 4268 3669 4335 quod-

2056 4367 2161 4405 non
2203 4354 2302 4420 ipsi
2348 4353 2723 4421 judieaverint,
2770 4354 2907 4407 sicut
2949 4353 3183 4423 ﬁngitur,
3215 4354 3283 4407 ad
3315 4355 3658 4409 destructio-

2056 4456 2179 4495 nem
2202 4454 2254 4496 et
2282 4442 2645 4496 exclusionem
2679 4443 2965 4509 impietatis
2988 4443 3231 4512 epistola)
3250 4444 3316 4497 ad
3342 4444 3557 4509 Mat-im,
3595 4454 3673 4500 ut-

2057 4545 2303 4586 reversus
2334 4532 2355 4563 ⁸
2387 4531 2504 4586 lbas
2535 4532 2585 4585 in
2617 4547 2729 4586 sua:
2768 4532 3003 4586 civitatis
3037 4533 3266 4586 ecclesia
3302 4533 3476 4601 palam
3517 4550 3661 4587 θυι

375 4636 496 4687 res,
541 4621 931 4692 conspicientes
985 4622 1399 4694 denegationem
1448 4625 1552 4679 lbac
1606 4626 1673 4681 de
1724 4628 1950 4695 epistola
1980 4618 2432 4678 Dtliematizaret
2477 4622 2805 4688 Nestorium,
2849 4624 2939 4692 qui
2984 4638 3091 4677 non
3143 4637 3239 4691 pro
3287 4625 3660 4679 excusatione

446 4802 470 4830 η
501 4793 754 4877 Joannes.
776 4796 959 4877 Exstat
990 4798 1057 4877 in_
1080 4800 1213 4877 actis
1243 4802 1596 4877 Orientalium
1627 4816 1746 4873 post
1780 4820 1947 4877 synn-

372 4865 499 4945 tlum
532 4864 850 4949 Ephesinam
876 4867 1160 4949 Theodosii
1195 4872 1321 4940 imp.
1342 4875 1565 4940 epistola
1590 4864 1655 4949 ad
1681 4864 1943 4949 synodum

373 4936 535 5022 missa
566 4950 661 5022 per
689 4936 949 5022 Joannem
989 4944 1237 5022 contitem
1272 4936 1578 5022 sacrarunt,
1608 4936 1727 5002 ἵσοεὶ
1747 4954 1946 5022 σόκρας

370 5005 765 5086 execrationis--
795 5005 878 5061 διὰ
924 5006 1153 5086 ἰωᾴννον
1202 5019 1288 5086 τοῦ
1320 5015 1537 5084 κόμητος
1582 5029 1782 5086 σακρῶν
1812 5005 1941 5086 ;”‹⁴ι1ἶ

371 5073 567 5131 deinde
591 5075 821 5158 .subdita
849 5086 932 5131 est
961 5081 1183 5158 epistola
1205 5073 1428 5158 loannis
1461 5073 1697 5155 ejusdem
1725 5073 1941 5147 comitis

370 5147 635 5223 sacreusis
664 5147 1165 5223 ad__imperatorem,
1194 5154 1252 5223 in
1282 5169 1382 5223 qua
1438 5147 1617 5211 narrat
1646 5174 1704 5214 se
1752 5161 1941 5216 Nesto-

372 5219 506 5270 rium
562 5217 971 5272 custodiendum
1036 5217 1317 5279 tradidisse
1370 5226 1698 5284 Candidiano
1753 5234 1938 5287 comiti

366 5288 803 5353 tlnmesticorum,
838 5288 1095 5358 Cyrillum
1126 5301 1180 5347 et
1210 5296 1544 5352 Memnonem
1586 5298 1787 5356 Jacobo
1811 5304 1936 5357 item

365 5358 544 5428 cotttiti
569 5368 622 5413 et
652 5358 939 5427 pncposito
966 5370 1165 5428 quarta)
1193 5365 1411 5421 scholae.

435 5427 464 5467 ὶι
503 5428 654 5497 Quod
685 5430 857 5499 ipsum
884 5427 1059 5486 tamen
1091 5433 1142 5486 in
1169 5434 1357 5491 Edicto
1386 5453 1483 5493 suo
1512 5439 1747 5494 afﬁrmat
1775 5441 1939 5498 Justi-

438 5602 452 5677 ξ
495 5601 627 5677 _C_od.
664 5595 1366 5677 Veron.,}everenttssimum
1396 5609 1708 5677 episcopum,
1740 5624 1842 5669 etc.

435 5674 454 5702 ²
496 5673 638 5751 Idem
669 5674 813 5739 cud.,
848 5684 893 5728 et
919 5676 971 5728 in
999 5692 1105 5730 sua:
1132 5679 1349 5730 Ciuitatis
1377 5673 1587 5735 ecclesia
1617 5673 1787 5751 palam
1816 5702 1941 5739 atta-

366 5743 707 5796 lhvutatizare.

441 5800 459 5826 ³
499 5813 635 5866 Iden)
675 5813 819 5875 c0tl.,
858 5817 1133 5881 principem
1167 5817 1480 5875 Nestorium.

2060 4820 2269 4873 nianns.
2298 4818 2445 4873 Ὀθεν
2472 4861 2485 4884 ,
2532 4820 2700 4887 inquit
2725 4862 2738 4884 ,
2786 4822 2830 4874 οἱ
2887 4822 3301 4891 μνημονευθέντες
3342 4823 3528 4882 «tein-to:
3558 4827 3665 4879 καὶ

2058 4892 2331 4966 Eiusdem;
2360 4891 2444 4945 διὰ
2469 4896 2688 4966 1'aner
2715 4892 3050 4966 emittam»
3090 4892 3430 4966 πληροφορίᾳν
3457 4895 3662 4966 ἐγχρὰ-

2055 4984 2157 5034 φως
2179 4960 2501 5017 διετύπωσαν
2538 4964 2622 5015 τὸν
2648 4960 2898 5033 aifatu-Ino»
2924 4962 3057 5015 ἰϐαν
3082 4960 3331 5036 natura“?
3588 4974 3663 5036 τῇ

2055 5031 2295 5104 ἓπιστολῇ
2321 5036 2531 5109 apage},
2564 5033 2723 5091 καθὼς·
2745 5031 2917 5109 ἠχτερὶ
2939 5035 3118 5109 τούτῳ
3147 5031 3353 5086 δοθεῖσα
3390 5031 3521 5109 παρ’
3548 5031 3659 5109 σςρξ

2048 5111 2148 5157 τῶν
2192 5102 2441 5175 ἑπῖκριὲης
2475 5103 2760 5175 δείξγυσιν..
2787 5102 3031 5166 Syitodus
3075 5104 3196 5175 item
3231 5116 3282 5163 ν,
3315 5102 3535 5175 actione
3564 5106 3602 5152 ὃ
3638 5121 3657 5155 :

2055 5172 2270 5225 Photius
2308 5170 2430 5225 'vero
2470 5180 2515 5225 et
2554 5170 2855 5224 Eustathms
2896 5188 2997 5224 nen
3033 5172 3262 5240 ejusdem
3298 5171 3660 5240 abnegatam:

2047 5244 2292 5305 contenti,
2326 5253 2684 5310 perspexerant
2707 5257 2799 5311 per
2822 5258 2967 5295 suam
2995 5238 3360 5307 deﬁnitionem.
3385 5238 3540 5294 Ibam
3577 5243 3661 5295 ad

2048 5312 2295 5366 Edessam
2346 5314 2625 5377 pervenire,
2666 5310 2715 5364 et
2752 5312 3018 5379 manifeste
3063 5314 3114 5363 in
3158 5310 3370 5363 ecclesia
3417 5313 3653 5364 anathe-

2045 5386 2287 5435 matizure
2312 5381 2609 5435 Nestorium
2636 5390 2685 5434 et
2710 5381 2868 5451 impia
2902 5383 3025 5452 ejus
3044 5380 3307 5452 dogmata,
3332 5397 3447 5447 qua!
3473 5382 3660 5450 ξηιρξα

2047 5454 2266 5523 epistola
2295 5452 2606 5506 vindicabat.

2121 5622 2142 5653 ⁸
2181 5622 2323 5676 Idem
2356 5622 2503 5687 cod.,
2538 5638 2732 5691 magna:
2773 5621 3239 5676 Alexandrinorum
3274 5623 3492 5676 civitatis
3532 5626 3653 5694 ειμᾶι

2051 5709 2280 5752 scopum.

2123 5763 2143 5792 '
2184 5762 2322 5817 Idem
2352 5762 2494 5827 cod,
2526 5762 2974 5816 rct'erenn'sst'mas.
