3974 6330
280 397 381 453 695

1164 397 1295 456 PRO
1333 393 1765 454 DEFENSIONE
1806 392 2020 448 TRIUM
2056 393 2369 450 CAPITCL.
2413 395 2537 450 Llii.
2584 398 2688 453 νη.

3447 411 3549 469 694

279 514 531 583 Nestorii,
563 515 659 571 sed
696 530 794 585 pro
833 513 1026 585 injuria
1069 486 1424 572 Orientalium
1455 524 1510 571 et
1542 523 1862 571 cacterorum
1891 511 1939 571 Α
1969 518 2057 566 tur
2081 512 2327 582 epistola,
2353 515 2454 570 hoc
2483 523 2687 572 tantum
2717 518 2769 574 in
2801 519 2891 575 illa
2924 521 3145 587 notavit,
3169 521 3311 592 quod
3332 522 3545 578 beatum

276 608 364 674 qui
395 621 517 660 cum
547 606 627 660 eis
652 608 948 673 exspectati
974 622 1079 663 non
1109 608 1342 674 fuerant,
1373 608 1593 674 dixisse,
1626 622 1747 663 eum
1783 610 1869 675 ju-

273 696 611 763 dicaverunt,
636 714 754 766 quae
791 699 1006 768 quidam
1048 700 1102 754 in
1145 701 1231 755 illa
1274 701 1499 769 epistola
1530 700 1673 754 male
1702 700 1869 752 inter-

276 798 570 855 pretantur.
601 790 811 860 Alioqui
849 806 954 845 non
986 791 1225 846 dicerent
1248 807 1313 847 ex
1343 792 1636 847 abundanti
1664 791 1865 859 promi-

274 877 414 934 sisse
434 895 709 935 reversum
734 881 751 914 ¹
781 881 945 948 Ibam,
974 891 1031 937 ut
1053 884 1535 938 anathematizaret
1558 882 1608 936 in
1636 882 1865 936 ecclesia

271 968 510 1024 civitatis
551 985 665 1025 suae
695 972 1029 1041 Nestorium,
1061 974 1156 1029 sed
1196 974 1517 1043 semetipsos
1558 974 1735 1043 potius
1773 988 1868 1026 ne-

275 1063 514 1118 cessarie
553 1064 656 1119 hoc
680 1065 747 1120 ab
778 1065 872 1120 illo
898 1065 1139 1122 dicerent
1178 1066 1466 1137 ﬂagitasse.
1497 1065 1629 1121 lllud
1657 1080 1868 1136 quoque

275 1156 467 1220 procul
495 1156 661 1211 dubio
688 1157 848 1212 simul
889 1168 1129 1227 apparet,
1162 1158 1411 1226 quoniam
1449 1158 1605 1213 solita
1633 1159 1653 1189 ¹
1684 1158 1870 1213 fraude

279 1246 667 1301 sulotraxerunt
694 1248 834 1317 quod
879 1263 978 1302 nos
1019 1264 1086 1304 ex
1136 1249 1324 1303 iisdem
1366 1250 1533 1318 gestis
1575 1250 1867 1315 posuimus,

279 1336 406 1403 quia
433 1337 711 1392 confessus
733 1348 817 1394 est
842 1339 912 1394 ita
935 1355 995 1394 se
1017 1341 1239 1395 credere
1268 1342 1383 1395 Ibas
1406 1340 1710 1409 episcopus,
1732 1340 1872 1393 sicut

278 1427 561 1483 continent
587 1429 784 1485 litterae
815 1445 931 1498 quae
956 1431 1383 1498 intervenerunt,
1418 1432 1684 1487 mediante
1709 1431 1870 1485 Paulo

283 1520 567 1575 Emesente
614 1519 850 1576 civitatis
895 1522 1171 1591 episcoiio,
1206 1523 1345 1577 inter
1384 1523 1553 1577 beatae
1600 1522 1873 1576 memoriae

278 1611 547 1666 Joannem
591 1611 991 1666 Antiochenum
1043 1623 1098 1667 et
1149 1613 1402 1683 Cyrillum
1452 1612 1870 1667 Alexandrinum

283 1699 567 1773 episcopos
588 1719 602 1755 :
626 1718 696 1758 ne
717 1719 783 1758 ex
808 1704 907 1759 hac
929 1704 1304 1759 testificatione
1328 1704 1503 1759 Ριιηιίἰ
1525 1714 1578 1758 et
1602 1702 1870 1757 Eustachii

281 1794 681 1864 episcOporum,
707 1810 865 1864 quam
885 1796 951 1851 ad
976 1795 1400 1851 destructionem
1423 1804 1479 1850 et
1499 1794 1869 1849 exclusionem

1970 603 2228 674 Cyrillum
2253 606 2429 662 minus
2451 608 2716 666 intellecta
2737 612 3089 679 capitulorum
3113 614 3231 684 ejus
3256 614 3552 671 intentione

1969 692 2281 762 culpaverit,
2318 711 2423 751 non
2466 700 2603 768 quod
2642 700 2939 757 Nestorium
2983 704 3169 759 fecerit
3210 714 3545 763 excusatum.

1972 784 2154 840 Talem
2182 788 2323 843 enim
2355 789 2503 845 dedit
2537 795 2879 859 sententiam,
2912 797 3049 851 sicut
3080 797 3265 866 quinto
3296 798 3433 853 libro
3458 801 3553 852 do-

1971 875 2179 931 cuimus
2214 894 2230 933 :
2264 897 2283 930 ‹
2322 880 2527 937 Dudum
2552 884 2773 952 ’quidem
2811 902 2878 940 ex
2926 887 3137 943 reiectis
3180 890 3429 944 innoxius
3459 890 3555 943 de-

1970 976 2299 1023 monstratus
2316 981 2398 1026 cst
2421 975 2884 1030 reverentissimus
2902 977 3045 1031 lbas:
3068 980 3119 1033 in
3140 980 3332 1049 quibus
3351 988 3489 1035 eten?
3502 997 3549 1034 Ill

1972 1056 2118 1113 visus
2141 1067 2224 1113 est
2242 1061 2455 1130 culpare
2481 1064 2619 1119 male
2640 1064 2864 1132 loquens
2888 1068 3248 1123 beatissimum
3271 1070 3549 1140 Cyrillum,

1973 1149 2025 1204 in
2075 1153 2461 1218 posrerioribus
2503 1165 2647 1211 recte
2675 1158 2950 1213 confeSsus
2998 1161 3200 1231 respuit
3239 1162 3324 1216 illa
3360 1165 3553 1232 quibus

1971 1240 2281 1308 culpaverat
2309 1262 2321 1296 :
2348 1246 2470 1314 quia
2504 1261 2630 1303 vero
2674 1246 2975 1303 Nestorium
3007 1254 3301 1318 excusavit,
3336 1268 3437 1307 non
3470 1255 3552 1307 in-

1970 1331 2184 1385 venitur
2223 1349 2251 1386 a
2293 1336 2500 1405 synodo
2547 1338 2930 1405 reprehensum
2962 1358 2973 1391 ε
3005 1342 3146 1410 quod
3180 1344 3360 1409 procul
3388 1344 3551 1398 dubio

1973 1425 2411 1493 reprehenderet,
2440 1430 2483 1483 si
2518 1430 2609 1485 ille
2638 1431 2943 1486 Nestorium
2971 1448 3126 1502 quem
3174 1435 3297 1503 ipsa
3328 1436 3548 1488 damna-

1975 1524 2143 1580 verat,
2178 1527 2459 1572 excusaret
2489 1535 2502 1572 :
2543 1537 2562 1571 ι
2598 1521 2763 1575 multo
2789 1521 2980 1591 magis,
3010 1523 3053 1577 si
3094 1524 3254 1579 etiam
3287 1524 3550 1589 laudibus,

1973 1607 2110 1661 sicut
2151 1606 2457 1678 loquuntur,
2506 1611 2763 1668 afficeret.
2809 1614 3083 1670 Sententia
3119 1616 3278 1685 igitur
3310 1617 3549 1687 ejusdem

1975 1700 2186 1772 synodi,
2212 1702 2257 1757 si
2286 1704 2410 1772 quid
2433 1706 2481 1759 ei
2504 1708 2762 1771 creditur,
2791 1708 2981 1775 prohat
3008 1723 3104 1763 nec
3132 1710 3422 1778 laudatum,
3453 1726 3556 1765 nec

1975 1801 2285 1846 excusatum
2334 1793 2497 1849 fuisse
2528 1798 2579 1849 in
2618 1797 2841 1864 epistola
2872 1798 2974 1853 Iba:
3011 1798 3314 1854 Nestorium
3337 1801 3390 1862 ,⁵.
3424 1804 3551 1868 Qum

284 1883 527 1952 epistolae
565 1885 893 1940 venerabilis
938 1886 1043 1941 lbze
1092 1889 1284 1942 laetam
1331 1900 1452 1941 esse
1485 1886 1693 1940 mentiti
1725 1895 1866 1951 sunt,
1902 1883 1947 1942 Β
1977 1897 2081 1936 non
2122 1883 2293 1937 solum
2343 1884 2643 1940 Nestorium
2684 1888 2807 1943 fecit
2837 1899 2897 1943 ut
2933 1890 3428 1955 anathematizaret,
3458 1908 3551 1947 ve~

280 1977 403 2047 ejus
442 1979 620 2047 potius
656 1980 858 2035 veritas
901 1980 1299 2036 ostenderetur.
1328 1980 1590 2047 Quoniam
1621 1988 1677 2035 et
1706 1980 1820 2035 haec
1851 1980 1871 2011 ³

284 2070 403 2139 ipsa
436 2084 543 2123 non
574 2071 755 2125 tacuit.
786 2070 939 2138 Quod
967 2072 1011 2126 si
1043 2071 1131 2126 cui
1170 2087 1292 2141 quae
1336 2071 1564 2126 dicimus
1592 2071 1768 2125 adhuc
1798 2070 1874 2124 vi-

281 2163 482 2217 dentur
518 2163 764 2231 obscura,
807 2171 866 2219 et
906 2164 1117 2233 plenius
1153 2178 1369 2219 causam
1414 2165 1554 2219 scire
1579 2163 1869 2228 desiderat,

279 2252 655 2309 admonendus
683 2261 767 2309 est
806 2264 865 2308 ut
911 2254 1054 2323 legat
1099 2262 1302 2309 tantum
1336 2253 1523 2310 eadem
1564 2263 1734 2322 gesta,
1768 2268 1871 2307 non

278 2354 345 2400 nt
369 2346 634 2415 intelligat
661 2346 1016 2416 adjuvandus.
1050 2348 1203 2415 Quod
1235 2348 1375 2403 enim
1414 2348 1500 2402 hic
1540 2346 1749 2401 videtur
1778 2346 1875 2401 ob-

275 2449 524 2503 scurum,
548 2437 619 2491 ibi
645 2437 762 2492 luce
783 2438 984 2492 clarius
1008 2438 1295 2491 invenitur.
1319 2437 1424 2493 Sed
1452 2448 1505 2492 et
1529 2437 1655 2490 illud
1683 2436 1872 2490 falsum

276 2528 507 2582 omnino
547 2537 653 2595 est,
695 2528 837 2598 quod
886 2530 937 2583 in
981 2528 1173 2583 eodem
1217 2528 1615 2583 mendaciorum
1653 2543 1872 2583 suorum

282 2620 428 2677 libro
458 2620 529 2674 ita
565 2620 853 2676 dixerunt:
891 2642 908 2674 ι
945 2621 1142 2677 Sancta
1169 2623 1405 2693 synodus
1430 2632 1457 2660 ει
1487 2636 1592 2677 non
1624 2629 1874 2677 contenta

281 2727 460 2781 neque
507 2710 644 2767 facta
683 2713 751 2767 ab
797 2712 885 2767 lba
927 2712 1284 2783 denegatione
1312 2726 1535 2784 prepter
1578 2713 1644 2767 ad
1686 2712 1873 2767 Marim

280 2806 592 2877 epistolam,
638 2822 811 2877 neque
855 2808 1015 2862 etiam
1063 2823 1160 2874 pro
1206 2822 1273 2863 eo
1319 2806 1456 2862 facta
1502 2807 1875 2863 testificatione

277 2901 604 2956 clericorum
638 2900 1055 2966 Edessenorum,
1092 2900 1187 2955 sed
1223 2901 1551 2954 confirmans
1575 2899 1871 2968 judicatum

282 2988 458 3045 l’botii
501 3000 555 3044 et
602 2990 897 3058 Eustachii,
923 2991 1108 3059 petivit
1147 2991 1315 3057 Ibam,
1346 2990 1410 3044 ad
1453 2990 1873 3045 destructionem

280 3092 340 3137 et
368 3083 735 3138 exclusionem
766 3085 831 3137 ad
865 3083 1050 3137 Marim
1072 3082 1253 3153 impiae
1275 3082 1536 3152 epistolm,
1561 3085 1872 3138 anathema-

282 3176 452 3229 tinre
473 3174 775 3229 Nesmrium
808 3184 861 3228 et
885 3175 1003 3243 ejus
1026 3174 1270 3245 dogmata
1298 3190 1417 3243 quae
1438 3175 1624 3230 eadem
1648 3172 1871 3243 epistola

281 3265 530 3319 laudibus
564 3266 850 3321 afficiebat.
891 3285 909 3318 ι
952 3266 1048 3321 Ubi
1082 3266 1225 3322 enim
1265 3266 1349 3320 vel
1398 3265 1872 3321 reverentissimus

278 3358 406 3414 ibas
436 3372 584 3412 suam
611 3374 734 3415 es~e
767 3359 977 3429 negavit
1008 3360 1148 3413 illam
1178 3359 1484 3428 epistolam,
1519 3359 1601 3415 vel
1643 3360 1733 3413 illa
1762 3360 1875 3429 epi-

285 3448 425 3503 stola
460 3449 760 3503 Nestorium
795 3457 849 3504 et
890 3450 1007 3517 ejus
1039 3448 1287 3518 dogmata
1336 3450 1584 3505 laudibus
1623 3450 1763 3504 sicut
1793 3451 1873 3504 lo-

285 3549 523 3608 quuntur
549 3539 752 3605 affecit,
776 3539 843 3594 de
871 3553 977 3608 quo
1003 3539 1137 3594 dixit
1164 3540 1303 3609 quod
1332 3541 1521 3595 noxios
1544 3540 1876 3608 conscripse-

285 3630 355 3684 rit
402 3631 606 3691 libros,
649 3630 740 3697 qui
785 3630 1037 3685 seandalo
1083 3630 1283 3686 fuerint
1330 3632 1707 3696 audientibus,
1750 3630 1874 3698 quia

285 3718 496 3775 beatam
546 3720 758 3774 Maiam
808 3721 1029 3776 Matrem
1072 3720 1168 3776 Dei
1208 3722 1473 3792 negabat?
1515 3721 1620 3776 Sed
1652 3721 1877 3775 recitent

285 3829 351 3867 ex
382 3828 446 3867 ea
477 3812 660 3866 laudes
693 3811 833 3881 ipsas
863 3826 995 3882 quas
1023 3814 1209 3868 dicunt
1238 3812 1469 3868 Nestorii
1493 3823 1545 3868 et
1567 3813 1874 3881 dogmatum

284 3906 425 3972 ejus.
456 3904 511 3960 Si
542 3914 717 3959 autem
748 3922 852 3959 non
879 3915 963 3961 est
984 3907 1124 3975 quod
1152 3907 1403 3971 recitent,
1427 3907 1744 3963 erubescere
1782 3908 1875 3961 de-

286 3998 518 4051 buerunt
564 3997 721 4052 toties
762 4008 1055 4068 aperteque
1100 4000 1339 4054 mentiri.
1385 4000 1533 4069 Piget
1582 3999 1723 4054 enim
1766 4014 1873 4063 me,

287 4089 483 4148 fateor,
528 4101 591 4141 ac
641 4087 801 4156 pudet
845 4091 1067 4145 omnino
1107 4098 1187 4145 tot
1226 4106 1452 4161 arguere
1496 4092 1792 4157 mendacia,
1823 4102 1878 4147 et

286 4179 453 4247 multa
503 4183 812 4247 prteteriens
854 4181 920 4236 ad
959 4182 1259 4250 aliquorum
1308 4184 1741 4253 redargutionem
1782 4197 1876 4237 ne-

284 4272 545 4326 cessitate
584 4272 897 4340 compellor.
944 4272 1207 4340 Quamvis
1252 4282 1428 4329 autem
1471 4275 1603 4343 ipsis
1650 4275 1875 4344 probare

286 4363 566 4418 immineat
614 4364 755 4432 quod
804 4364 1075 4431 dixerunt,
1125 4380 1222 4421 nos
1272 4378 1449 4420 tamen
1504 4366 1632 4433 illis,
1684 4374 1877 4435 przeter

284 4454 462 4522 ipsius
485 4454 728 4524 epistola:
746 4455 1151 4521 documentum,
1172 4456 1311 4526 quod
1336 4456 1465 4510 nihil
1491 4457 1593 4511 tale
1613 4456 1871 4521 continet,

284 4548 451 4601 etiam
481 4561 545 4600 ex
572 4548 849 4601 memorati
871 4547 1082 4603 concilii
1114 4547 1566 4603 Chalcedonensis
1589 4549 1871 4614 sententia,

1979 1987 2094 2026 rum
2125 1973 2284 2027 etiam
2317 1983 2371 2028 et
2403 1976 2721 2046 Eutychem,
2743 1979 2883 2047 quod
2913 1979 2997 2034 isti
3024 1981 3205 2036 dicere
3228 1982 3509 2037 noluerunt
3535 1999 3551 2038 :

1975 2077 2096 2117 cum
2124 2062 2243 2117 Ibas
2273 2066 2554 2135 episcopus
2579 2067 2645 2121 de
2679 2070 3009 2139 Eutychiano
3035 2071 3281 2139 dogmate
3311 2088 3418 2126 non
3441 2074 3559 2127 foe--

1975 2151 2045 2206 rit
2063 2163 2364 2221 accusatus,
2386 2158 2519 2225 quin
2541 2158 2713 2225 potius
2734 2160 3057 2228 querebatur
3078 2159 3386 2226 iniustitiam
3409 2177 3467 2217 se
3489 2165 3553 2220 ab

1975 2242 2091 2311 ipso
2135 2244 2378 2316 Eutyche
2416 2255 2473 2300 et
2510 2248 2734 2303 crimina
2764 2250 2892 2304 falsa
2936 2266 3267 2322 perpessum.
3299 2252 3403 2309 Sed
3430 2256 3555 2322 quia

1974 2340 2156 2387 sancta
2186 2334 2273 2388 illa
2300 2336 2559 2406 synodus,
2588 2354 2706 2407 quce
2731 2354 2836 2394 non
2860 2350 3068 2395 tantum
3093 2342 3384 2408 Eutychem
3408 2345 3528 2399 dam

1976 2438 2137 2490 nare,
2176 2439 2362 2479 verum
2410 2428 2568 2480 etiam
2622 2429 2847 2485 Nestorii
2897 2432 3291 2489 damnationem
3340 2435 3553 2490 firmare

1975 2524 2321 2581 convenerat,
2352 2517 2630 2583 epistolam
2674 2520 2842 2588 ipsius
2890 2521 2996 2576 ibat
3036 2523 3391 2579 orthodoxam
3435 2540 3555 2581 esse

1974 2608 2258 2677 cognovit,
2304 2616 2359 2662 et
2403 2608 2649 2664 Nestorio
2685 2613 2917 2668 maxime
2962 2615 3295 2685 Eutychique
3339 2627 3557 2673 contra-

1975 2698 2130 2764 riam,
2156 2698 2372 2769 dignum
2397 2700 2659 2770 judicavit
2685 2704 2889 2759 socium
2917 2705 3018 2760 sibi
3050 2722 3170 2760 eum
3213 2706 3265 2760 in
3302 2709 3555 2761 centium-

1976 2788 2245 2843 nationem
2268 2790 2637 2846 hmretieorum
2662 2810 2797 2862 quos
2812 2796 3375 2855 re'utabatasciseere.
3400 2800 3550 2866 Quod

1974 2880 2019 2934 si
2049 2880 2363 2951 Eutychiani
2399 2891 2584 2950 putant
2616 2886 2728 2939 fieri
2779 2886 3029 2941 debuisse
3049 2900 3109 2943 ut
3132 2890 3250 2958 ejus
3274 2892 3555 2960 epistolam

1973 2970 2323 3026 confitentem
2350 2972 2483 3028 duas
2509 2974 2709 3030 Christi
2739 2986 2956 3033 naturas
2984 2979 3035 3033 in
3064 2980 3265 3035 unitate
3294 2997 3558 3051 personae,

1972 3064 2127 3133 quasi
2149 3063 2519 3121 Nestorianam
2551 3067 2714 3124 vellet
2757 3069 2996 3139 synodus
3038 3073 3343 3140 aspernari;
3370 3073 3563 3138 Nesto-

1975 3153 2113 3207 rium
2166 3155 2404 3222 profecto
2449 3167 2708 3226 quantum
2750 3159 2818 3213 ad
2856 3175 2915 3215 se
2955 3172 3256 3229 excusaret,
3299 3172 3456 3235 atque
3493 3163 3563 3219 ab

1902 3254 1949 3318 ρ
1980 3244 2199 3299 hteresis
2229 3246 2453 3301 crimine
2483 3247 2685 3303 faceret
2713 3250 2971 3310 alienum.
3005 3252 3159 3318 Quod
3202 3256 3361 3310 etiam
3402 3271 3564 3325 supe-

1978 3335 2121 3390 riore
2161 3336 2319 3403 libro,
2355 3340 2494 3393 sicut
2530 3340 2969 3408 promiseramus,
3016 3343 3366 3400 ostendimus.
3412 3346 3565 3402 Unde

1976 3427 2193 3483 videant
2222 3431 2313 3500 qui
2344 3430 2483 3486 hanc
2521 3432 2800 3501 epistolam
2848 3433 3218 3490 Nestorianam
3256 3452 3375 3493 esse
3402 3438 3555 3493 dixe-

1977 3530 2122 3583 runt,
2165 3536 2231 3573 ne
2276 3522 2371 3590 ipsi
2415 3524 2594 3591 potius
2624 3524 2909 3578 videantur
2947 3541 3207 3582 excusare
3235 3527 3556 3594 Nestorium,

1975 3607 2301 3663 affirmantes
2331 3611 2472 3679 quod
2502 3613 2797 3667 secundum
2829 3616 2948 3683 ejus
2977 3615 3272 3671 doctrinam
3302 3619 3557 3679 confitea-

1975 3708 2063 3754 tur
2084 3699 2227 3770 quod
2258 3700 2483 3755 duarum
2524 3712 2835 3759 naturarum
2874 3722 2977 3760 una
3025 3724 3249 3776 persona
3288 3712 3379 3778 sit,
3420 3712 3559 3781 quod

1974 3802 2056 3846 est
2090 3808 2230 3846 unus
2264 3791 2432 3847 Filius
2462 3794 2725 3851 Dominus
2754 3808 2937 3853 noster
2964 3799 3121 3855 Jesus
3143 3800 3405 3858 Christus.
3431 3803 3558 3860 Nam

1977 3884 2093 3940 haec
2130 3886 2358 3955 epistola
2397 3897 2542 3943 recte
2569 3888 2674 3944 dici
2706 3904 2812 3944 non
2844 3900 3014 3960 potest
3041 3892 3343 3950 Nestorium
3373 3896 3558 3952 defen-

1975 3975 2140 4042 disse,
2184 3978 2340 4048 cujus
2387 3979 2657 4035 confessio
2703 3984 2912 4038 videtur
2954 3985 3193 4055 dogmati
3245 3988 3561 4043 Nestoiianc

1975 4071 2242 4125 contraria
2275 4088 2288 4126 :
2315 4071 2457 4141 quod
2484 4084 2670 4129 sancta
2698 4075 2933 4146 synodus
2963 4078 3173 4143 videns,
3207 4080 3559 4138 orthodoxam

1976 4176 2093 4215 eam
2119 4177 2225 4217 non
2248 4162 2516 4219 immerito
2533 4164 2811 4235 judicavit.
2837 4167 3032 4224 Verum
3056 4170 3191 4225 mihi
3217 4172 3395 4227 minus
3418 4174 3564 4230 vide-

1977 4265 2064 4309 tur
2082 4269 2343 4325 apparere
2370 4273 2530 4325 quam
2563 4259 2669 4313 sint
2694 4260 3034 4330 impudentes
3054 4268 3144 4332 qui
3169 4266 3562 4322 calumniantur

1978 4344 2031 4398 in
2062 4345 2284 4415 epistola
2325 4348 2652 4404 venerabilis
2692 4350 2796 4406 illa
2824 4363 3137 4409 excusatum
3179 4356 3344 4413 fuisse
3374 4358 3563 4414 Nesto-

1977 4436 2148 4505 rium,
2189 4439 2232 4491 si
2277 4439 2585 4493 testimonio
2632 4450 2839 4497 tantum
2878 4444 3255 4513 episcoporum
3299 4447 3469 4502 l‘liotii
3511 4458 3565 4503 et.

1982 4526 2257 4581 Eustachii
2295 4536 2457 4597 atque
2506 4529 2726 4598 Uranii,
2776 4533 2861 4588 vel
2905 4535 3064 4588 etiam
3115 4537 3566 4595 Chalcedonensis

284 4638 357 4693 de
404 4650 508 4707 qua
562 4636 664 4706 ipsi
720 4638 1087 4692 testimonium
1138 4640 1542 4704 confluxerant,
1594 4638 1875 4705 probemus
1902 4617 1954 4679 D
1980 4618 2189 4688 synodi,
2223 4618 2290 4673 de
2334 4633 2432 4673 suo
2472 4621 2756 4676 mendacio
2804 4623 3145 4691 refellantur,
3184 4628 3284 4681 nisi
3325 4628 3564 4697 ipsorum

285 4726 429 4797 quod
477 4728 945 4784 reverentissimus
992 4729 1108 4783 Ibas
1149 4745 1253 4783 non
1285 4729 1458 4785 solum
1493 4730 1791 4784 Nestorium
1822 4740 1875 4784 et

283 4818 407 4887 ejus
446 4817 695 4887 dogmata
746 4820 800 4873 in
844 4834 942 4874 sua
986 4821 1213 4889 epistola
1260 4835 1362 4875 non
1412 4820 1659 4887 laudarit,
1690 4837 1873 4877 verum

283 4910 476 4975 etiam,
506 4912 646 4979 quod
685 4914 792 4980 jam
830 4911 1030 4967 dudum
1074 4914 1448 4982 preposuimus
1482 4916 1869 4979 demonstrare,

282 5003 490 5058 nullam
534 5003 759 5057 Nestorii
806 5004 994 5059 fecerit
1031 5006 1454 5060 excusationem.
1490 5007 1727 5074 Namque
1752 5022 1873 5062 cum

282 5092 429 5162 apud
457 5095 718 5163 synodum
748 5093 1266 5164 Chalcedonensem,
1304 5111 1367 5151 ex
1406 5096 1573 5166 gestis
1611 5098 1783 5153 Photii
1823 5107 1876 5154 et

287 5188 565 5243 Eustachii
595 5200 757 5260 atque
785 5190 964 5246 Uranii
997 5192 1371 5263 episcoporum
1393 5192 1581 5249 eadem
1608 5191 1874 5261 relegere-

364 5356 387 5384 ι
421 5348 484 5401 Et
511 5347 614 5401 hoc
634 5349 794 5404 etiam
820 5350 1081 5420 objiciunt
1101 5361 1211 5406 tum
1226 5354 1561 5408 Justiuianus
1583 5355 1632 5407 in
1661 5352 1870 5418 Edicm,

283 5427 400 5472 tum
440 5423 676 5488 synodus
704 5436 755 5484 v,
788 5435 904 5489 quae
952 5424 1050 5475 hoc
1094 5422 1208 5489 ipso
1249 5425 1551 5478 damnatam
1584 5440 1612 5477 a
1646 5424 1874 5477 concilio

283 5490 709 5544 Clialeedouensi
759 5491 1040 5560 epistolam
1090 5492 1193 5547 luas
1231 5494 1409 5561 docet,
1443 5496 1582 5564 quod
1618 5494 1790 5549 Pliotii
1820 5504 1873 5548 et

366 5623 381 5653 ⁸
424 5622 557 5675 Cod.
594 5622 817 5689 Veron.,
850 5628 1328 5684 reverentissimum.

361 5695 381 5723 ³
426 5693 566 5746 Idem
594 5694 741 5758 cod.,
774 5696 889 5748 ideo
911 5698 1081 5751 solita.

364 5764 381 5791 ’
446 5764 563 5814 dem
592 5766 735 5826 cod.,
762 5766 875 5818 hoc.

362 5836 395 5860 "
420 5833 563 5886 Limn
596 5834 744 5896 αοά..
778 5834 1071 5890 Nestort'mtt
1108 5853 1125 5889 .'
1174 5850 1217 5891 et
1246 5839 1358 5895 ideo
1392 5854 1727 5907 "(inputetur
1780 5858 1866 5895 uo-

1979 4724 2190 4779 quoque
2246 4720 2615 4768 accusatorum
2676 4713 2779 4767 lbze
2836 4715 3232 4772 confundantur
3280 4722 3563 4792 exemplo,

1979 4800 2169 4870 quibus
2199 4815 2291 4857 eos
2320 4804 2762 4860 calumniosiores
2794 4814 2847 4860 et
2878 4807 3301 4875 impudentiores
3327 4813 3565 4867 ostendi-

1980 4908 2119 4947 mus.
2151 4894 2282 4948 Nam
2324 4907 2375 4949 et
2422 4895 2497 4949 illi
2545 4897 2612 4950 ad
2650 4896 2752 4951 hoc
2790 4907 2994 4952 tantum
3034 4900 3198 4970 ipsam
3231 4906 3565 4970 protulerunt

1977 4983 2283 5052 epistolam,
2316 4986 2455 5039 sicut
2488 5002 2549 5040 ea
2592 4988 2642 5040 in
2687 4987 2882 5057 quibus
2924 4991 3227 5045 continetur
3274 5001 3421 5061 gesta
3464 4994 3563 5050 de-

1983 5085 2297 5140 monstrant,
2352 5087 2409 5131 ut
2439 5092 2502 5131 ex
2534 5076 2624 5132 illa
2668 5079 2959 5146 probarent
2988 5081 3129 5150 quod
3172 5082 3330 5136 beato
3363 5084 3563 5154 Cyrillc

1977 5166 2297 5235 detraxerit,
2336 5184 2440 5224 non
2470 5170 2613 5240 quod
2658 5170 2962 5227 Nestorium
3006 5173 3238 5227 voluerit
3263 5189 3562 5231 excusare:

1980 5346 2267 5425 Eustathii,
2293 5349 2378 5416 qui
2407 5350 2709 5425 c_am_velut
2749 5352 2967 5422 impiam
2998 5353 3445 5422 condemnarunt,
3474 5354 3559 5425 ju-

1977 5418 2170 5471 dicium
2214 5421 2593 5489 cotttproharit.

1976 5660 2074 5713 que
2107 5644 2353 5714 ﬁngatur,
2385 5646 2522 5712 quod
2550 5651 2772 5713 synodus
2802 5645 2870 5694 ad
2899 5645 3287 5714 destructionem
3313 5654 3358 5694 et
3384 5645 3559 5697 cuiu.

1975 5716 2171 5766 sionem
2185 5713 2261 5768 ’ad
2283 5714 2474 5768 Malim
2496 5717 2743 5783 cptstula'.
2774 5714 2790 5763 Ι
2801 5716 2914 5764 bam
2942 5716 3114 5783 fecerit
3134 5713 3573 5773 anathematizato.

1979 5784 2027 5837 Ν
2036 5786 2310 5851 ι’διθνίιιηυ
2338 5800 2451 5851 qua
2471 5802 2570 5837 non
2595 5784 2910 5845 sefum,etc.
