3974 6330
425 360 530 416 695

1528 358 1815 415 FACUNDI
1855 358 2067 414 EPISC.
2108 358 2612 416 IIERMIANENSIS

3589 360 3695 416 696

431 490 660 546 cumque
698 475 1065 532 Nestorianum
1118 476 1315 532 vellent
1358 480 1605 532 eumdem
1638 478 1781 532 Ibam
1810 477 2000 539 videri,
2034 475 2079 534 A
2108 475 2247 542 quod
2276 475 2393 528 Ibus
2424 476 2559 544 apud
2592 440 2768 544 plu‘res
2797 477 3137 531 excosaverit
3166 478 3450 548 aliquando
3491 480 3686 538 Sedo-

433 570 601 638 niagis
636 570 733 623 hoc
762 587 825 623 ex
856 570 993 623 beati
1017 570 1199 639 Cyrilli
1240 570 1573 625 detractione
1613 586 1771 638 quam
1803 585 1867 625 ex
1900 571 2005 625 Ne-

434 661 587 714 storii
627 661 970 715 excusatione
997 663 1078 715 vel
1109 660 1289 729 laude,
1333 662 1473 715 sicut
1510 662 1739 730 amplius
1773 663 2006 730 tingitur,

437 756 661 819 probare
707 754 881 807 conati
930 766 1077 808 sunt.
1132 755 1389 809 Dixerunt
1435 756 1575 808 enim
1624 757 1691 808 de
1740 756 1851 822 illo,
1885 756 2010 824 quia

432 845 778 900 Nestorianus
807 855 910 908 est,
939 857 990 901 et
1021 847 1233 900 beatum
1267 846 1521 915 Cyrillum
1553 848 1861 914 episcopum
1904 847 2013 899 ha!-

435 937 659 990 reticum
688 935 938 1002 appellat.
972 935 1037 987 Et
1066 935 1192 1004 quid
1222 951 1357 1001 opus
1387 943 1500 988 erat
1544 936 1645 988 isto
1674 936 1917 995 circuitu.
1952 944 2013 989 ut

434 1028 521 1095 qui
551 1026 707 1081 beato
729 1026 927 1095 Cyrillo
957 1025 1189 1079 Nestorii
1212 1025 1509 1079 damnatori
1532 1024 1860 1090 detraxerat,
1889 1026 2014 1079 hinc

434 1134 558 1171 eum
597 1116 969 1171 Nestorianum
1010 1115 1213 1169 vellent
1246 1114 1555 1179 ostendere,
1581 1130 1701 1169 cum
1744 1114 1842 1169 hoc
1870 1129 2015 1168 com-

437 1208 693 1275 pendiose
737 1216 921 1275 possit
956 1222 1019 1259 ex
1065 1206 1232 1272 ipsius
1271 1205 1500 1259 Nestorii
1547 1207 1891 1259 excusatione
1930 1206 2015 1259 vel

436 1301 751 1369 dogmatum
775 1298 897 1367 ejus
940 1298 1093 1351 laude
1129 1297 1436 1359 monstrari,
1479 1297 1523 1350 si
1565 1296 2015 1364 quemadmodum

437 1390 524 1444 isti
549 1389 825 1451 dixerunt,
856 1388 942 1441 illa
983 1388 1209 1456 epiStola
1240 1396 1552 1441 excusasset
1580 1386 1633 1440 ‘?
1662 1385 1813 1452 Quod
1844 1387 1888 1438 si
1920 1401 2018 1440 nec

438 1481 507 1534 ab
540 1480 669 1547 ipsis
711 1477 1187 1533 calumniatoribus
1217 1494 1283 1532 ex
1312 1478 1499 1531 eadem
1533 1477 1756 1544 cpiStoIa
1787 1477 1893 1529 tale
1923 1476 2019 1529 ali-

439 1571 568 1642 quid
594 1572 865 1626 invenitur
894 1569 1189 1639 obiectum.
1219 1579 1477 1639 quantum
1506 1568 1755 1621 videntur
1786 1567 1838 1620 hi
1870 1566 2023 1620 mali-

441 1668 565 1719 tiam
594 1680 781 1720 eorum
807 1674 861 1718 et
888 1663 1273 1733 impudentiam
1304 1664 1661 1730 supergressi,
1686 1670 1743 1713 ut
1771 1660 1913 1730 quod
1946 1660 2021 1714 illi

442 1772 542 1811 nec
578 1757 628 1810 in
667 1757 903 1826 querelis
943 1755 1087 1825 apud
1128 1756 1481 1824 imperatores
1519 1752 1799 1821 depositis,
1832 1766 1932 1806 nec
1969 1752 2021 1805 in

2112 566 2268 621 rium.
2311 567 2442 620 Nam
2486 582 2606 620 cum
2653 576 2771 634 post
2808 567 3202 624 damnationem
3234 571 3399 639 ipsius
3428 570 3687 631 NeStorii.

2110 658 2397 711 orientales
2449 658 2686 726 episcopi
2718 667 2875 727 atque
2914 658 3027 727 ipse
3058 661 3519 715 reverentissimus
3548 662 3690 726 Ibas,

2110 763 2231 803 cum
2250 758 2435 803 sancto
2457 749 2661 803 Joanne
2682 751 3015 804 Antiocheno
3030 750 3297 817 Ephesum
3321 751 3692 819 pervenirent,

2113 840 2178 893 de
2207 842 2453 907 capitulis
2481 852 2682 893 tantum
2716 841 2853 895 beati
2884 840 3090 913 Cyrilli,
3118 841 3259 910 quod
3287 842 3352 895 ibi
3376 841 3573 895 fuerint
3596 858 3693 911 ap-

2113 932 2355 1000 probata,
2372 933 2645 1000 conquesti
2664 942 2806 999 sunt,
2824 934 2962 985 sicut
2976 947 3160 986 eorum
3180 934 3372 1000 scripta
3391 932 3697 994 declarant:

2114 1022 2243 1075 nihil
2287 1034 2464 1076 autem
2510 1033 2632 1076 sunt
2674 1023 2740 1077 de
2780 1023 3007 1077 Nestorii
3048 1011 3394 1078 damnatione
3434 1026 3638 1078 causali
3676 1042 3692 1078 :

2115 1114 2256 1180 quod
2301 1116 2460 1168 etiam
2508 1116 2827 1170 venerabilis
2855 1117 2972 1170 lbas
2998 1118 3050 1171 in
3080 1118 3177 1170 hac
3206 1118 3429 1183 epistola
3460 1120 3540 1171 sic
3571 1135 3700 1172 nare

2117 1206 2255 1258 ravit
2282 1224 2296 1259 :
2327 1224 2345 1256 ε
2382 1206 2508 1261 Post
2533 1208 2667 1261 duos
2697 1220 2872 1262 autem
2896 1208 3011 1262 dies
3032 1208 3376 1276 depositionis
3405 1210 3520 1278 ejus
3544 1211 3697 1264 veni-

2119 1310 2237 1350 mus
2279 1297 2340 1349 in‘
2376 1297 2675 1365 Ephesum;
2709 1308 2763 1352 et
2802 1301 3247 1369 cognoscentibus
3295 1300 3447 1354 nobis
3487 1304 3613 1370 quia
3646 1304 3697 1357 in

2119 1387 2464 1442 damnatione
2490 1389 2720 1443 Nestorii
2743 1406 2863 1459 qua:
2891 1391 3026 1445 facta
3053 1402 3134 1445 est
3160 1391 3229 1445 ab
3252 1391 3347 1456 eis,
3380 1392 3445 1445 12
3467 1395 3699 1461 capitula

2120 1498 2241 1552 qua:
2269 1499 2298 1536 a
2329 1482 2527 1554 Cyrillo
2563 1486 2862 1553 conscripta
2906 1495 3051 1551 sunt,
3103 1487 3367 1539 contraria
3415 1487 3700 1544 existentia

2122 1589 2263 1628 vera:
2288 1575 2429 1639 ﬁdei,
2446 1586 2759 1644 posuerunt,
2776 1587 2827 1629 et
2850 1576 3215 1639 ﬁrmaverunt,
3239 1586 3296 1631 et'
3311 1590 3702 1634 consenserunt

2123 1669 2221 1729 eis,
2256 1675 2504 1734 tanquam
2536 1684 2675 1723 verte
2703 1669 2822 1721 lidci
2850 1667 3289 1733 consonantibus,
3313 1683 3501 1724 oniucs
3526 1673 3701 1725 oriens

2127 1763 2259 1816 tales
2283 1764 2516 1830 episcopi
2545 1763 2791 1817 eumdem
2819 1762 3073 1829 Cyrillum
3104 1764 3508 1827 damnaverunt,
3534 1773 3593 1817 et
3614 1764 3701 1817 ad-

443 1848 656 1918 ῖιιιίίείίε
692 1848 1085 1916 θρίεεορδῖἱϋυε
1122 1856 1247 1901 ³1118
1278 1843 1713 1900 (ἷιιηιθεάοηθηεϐ
1738 1844 2020 1897 contuitu“
2057 1844 2099 1904 Β
2130 1868 2312 1908 versus
2334 1854 2467 1907 alios
2488 1854 2766 1922 cpisc0pos
2788 1854 2877 1923 qui
2901 1861 3289 1909 consenserunt
3314 1853 3430 1922 ejus
3459 1856 3701 1923 capitulis

443 1954 548 1991 non
580 1939 743 1992 semel
772 1940 1031 2007 expertis,
1070 1953 1170 1992 nec
1199 1938 1249 1989 in
1283 1938 1398 2005 ipso
1430 1950 1621 2004 magno
1649 1943 1704 1989 et
1730 1936 2023 1989 universali

443 2031 674 2085 concilio
705 2038 1048 2085 tentaverunt
1076 2030 1335 2097 objicere,
1360 2028 1457 2096 ipsi
1487 2034 1609 2096 post
1632 2028 1870 2096 ejusdem
1899 2041 2025 2080 con-

444 2124 551 2176 cilii
593 2123 913 2177 sententiam
954 2123 1339 2175 crim'nentur!
1391 2119 1487 2183 Illi,
1518 2120 1761 2188 quamvis
1791 2118 2028 2171 obstina-

447 2214 640 2267 tissimi
676 2222 731 2267 et
776 2213 890 2279 ipsa
933 2212 1293 2265 obstinatione
1328 2225 1425 2263 sua
1466 2208 1670 2274 caecati,
1704 2208 1947 2262 viderunt
1974 2215 2029 2260 et

445 2323 471 2360 s
495 2308 546 2361 bi
581 2316 739 2375 turpe
768 2306 882 2359 fore
913 2315 968 2359 et
996 2305 1114 2359 aliis
1143 2305 1472 2365 incredibile,
1504 2305 1546 2356 si
1582 2304 1821 2357 dicerent
1851 2304 1903 2356 in
1940 2303 2026 2356 illa

446 2400 668 2470 epistola
717 2399 1022 2454 Nestorium
1083 2398 1245 2451 fuisse
1302 2397 1612 2461 defensum;
1662 2406 1716 2449 et
1764 2400 2030 2463 sapientes

448 2493 615 2547 nostri
640 2507 743 2545 non
777 2493 949 2545 solum
981 2490 1198 2543 dicibiIe
1226 2489 1323 2542 sibi
1359 2489 1457 2542 hoc
1486 2503 1624 2550 esse,
1660 2503 1842 2541 verum
1870 2488 2028 2540 etiam

449 2583 600 2638 nobis
638 2582 894 2636 credibile
936 2590 1278 2650 putaverunt.
1330 2580 1575 2634 Viderint
1626 2590 1803 2633 autem
1850 2589 2029 2632 utrum

448 2676 567 2730 illos
597 2676 669 2729 ita
698 2675 911 2728 mentiri
943 2675 1152 2741 deceat,
1191 2674 1344 2726 nobis
1384 2682 1559 2726 tamen
1589 2673 1729 2741 quod
1762 2674 2030 2725 mentiun-

447 2781 534 2823 tur
559 2768 870 2823 incredibile
896 2782 1017 2821 csse
1044 2774 1391 2835 cognoscant.
1426 2766 1673 2818 Advertis
1698 2764 1895 2831 itaque,
1926 2765 2031 2817 cle-

448 2862 777 2918 mentissimc
807 2863 1116 2930 imperator,
1149 2860 1287 2927 quod
1320 2860 1543 2927 epistola
1574 2859 1896 2913 venerabilis
1929 2858 2032 2911 lbce

447 2972 473 3009 a
504 2956 635 3010 falso
662 2955 890 3008 crimine
920 2954 1157 3008 excusati
1196 2953 1421 3007 Nestorii
1459 2952 1618 3005 etiam
1660 2961 2031 3006 accusatorum

447 3063 667 3104 suorum
710 3048 1084 3104 testiﬁcatione
1130 3056 1407 3117 purgetur,
1449 3061 1547 3101 nec
1587 3046 1812 3116 alicujus
1852 3048 1901 3099 in
1936 3047 2036 3101 hoc

448 3143 757 3196 assertionis
799 3141 1052 3211 indigeat,
1085 3141 1134 3193 in
1167 3157 1273 3208 quo
1308 3155 1425 3194 eam
1460 3140 1540 3194 sui
1571 3153 1785 3208 quoque
1816 3154 2035 3192 aer-usa—

2127 1946 2732 2001 cxcommnnicationem
2755 1947 3125 2002 decreverunt.
3150 1965 3168 1997 ι
3188 1946 3291 1999 Pro
3308 1947 3557 2013 capitulis
3580 1962 3701 2016 ergo

2126 2048 2329 2092 tantum
2354 2040 2493 2093 beati
2523 2038 2707 2105 Cyrilli
2732 2055 2957 2106 quorum
2986 2038 3299 2108 ignorabant
3330 2039 3701 2103 intentiOnem,

2134 2146 2237 2183 non
2268 2132 2429 2184 etiam
2465 2146 2559 2198 pro
2589 2131 3034 2183 condcmnatione
3065 2130 3291 2183 Nestorii
3337 2131 3699 2183 reverentissi-

2134 2240 2251 2277 mus
2291 2224 2407 2276 Ibas
2445 2222 2735 2275 orientales
2779 2222 3059 2289 episcopos
3103 2221 3241 2274 dixit
3280 2220 3533 2273 offensos.
3570 2220 3701 2284 ριιο.

2131 2317 2289 2371 modo
2327 2331 2454 2383 ergo
2492 2316 2572 2368 vel
2616 2316 2727 2380 ipse
2756 2323 2939 2368 contra
2975 2314 3111 2366 beati
3156 2313 3376 2366 Joannis
3414 2311 3699 2365 Antioche-

2132 2410 2184 2462 ni
2222 2409 2309 2478 qui
2360 2407 2409 2459 in
2461 2421 2525 2458 eo
2568 2407 2851 2473 primatum
2910 2404 3119 2468 habuit,
3174 2405 3441 2471 totiusque
3492 2402 3702 2456 cnneilii

2131 2498 2431 2559 orientalis,
2476 2514 2538 2551 ac
2579 2512 2733 2551 suum
2778 2498 3065 2565 judicium,
3113 2496 3417 2550 Nestorium
3466 2499 3703 2549 conscri-

2134 2594 2346 2646 bentem
2380 2592 2545 2644 libros
2577 2591 2765 2644 noxios
2796 2598 3110 2655 excusaret,
3150 2590 3233 2644 vel
3277 2589 3376 2657 ipsi
3406 2588 3523 2654 ejus
3554 2602 3703 2642 aceti-

2134 2694 2341 2738 satores
2362 2684 2687 2736 crediturum
2718 2682 2816 2735 sibi
2840 2696 3155 2750 quemquam
3179 2689 3491 2746 sperarent,
3522 2680 3566 2732 si
3594 2680 3720 2735 hinc

2134 2790 2254 2829 eum
2300 2783 2483 2827 contra
2532 2774 2793 2841 publicam
2839 2774 3081 2826 notitiam
3134 2774 3599 2826 criminarentur?
3651 2774 3715 2827 Et

2136 2865 2287 2928 ideo,
2313 2865 2429 2918 sive
2458 2865 2546 2917 illa
2573 2864 2797 2933 cpistola
2828 2865 2931 2917 Ibre
2958 2879 3080 2919 esse
3104 2864 3332 2928 dicatur,
3365 2863 3478 2917 sive
3508 2865 3577 2916 ab
3599 2862 3719 2931 ejus

2137 2960 2539 3015 accusatoribus
2599 2960 2937 3028 perhibeatur
2987 2974 3106 3013 esse
3163 2958 3423 3021 conﬁcta,
3471 2971 3578 3010 non
3636 2966 3719 3011 est

2137 3054 2506 3108 arbitrandum
2538 3052 2680 3121 quod
2711 3044 3023 3105 omitterent
3054 3051 3177 3104 hinc
3206 3066 3329 3103 eum
3358 3064 3645 3111 accusare,
3678 3048 3719 3102 si

2138 3148 2375 3201 viderent
2404 3147 2503 3200 hoc
2526 3160 2646 3200 esse
2668 3144 2945 3199 credibile.
2970 3143 3208 3210 Amplius
3232 3153 3405 3195 tamen
3425 3141 3717 3194 absurdum

447 3245 593 3289 tores
641 3234 966 3287 sufﬁcienter
1013 3240 1293 3288 excusant.
1348 3230 1452 3285 Sed
1504 3230 1629 3297 quid
1678 3232 1919 3283 dicemus
1966 3211 2104 3285 dcc
2139 3249 2220 3292 est
2260 3237 2467 3305 opinari
2514 3235 2652 3305 quod
2732 3242 3069 3289 accttsatmes
3131 3232 3273 3286 illam
3321 3234 3603 3301 epistolam
3654 3248 3723 3286 ex

449 3326 732 3380 calumniis
756 3332 1055 3391 temporum
1089 3316 1419 3387 nostrorum,
1444 3329 1501 3373 ut
1530 3320 1669 3389 quod
1701 3330 1825 3373 tunc
1851 3320 2033 3387 puduit

450 3419 941 3489 impudentissimos
985 3426 1349 3479 accusatores,
1382 3414 1544 3468 modo
1585 3429 1687 3467 non
1723 3413 1917 3480 pudeat
1944 3412 2035 3481 ju-

448 3512 615 3575 iliccs,
656 3518 711 3564 et
753 3509 938 3579 quales
982 3508 1227 3577 judiccs?
1269 3522 1373 3559 non
1416 3505 1683 3568 humanae,
1718 3505 1810 3559 sed
1842 3504 2037 3558 divina:

448 3602 803 3666 auctoritatis,
838 3601 976 3655 sicut
997 3600 1327 3653 existimant.
1355 3598 1486 3651 Nam
1510 3597 1725 3665 judices
1756 3608 1875 3649 sunt
1895 3596 2039 3663 judi-

447 3710 567 3749 cum
608 3705 660 3750 et
698 3694 904 3763 judices
946 3700 1304 3747 mortuorum.
1344 3691 1408 3745 Et
1449 3706 1513 3743 ex
1559 3689 1641 3743 his
1671 3688 1885 3757 quidem
1918 3703 2035 3755 qua:

446 3790 587 3841 circa
634 3784 1001 3841 venerabilem
1050 3783 1190 3838 Ibam
1224 3792 1369 3852 gesta
1409 3790 1556 3847 sunt,
1602 3780 1731 3833 satis
1769 3794 2037 3846 superque

448 3878 791 3944 probavimus
831 3876 1076 3931 malivola
1130 3872 1577 3942 interpretatione
1622 3871 1848 3937 jactari,
1891 3869 2036 3938 quod

449 3970 726 4024 Nestorius
771 3971 822 4023 in
863 3966 983 4036 ejus
1023 3966 1249 4035 epistola
1295 3964 1454 4017 fuerit
1487 3972 1796 4014 excusatus.
1831 3960 1885 4013 Si
1918 3960 2037 4027 quis

447 4074 624 4118 autem
654 4073 705 4117 et
737 4063 837 4115 hoc
865 4060 1192 4120 consideret,
1227 4057 1369 4125 quod
1402 4056 1543 4108 idem
1575 4052 1897 4107 venerabilis
1921 4051 2037 4105 lbas

447 4156 632 4209 venire
682 4168 786 4205 non
839 4159 1021 4219 posset
1068 4158 1254 4203 contra
1295 4147 1554 4217 judicium
1608 4144 1778 4198 sancti
1819 4143 2038 4197 Joannis

447 4248 792 4314 A‘ntiochcni,
822 4246 907 4300 cui
940 4256 1136 4300 tantam
1163 4244 1323 4299 tribui
1376 4241 1769 4304 auctoritatem,
1796 4247 1849 4293 et
1879 4250 2038 4291 caete-

445 4356 629 4398 rorum
672 4340 1023 4395 Orienta‘ium
1069 4347 1231 4406 atque
1272 4337 1496 4390 aliorum
1519 4349 1640 4388 cum
1674 4333 1751 4387 eis
1781 4333 1832 4384 in
1864 4330 2038 4397 Ephe-

446 4453 563 4491 sum
612 4452 676 4491 ex
721 4434 952 4490 diversis
1000 4432 1288 4502 provinciis
1326 4426 1785 4487 convenientium,
1819 4426 1905 4493 qui
1935 4422 2035 4476 Ne-

446 4530 696 4594 storium,
730 4527 855 4580 licet
888 4524 1006 4579 sine
1050 4522 1250 4593 judicio
1282 4535 1378 4575 suo
1404 4520 1488 4575 cui
1516 4518 1802 4587 deputatus
1843 4514 2032 4573 fixerat,

444 4619 895 4683 condemnatum,
939 4614 1328 4669 absolvendum
1376 4620 1553 4665 tamen
1605 4623 1711 4661 non
1755 4605 2034 4675 judicave-

446 4722 591 4777 runt,
644 4710 813 4764 multo
868 4706 1202 4761 manifestius
1258 4702 1551 4774 cognoscit,
1604 4700 1852 4769 quoniam
1908 4711 2029 4749 cum

446 4806 749 4859 nullatenus
794 4803 1090 4858 excusavit.
1124 4798 1275 4867 Quod
1321 4795 1692 4852 considerasse
1724 4792 1883 4845 etiam
1918 4788 2033 4858 ejus

446 4904 790 4949 accusatores
832 4894 1099 4956 existimo,
1132 4901 1191 4945 ut
1212 4905 1331 4944 cum
1364 4888 1613 4941 diuturna
1643 4881 2031 4950 excogi'atiOne

446 4987 700 5039 adversus
731 4993 1081 5038 memoratum
1127 4980 1621 5036 reverentissimum
1651 4976 1793 5028 Ibam
1836 4981 1911 5025 tot
1943 4987 2029 5025 ca-

447 5076 676 5132 lumnias
716 5084 1103 5144 prtestruerent
1143 5073 1428 5136 inauditas,
1462 5082 1637 5124 tamen
1682 5062 2030 5133 impudentis-

445 5185 637 5225 sstnmn
660 5169 961 5235 iudicarent
984 5176 1163 5222 contra
1187 5164 1421 5218 omnium
1441 5160 1821 5215 conscientiam
1850 5155 2029 5209 dicere

2141 3332 2358 3385 nomine
2401 3329 2718 3384 venerabilis
2771 3329 2871 3382 Ibc
2914 3328 3175 3395 tingentes
3202 3373 3214 3390 ,
3261 3338 3319 3379 ut
3370 3327 3721 3379 Ni-storianns

2140 3423 2433 3483 videretur,
2467 3420 2598 3475 nihil
2626 3422 2673 3473 ei
2706 3420 2787 3473 vel
2820 3421 2869 3471 in
2901 3421 3061 3471 tantis
3088 3417 3481 3486 episcopalibus
3506 3418 3722 3486 judiciis

2138 3526 2259 3571 ante
2291 3515 2727 3570 Chalcedonense
2757 3512 3040 3567 concilium
3066 3550 3080 3577 ,
3115 3510 3197 3564 vel
3233 3512 3281 3562 in
3316 3512 3431 3579 ipso
3459 3511 3712 3567 concilio.

2138 3610 2205 3663 de
2234 3609 2465 3661 Nestorii
2489 3607 2798 3661 defensione
2823 3612 3087 3657 tentarent
3112 3602 3368 3670 objiccre.
3394 3603 3525 3654 Nam
3560 3604 3603 3654 si
3639 3603 3723 3655 ilia

2141 3701 2296 3753 verba
2327 3700 2519 3766 quibus
2547 3699 2747 3751 dictum
2780 3706 2864 3749 est
2909 3714 2920 3746 :
2956 3695 3030 3748 De
3067 3695 3373 3762 episcopatu
3414 3692 3719 3746 Nestorium

2139 3792 2502 3859 deposuerunt
2543 3788 2743 3857 judicio
2787 3796 2840 3840 et
2889 3784 3228 3854 inquisitione
3280 3798 3386 3836 non
3445 3782 3620 3845 facta;
3670 3792 3724 3835 et

2141 3883 2330 3936 iterum
2367 3900 2379 3933 :
2414 3880 2691 3934 Nestorius
2718 3887 2918 3943 autem,
2952 3876 3203 3945 quoniam
3227 3888 3337 3927 sum
3366 3874 3570 3926 civitati
3599 3874 3726 3927 odio

2140 3984 2257 4028 erat
2284 3984 2335 4028 et
2368 3975 2456 4042 qui
2491 3982 2646 4026 erant
2674 3971 2723 4023 in
2756 3986 2815 4023 ea
2846 3967 3349 4027 excellentioribus,
3381 3964 3473 4019 illo
3524 3966 3723 4017 reverti

2142 4081 2247 4119 non
2278 4064 2442 4132 potuit
2472 4082 2485 4115 :
2512 4063 2815 4117 Nestorium
2842 4060 3145 4129 signiﬁcant
3170 4066 3506 4121 excusatum,
3538 4069 3634 4108 cur
3659 4069 3724 4108 ea

2142 4157 2361 4211 tinxisse
2389 4156 2674 4209 credantur
2702 4153 2959 4206 adversus
2987 4151 3295 4219 episcopum
3313 4190 3327 4213 ,
3360 4145 3573 4215 quando
3600 4161 3721 4198 eum

2142 4261 2246 4301 non
2294 4256 2681 4301 accusaverunt
2734 4257 2831 4312 pro
2881 4242 3227 4296 excusatione
3271 4236 3725 4292 Nestorii?‘l.‘nde

2140 4346 2269 4398 satis
2301 4343 2601 4396 insinuatur
2626 4340 2766 4411 quod
2795 4348 2848 4393 et
2878 4339 2979 4393 Ibat
3004 4338 3077 4391 sit
3106 4337 3197 4390 illa
3237 4335 3485 4404 epistola,
3514 4342 3569 4387 et
3595 4332 3723 4385 falso

2139 4437 2350 4490 dicatur
2380 4447 2665 4489 excusasse
2688 4431 3014 4486 Nestorium.
3042 4428 3149 4483 Sed
3188 4442 3284 4482 nec
3323 4433 3441 4495 post
3469 4424 3720 4479 condem-

2140 4528 2409 4582 nationem
2467 4522 2833 4580 tantummodo
2867 4565 2881 4589 ,
2941 4536 3124 4575 verum
3181 4518 3341 4574 etiam
3410 4516 3716 4584 priusquam

2140 4623 2622 4688 eondemnaretur,
2669 4619 2807 4673 idem
2848 4615 3124 4671 Nestorius
3154 4611 3423 4666 invenitur
3449 4609 3521 4663 ab
3549 4608 3720 4660 oriem

2142 4715 2336 4768 talibus
2366 4712 2630 4781 episcopis
2656 4725 2751 4779 per
2789 4716 3139 4763 memoratum
3175 4711 3417 4755 sanctum
3463 4699 3719 4753 Joannem

2122 4786 2534 4862 rAntiocbenum
2568 4811 2591 4838 α
2622 4816 2743 4855 esse
2774 4801 3036 4865 culpatus.
3067 4793 3198 4849 Nam
3228 4791 3473 4846 scribens
3505 4791 3552 4844 ei
3585 4787 3720 4857 quod

2138 4912 2274 4951 vane
2307 4903 2579 4950 tecusaret
2621 4894 2829 4947 beatam
2871 4889 3090 4943 Mariam
3138 4895 3361 4940 matrem
3410 4882 3507 4935 Dei
3556 4879 3719 4933 nomi-

2139 5004 2301 5055 nare,
2350 4986 2426 5040 sic
2455 4985 2583 5040 dicit
2613 5001 2625 5036 :
2664 5001 2683 5033 ι
2724 4983 2832 5051 Ego
2866 4994 2993 5033 vero
3026 4994 3127 5030 non
3156 4973 3319 5029 veluti
3365 4972 3717 5026 accusabilcm

2141 5092 2282 5135 tuam
2312 5079 2648 5132 sanctitatem
2687 5074 2752 5127 ad
2784 5070 3159 5139 corrigendum
3192 5067 3412 5120 verbum
3446 5065 3716 5125 exhortor,

2140 5186 2313 5241 neque
2347 5170 2509 5223 veluti
2542 5168 2604 5221 ad
2635 5164 3090 5227 contrarietatem,
3117 5170 3175 5214 ut
3207 5160 3279 5213 ila
3319 5158 3519 5219 dicam,
3549 5155 3717 5226 pueri-

518 5363 540 5386 "
569 5376 801 5431 Ilalietur
834 5375 1033 5439 integra
1076 5368 1295 5423 Joannis
1336 5361 1655 5420 Antiocheni
1687 5354 1911 5426 epistola
1953 5351 2017 5405 ad
2050 5348 2353 5405 Nestorium
2389 5366 2455 5404 ex
2490 5362 2593 5415 qoa
2629 5347 2679 5402 h;
2714 5361 2744 5401 c
2787 5345 3035 5411 decerp'a
3075 5350 3227 5399 sunt,
3264 5345 3416 5405 parte
3478 5351 3506 5387 ti
3535 5327 3715 5401 synodi

444 5450 749 5519 Ephesium,
791 5463 935 5499 nunt.
968 5442 1058 5495 ‘25.

517 5630 533 5660 '
552 5628 683 5681 Cod.
702 5627 919 5683 \'eron.,
941 5622 1031 5674 illa
1054 5619 1270 5687 epistola
1285 5617 1523 5687 dagmnta
1540 5604 1767 5687 Ναξιονῆ
1784 5601 2023 5687 laudibus

438 5672 834 5768 uicini
846 5672 1120 5768 proferant
1143 5690 1235 5768 ubi
1260 5687 1335 5768 uel
1354 5672 1465 5768 "ipsi
1933 5688 2021 5768 :15:

446 5742 793 5824 ita
820 5742 1017 5817 m'eu'tiri
1040 5742 1153 5813 ensi
1180 5765 1317 5822 sunt,
1348 5742 1401 5806 ui
1426 5751 1573 5803 illum
1601 5751 1820 5824 dicerent
1856 5746 1908 5824 in
1934 5742 2024 5824 ilia

446 5814 661 5912 spistoia
679 5814 958 5889 ‘excusassc
1001 5814 1319 5887 Nestorium,
1345 5823 1418 5877 vel
1441 5823 1549 5886 ejus
1582 5820 1821 5886 dogmata
1857 5814 2026 5867 laudi-

2135 5604 2224 5655 bus
2253 5598 2517 5664 a/fccisse?
2551 5593 2696 5658 Quad
2726 5592 2787 5664 si,
2866 5659 2879 5664 _
3134 5654 3166 5664 η
3211 5652 3241 5664 Α.
3365 5663 3370 5664 γ
3555 5646 3568 5664 ¹
3594 5644 3616 5664 ρ
3649 5640 3679 5664 η

2210 5643 2695 5734 iii‘é’éi’d‘fuginéuii
2723 5661 2825 5734 ita
2849 5659 3041 5711 desunt
3064 5652 3402 5715 collationcs,
3428 5646 3570 5719 quod
3594 5643 3725 5699 folia-

2136 5745 2241 5799 duo
2267 5741 2375 5795 sint
2405 5730 2470 5792 de
2498 5730 2683 5789 codice
2712 5730 2907 5785 ablata.
