3974 6330
3335 367 3442 424 698.

1939 494 2067 548 tanti
2087 494 2280 564 synodo
2334 493 2495 545 visum
2524 508 2622 564 non
2672 491 2848 561 fuisse,
2909 496 2964 541 ut
3020 496 3286 559 propterea
3328 501 3440 556 ejus

1936 562 2196 634 epistol—am
2223 562 2660 617 condemnandam
2703 568 2946 614 censeret.

177 399 286 456 89?
1057 389 1188 445 PRO
1229 385 1656 445 DEFENSlONE
1695 381 1918 438 τηιωιι-
1949 379 2263 436 C.\PlTBI..
2305 378 2435 434 ΗΒ.
2481 377 2587 432 VII.

177 518 308 573 lem.
331 513 438 570 Sed
469 511 646 581 qnia-a
669 517 720 562 tc
745 515 797 562 ct
818 509 1011 574 smptus
1037 515 1088 559 et
1111 504 1174 559 ad
1204 503 1396 557 mullos
1417 503 1614 556 dictum
1646 509 1750 564 est,
1786 503 1834 558 Α

177 612 320 666 sicut
367 602 710 676 agnovimus,
741 598 884 668 quod
932 612 1036 650 non
1069 597 1391 650 erubescens
1422 595 1489 648 de
1534 594 1631 645 hac
1676 592 1762 658 pia

176 699 516 758 eonfessione
545 695 719 750 solum
761 706 952 744 nomen
986 701 1202 742 recusas
1234 705 1246 740 :
1283 687 1524 740 siautem
1554 699 1584 736 a
1613 682 1762 735 vobis

178 793 348 862 aliqui
377 790 426 843 in
458 784 685 841 ecclesia
717 795 1031 850 magnorum
1061 787 1120 832 et
1153 781 1252 830 hoc
1281 776 1562 844 exquirant
1561 814 1597 856 θ
1630 789 1765 826 nun-

177 901 338 956 quam
387 881 660 938 recusabis
698 887 753 932 et
801 875 895 930 Dei
944 875 1254 942 genitricem
1304 871 1485 926 dicere
1524 879 1760 924 sanctam

183 978 478 1047 Virginem.
510 970 741 1027 Proinde
768 968 834 1022 ad
866 977 1010 1022 tuum
1045 978 1102 1020 te
1138 965 1414 1027 exhortor,
1448 963 1500 1016 in
1538 977 1643 1030 quo
1672 974 1765 1014 vos

180 1084 286 1123 non
318 1079 502 1121 errare
530 1062 750 1130 cognovi
779 1076 792 1110 ε
823 1073 1016 1111 nomen
1049 1063 1104 1109 et
1131 1054 1350 1107 verbum
1383 1051 1460 1105 illi
1487 1050 1564 1104 rei
1591 1049 1698 1117 jam
1735 1063 1764 1101 a

179 1157 364 1214 multis
395 1153 642 1210 Patribus
679 1147 1047 1209 constitutum,
1081 1154 1136 1199 et
1165 1143 1424 1211 scriptum
1445 1181 1458 1204 ,
1484 1148 1537 1192 et
1565 1139 1763 1192 dietnm

181 1261 284 1306 est.
328 1249 443 1304 Non
486 1247 662 1314 itaque
701 1247 912 1311 oportet
940 1257 988 1291 nc
1009 1254 1135 1307 gare
1173 1235 1433 1296 \‘erbutn,
1469 1233 1623 1302 cujus
1649 1247 1762 1285 rem

181 1343 236 1396 in
265 1340 448 1394 animo
491 1337 691 1390 habere
719 1348 814 1402 pro
845 1331 1113 1384 intellectu
1146 1326 1408 1396 probaris.
1444 1324 1558 1378 Hoc
1581 1323 1764 1391 itaque

183 1445 384 1485 nomen
434 1426 610 1482 nullus
650 1421 1141 1478 ecclesiasticarum
1201 1417 1478 1470 doctorum
1534 1420 1764 1468 recusat.

183 1523 286 1590 Qui
331 1521 474 1576 enim
505 1532 572 1572 eo
618 1514 698 1570 usi
725 1522 872 1576 sunt,
905 1519 961 1566 et
990 1508 1204 1578 plurimi
1234 1515 1361 1562 sunt
1403 1516 1456 1560 et
1487 1504 1721 1572 insignes
1749 1519 1766 1556 :

184 1613 274 1681 qui
302 1620 484 1665 autem
512 1609 592 1664 usi
623 1622 728 1660 non
753 1612 900 1672 sunt,
931 1619 1034 1656 non
1063 1601 1415 1669 culpaverunt
1443 1605 1676 1650 utentes.
1707 1595 1769 1646 Et

183 1719 324 1758 “me
355 1717 474 1764 ποθι
500 1704 639 1756 δίευί
668 1705 893 1767 appar“
913 1734 928 1757 ι
954 1706 1205 1759 “mquam
1234 1689 1463 1758 dul’“eis
1497 1685 1770 1742 emmim“
1873 1717 1968 1773 per
1996 1718 2154 1772 quam
2196 1710 2526 1756 memoratus
2567 1697 3031 1752 reverentissimus
3062 1692 3178 1745 lbas
3217 1704 3337 1742 cum
3370 1697 3454 1740 tot

185 1796 353 1851 tionis
377 1793 569 1863 gratia,
596 1791 648 1844 in
679 1789 1050 1844 hmretieorum
1077 1799 1265 1852 pravas
1291 1781 1569 1848 Opiniones
1593 1777 1772 1830 i-neur-
1807 1862 1812 1863 γ
1875 1795 2272 1863 provinciarum
2323 1793 2588 1861 episcopis
2630 1789 2913 1844 fauebmur
2939 1786 2990 1839 in
3035 1796 3261 1853 persona
3306 1778 3458 1834 beau.

185 1862 462 1951 ciinuspet
489 1881 845 1938 conscientias
864 1879 1083 1934 fratrum
1107 1875 1248 1929 nulla
1280 1872 1503 1926 utilitate
1525 1877 1766 1923 exstante
1802 1862 1840 1919 Β
1869 1862 2078 1954 cyrn",
2114 1883 2275 1936 multa
2303 1882 2414 1951 iam
2441 1882 2580 1935 diem
2613 1889 2758 1943 sum,
2800 1887 2854 1931 ει
2884 1877 3002 1945 plus
3031 1887 3188 1942 quam
3219 1868 3454 1923 sufﬁcie.

185 1989 475 2045 percussas
515 1972 837 2042 despicimus
870 1987 884 2024 :
920 1975 1229 2023 recusantes
1255 1977 1448 2017 nomen
1491 1960 1643 2028 cujus
1691 1959 1770 2011 in-
1873 1978 1963 2030 bat
1985 1987 2259 2030 ostensum
2287 1985 2373 2028 est
2399 1973 2538 2041 quod
2563 1972 2870 2025 hmeucum
2903 1983 2987 2021 res
3008 1966 3108 2020 is",
3139 1979 3242 2017 non
3273 1961 3452 2016 facim.

185 2071 466 2124 tellectum
501 2069 635 2122 bene
680 2065 991 2132 optimeque
1019 2059 1340 2128 recipimus,
1374 2056 1593 2110 multum
1626 2066 1774 2107 erra-

1906 2067 1978 2120 icd
2010 2066 2130 2135 quia
2159 2064 2444 2118 nonnullos
2473 2064 2721 2119 videmus
2759 2062 2808 2114 in
2840 2059 2946 2112 suis
2979 2056 3313 2112 remissiores
3339 2095 3352 2118 ,
3398 2052 3456 2104 in

185 2175 345 2223 "m5:
375 2159 545 2228 κηπείε
573 2169 748 2212 amem
789 2154 1155 2224 Ρθτῖοηιίηηιπ
1186 2151 1329 2205 εἶναι
1359 2145 1772 2203 inenarrabile"!
1873 2156 2062 2212 alienis
2078 2155 2506 2210 vehementiores
2532 2168 2651 2208 esse
2682 2152 2934 2221 peccatis,
2968 2163 3225 2216 suamque
3257 2145 3454 2199 sant-ti-

188 2251 652 2320 dispensationem
697 2247 955 2316 unigeniti
1002 2244 1120 2299 Filii
1177 2243 1290 2297 Dei.
1333 2241 1583 2309 Sequitur
1629 2239 1770 2292 enim

1906 2257 2038 2301 atem
2089 2247 2141 2300 in
2194 2243 2585 2313 exaggerandis
2657 2241 3022 2310 proximorum
3073 2233 3457 2289 offensionibus

186 2343 472 2396 ³¹³¹³¹νίοηθ
495 2340 726 2394 "ominis
750 2339 908 2408 hui“
923 2338 1004 2390 Vel
1025 2334 1426 2406 είῧηίίῖοθιῖουίε
1447 2330 1584 2400 θὶυες
1605 2342 1776 2397 neque
1875 2346 2165 2404 ostentare,
2217 2335 2361 2390 illam
2392 2348 2601 2404 quoque
2649 2344 3013 2387 removeamus
3036 2327 3285 2381 invidiam
3309 2364 3322 2386 ,
3352 2337 3462 2391 qua

195 2434 366 2486 Deum
396 2447 516 2488 esse
537 2446 659 2485 eum
683 2431 772 2499 (ιυὶ
799 2426 1210 2482 Ῐηθηηπθδηθιη
1241 2423 1480 2486 οοτβοῖῖδ
1501 2420 1777 2488 ἀίδβθηδθ-
1877 2431 2116 2504 graviter
2141 2438 2562 2499 conqueruntur,
2591 2426 2829 2480 dicentes
2857 2425 2908 2475 in
2970 2422 3051 2474 his
3074 2417 3320 2485 capitulis
3352 2431 3457 2467 non

191 2527 397 2577 """e’"
423 2536 521 2591 Pro
548 2521 702 2574 "oms
722 2519 977 2586 δυδθθβίίν
1011 2531 1182 2584 "eque
1204 2515 1367 2567 Dem“
1398 2511 1628 2565 verbm“
1657 2523 1779 2562 ενδ·
1881 2537 1988 2581 tam
2013 2528 2220 2580 beatum
2241 2523 2500 2596 Cyrillum
2523 2536 2680 2589 quam
2706 2521 2965 2589 synodum
2992 2513 3318 2583 Ephesinam
3343 2524 3458 2577 quas

187 2629 364 2667 cuntis
409 2628 468 2667 se
496 2613 668 2681 ipsum
689 2651 704 2674 ,
737 2622 792 2665 et
821 2609 1043 2662 formam
1083 2606 1222 2659 servi
1251 2603 1549 2671 accipiens,
1580 2601 1777 2654 inazsti-
1881 2622 1968 2676 illa
1993 2619 2105 2689 iam
2139 2625 2416 2684 receperat
2440 2655 2454 2677 ,
2489 2613 2650 2665 fuisse
2681 2612 2946 2677 cuipam",
2982 2622 2996 2659 ε
3032 2619 3126 2657 nec
3157 2616 3314 2670 posse
3369 2615 3461 2663 εν,

192 2705 453 2761 inabilem
483 2705 624 2757 circa
657 2719 754 2756 nos
781 2700 1162 2754 m'sericordia:
1205 2712 1317 2750 suae
1361 2695 1777 2763 magnitudinem

1906 2711 2098 2763 irobari
2135 2710 2273 2760 hanc
2302 2703 2583 2773 epistolam
2608 2743 2621 2764 ,
2656 2700 2755 2752 nisi
2781 2698 2964 2750 eadem
3006 2693 3239 2764 synodus
3267 2691 3458 2750 impro-

190 2797 593 2857 llCﬂlOlh‘ll‘allS,
615 2792 947 2847 sicutdiviua
969 2791 1064 2843 hac
1087 2788 1484 2856 diSpensatione
1507 2784 1724 2838 factum.
1757 2802 1777 2834 ι
1885 2779 2059 2855 betur.
2091 2798 2225 2851 "inc
2254 2796 2496 2848 volentes
2527 2792 2766 2854 efﬁcere,
2797 2797 2852 2839 ιη
2896 2800 3143 2851 magnum
3172 2779 3465 2834 Clmkcdu,

201 2891 333 2943 Cum
386 2887 545 2956 ίεῑιυτ
587 2886 653 2937 ab
703 2882 1064 2938 υτίθηίθηδηε
1112 2890 1166 2934 et
1213 2892 1336 2933 “me
1384 2877 1781 2931 dam'm-‘lom‘m
1889 2905 2056 2946 nense
2085 2888 2396 2952 concilium,
2429 2883 2568 2952 quod
2595 2882 2738 2934 illam
2768 2876 3027 2946 judicavit
3083 2873 3460 2932 orthodoxam,

192 2988 484 3045 correptus
534 2976 810 3030 Nestorius
851 2972 1190 3034 ostendatur,
1239 2979 1293 3024 et
1337 2977 1457 3038 post
1487 2969 1781 3021 damnatio.

1910 2983 2052 3050 psius
2084 2978 2371 3047 Ephesinre
2417 2974 2606 3044 synodi
2635 2971 2878 3024 videatur
2902 2968 3210 3035 impugnare
3230 2961 3463 3015 decreta.

1937 700 2120 753 Solum
2151 712 2280 767 ergo
2309 705 2420 762 est,
2454 695 2596 760 quod
2624 709 2744 750 cum
2777 692 3059 747 malitiosis
3087 699 3144 745 et
3161 687 3443 744 obstinatis

1866 791 2263 845 aceaisatoribns
2293 786 2615 842 venerabilis
2646 786 2748 840 Iba:
2773 785 2825 838 in
2856 784 2971 850 ejus
3001 781 3227 849 epistola
3255 777 3442 832 crimi-

1866 886 1979 936 nari
2013 884 2218 951 possint
2269 881 2547 946 haeretici,
2583 879 2670 932 vel
2718 878 2954 931 fautores
2984 889 3200 939 eorum,
3226 872 3348 942 quia
3377 871 3445 925 de

1867 972 2026 1028 beato
2055 973 2285 1042 Cyrillo,
2314 971 2453 1025 sicut
2477 971 2567 1024 alii
2599 983 2809 1038 quoque
2836 966 3071 1036 plurimi,
3099 964 3253 1018 aliter
3284 976 3441 1031 quam

1869 1078 1957 1117 res
1988 1063 2174 1118 habuit
2203 1061 2570 1117 testimaverit.
2607 1059 2860 1126 Quamvis
2902 1058 3031 1112 etin
3073 1056 3173 1109 hoc
3211 1053 3447 1107 malitio-

1869 1158 2038 1210 siores
2066 1169 2120 1210 et
2145 1155 2529 1209 obstinatiores
2553 1153 2636 1205 isti
2665 1151 2978 1220 probentur,
3003 1149 3090 1216 qui
3117 1144 3348 1198 hominis
3379 1141 3452 1196 de

1871 1246 2086 1301 homine
2105 1246 2459 1316 ignorantiam
2485 1244 2550 1297 ad
2575 1242 2799 1296 haeresis
2815 1242 3015 1294 crimen
3041 1237 3258 1291 trahunt
3281 1251 3296 1287 :
3323 1233 3444 1303 quia

1872 1339 1974 1392 hoc
2017 1347 2138 1406 post
2163 1338 2372 1393 concilii
2416 1336 2732 1389 sententiam
2777 1333 3008 1394 faciunt,
3039 1328 3178 1398 quod
3209 1327 3280 1380 illi
3320 1333 3451 1378 ante

1870 1430 2146 1495 fecerunt;
2173 1443 2271 1484 nec
2296 1428 2568 1497 patiuntur
2589 1426 2880 1493 antiquitus
2907 1423 3162 1477 refutatas
3182 1414 3445 1485 antiquari

1871 1522 2195 1588 calumnias;
2227 1519 2319 1575 sed
2343 1519 2468 1573 olim
2498 1517 2606 1571 suis
2626 1515 2930 1570 auctoribus
2950 1511 3187 1580 sepultas
3208 1507 3442 1562 rediviva

1870 1612 2212 1669 contentione
2267 1610 2606 1664 resuscitant.
2653 1607 2851 1661 Verum
2882 1604 2948 1659 de
2993 1603 3092 1656 bac
3120 1598 3459 1671 ignorantia,

195 3086 362 3130 nem,
385 3069 509 3122 licet
529 3068 596 3120 ab
624 3063 1020 3136 indignantibus
1039 3069 1094 3116 et
1120 3054 1363 3129 iniuriam
1393 3056 1786 3126 suamgraviter

196 3160 529 3221 dolentibus,
563 3173 668 3210 non
703 3166 878 3209 tamen
920 3151 1079 3207 fuerit
1108 3151 1412 3215 absolutus,
1444 3149 1536 3204 sed
1565 3163 1787 3200 venera-

1895 3073 1964 3128 At
1991 3086 2089 3139 ego
2119 3071 2262 3133 dico,
2295 3067 2418 3136 quia
2451 3073 2728 3132 propterea
2758 3060 2924 3128 magis
2954 3071 3094 3125 saepe
3135 3054 3328 3108 dictam
3356 3052 3466 3117 epi-

1892 3161 2085 3215 stolam
2118 3157 2481 3228 pronuntiavit
2510 3152 2884 3212 orthodoxam,
2917 3147 3165 3216 quoniam
3189 3143 3320 3196 vidit
3349 3155 3464 3195 eam

199 3254 407 3308 liilibus
435 3251 637 3319 Cyrillo
669 3258 722 3302 ct
749 3247 1020 3314 Ephesino
1050 3246 1326 3299 Memnone
1369 3241 1631 3311 episcoiis
1674 3242 1786 3293 so'a

1906 3250 2182 3305 secundum
2208 3247 2375 3308 ipsius
2402 3242 2688 3312 Ephesium
2711 3238 2901 3310 synodi
2930 3239 3143 3290 decreta
3167 3232 3474 3288 confessam

200 3341 515 3410 suspicione
542 3339 827 3401 damnatis,
859 3335 1143 3390 Nestoritis
1171 3335 1223 3387 in
1253 3349 1313 3387 ea
1343 3348 1499 3402 quam
1524 3340 1794 3384 meruerat

199 3433 661 3488 culidemnatione
689 3431 1018 3494 dimiSvrint;
1053 3426 1320 3496 quomodo
1359 3441 1462 3479 non
1504 3426 1792 3478 erubesce-

202 3533 332 3580 rent
375 3525 458 3578 vel
489 3521 899 3591 pertinacissimi
933 3527 1269 3572 accusatores
1294 3515 1614 3569 venerabilis
1657 3513 1790 3575 line,

205 3616 399 3670 multis
447 3615 646 3668 recenti
689 3628 870 3667 rerum
902 3611 1157 3665 memoria
1187 3607 1564 3676 refragaturis,
1615 3606 1795 3658 dicere

204 3705 356 3773 quod
403 3705 710 3760 Nestorium
737 3704 789 3757 in
822 3717 916 3756 sua
948 3701 1174 3769 epistola
1217 3697 1405 3753 fecerit
1449 3696 1797 3751 excusatum?

215 3796 477 3850 Viderunt
496 3794 676 3864 itaque
699 3808 796 3861 pro
820 3791 980 3845 tantis
1007 3806 1128 3860 quae
1159 3787 1572 3842 memoravimus
1601 3787 1798 3839 nemini

210 3889 480 3944 credibile
512 3887 650 3952 fore,
676 3885 817 3954 quod
840 3885 890 3936 in
919 3881 1320 3936 excusationem
1345 3878 1573 3932 Nestorii
1601 3875 1799 3929 dictum

222 3990 374 4036 esset
402 3997 416 4032 :
451 3980 525 4032 De
555 3978 863 4048 episcopatu
890 3973 1190 4028 Nestorium
1216 3971 1581 4038 deposuerunt
1603 3967 1804 4036 judicio

212 4084 270 4128 et
296 4073 640 4142 inquisitione
671 4085 776 4124 non
809 4069 975 4130 facta;
1007 4067 1099 4120 sed
1137 4065 1218 4119 vel
1253 4080 1349 4132 pro
1378 4063 1624 4130 capitulis
1664 4061 1804 4114 beati

219 4163 408 4231 Cyrilli
436 4204 451 4228 ,
503 4177 621 4230 quae
651 4168 833 4228 postea
887 4161 1266 4225 interpretatus
1295 4164 1378 4210 est
1401 4196 1415 4220 ,
1462 4163 1710 4222 tauquam
1742 4153 1808 4206 de

221 4253 330 4306 illis
347 4251 554 4321 judicio
579 4258 634 4304 et
661 4248 1005 4316 inquisitione
1030 4262 1135 4300 non
1165 4245 1300 4300 [acta
1334 4245 1610 4299 bestorius
1653 4242 1811 4296 fuerit

221 4342 646 4407 condemnatus;
681 4341 762 4394 vel
814 4339 939 4407 quia
971 4338 1354 4406 dedignaretur
1383 4335 1529 4399 lbas,
1564 4343 1622 4387 ut
1651 4347 1809 4399 supra

223 4434 334 4503 jam
368 4433 621 4500 diximus,
661 4432 922 4502 judicium
953 4439 1007 4485 et
1039 4429 1436 4497 inquisitionem
1469 4441 1693 4490 vocare,
1725 4424 1811 4476 ubi

225 4541 337 4579 nun
373 4523 715 4578 interfuerint
740 4523 1042 4577 Orientales
1072 4533 1232 4589 atque
1259 4520 1484 4573 aliarum
1518 4517 1814 4586 provincia-

1893 3357 2054 3396 unuin
2087 3338 2281 3392 Filium
2313 3335 2596 3389 Dominum
2634 3332 2816 3386 Jesum
2848 3329 3120 3383 Christum
3164 3327 3214 3378 in
3262 3323 3475 3376 duabus

1894 3447 2017 3488 esse
2066 3432 2288 3484 naturis.
2345 3426 2494 3481 Unde
2549 3423 2835 3492 prudenter
2877 3417 3129 3489 cognovit
3173 3413 3312 3485 quod
3371 3411 3473 3463 hoc

1898 3525 2068 3576 solum
2099 3520 2430 3588 conscriptor
2459 3520 2572 3583 ejus
2591 3557 2602 3578 ,
2628 3529 2746 3566 cum
2776 3509 3136 3565 Orientalibus
3168 3515 3221 3560 et
3250 3503 3470 3556 aliarum

1899 3614 2289 3684 provinciarum
2306 3607 2596 3678 episcopis,
2621 3604 2669 3656 in
2692 3602 2938 3655 omnibus
2957 3613 3070 3667 qua!
3091 3596 3195 3649 illic
3207 3600 3322 3646 acta
3352 3599 3472 3644 sunt

1903 3681 2006 3761 non
2032 3704 2368 3759 intellexerat
2418 3696 2684 3766 quomodo
2706 3690 2936 3760 capitula
2964 3687 3106 3741 beati
3133 3683 3313 3755 Cyrilli
3335 3681 3473 3751 iuste

1905 3797 2192 3865 receperit,
2227 3795 2278 3847 in
2307 3793 2497 3860 quibus
2520 3790 2585 3842 ab
2610 3788 2686 3840 eis
2718 3786 2997 3851 putabatur
3022 3780 3141 3847 qn'a
3169 3780 3245 3831 sic
3272 3777 3482 3828 dixerat

1912 3889 2074 3942 Deum
2102 3884 2333 3938 Verbum
2361 3879 2628 3935 hominem
2656 3877 2873 3935 factito,
2898 3884 2949 3924 ut
2974 3871 3208 3925 aufvrret
3228 3865 3476 3920 dilfcren-

1910 3979 2034 4030 tiam
2064 3988 2369 4028 naturarum
2394 4016 2407 4038 ,
2441 3979 2496 4023 et
2526 3981 2682 4021 unam
2725 3964 3028 4034 perhiberet
3075 3974 3194 4013 esse
3238 3964 3480 4010 naturam

1914 4067 2128 4122 deitatis
2167 4075 2222 4119 et
2270 4060 2610 4116 humanitatis
2641 4057 2848 4112 Domini
2891 4051 3058 4106 nostri
3099 4049 3224 4104 Jesu
3253 4045 3481 4107 Christi,

1912 4157 2054 4226 quod
2078 4155 2252 4210 omnis
2273 4151 2570 4208 catholicus
2591 4155 2921 4202 exsecratur.
2945 4142 3285 4211 Cognoscens
3307 4148 3489 4190 ament-

1917 4262 2106 4316 magna
2131 4244 2366 4316 synodus
2389 4237 2839 4296 Chalcedonensis
2855 4277 2869 4299 ,
2898 4235 3107 4292 illorum
3131 4228 3491 4294 capitulorum

1918 4340 2268 4396 intentionem
2293 4350 2450 4401 quam
2474 4334 2759 4400 diligenter
2777 4346 2803 4380 a
2825 4335 3086 4395 praesente
3106 4324 3262 4377 beato
3285 4318 3494 4389 Cyrillo

1919 4431 2156 4503 synodus
2185 4427 2446 4495 Ephesina
2480 4424 2774 4483 didicerat,
2820 4419 2959 4473 Ibam
3006 4423 3163 4484 atque
3191 4412 3327 4466 alios
3374 4418 3488 4462 tan-

1921 4538 2076 4592 quam
2102 4520 2374 4583 absentes,
2401 4516 2541 4569 sicut
2567 4514 2742 4567 exitus
2770 4525 2944 4564 causa:
2966 4505 3164 4569 docuit,
3197 4506 3491 4572 ignorasse,

225 4632 352 4670 tum
377 4615 655 4684 episcopi,
686 4615 775 4682 qui
813 4613 972 4668 simul
1011 4612 1118 4666 dati
1152 4613 1360 4664 fuerant
1388 4608 1730 4677 inquisitores
1759 4615 1814 4660 et
1849 4619 1898 4677 ι)
1925 4590 2053 4668 nihil
2079 4609 2294 4664 dill‘erre
2315 4605 2593 4675 judicavit,
2619 4602 2757 4671 quod
2782 4597 3042 4653 iniisdem
3067 4592 3331 4662 capitulis,
3357 4590 3492 4643 sient

227 4707 458 4779 judiccs.
497 4707 754 4762 Viderunt
777 4707 938 4761 etiam
961 4746 976 4771 ,
1019 4705 1145 4775 quia
1177 4719 1275 4758 nec
1306 4703 1465 4765 illud,
1491 4701 1632 4770 quod
1662 4714 1814 4768 a-qne

228 4798 583 4854 inultifariam
614 4797 929 4866 repulimus,
962 4798 1014 4850 in
1036 4797 1152 4863 ejus
1175 4792 1581 4849 excusationem
1613 4790 1814 4843 dictum

225 4888 648 4956 intelligeretur,
679 4888 732 4941 in
762 4902 868 4956 quo
896 4888 973 4940 ait
996 4903 1008 4939 :
1035 4886 1314 4940 Nestorius
1335 4892 1536 4946 autem,
1563 4883 1814 4951 quoniam

230 4994 348 5032 sua!
389 4979 591 5033 civitati
622 4979 746 5033 odio
775 4988 891 5032 erat
918 4987 970 5032 et
1000 4978 1086 5046 qui
1121 4977 1172 5029 in
1201 4993 1264 5029 ea
1297 4985 1446 5029 erant
1477 4974 1820 5028 excellentio-

231 5073 410 5130 ribus.
443 5071 532 5124 illo
582 5071 776 5125 reverti
821 5086 926 5124 nun
958 5069 1148 5136 potuit.
1201 5067 1267 5120 Et
1314 5068 1437 5119 hinc
1465 5064 1818 5125 calumniari,

233 5165 361 5218 licet
387 5163 860 5230 impudentissimi,
891 5171 1044 5228 turpe
1063 5160 1162 5213 sibi
1187 5159 1486 5221 duxerunt;
1515 5155 1826 5220 faciliusque

236 5263 560 5320 putaverunt
587 5268 615 5304 a
651 5252 916 5320 judicibns
954 5267 1110 5319 posse
1139 5251 1321 5311 credi,
1363 5247 1502 5317 quod
1529 5259 1826 5298 memorare

237 5345 420 5410 magni
455 5344 694 5398 horroris
728 5357 808 5398 est
833 5385 846 5407 ,
881 5347 1190 5412 epismpum
1235 5343 1374 5395 Iliam
1424 5341 1622 5394 dixisse
1657 5355 1669 5390 :
1711 5337 1824 5391 Non

240 5437 466 5490 invideo
495 5436 707 5490 Christo
747 5435 886 5490 facto
920 5436 1070 5500 Deo;
1127 5437 1176 5488 in
1225 5446 1480 5502 quantum
1527 5435 1668 5486 enim
1710 5431 1825 5499 ipse

241 5532 414 5580 Lctus
442 5536 554 5591 est,
577 5536 630 5581 et
656 5543 754 5596 ego
785 5527 955 5580 factus
978 5541 1094 5580 sum
1129 5541 1142 5579 :
1176 5541 1331 5593 quam
1362 5524 1406 5577 si
1434 5533 1616 5578 contra
1650 5532 1823 5575 tauto-

242 5635 364 5672 rmn
389 5620 774 5674 conscientiam
797 5618 1068 5673 diceretur
1089 5617 1141 5670 in
1167 5617 1254 5669 illa
1272 5617 1492 5684 epistola
1516 5614 1826 5670 defendisse

241 5710 571 5764 Nestorium.

866 5778 1094 5834 CAPUT
1138 5778 1224 5832 νι.

255 5889 412 5958 Quod
447 5889 564 5946 Ibat
608 5892 670 5948 de
725 5891 906 5962 ϐλ]ίὶΗὶ
953 5891 1187 5960 capitulis
1225 5893 1356 5952 male
1408 5898 1696 5966 mercatus
1744 5891 1828 5949 sit,

1923 4705 2064 4758 beati
2096 4700 2294 4772 Cyrill'r
2309 4697 2532 4752 dicentis
2553 4736 2568 4761 ,
2595 4695 2666 4748 ita
2691 4692 2848 4746 etiam
2877 4694 3076 4741 sanctae
3098 4683 3286 4752 synodi
3319 4681 3493 4748 Epic-

1925 4797 2054 4852 siuze
2097 4793 2401 4862 probantis,
2449 4789 2796 4842 intentionem
2842 4779 3015 4833 minus
3063 4775 3488 4830 intellexerant:

1927 4902 2047 4943 cum
2066 4895 2411 4950 utrorumque
2430 4879 2562 4932 lldes
2577 4875 2762 4929 eadem
2788 4871 2992 4938 fuisset,
3015 4883 3116 4937 qua
3138 4865 3294 4921 simul
3309 4876 3497 4916 omnes

1927 4978 1995 5031 ita
2019 4976 2310 5029 credebant
2341 4973 2501 5024 Deum
2535 4967 2766 5020 Verbum
2801 4959 3068 5015 hominem
3103 4959 3323 5020 factum,
3355 4965 3410 5006 ut
3442 4953 3497 5006 in

1929 5083 2032 5121 una
2069 5064 2265 5120 Christi
2297 5074 2525 5130 persona
2559 5062 2799 5109 maneret
2827 5052 3047 5105 duarum
3072 5045 3365 5101 dilferentia
3408 5057 3499 5096 na-

1929 5165 2190 5209 turarum.
2245 5151 2301 5205 ln
2334 5151 2434 5203 hoc
2463 5147 2659 5217 quippe
2689 5142 2836 5197 nulla
2877 5140 3042 5209 partis
3085 5137 3358 5190 alterutrae
3406 5133 3502 5187 fuit

1930 5245 2252 5316 ignorantia,
2278 5243 2423 5296 nulla
2449 5239 2733 5292 dissensio.
2763 5233 2892 5288 Etsi
2917 5233 3080 5288 altera
3119 5241 3240 5295 pars
3254 5224 3321 5278 de
3338 5225 3508 5276 alteia

1929 5342 2012 5394 vel
2047 5339 2274 5393 invicem
2307 5338 2372 5390 de
2396 5351 2452 5387 se
2481 5332 2636 5386 aliter
2662 5329 3038 5386 crediderunt,
3071 5318 3211 5391 quod
3242 5317 3308 5371 ad
3336 5316 3504 5369 haire-

1929 5434 2029 5486 siui
2079 5446 2182 5483 non
2212 5428 2474 5497 pertinet;
2507 5425 2575 5476 de
2604 5420 2904 5474 Christiana
2937 5426 3111 5468 tamen
3163 5409 3265 5463 (ide
3318 5405 3511 5458 cadent-

1928 5522 2024 5577 fnit
2056 5495 2225 5590 partis
2267 5519 2542 5584 utriusque
2583 5511 2872 5569 sententia.
2904 5509 2960 5560 Si
3008 5503 3126 5570 quis
3161 5509 3337 5551 autem
3378 5495 3506 5549 dicit

1930 5586 2069 5682 quod
2099 5612 2214 5666 lbas
2241 5621 2398 5677 atque
2428 5607 2732 5662 Orientales
2757 5608 2812 5652 et
2841 5597 3066 5648 aliarum
3110 5586 3515 5658 provinciarum

1934 5703 2168 5774 episeopi
2214 5675 2363 5774 (una
2419 5697 2614 5766 quippe
2663 5692 2849 5746 borum
2898 5684 3134 5737 omnium
3179 5690 3337 5732 causa
3380 5675 3520 5742 est),

1936 5763 2096 5848 etiam
2120 5763 2231 5846 Iin‘
2263 5789 2348 5844 bis
2387 5763 2505 5853 quae
2558 5798 2664 5838 non
2701 5773 3102 5841 iutelligebant,
3149 5763 3522 5822 auctoritatem

1943 5881 2200 5955 Ephesini
2248 5875 2459 5938 concilii
2489 5872 2636 5941 sequi
2667 5863 2949 5926 debuerint
2981 5879 2996 5916 :
3023 5861 3137 5930 ipse
3164 5868 3376 5926 quoque
3407 5854 3523 5924 νῖν
