3974 6330
473 322 574 378 ευξθ
1543 307 1841 364 FACUNDI
1875 303 2068 359 EPISC

2180 295 2642 353 EMIIANENSIS
3644 296 3773 353 700

476 444 625 484 mum.
650 427 992 482 (οσηεῑδειοπε
1016 424 1176 480 debet
1202 421 1342 493 quod
1369 420 1528 475 etiam
1558 416 1796 490 synodus
1823 413 2051 468 Chalce-
2078 418 2128 471 Α
2155 408 2419 478 synodum
2452 407 2703 461 debuisse
2744 404 2882 460 hanc
2908 406 3190 475 epistolam
3240 406 3557 463 limretiram
3610 411 3766 480 judio

477 521 730 575 donensis
759 516 1129 571 considerasse
1157 512 1421 569 credenda
1464 519 1548 565 est
1568 550 1581 575 ,
1608 508 1858 578 quoniam
1888 503 2050 557 tantis
2153 513 2297 561 care,
2328 498 2448 565 quia
2478 506 2604 565 post
2635 498 2887 549 unitatem
2920 496 3109 550 factam
3134 498 3256 551 talia
3275 501 3769 572 conscriptorejns

476 608 943 671 dissentientibus,
989 604 1081 673 qui
1115 607 1300 660 moniti
1343 604 1552 659 fuerant
1582 601 1741 655 simul
1786 600 1837 652 in
1875 598 2050 666 ipsum

481 700 766 757 concilium
796 699 1087 754 convenire
1107 739 1122 763 ,
1149 714 1255 752 non
1288 707 1431 751 tanta
1464 694 1558 749 illo
1590 704 1827 760 tempore
1855 698 2053 758 quanta

480 808 620 847 nunc
647 801 752 856 est,
778 791 895 858 ejus
936 805 1058 845 esse
1096 799 1280 858 posset
1308 787 1632 847 auctoritas,
1674 798 1794 837 cunt
1826 781 2053 835 necdum

477 884 638 934 ctiam
666 880 868 947 judicio
895 894 1099 947 magna;
1122 876 1569 931 Chalcedonensis
1598 872 1786 943 synodi
1812 872 2056 925 firmare-

479 981 584 1025 tt'r.
637 969 769 1023 Nam
801 976 857 1023 et
899 969 1011 1036 ipsa
1062 968 1285 1022 multum
1334 964 1542 1020 roboris
1578 964 1647 1015 ad
1686 962 2057 1014 auctoritatem

480 1061 627 1115 addit
652 1058 1190 1128 antiquitas.-Deinde
1212 1059 1332 1125 quis
1352 1055 1719 1123 cujuscunque
1742 1046 2059 1105 temeritatis

483 1167 546 1205 ac
570 1150 954 1218 profanationis
976 1164 1097 1205 esse
1118 1150 1188 1203 dit
1205 1150 1334 1214 itur,
1361 1146 1500 1216 quod
1529 1161 1591 1199 ea
1615 1145 1802 1198 beatus
1827 1140 2059 1211 Cyrillua

486 1254 590 1293 non
617 1238 726 1307 jam
758 1239 997 1307 propria,
1028 1238 1120 1291 sed
1152 1237 1317 1290 totius
1347 1237 1631 1304 Ephesios:
1659 1231 1876 1303 synodi,
1908 1229 2060 1298 cujus

484 1331 690 1382 fuerant
720 1328 1031 1382 auctoritate
1069 1327 1299 1389 firmata,
1330 1342 1425 1395 pro
1450 1330 1683 1393 ipsorum
1708 1320 2061 1375 Orientalium

489 1416 762 1471 voluntate
790 1431 953 1471 ausus
980 1428 1062 1471 est
1094 1423 1419 1480 retractare;
1452 1424 1507 1467 et
1532 1414 1577 1468 si
1600 1412 1926 1466 Nestoriana:
1957 1412 2064 1463 hm-

490 1507 596 1561 resi
637 1507 919 1576 deputetur
942 1506 1083 1577 quod
1115 1506 1405 1561 orientales
1432 1520 1551 1560 cum
1582 1503 1808 1557 aliarum
1853 1500 2065 1567 trovin-

488 1599 691 1654 ciarum
750 1599 1057 1667 episcopis,
1110 1598 1465 1669 capitulorum
1518 1596 1638 1665 ejus
1707 1594 2062 1647 intentonetn

489 1691 707 1743 minime
736 1690 1125 1760 intelligentes,
1177 1689 1521 1744 crediderunt
1558 1690 1701 1756 quod
1739 1702 1801 1742 ea
1834 1701 1940 1739 non
1969 1684 2065 1738 de-

2156 588 2281 643 lbas
2332 588 2514 642 dicere
2564 588 2645 641 vel
2694 587 2897 641 sentire
2941 604 3045 640 non
3073 588 3289 653 debuit,
3313 589 3426 657 jam
3465 596 3769 660 superiore

2157 680 2296 733 libro
2324 679 2721 763 respondimus.
2750 677 3032 742 Quomodo
3061 687 3240 732 autem
3278 689 3463 734 sancta
3508 685 3770 747 synodus

2156 772 2399 825 eamdem
2436 771 2719 839 epistolam
2746 785 2843 837 pro
2874 780 3017 822 recta
3048 770 3171 823 Iidei
3201 771 3553 828 confessione
3589 792 3766 843 quam

2156 865 2392 921 continet
2423 862 2790 932 approbando,
2820 862 3067 929 Ephesini
3084 863 3294 917 concilii
3314 865 3637 932 perhibetur
3656 870 3766 923 im-

2160 970 2421 1025 pugnasse
2471 954 2721 1019 decreta,
2766 969 2888 1007 cum
2920 954 3127 1023 potius.
3160 956 3205 1008 si
3232 970 3352 1009 eam
3385 972 3486 1025 pro
3527 958 3636 1014 hac
3668 976 3769 1014 su-

2167 1047 2408 1114 spicione
2425 1046 2690 1114 judicaret
2722 1046 3051 1107 lncreticam,
3072 1046 3230 1100 simul
3259 1058 3314 1101 et
3336 1048 3554 1104 beatum
3576 1051 3768 1121 Cyril-

2160 1139 2267 1191 lum
2319 1148 2369 1191 et
2411 1138 2581 1205 ipsum
2620 1136 2942 1205 Ephesinum
2990 1140 3406 1204 reprehendisse
3462 1146 3767 1198 concilium

2162 1228 2454 1294 videretur,
2485 1230 2622 1296 quod
2677 1228 2747 1281 ita
2792 1230 3187 1298 suspicantibus
3210 1231 3583 1289 Orientalibus
3612 1251 3773 1290 com.

2168 1319 2578 1372 ntunicaverunt
2595 1358 2609 1381 ,
2638 1318 2966 1371 orthodoxos
2987 1333 3082 1373 eos
3114 1322 3297 1386 procul
3320 1321 3493 1376 dubio
3509 1325 3769 1393 judican-

2167 1410 2285 1464 tesl
2332 1409 2521 1463 Cernis
2576 1410 2758 1479 igitur,
2819 1409 3136 1477 imperator,
3189 1411 3278 1465 illa
3307 1429 3431 1481 quae
3473 1418 3771 1484 superiore

2166 1499 2327 1564 libro,
2373 1500 2516 1553 sicut
2546 1499 2985 1567 promiseramus,
3013 1502 3354 1557 ostendimus
3373 1540 3393 1569 ,
3427 1504 3517 1558 hic
3548 1521 3768 1575 quoque

2166 1587 2362 1641 iterum
2386 1602 2448 1641 ac
2470 1602 2614 1653 saepe
2643 1590 2953 1642 moastrari.
2984 1589 3344 1656 Quamobrem
3372 1594 3419 1647 si
3461 1595 3768 1650 Chalcedo-

2166 1679 2353 1734 nensis
2403 1678 2640 1749 synodus
2669 1680 2977 1733 Nestoriana
3006 1682 3240 1747 dicatur,
3276 1684 3421 1751 quod
3453 1684 3599 1741 hanc
3650 1688 3768 1756 cpi-

495 1780 693 1834 hi-isset
723 1780 959 1849 synodus
991 1780 1256 1849 Ephesius
1309 1781 1615 1850 suscipere;
1656 1780 1828 1833 eidem
1875 1776 2066 1830 Neem-
2100 1766 2147 1825 Β
2172 1769 2364 1823 stolam
2393 1769 2652 1839 judicavit
2680 1769 3031 1823 orthodoxam
3051 1815 3066 1837 ,
3098 1773 3259 1825 etiam
3299 1774 3498 1828 beatus
3527 1776 3771 1847 Cyrinus

491 1868 651 1921 riana:
680 1868 873 1923 bteresi
908 1870 1093 1923 beatus
1116 1870 1349 1939 Cyrillus
1376 1869 1803 1924 communicasse
1831 1865 2063 1927 dicetur.

492 1969 610 2009 cum
641 1957 767 2025 ipsis
796 1956 1177 2021 Orientalibus,
1208 1960 1278 2012 ita
1306 1959 1374 2013 de
1399 1958 1509 2011 suis
1530 1958 1810 2027 capitulis,
1837 1967 2064 2024 quorum

492 2046 921 2099 retractationcm
953 2054 1281 2114 exegerunt,
1302 2055 1356 2101 et
1389 2046 1667 2115 Ephesina'
1686 2044 1889 2115 synodo
1918 2045 2069 2097 testi-

493 2131 782 2197 mantibus,
814 2135 1247 2199 communicavit,
1289 2144 1343 2189 et
1374 2150 1559 2190 eorum
1588 2134 1913 2189 confes-iani
1939 2132 2069 2187 sub-

491 2217 723 2285 scripsit.
779 2218 907 2272 Nam
937 2220 979 2272 si
1021 2219 1135 2273 haec
1165 2221 1487 2275 existimatio
1521 2221 1651 2274 tanti
1699 2222 1980 2287 penditur,
2014 2231 2070 2274 ut

495 2306 1022 2376 hzeresisjudicetur,
1059 2310 1109 2362 in
1140 2310 1286 2363 nullo
1316 2310 1559 2363 inclinari
1589 2311 1790 2364 eisdem
1822 2312 2070 2365 Orienta-

493 2398 652 2465 libus,
670 2400 762 2454 sed
788 2400 961 2467 potius
984 2401 1127 2470 ipsos
1150 2416 1341 2470 cogere
1356 2401 1588 2469 Cyrillus
1600 2402 1806 2467 debuit,
1828 2411 1887 2455 ut
1905 2405 2069 2456 etiam

495 2491 547 2544 in
576 2491 659 2544 Itis
681 2507 798 2559 qua:
828 2494 1006 2546 minus
1028 2494 1431 2563 intelligebant,
1458 2494 1648 2565 synodi
1680 2509 1739 2548 se
1767 2493 2071 2548 auctoritati

493 2583 839 2653 subiicerent,
868 2601 1127 2656 suamque
1150 2590 1620 2657 praesumpﬁouem
1649 2602 1743 2656 per
1763 2601 1919 2655 quam
1948 2601 2072 2655 pro-

496 2678 732 2748 mulgato
763 2678 979 2735 decreto
1028 2680 1253 2749 capitula
1296 2690 1589 2735 memorata
1646 2682 2068 2745 damnaverant,

493 2768 740 2821 similiter
769 2769 1014 2837 publice,
1059 2780 1113 2824 et
1151 2772 1203 2824 in
1252 2779 1655 2825 monumentum
1706 2770 2068 2840 posteritatis,

494 2858 711 2928 scriptis
750 2859 977 2927 allegata
1018 2860 1353 2915 confessione
1396 2861 1716 2915 damnarent
1758 2877 1771 2913 :
1804 2869 1859 2914 et
1901 2874 2073 2928 neque

496 2952 576 3005 vel
599 2952 677 3006 sic
696 2952 1048 3006 Orientalium
1071 2952 1372 3007 definitioni
1395 2954 1756 3016 subscribere,
1780 2951 1874 3005 sed
1897 2952 2071 3019 potius

494 3042 562 3095 ab
582 3041 688 3095 illis
714 3042 930 3113 exigere
952 3043 1424 3099 utsubscriberent
1442 3043 1643 3098 eisdem
1673 3042 1939 3110 capitulis,
1965 3056 2069 3095 non

2168 1869 2225 1915 et
2274 1860 2541 1928 Ephesina
2586 1861 2824 1932 synodus
2857 1875 3252 1931 consequenter
3281 1866 3332 1935 in
3375 1865 3767 1923 Nestorianam

2171 1951 2417 2005 haeresim
2450 1962 2631 2019 postea
2674 1951 2956 2007 divertisse
2983 1954 3251 2020 dicentur,
3284 1957 3427 2025 quod
3459 1958 3770 2014 Orientales

2170 2042 2270 2097 hoc
2295 2043 2469 2111 ipsum
2499 2043 2781 2098 credentes
2811 2044 3141 2100 orthodoxos
3173 2047 3216 2111 ⁸,
3251 2062 3350 2102 nec
3389 2049 3545 2103 solos
3568 2052 3769 2104 Orien-

2171 2135 2334 2202 tales,
2360 2134 2453 2189 sed
2482 2135 2709 2189 aliarum
2734 2152 2945 2206 quoque
2991 2153 3182 2194 novem
3209 2156 3341 2207 quas
3367 2156 3534 2210 supra
3562 2160 3769 2197 menm-

2175 2225 2415 2278 ravimus
2441 2225 2840 2294 provinciarum
2868 2228 3290 2300 episcopos,tqui
3319 2232 3477 2286 simul
3510 2235 3771 2289 eumdem

2170 2313 2388 2368 beatum
2417 2314 2676 2386 Cyrillum
2705 2327 2761 2372 et
2814 2316 3154 2373 Memnonem
3182 2321 3518 2389 Ephesinum
3540 2368 3556 2391 ,
3606 2337 3770 2394 atque

2173 2406 2407 2471 capitula
2459 2407 2713 2475 praedicta
2740 2408 3158 2473 damnaverunt,
3206 2412 3257 2465 in
3287 2423 3523 2469 ceteros
3551 2432 3770 2483 quoque

2172 2495 2488 2562 episcopos,
2520 2496 2661 2565 quod
2692 2511 2752 2550 ea
2785 2501 3145 2566 recepissent,
3178 2507 3770 2563 excommunicatiuns

2172 2586 2495 2639 sententiam
2528 2585 2881 2652 proferentcs.
2914 2590 3036 2643 Hac
3058 2600 3233 2644 autem
3256 2591 3615 2650 Orientalium
3642 2599 3771 2651 alio-

2173 2690 2401 2743 rumque
2430 2675 2646 2729 Patrum
2678 2676 2747 2731 de
2785 2679 2992 2746 synodo
3039 2679 3311 2748 Ephesina
3355 2686 3636 2752 suspicio,
3665 2703 3771 2755 qua

2174 2770 2541 2825 existimantes
2588 2784 2707 2824 eam
2755 2771 3069 2827 traditiones
3099 2783 3350 2843 paternas
3402 2791 3526 2832 esse
3593 2788 3772 2835 trans-

2185 2874 2456 2930 gressam,
2498 2875 2597 2929 pro
2627 2860 2739 2928 ipsa
2788 2861 2892 2916 [ide
2922 2878 3079 2931 qnam
3106 2867 3465 2922 communiter
3488 2872 3769 2933 tenebant,

2180 2951 2441 3005 adversus
2470 2966 2588 3006 eam
2620 2953 2927 3018 certabant,
2958 2956 3089 3009 mihi
3122 2957 3319 3012 similis
3344 2960 3563 3016 videtur
3599 2965 3651 3016 ei
3682 2981 3771 3017 su-

2175 3042 2398 3110 spicioni
2451 3058 2570 3111 quae
2596 3042 2724 3097 Jesu
2770 3043 2917 3099 Nave
2964 3048 3291 3114 temporibus
3330 3062 3451 3103 orta
3501 3051 3681 3105 fuerat
3716 3053 3769 3106 in

494 3149 591 3202 pro
636 3134 847 3188 illorum
896 3136 1166 3190 voluntate
1223 3135 1625 3207 interpretatis,
1671 3135 1765 3190 sed
1806 3135 1946 3189 sicut
1999 3133 2067 3188 ab
2094 3125 2141 3189 C
2176 3134 2371 3203 pepqu
2401 3133 2566 3188 Israel
2602 3132 2739 3201 (Jos.
2783 3135 2946 3205 uti),
2978 3152 3097 3191 cum
3142 3139 3486 3195 laudabiliter
3523 3142 3768 3212 ejnsdvm

497 3223 765 3294 Ephesina
816 3226 1020 3296 synodo
1051 3226 1262 3280 fuerant
1304 3237 1430 3282 ante
1468 3235 1745 3293 suscepta;
1797 3225 2075 3294 ipsamque

498 3315 857 3384 suspicionem
910 3330 1006 3385 per
1061 3331 1221 3385 quam
1274 3331 1335 3371 ea
1383 3316 1770 3372 damnaverant
1825 3324 2075 3381 tanquam

500 3408 745 3462 haeresim
770 3406 1303 3473 anathematizarent,
1329 3417 1384 3463 et
1402 3408 1471 3463 ita
1498 3408 1711 3462 demum
1732 3421 1826 3462 eos
1848 3406 1899 3460 in
1926 3420 2076 3460 com-

499 3499 755 3553 munione
778 3500 1037 3569 recipere.
1070 3500 1220 3554 Unde
1250 3514 1351 3554 nec
1371 3499 1461 3553 alii
1501 3499 1683 3553 Patres
1712 3498 1804 3567 qui
1832 3511 1951 3553 cum
1983 3496 2074 3550 illo

498 3593 769 3661 Ephesum
800 3602 1191 3661 convenerant,
1224 3603 1279 3648 et
1306 3593 1464 3647 simul
1494 3591 1765 3662 prtedictis
1793 3589 2077 3644 Orientali-

498 3683 619 3749 bus,
654 3684 727 3737 ita
754 3684 822 3739 de
849 3684 963 3753 ipso
989 3684 1213 3739 concilio
1239 3685 1505 3754 Ephesino
1534 3681 1898 3746 credentibus,
1930 3695 2076 3735 com-

500 3776 920 3842 municaverant,
951 3785 1239 3845 potuerunt
1270 3778 1286 3808 ¹
1316 3776 1581 3831 excusari.
1605 3774 1739 3840 Quia
1769 3787 1898 3828 vero
1928 3772 2071 3826 illam

502 3881 688 3921 eorum
719 3867 1071 3934 ignorantiam
1102 3881 1206 3921 non
1238 3866 1306 3921 de
1338 3867 1449 3935 ipsa
1478 3865 1778 3920 Christiana
1812 3863 1946 3926 ﬁde,
1978 3862 2072 3917 sed

501 3958 569 4011 de
618 3957 912 4010 intentione
966 3957 1230 4010 dictorum
1278 3972 1496 4010 suorum
1537 3956 1739 4023 fuisse,
1793 3963 1848 4009 et
1890 3954 2076 4009 beatus

502 4046 734 4117 Cyrillus
763 4056 812 4101 et
855 4048 946 4101 alii
976 4047 1064 4115 qni
1112 4048 1249 4115 apud
1291 4045 1561 4115 Ephesum
1600 4059 1662 4099 ea
1696 4045 2075 4113 probaverant,

503 4150 902 4209 cognoverunt,
933 4149 1087 4207 turpe
1108 4141 1214 4195 illis
1239 4147 1296 4194 et
1323 4139 1598 4209 indignum
1629 4139 1802 4192 visum
1851 4146 1933 4193 est
1980 4153 2078 4207 pro

504 4230 603 4285 hac
629 4245 785 4285 causa
810 4232 1160 4294 contendere,
1192 4242 1247 4286 et
1278 4231 1401 4285 hinc
1426 4230 1477 4285 in
1508 4231 1721 4301 longum
1767 4231 2078 4298 protrahere

506 4321 892 4375 dissensionem
919 4320 1303 4387 Ecclesiarum,
1334 4337 1491 4391 quam
1523 4336 1623 4377 nos
1645 4330 1949 4377 sanctorum
1980 4321 2080 4375 Pa-

505 4419 639 4464 trum
678 4411 938 4466 modestia
970 4414 988 4443 ²
1010 4413 1234 4480 sapitam
1268 4422 1388 4481 post
1417 4421 1629 4467 centum
1654 4427 1822 4468 annos
1844 4413 2078 4482 inquieta

2179 3225 2364 3294 populi
2388 3238 2508 3294 pars
2527 3241 2623 3294 pro
2642 3224 2735 3279 Dei
2755 3226 2966 3281 cultura
2990 3229 3235 3295 sollicita,
3259 3231 3524 3286 adversus
3539 3234 3765 3289 alteram

2178 3324 2392 3385 partem
2425 3330 2578 3384 atque
2616 3316 2897 3371 sollicitam
2938 3319 2959 3349 ⁸
2999 3324 3382 3385 concitaretur,
3412 3324 3768 3380 intentionem

2178 3405 2293 3474 ejus
2322 3407 2594 3475 ignorans.
2616 3405 2747 3460 Nam
2767 3422 2887 3462 cum
2913 3422 3156 3479 pergeret
3182 3412 3322 3466 idem
3353 3414 3584 3482 populus
3607 3416 3771 3471 Israel

2181 3496 2247 3551 ad
2294 3497 2610 3565 capiendam
2641 3514 2857 3553 omnem
2903 3511 3097 3554 terram
3139 3517 3301 3570 quatn
3339 3503 3481 3560 Deus
3533 3507 3768 3562 Abraha

2180 3588 2527 3657 promiserat,
2576 3589 2672 3642 ﬁlii
2729 3589 2916 3644 Ruben
2955 3602 3009 3645 et
3058 3592 3193 3655 Gad,
3242 3605 3296 3647 et
3324 3595 3551 3650 dimidia
3601 3599 3766 3652 tribus

2178 3679 2423 3733 Manasse
2453 3718 2470 3745 ,
2530 3689 2815 3748 antequam
2887 3680 3114 3736 fuissent
3184 3684 3478 3739 Jordanetn
3538 3686 3766 3759 ingressi

2180 3768 2369 3841 (Num.
2402 3772 2597 3838 xxxii),
2633 3773 2906 3841 regionem
2936 3771 3088 3827 laser
3115 3784 3169 3826 et
3196 3776 3470 3843 regionem
3516 3777 3767 3833 Galaadi«

2178 3861 2274 3915 tim
2305 3860 2547 3916 habitare
2580 3862 2924 3932 delegerant,
2955 3877 3022 3917 eo
3060 3865 3201 3932 quod
3246 3873 3394 3920 esset
3424 3867 3582 3921 locus
3613 3880 3764 3935 aptus

2175 3951 2430 4019 iumentis
2457 3967 2685 4020 quorum
2733 3951 2811 4005 eis
2840 3954 3003 4006 tnulta
3058 3963 3176 4008 erat
3213 3958 3397 4023 copia;
3439 3972 3545 4011 nec
3588 3960 3765 4012 volueo

2180 4053 2304 4099 runt
2334 4044 2472 4098 ultra
2510 4043 2800 4097 Jordanem
2840 4044 3235 4111 possessionem
3278 4060 3478 4116 capere
3517 4062 3642 4101 cum
3676 4049 3765 4103 tri-

2178 4135 2353 4191 bubus
2383 4136 2543 4191 Israel
2580 4154 2593 4190 :
2626 4136 2717 4205 qui
2751 4147 2925 4191 tamen
2957 4147 3315 4206 perrexerunt
3353 4153 3478 4193 cum
3514 4138 3765 4193 fratribus

2180 4227 2292 4283 suis
2316 4228 2367 4281 in
2400 4235 2597 4281 terram
2629 4227 2882 4280 Chanaan
2926 4227 2995 4281 ad
3023 4228 3371 4282 debellandas
3394 4238 3611 4296 gentes,
3642 4242 3762 4298 quas

2180 4317 2385 4387 expulit
2402 4318 2658 4372 Dominus
2672 4328 2799 4373 aute
2815 4317 3002 4372 faciem
3016 4333 3201 4373 eorum
3212 4360 3226 4373 .
3248 4318 3412 4373 Porro
3426 4332 3632 4385 autem,
3647 4335 3761 4375 eum

2184 4408 2421 4463 dedisset
2454 4407 2713 4463 Dominus
2742 4408 2907 4464 Israel
2938 4411 3242 4464 universam
3274 4418 3307 4463 ιι
3329 4426 3472 4463 rram
3503 4428 3667 4480 quam
3688 4413 3759 4480 juo

502 4501 761 4570 imperitia
794 4502 1133 4557 suscitemus.
1171 4504 1236 4558 Et
1269 4506 1470 4559 utinam
1502 4505 1783 4558 nonnullas
1810 4505 1830 4535 ³
1873 4514 2075 4557 tantum
2109 4496 2164 4556 D
2187 4507 2401 4553 raverat
2438 4499 2567 4554 dare
2599 4499 2837 4568 patribus
2864 4515 3079 4568 eorum,
3112 4511 3166 4555 et
3198 4502 3512 4557 ha-reditate
3540 4506 3761 4571 recepis-

507 4592 952 4647 conturbaremus
990 4593 1255 4650 Ecclesias
1291 4611 1411 4665 qua:
1436 4595 1646 4651 fuerant
1673 4597 1725 4650 in
1764 4598 1930 4664 prima
1971 4596 2080 4651 dis-

503 4682 749 4737 si-nsione
769 4695 1071 4751 cummotm,
1104 4701 1167 4741 ac
1194 4702 1297 4741 non
1330 4687 1488 4742 etiam
1516 4688 1670 4757 longe
1699 4689 1897 4756 positas
1923 4703 2080 4756 coge-

504 4784 681 4825 remus
728 4787 915 4830 causas
962 4777 1085 4830 olim
1137 4779 1392 4832 oblivioni
1439 4780 1631 4841 datas,
1675 4793 1807 4846 quas
1850 4778 2081 4834 scientes

504 4878 714 4931 quoque
752 4868 1020 4922 reminisci
1055 4869 1230 4938 piget,
1261 4872 1571 4939 inquirere,
1615 4879 1669 4924 et
1710 4870 1951 4925 inventas
1983 4886 2080 4925 ne-

504 4954 753 5008 cessitate
778 4958 1130 5025 respondendi
1157 4977 1259 5015 non
1289 4966 1403 5016 sine
1425 4961 1720 5016 olfensione
1747 4962 2078 5015 audientium

504 5040 782 5099 ventilare.
816 5044 889 5099 De
927 5047 1017 5100 illo
1040 5063 1164 5103 vero
1210 5052 1349 5118 quod
1389 5052 1515 5105 item
1548 5052 1762 5116 dicunt,
1798 5064 2079 5123 prepterea

577 5244 600 5269 ι
636 5235 826 5315 vnum
845 5238 1159 5315 I-Iebraicam
1189 5246 1419 5298 retinent
1437 5246 1595 5299 etiam
1622 5248 1805 5301 Graeca
1831 5249 2073 5315 quaedam

503 5306 847 5387 exemplaria.
873 5325 992 5387 qum
1018 5312 1229 5387 Γαλιλὼρ
1268 5326 1318 5367 et
1346 5318 1529 5371 Γαλεώθ
1563 5319 1741 5385 legunt
1776 5334 1789 5370 :
1834 5306 1929 5384 pro
1969 5336 2075 5387 quo

502 5372 853 5444 Symmachus
882 5372 1144 5451 interpres
1190 5383 1304 5458 ὅρια
1340 5395 1512 5448 εοτιιι,
1547 5372 1741 5441 Unities
1787 5372 1881 5441 seu
1912 5372 2077 5442 CUI-lii;-

574 5508 744 5581 fCod.
780 5510 1001 5577 Veron.,
1035 5524 1293 5581 poterunt.

576 5580 595 5650 ξ
630 5580 767 5634 Ideni
800 5584 947 5650 cod.,
981 5580 1226 5639 modestia
1255 5597 1303 5639 et
1327 5587 1547 5640 ratione.

573 5647 593 5719 ξ
625 5652 763 5703 Idem
794 5647 942 5719 cod.,
970 5657 1108 5709 illas.

575 5716 595 5747 ‘
624 5720 768 5775 Idem.
793 5716 939 5787 cod.,
977 5725 1331 5781 iudicaturum
1354 5724 1681 5781 orthodosos.

2186 4599 2307 4644 sent
2354 4606 2505 4656 eam,
2539 4599 2873 4644 revertentes
2904 4592 3065 4645 iidem
3114 4591 3206 4645 filii
3242 4591 3425 4646 lluben
3460 4603 3517 4645 et
3538 4594 3692 4657 ,Gad,
3718 4604 3760 4647 et

2186 4684 2402 4739 dimidia
2434 4684 2604 4738 tribus
2657 4685 2939 4753 Manasse,
2973 4685 3027 4740 in
3069 4696 3266 4741 terram
3310 4686 3548 4753 Galaad,
3594 4690 3645 4742 id
3692 4697 3762 4743 est

2188 4778 2240 4831 in
2272 4786 2466 4831 terram
2508 4778 2863 4844 possessionis
2890 4792 3001 4833 sua:
3029 4794 3186 4847 quam
3218 4791 3544 4847 acceperant
3569 4786 3625 4835 in
3666 4782 3765 4836 ha:-

2189 4869 2498 4935 reditatem,
2531 4880 2825 4934 venerunt,
2858 4870 2995 4924 sicut
3023 4872 3278 4940 scriptum
3323 4882 3405 4926 est
3434 4870 3577 4944 (λοι.
3625 4889 3761 4941 xsu,

2193 4961 2305 5028 to),
2363 4961 2415 5013 in
2468 4961 2679 5015 Galioth
2731 4962 2982 5016 Iordanis
3025 4972 3050 4999 ⁸
3093 4980 3210 5032 quae
3240 4973 3321 5018 est
3364 4966 3418 5017 in
3471 4965 3759 5033 Chanaan,

2185 5063 2239 5106 et
2286 5052 2687 5108 aedilicaverunt
2736 5054 2807 5108 ibi
2851 5070 2998 5108 aram
3046 5071 3207 5125 supra
3268 5055 3560 5112 Jordanem
3614 5060 3653 5114 '.
3713 5061 3758 5111 In

2186 5252 2299 5315 nia;
2332 5260 2545 5306 sanctus
2574 5253 2929 5320 Hieronymus
2960 5253 3181 5307 tumulos
3206 5255 3463 5318 reddidit,
3498 5263 3555 5310 et
3587 5255 3639 5308 in
3664 5254 3759 5309 No-

2189 5324 2420 5377 minibus
2453 5324 2727 5378 Ilebraicis
2767 5323 2979 5378 Galimb
3011 5327 3258 5393 exposuit
3282 5326 3439 5379 coite:

2254 5520 2277 5553 ⁸
2304 5520 2443 5573 Idem
2472 5520 2618 5584 cod.,
2647 5538 2739 5591 pro
2770 5521 2863 5574 Dei
2890 5523 3092 5575 ruitura
3120 5540 3264 5589 irque
3289 5524 3584 5578 sollicitam.

2258 5591 2277 5619 "
2311 5592 2447 5642 Ideni
2473 5592 2614 5655 ctul.,
2645 5604 2690 5643 et
2714 5594 3093 5658 mdiﬁcaverttnt
3123 5595 3188 5645 ibi
3216 5612 3359 5647 aram
3387 5612 3542 5661 supra
3571 5598 3757 5650 larda-

2185 5676 2319 5733 ncnt,
2354 5662 2773 5733 oi'unijngcntcnt
2806 5664 2934 5723 risu;
2964 5664 3055 5715 lita
3103 5667 3401 5726 intentione,
3431 5684 3469 5718 ει
3490 5669 3655 5733 ἑξέτει,
3704 5685 3762 5721 ne

2183 5732 2305 5793 quin
2333 5731 2467 5783 ultra
2495 5729 2773 5785 Jortfanem
2806 5734 2855 5785 in
2879 5744 3011 5786 terra
3043 5735 3307 5802 Chanaan,
3340 5745 3447 5790 etc.
