3974 6330
148 332 245 395 7m

1014 328 1148 393 PRO
1188 329 1618 393 DEFENSIONE
1659 330 1875 392 TRIUM
1913 334 2226 391 CAPITUL.
2268 335 2396 390 Llll.
2433 336 2543 391 VII.

3326 342 3431 399 709

147 451 403 505 Chanaan
448 446 840 517 possessionem
900 447 1018 502 alia
1063 447 1234 503 tribus
1278 458 1636 518 acceperant,
1681 447 1736 502 in
1768 451 1817 508 Α
1849 462 2029 512 nasse,
2057 455 2215 516 atque
2245 461 2309 500 ex
2356 457 2523 500 attera
2557 454 2703 514 parte
2748 446 2918 502 tribus
2948 446 3072 502 Levi
3117 458 3169 502 et
3207 448 3429 508 aliarum

147 554 256 610 qua
286 540 384 593 fuit
429 537 831 591 tabernaculum
863 548 918 592 et
951 539 1125 593 altare
1154 540 1246 593 Dei
1277 556 1291 593 :
1324 541 1421 607 ipsi
1450 555 1577 595 vero
1607 541 1742 596 citra

148 629 467 691 Iordanem,
498 644 564 683 ne
587 629 787 697 posteri
818 643 1002 681 eorum
1035 630 1203 684 alieni
1224 632 1417 683 fierent
1444 644 1472 683 a
1505 630 1597 684 Dei
1628 630 1742 685 cui-'-

149 734 298 789 t’ura,
321 723 472 793 quasi
500 723 568 776 ab
596 722 715 790 ejus
765 722 959 791 populo
998 722 1246 777 Jordanis
1291 723 1459 778 limite
1487 725 1741 795 separati,

151 817 405 888 religiosa
432 816 615 885 utique
649 816 964 880 intentione,
998 825 1052 872 et
1090 816 1204 871 zelo
1238 817 1333 872 Dei
1362 817 1644 882 ferventes,
1678 817 1746 871 il-

151 914 260 967 lam
293 920 578 966 erexerant
623 925 794 974 aram,
822 921 889 964 ιιι·
919 911 1228 966 testimonio
1272 920 1420 967 esset
1463 925 1526 965 ac
1555 926 1747 965 monu-

152 1014 341 1058 mento
362 1004 590 1070 posueris
611 1017 821 1066 eorum,
851 1003 991 1073 quod
1025 1003 1123 1071 ipsi
1153 1018 1365 1073 quoque
1394 1003 1459 1056 ad
1492 1000 1587 1059 Dei
1630 1003 1745 1056 cul—

154 1101 333 1148 turam
364 1103 419 1148 et
445 1093 563 1163 ejus
587 1092 836 1162 pupulum
883 1096 1236 1161 pertinerent.
1267 1094 1401 1148 Cum
1443 1108 1572 1148 vero
1612 1092 1745 1146 alias

154 1185 330 1239 tribus
356 1200 473 1253 quae
522 1185 574 1238 in
632 1195 771 1239 terra
800 1182 1053 1240 Chanaan
1093 1185 1229 1239 ultra
1259 1183 1547 1240 Jordanem
1578 1183 1748 1238 haere-

154 1276 380 1330 ditatem
405 1275 615 1329 fuerant
644 1285 968 1337 consecutae,
996 1278 1093 1328 ista
1124 1290 1307 1329 eorum
1338 1275 1535 1329 lateret
1565 1275 1745 1327 inten-s

156 1370 255 1435 tio,
285 1379 339 1424 et
362 1369 849 1439 putarent‘eosdem
881 1369 1016 1423 ﬁlios
1048 1367 1235 1423 Ruben
1262 1378 1315 1423 et
1338 1367 1472 1434 Gad,
1504 1378 1556 1422 et
1585 1368 1747 1422 dirui-

156 1459 303 1514 diam
354 1458 547 1513 tribum
604 1460 868 1525 Manasse,
920 1469 1202 1531 propterea
1255 1460 1401 1514 illam
1454 1460 1749 1515 atdiﬁcasse

156 1567 327 1615 oram,
362 1562 421 1605 ut
473 1554 795 1621 semetipsos
853 1562 1196 1622 segregantes
1223 1568 1252 1607 a
1292 1567 1557 1623 synagoga
1590 1553 1748 1606 totius

157 1644 347 1707 Israel,
376 1654 561 1700 contra
593 1644 988 1699 observantiam
1021 1644 1217 1698 divina:
1244 1646 1467 1700 cultum
1494 1643 1751 1699 oﬁ‘errent

156 1750 325 1805 super
354 1750 470 1791 eam
508 1736 829 1791 sacriﬁcium
862 1737 1090 1791 Demino
1112 1778 1128 1802 ,
1158 1737 1300 1807 quod
1324 1736 1436 1791 ﬁeri
1464 1751 1571 1792 non
1613 1735 1747 1789 liee«

1847 552 2039 592 novem
2071 537 2303 591 tribuum
2336 537 2518 600 ls'ael,
2551 546 2603 591 et
2634 537 2870 593 invenies
2917 550 3194 610 utramque
3224 554 3428 612 partem

1848 648 1947 705 pro
1986 633 2168 687 divino
2218 632 2364 686 cultu
2416 632 2578 687 fuisse
2625 632 2925 688 sollicitam.
2961 636 3151 703 Qumrc
3183 637 3429 708 ignoran-

1848 728 1998 796 tiam,
2032 736 2089 781 et
2132 735 2370 780 neutram
2405 726 2644 780 invenies
2692 741 2809 795 quae
2839 727 2905 780 ad
2944 728 3180 783 divinum
3226 730 3424 784 cultum

1846 820 2149 887 pertinent,
2175 817 2268 873 sed
2310 816 2532 870 alteram
2576 826 2783 881 partem
2819 817 3164 873 intentionem
3208 821 3425 875 alterius

1847 909 2147 980 ignorasse.
2188 908 2377 975 Qumre
2408 906 2754 962 intentionem
2787 908 2975 977 synodi
3008 909 3311 977 Ephesium.
3343 922 3426 965 at-

1847 1015 1951 1072 que
1978 1016 2044 1055 ex
2072 1000 2238 1055 altera
2276 1011 2426 1070 parte
2456 1001 2755 1053 antistitum
2788 1001 3076 1068 provinciae
3118 1002 3348 1057 Orientis
3374 1016 3429 1060 et

1848 1092 2073 1148 aliarum
2103 1106 2290 1147 novem
2324 1092 2737 1159 provinciarum,
2777 1100 2828 1147 et
2871 1094 3110 1147 invenies
3142 1105 3421 1161 utramque

1848 1193 2053 1254 partem
2079 1199 2178 1254 pro
2220 1183 2399 1239 divino
2448 1185 2593 1237 cultu
2643 1184 2805 1238 fuisse
2852 1184 3211 1241 sollicitam.‘l
3238 1188 3431 1253 Quer

1847 1274 2230 1346 ignorantiam,
2262 1284 2313 1329 et
2344 1283 2586 1328 neutram
2614 1286 2811 1338 partem
2841 1274 3078 1329 invenies
3110 1291 3230 1345 qua:
3252 1276 3316 1329 ad
3347 1276 3423 1328 di.

1848 1367 2027 1420 vinum
2053 1365 2254 1419 cultum
2288 1368 2575 1433 pertinent,
2611 1364 2701 1418 sed
2751 1366 2971 1419 alteram
3022 1376 3222 1434 partettt
3257 1367 3428 1420 inten-

1849 1454 2049 1509 tionem
2081 1455 2301 1510 alterius
2329 1456 2625 1525 ignorasse.
2660 1454 2812 1519 Quod
2840 1467 2902 1509 ex
2941 1469 3006 1509 eo
3032 1456 3160 1509 satis
3184 1468 3426 1522 apparet,

1847 1548 2097 1619 quoniam
2143 1563 2237 1608 per
2280 1547 2637 1602 venerabilem
2686 1546 2905 1600 Paulum
2952 1547 3267 1601 Emesenum
3314 1550 3429 1616 epi-

1848 1654 2093 1711 scopum,
2125 1656 2224 1696 nec
2254 1639 2543 1695 orientales
2591 1640 2779 1695 Patres
2820 1640 3019 1709 aliquid
3069 1641 3364 1709 improbum
3396 1658 3424 1695 a

1849 1726 2005 1788 beato
2054 1733 2251 1804 Cyrillo
2304 1732 2664 1787 conﬁtendum
2716 1734 3120 1803 expetiverunt;
3170 1749 3265 1789 nec
3314 1736 3428 1803 ipse

156 1827 249 1883 bat
269 1836 465 1898 prater
490 1844 653 1883 unum
677 1829 845 1883 altare
873 1828 1015 1898 quod
1044 1837 1160 1884 erat
1183 1837 1309 1883 ante
1339 1828 1740 1884 tabernaculum
1770 1815 1818 1876 Β
1845 1825 2035 1881 beatus
2079 1823 2309 1894 Cyrillus
2339 1824 2533 1893 aliquid
2570 1839 2770 1879 eorum
2822 1840 2941 1891 quae
2995 1826 3224 1893 expetita
3257 1828 3277 1857 '
3311 1825 3425 1881 fueu

156 1920 315 1987 ejus;
350 1919 539 1975 eodem
568 1934 675 1989 quo
718 1928 775 1974 et
810 1919 882 1974 illi
916 1920 1032 1976 zelo
1066 1922 1158 1975 llei
1214 1919 1479 1974 ferventes
1501 1959 1518 1987 ,
1547 1926 1602 1974 et
1645 1931 1742 1986 pro

155 2009 349 2064 eadem
378 2009 593 2063 cultura
616 2010 707 2063 Dei
732 2019 1422 2075 certantes,.convenerunt
1460 2022 1648 2064 omnes
1689 2009 1741 2061 in

158 2099 295 2164 Silo,
327 2111 383 2153 ut
404 2099 756 2154 ascenderem
786 2115 1093 2170 expugnare
1116 2115 1234 2155 eos.
1265 2099 1469 2165 Quibus
1493 2113 1614 2154 cum
1647 2096 1741 2152 lilii

159 2186 353 2243 Ruben
378 2199 427 2241 et
456 2190 567 2246 Gad
592 2199 645 2244 et
674 2190 893 2245 dimidia
925 2192 1093 2247 tribus
1124 2191 1395 2256 Manasse,
1424 2191 1546 2245 facti
1574 2189 1743 2244 ratio-

160 2293 285 2334 nem
318 2282 628 2347 redderent,
658 2296 765 2351 quo
792 2284 1065 2352 proposito
1086 2292 1245 2352 atque
1273 2282 1567 2336 intentione
1596 2294 1742 2335 aram

162 2371 461 2438 erexerint,
490 2371 567 2426 illi
597 2372 845 2426 dixerunt
877 2390 890 2426 :
921 2372 1093 2426 Hodie
1138 2374 1461 2442 cognouimus
1488 2372 1609 2442 quia
1650 2388 1744 2425 no—

162 2461 359 2515 biscum
403 2471 476 2515 est
506 2462 752 2515 Dominus
771 2504 785 2524 ,
816 2466 937 2533 quia
965 2480 1065 2517 non
1092 2464 1371 2535 deliquistis
1398 2464 1451 2516 in
1477 2471 1745 2533 conspectu

164 2550 377 2605 Domini
404 2552 664 2618 delictum,
688 2563 735 2606 et
755 2554 878 2622 quia
901 2553 1145 2608 liberastis
1169 2555 1303 2623 ﬁlios
1325 2552 1492 2607 Israel
1510 2552 1573 2606 de
1592 2568 1747 2606 manu

166 2643 376 2697 Domini
405 2641 542 2712 (los.
575 2660 703 2709 χχιι,
732 2643 843 2712 51).
877 2645 1037 2700 Vides
1078 2646 1260 2715 igitur,
1292 2646 1563 2715 Auguste,
1603 2643 1746 2713 quod

164 2749 263 2801 pro
290 2733 480 2788 eadem
507 2736 764 2803 religione
801 2750 903 2805 qua
936 2747 1081 2791 recte
1119 2735 1311 2791 colitur
1333 2735 1497 2801 Dens,
1521 2749 1625 2789 non
1656 2748 1747 2789 so-

158 2828 271 2883 tum
303 2824 589 2880 dissentire
619 2840 649 2879 a
680 2840 738 2879 se
766 2826 1018 2892 invicem,
1047 2841 1234 2881 verum
1265 2828 1422 2881 etiam
1469 2825 1749 2881 laudabili-

159 2925 249 2970 ter
276 2930 517 2985 pugnare
550 2916 832 2971 adversum
862 2933 919 2973 se
955 2918 1190 2987 religiosi
1220 2933 1281 2974 ac
1301 2918 1584 2973 rectissimi
1622 2932 1746 2986 pos-

155 3006 295 3071 sint,
322 3005 452 3059 dum
496 3021 591 3062 eos
621 3022 726 3062 non
767 3009 905 3062 ratio
934 3008 1104 3063 divini
1152 3010 1360 3074 cultus,
1385 3010 1482 3065 sed
1529 3008 1748 3064 alterius

157 3102 394 3156 alterum
420 3099 549 3154 latet
578 3101 823 3155 intentio.
854 3101 1188 3170 QuaprOpter
1226 3101 1315 3172 qui
1345 3101 1502 3156 nobis
1531 3101 1745 3166 dicunt,

1844 1927 1965 1974 rant
1989 1917 2293 1987 denegavit.
2322 1916 2381 1972 Si
2426 1926 2601 1971 autem
2653 1917 2836 1970 Patres
2883 1919 3170 1973 orientales
3204 1927 3259 1973 et
3292 1919 3428 1972 alios

1843 2008 1934 2079 qui
1987 2022 2109 2062 cum
2136 2008 2216 2061 eis
2260 2014 2433 2071 erant,
2464 2007 2533 2059 ob
2564 2006 2751 2059 aliena:
2798 2006 3116 2061 intentionis
3174 2009 3429 2077 ignoran-

1845 2087 1994 2165 tiam,
2016 2099 2155 2155 sicut
2181 2107 2233 2154 et
2277 2098 2395 2153 illas
2422 2098 2600 2167 plures
2655 2098 2823 2153 tribus
2856 2099 3041 2164 Israel,
3069 2101 3427 2155 condemnare

1844 2202 1949 2243 non
1974 2202 2280 2257 possumus,
2309 2188 2580 2257 quomodo
2622 2188 2947 2243 venerabilis
2990 2189 3097 2243 lbae
3145 2190 3425 2259 epistolam

1844 2277 2298 2334 Chalcedonensis
2327 2277 2564 2348 synodus
2614 2277 3018 2343 condemnaret,
3051 2294 3169 2347 quae
3226 2295 3422 2334 secum

1844 2369 1970 2426 dum
1997 2384 2184 2424 eorum
2214 2369 2573 2438 suspicionem
2604 2369 2669 2422 de
2690 2370 3037 2437 capitulorum
3069 2371 3207 2426 beati
3236 2371 3422 2442 Cyrilli

1846 2462 2156 2530 receptione
2202 2469 2493 2527 conquesta
2540 2459 2661 2513 est?
2700 2458 2946 2529 Nunquid
2988 2461 3131 2515 enim
3181 2462 3260 2514 vel
3308 2463 3434 2518 lhas

1844 2553 2150 2623 episcopus,
2175 2551 2256 2604 vel
2285 2551 2372 2605 alii
2405 2552 2689 2604 multarum
2716 2552 3111 2619 provinciarum
3134 2555 3423 2619 antistites,

1847 2644 2173 2714 Ephesinam
2200 2642 2463 2712 synodum
2494 2641 2745 2708 culpasse
2784 2644 3070 2712 aliquando
3122 2655 3425 2699 monstran-

1848 2745 1957 2802 tur,
1988 2734 2126 2805 quod
2150 2743 2339 2788 contra
2365 2732 2692 2800 Nestorium,
2725 2734 2844 2789 licet
2892 2736 2943 2789 in
2974 2736 3179 2791 duabus
3206 2738 3425 2801 naturis,

1849 2842 2013 2881 unum
2044 2836 2224 2881 tamen
2256 2823 2352 2879 Dei
2400 2831 2559 2894 atque
2606 2824 2841 2879 hominis
2872 2825 3038 2879 lilium
3065 2826 3246 2880 Jesum
3275 2823 3425 2880 Chri-

1849 2926 1990 2973 stum
2017 2916 2377 2973 confitendum
2409 2931 2529 2971 esse
2565 2916 2885 2982 ﬁrmaverit;
2918 2927 2977 2971 ut
3006 2918 3151 2973 credi
3178 2922 3341 2988 possit
3370 2921 3428 2973 lin

1850 3015 1959 3082 dei,
1989 3029 2145 3086 quam
2177 3014 2243 3068 de
2290 3013 2655 3067 incarnatione
2696 3012 2892 3066 Christi
2943 3012 3159 3079 habuit,
3191 3022 3247 3068 et
3277 3015 3427 3069 restio

1853 3107 2004 3172 tisse,
2034 3114 2087 3160 et
2121 3104 2262 3159 aliud
2321 3104 2673 3174 praedicasse?
2718 3103 2858 3157 Nihil
2904 3115 2985 3157 est
3014 3103 3178 3174 igitur
3206 3105 3345 3173 quod
3374 3104 3432 3160 in

167 3196 208 3250 si
243 3192 567 3262 Ephesinam
615 3193 877 3263 synodum
906 3194 1209 3262 recepistis,
1245 3171 1600 3248 condemnato
1626 3207 1749 3262 pro—
1773 3171 1820 3235 (ἶ
1854 3198 1954 3253 hac
1981 3198 2206 3268 epistola
2252 3171 2412 3251 etiam
2454 3197 2521 3251 de
2552 3196 2903 3265 capitulorum
2958 3171 3097 3253 beati
3135 3171 3322 3267 Cyrilli
3376 3213 3433 3257 et

170 3287 361 3341 vincis:
388 3286 622 3341 Orientis
643 3296 696 3341 et
723 3285 946 3339 aliarum
977 3301 1169 3340 novem
1218 3285 1608 3355 provinciarum
1635 3284 1749 3353 epi-

167 3391 392 3447 seOpos;
423 3378 613 3430 merito
656 3376 891 3440 audient,
922 3385 980 3430 ut
1016 3377 1058 3429 si
1084 3386 1137 3430 et
1178 3377 1277 3444 ipsi
1311 3377 1449 3433 lilios
1478 3375 1664 3430 Ruben
1693 3382 1749 3430 et

166 3468 307 3535 Gad,
342 3475 400 3522 et
452 3466 725 3521 dimidiam
760 3466 957 3521 tribum
1004 3468 1248 3522 Manasse
1299 3467 1588 3537 recipiunt,
1615 3481 1748 3519 con-

164 3560 422 3614 demnent
474 3557 666 3611 tribttm
720 3555 848 3610 Levi
891 3564 945 3609 et
982 3556 1113 3609 alias
1161 3570 1350 3609 novem
1400 3554 1600 3615 tribus,
1629 3569 1749 3623 qua:

165 3664 291 3703 cum
321 3647 547 3701 fratrum
575 3660 793 3700 suorum
846 3646 1038 3701 lateret
1064 3646 1324 3711 intentio,
1356 3660 1449 3700 eos
1479 3646 1749 3700 debellare

164 3746 555 3794 convenerant.
585 3737 650 3791 Et
679 3746 826 3792 certe
882 3738 935 3790 in
992 3737 1084 3791 illo
1144 3738 1337 3805 pupula
1385 3745 1541 3791 erant
1588 3738 1746 3790 etiam

165 3829 466 3899 prophetae,
492 3843 592 3883 nec
611 3829 690 3882 eis
718 3828 947 3896 imputat
971 3827 1249 3897 quisquam
1278 3826 1419 3897 quod
1447 3826 1747 3880 animorum

166 3925 394 3976 fratrum
416 3935 633 3974 suorum
660 3919 894 3988 prudens
920 3921 1196 3973 consilium
1229 3934 1332 3971 non
1355 3918 1600 3981 viderint,
1627 3932 1746 3971 cum

165 4014 332 4068 facile
361 4021 544 4080 posset
587 4010 865 4064 orantibus
896 4025 963 4063 ex
1012 4018 1229 4077 accepta
1258 4011 1551 4079 prophetia:
1577 4008 1747 4077 gratia

164 4102 399 4155 revelari
435 4119 449 4154 :
481 4115 668 4153 omnes
723 4111 899 4152 autem
955 4099 1252 4154 Orientales
1304 4106 1465 4167 atque
1520 4099 1745 4151 aliarum

166 4191 564 4258 provinciarum
597 4188 885 4251 antistites,
915 4203 1050 4255 quos
1078 4190 1431 4258 capitulorum
1463 4189 1604 4243 beati
1636 4188 1746 4259 Cy-

164 4280 273 4336 rilli
306 4280 461 4333 latuit
506 4278 749 4343 intentio,
786 4287 845 4332 ut
870 4279 1191 4347 Ephesinam
1242 4279 1501 4349 synodum
1531 4294 1627 4348 pro
1655 4294 1748 4333 co-

165 4386 287 4425 rum
320 4369 662 4438 susceptione
707 4370 1006 4437 culparent,
1036 4371 1317 4438 episcopos
1363 4369 1607 4433 dicimus,
1641 4384 1745 4424 non

166 4463 481 4531 prophetas.
512 4461 611 4528 Qui
649 4476 777 4529 ergo
810 4459 1082 4530 prophetis
1129 4476 1231 4513 non
1255 4462 1576 4529 itnputamus
1605 4461 1745 4530 quod

1852 3287 2138 3360 Ephesinaa
2166 3287 2355 3358 synodi
2379 3287 2672 3342 intentione
2702 3282 2722 3317 ⁸
2752 3287 3063 3359 Eutycbiani
3111 3301 3425 3360 querantur.

2478 3421 2706 3479 CAPUT
2731 3421 2821 3476 Vll

1856 3517 2005 3583 Quod
2033 3515 2272 3585 templum
2298 3522 2355 3585 et
2400 3513 2637 3566 habitans
2679 3514 2733 3585 in
2758 3529 2817 3566 eo
2846 3523 2975 3585 recte
3024 3516 3217 3567 dictum
3246 3516 3333 3579 sit,
3382 3530 3435 3572 ct

1960 3586 2060 3639 uad
2089 3584 2296 3653 prapter
2327 3584 2579 3636 Theodori
2613 3584 2789 3636 laudes
2817 3584 3143 3636 condemnari
3171 3600 3202 3636 a
3237 3586 3433 3653 synodo

1960 3605 2059 3639 uva
2089 3605 2296 3653 propter
2330 3605 2579 3636 ιιιεοαοη
2613 3605 2789 3636 tauaes
2817 3605 3143 3636 εοηαιιπιηαη
3171 3605 3202 3636 a
3237 3605 3433 3653 synoao

1922 3605 2033 3710 1st
2054 3655 2268 3721 epistola
2310 3670 2410 3706 non
2438 3653 2630 3717 debuit,
2676 3668 2792 3724 cum
2821 3654 2953 3706 idem
2995 3671 3025 3707 a
3069 3653 3434 3724 Chrysostomo

1921 3738 1968 3781 et
1993 3744 2025 3779 a
2057 3724 2386 3803 Nazianzeno
2412 3723 2654 3776 laudatus
2682 3723 2768 3776 sit.

1922 3837 2089 3892 Video
2118 3844 2295 3889 autem
2327 3834 2498 3898 nobis,
2533 3849 2599 3888 ex
2655 3833 2905 3889 omnibus
2952 3848 3070 3904 qua:
3121 3836 3319 3905 scripta
3375 3834 3428 3891 in

1849 3928 1940 3985 illa
1991 3925 2215 3995 epistola
2264 3923 2757 3993 reprehenderunt,
2805 3925 3051 3979 ultimum
3108 3928 3435 3981 remansisse

1849 4018 2166 4087 capitulum,
2199 4016 2265 4069 de
2296 4015 2451 4069 laude
2491 4030 2648 4084 quam
2696 4015 2935 4070 continet
2973 4015 3240 4070 Theodori
3279 4016 3428 4084 Mop-

1850 4112 2088 4169 suesteni
2111 4110 2369 4178 episcOpi.
2405 4109 2477 4163 De
2507 4124 2612 4177 quo
2640 4108 2759 4177 quia
2804 4110 2968 4163 multa
2996 4109 3265 4192 dixerunt,
3295 4120 3345 4163 et
3376 4110 3445 4169 ini

1849 4217 1915 4257 eo
1962 4215 2087 4258 suas
2130 4202 2362 4256 maxime
2408 4202 2714 4254 exercuisse
2777 4199 3071 4253 calumnias
3114 4201 3428 4271 gloriantur,

1851 4292 1990 4347 unde
2019 4306 2118 4347 nos
2148 4306 2364 4361 quoque
2409 4305 2572 4359 super
2603 4292 2705 4344 hoc
2745 4291 2980 4359 capitulo
3011 4294 3178 4346 multa
3210 4308 3430 4360 restion-

1849 4384 1978 4439 dere
2007 4383 2415 4449 compellimur;
2442 4396 2509 4434 eo
2554 4382 2824 4449 paulisper
2870 4382 3060 4448 dilato,
3092 4382 3233 4450 eligo
3288 4397 3428 4438 nunc

1855 4476 2032 4543 potius
2060 4473 2081 4502 ‘
2111 4472 2418 4538 defendere,
2452 4486 2753 4539 quanquam
2808 4472 3072 4539 posterius
3121 4471 3311 4525 ordine
3346 4471 3428 4524 vi-

162 4552 472 4622 religiosatu
506 4552 851 4605 intentionem
908 4548 1131 4609 fratrum
1180 4564 1397 4604 suorum
1430 4551 1746 4618 nescierint,
1780 4545 1829 4604 D
1854 4566 2076 4634 deatur,
2106 4566 2247 4634 quod
2292 4564 2342 4617 id
2370 4563 2392 4595 ι
2422 4579 2526 4617 non
2575 4564 2807 4631 scripto,
2841 4566 2932 4617 sed
2990 4564 3170 4617 verbis
3226 4572 3429 4619 tantum

161 4645 260 4700 8th
291 4644 569 4697 laudamus
596 4658 691 4696 eos
746 4644 921 4711 potius
970 4642 1112 4710 quod
1145 4642 1332 4696 eadem
1379 4642 1624 4711 religiosa
1664 4642 1750 4695 in-

162 4737 410 4791 tentiooc
463 4735 719 4789 adversus
763 4749 857 4787 eos
913 4734 1108 4787 fuerint
1153 4733 1405 4788 concitati
1439 4749 1451 4785 :
1484 4732 1750 4801 quomodo

160 4842 454 4897 possumus
485 4842 588 4879 non
628 4825 904 4895 prophetis
941 4825 1185 4879 Patribus
1213 4825 1561 4880 orientalibus
1590 4835 1750 4895 atque

158 4922 288 4974 aliis
321 4920 583 4986 imputare
603 4957 618 4982 ,
650 4917 790 4985 quod
814 4918 834 4951 ι
863 4917 1111 4986 religiosa
1152 4917 1448 4972 intentione
1492 4917 1750 4972 adversus

161 5024 357 5066 eurum
382 5008 765 5078 approbatores
807 5006 1005 5061 iuerint
1033 5006 1322 5061 concitati?
1348 5006 1537 5073 Qumre
1568 5007 1745 5059 inten-

166 5104 373 5157 tionem
400 5100 625 5153 ﬁliorum
649 5098 832 5153 Ruben
855 5106 915 5153 et
935 5098 1079 5166 Gad,
1101 5108 1154 5153 et
1182 5097 1417 5153 dimidia:
1445 5097 1613 5152 tribus
1636 5097 1746 5151 Ma.

245 5354 263 5391 θ
290 5357 424 5413 Cod.
453 5358 674 5420 Verum,
705 5356 841 5427 quod
866 5355 1157 5429 religiosum
1181 5358 1505 5413 intentionem
1536 5358 1740 5429 capitu-

162 5434 335 5483 forum
366 5429 543 5499 Cyrilft'
566 5430 857 5499 nescierint,
884 5429 955 5481 rel
982 5428 1025 5480 si
1072 5431 1271 5480 dicatur
1299 5445 1399 5481 non
1428 5444 1534 5483 esse
1563 5428 1745 5484 lauda-

161 5504 265 5553 bile
292 5500 432 5567 quod
478 5498 651 5551 eadem
699 5502 935 5566 religioso
986 5501 1256 5551 intentione
1298 5499 1541 5554 adversus
1567 5516 1749 5555 eorum

160 5570 529 5638 approbatur“
553 5568 741 5636 fuerint
770 5570 1045 5621 concitati?
1077 5570 1279 5633 ρεπεν-ε,
1304 5579 1412 5624 etc.

1854 4656 2154 4727 procaciter
2181 4656 2434 4719 culpent,
2470 4651 2609 4721 quod
2666 4651 2718 4704 in
2776 4651 2935 4705 ﬁnem
2979 4650 3145 4720 ipsius
3187 4653 3428 4720 epistola:

1853 4748 2051 4801 dictum
2081 4752 2215 4798 est:
2269 4760 2286 4792 ι
2335 4742 2449 4795 Non
2501 4741 2643 4795 enim
2699 4741 2975 4809 quisquam
3040 4740 3200 4796 audet
3248 4741 3427 4798 dicere

1853 4853 2011 4893 unam
2038 4850 2159 4891 esse
2210 4844 2453 4888 naturam
2509 4832 2798 4887 divinitatis
2838 4842 2894 4888 et
2936 4833 3307 4902 humanitatis,
3332 4832 3431 4891 sed

1851 4929 2173 4984 conﬁtentur
2219 4927 2270 4980 in
2322 4926 2575 4993 templum
2616 4933 2671 4979 et
2724 4925 3109 4981 iubahitantem
3139 4928 3194 4983 in
3221 4943 3309 4996 eo,
3336 4930 3431 4996 qui

1852 5028 1937 5075 est
1963 5034 2099 5073 unus
2126 5018 2292 5073 Filius
2322 5016 2577 5071 Dominus
2608 5015 2765 5070 Iesus
2794 5015 3058 5071 Christus.
3095 5036 3112 5069 ι
3146 5017 3298 5085 Quod
3322 5019 3428 5073 talo

1852 5109 2063 5180 quidem
2094 5116 2171 5163 est
2225 5108 2381 5179 quale
2430 5107 2562 5162 illud
2590 5106 2731 5177 quod
2770 5121 2929 5176 supra
2955 5109 3308 5175 defendimus,
3337 5109 3425 5165 ubi

1922 5366 1942 5435 ξ
1974 5362 2114 5435 idem
2143 5363 2290 5431 cod.,
2316 5366 2379 5417 ab
2400 5382 2460 5419 eo
2478 5368 2716 5435 expetita.

1925 5433 1946 5465 ³
1975 5434 2118 5488 Idem
2145 5434 2292 5500 cod.,
2317 5433 2718 5501 repreltrns‘one.

1926 5503 1946 5533 ⁸
1975 5506 2113 5575 idem
2144 5508 2289 5571 cod.,
2321 5507 2451 5557 illud
2489 5508 2674 5575 potius.

1926 5575 1947 5604 '
1968 5574 2111 5628 Idem
2134 5576 2282 5642 cod.,
2311 5576 2461 5641 idque
2481 5574 2579 5630 non
2603 5577 2810 5646 scripto.

238 5780 261 5805 ‘
297 5774 425 5828 ilasc
454 5774 614 5832 habes
649 5775 801 5842 paulo
832 5785 988 5839 ante;
1021 5774 1258 5840 adeoque
1288 5776 1374 5836 ltic
1426 5778 1616 5834 ἴτυοῑη
1650 5778 1868 5845 repet'ta
1897 5777 2171 5832 videntur.
