3974 6330
553 326 655 382 703

1609 321 1905 380 FACUNDI
1952 320 2161 378 EPlSC.
2204 320 2704 387 llERilIANENSiS

3668 356 3739 409 7’0
3748 360 3777 414 κι

551 465 648 530 ait,
686 472 1059 533 tanquam'non
1086 463 1155 516 sit
1184 459 1479 516 differentia
1508 461 1648 515 inter
1676 462 1931 531 templum
1964 470 2018 516 et
2048 465 2131 515 in-

2250 448 2568 516 capilulum,
2621 455 2762 520 quod
2814 455 3173 514 intermissum
3226 460 3415 531 fuerat,
3468 477 3829 538 revertamur,

557 556 877 611 habitantem
910 559 959 608 in
992 571 1077 610 eo.
1109 554 1306 609 Verum
1352 569 1417 607 ne
1442 564 1688 621 putemus
1720 556 1735 585 ¹
1766 555 1968 620 aliquid
2000 554 2136 608 0mi-

557 653 709 714 sisse,
740 648 790 701 in
823 650 921 702 hoc
946 662 1155 715 quoque
1187 646 1306 700 loco
1345 646 1591 701 eamdem
1619 646 1942 699 culumniam
1976 646 2137 701 refel-

559 744 744 796 lamus.
776 742 902 794 Nam
943 741 1126 794 dicunt
1170 741 1234 793 ad
1289 740 1609 793 divisionem
1662 740 1818 791 unius
1867 739 1957 791 lilii
2009 739 2135 792 Jesu

552 832 747 883 Christi
786 832 1077 900 pertinere,
1110 830 1247 897 quod
1278 830 1351 881 ait
1382 846 1394 880 :
1430 848 1447 879 ‹
1477 827 1581 881 Sed
1613 828 1897 882 conlitezur
1920 829 1972 881 in
2002 837 2141 881 tem-

554 922 697 990 plum
730 934 781 973 et
820 921 1200 973 iultnbitantem
1231 921 1282 971 in
1315 934 1420 971 eo:
1464 938 1480 969 t
1532 928 1783 985 tanquam
1828 919 1985 971 aliam
2038 933 2139 971 vo-

551 1015 715 1065 luerit
743 1012 959 1075 intelligi
1006 1010 1189 1078 templi
1238 1010 1637 1063 subsistentiam
1668 1010 1783 1062 sive
1831 1024 2135 1075 personam,

560 1118 615 1162 et
642 1109 795 1160 aliam
830 1109 1172 1162 iultabitantis
1202 1110 1252 1162 in
1284 1124 1365 1162 eo.
1393 1108 1480 1163 Sic
1509 1116 1683 1161 autem
1726 1117 1950 1177 possunt
1994 1117 2045 1160 et
2076 1108 2142 1160 de

564 1197 736 1251 vctbis
769 1200 973 1251 Domini
1026 1200 1192 1268 ipsius
1235 1199 1413 1253 direre
1440 1240 1453 1261 ,
1487 1200 1572 1251 ubi
1604 1199 1802 1252 .ludzeis
1832 1200 1899 1253 de
1944 1199 2142 1266 templo

559 1290 642 1340 sui
692 1292 931 1357 corporis
962 1292 1091 1344 dixit
1125 1311 1137 1344 :
1172 1291 1366 1345 Solvite
1397 1292 1637 1361 templum
1680 1294 1795 1355 hoc,
1828 1304 1873 1345 et
1902 1294 1953 1345 t'tt
1983 1293 2141 1345 tribus

557 1380 735 1432 diebus
776 1382 1002 1435 excitabo
1035 1384 1165 1435 illud
1194 1382 1375 1452 (Joau.
1410 1400 1465 1451 tt,
1514 1386 1600 1455 19)
1632 1404 1644 1438 :
1678 1395 1927 1452 tanquam
1980 1388 2138 1442 aliam

562 1475 789 1528 voluerit
842 1476 1069 1546 intelligi
1129 1492 1409 1545 personam
1460 1480 1725 1534 excitandi
1773 1480 2011 1549 corporis
2059 1483 2139 1535 sui

562 1570 764 1633 templi,
798 1578 851 1624 et
884 1570 1041 1625 aliam
1074 1574 1358 1629 excitaturi
1391 1574 1543 1628 illud.
1591 1575 1726 1640 Quid
1770 1586 1950 1630 autem
1983 1578 2140 1633 nobis

561 1656 611 1710 in
643 1660 869 1726 epistola
901 1678 996 1716 sua
1029 1666 1351 1719 venerabilis
1392 1667 1509 1721 lbas
1562 1668 1778 1721 dubium
1828 1669 2136 1737 dereliquit,

558 1767 680 1803 cum
713 1754 860 1821 prius
908 1756 1255 1813 intentionem
1289 1775 1400 1814 sua:
1436 1762 1628 1815 mentis
1658 1763 1927 1830 aperiens,
1959 1772 2013 1817 et
2041 1763 2134 1817 do-

2242 541 2395 605 cujus
2426 542 2497 593 ita
2553 546 2914 602 meminerunt
2960 550 3239 606 dicentes:
3280 571 3300 604 ι
3340 555 3407 607 Ει
3454 566 3575 624 post
3617 562 3833 617 medica

2242 633 2495 701 episcopo
2527 636 2741 691 Edessa:
2771 639 3031 709 derogans
3075 644 3202 697 dicit
3233 662 3245 697 :
3282 645 3378 700 Hic
3408 657 3609 702 nostra:
3635 653 3833 705 cixita-

2244 724 2314 774 tis
2338 732 2596 792 tyrannus
2626 727 2994 784 beatissimum
3027 731 3367 788 Theodorum
3402 752 3709 804 praeconem
3746 759 3835 795 ve-

2244 814 2414 869 ritatis
2442 824 2497 870 et
2522 816 2798 873 doctorem
2835 821 3089 877 Ecclesia:
3123 830 3459 895 prazsumpsit
3480 871 3492 892 ,
3523 832 3617 900 qui
3648 836 3837 888 omnia

2244 907 2540 972 prmsumit,
2577 908 2630 962 in
2652 910 2882 965 ecclesia
2912 915 3083 981 palam
3111 918 3601 977 anathematizare:
3641 945 3659 974 ι
3689 928 3831 993 quod

2246 994 2365 1049 ideo
2404 1013 2469 1052 ex
2516 998 2607 1052 illa
2664 1003 2886 1067 epistola
2942 1018 3271 1072 posuerunt,
3332 1012 3454 1078 quia
3515 1015 3831 1080 prmdictum

2246 1089 2393 1144 Theo
2416 1092 2604 1155 lorum,
2640 1095 2777 1147 sicut
2820 1110 2965 1162 saepe
2995 1098 3195 1152 dictum
3227 1110 3333 1165 est,
3365 1114 3617 1158 accusant
3675 1112 3835 1174 quasi

2245 1195 2305 1234 ea
2330 1198 2447 1248 qua:
2476 1194 2602 1237 sunt
2627 1185 2851 1240 Nestorii
2880 1188 3255 1256 praedicantem
3284 1210 3297 1244 :
3331 1202 3388 1246 ut
3414 1197 3568 1263 quasi
3600 1213 3700 1264 per
3732 1202 3830 1254 hoc

2244 1271 2611 1330 Nestorianm
2664 1279 2800 1335 banc
2851 1283 3132 1351 epistolam
3190 1285 3665 1362 demonstrarent,
3714 1311 3829 1366 qua:

2246 1365 2541 1421 laudaverit
2593 1370 2840 1424 eumdem
2871 1374 2924 1437 ';
2959 1383 3118 1443 atque
3166 1375 3237 1428 ita
3297 1381 3559 1448 synodum
3612 1365 3829 1451 quoque

2244 1453 2736 1515 Cbalcedonensem
2761 1462 3127 1519 Nestorianam
3153 1469 3462 1535 probarent,
3486 1474 3629 1540 quod
3658 1475 3827 1541 ipsam

2243 1548 2548 1615 epistolam,
2597 1552 2899 1609 laudantem
2954 1572 3075 1611 eum
3129 1561 3220 1628 qui
3275 1560 3577 1618 Nestoriani
3632 1566 3828 1622 dicitur

2243 1650 2429 1694 auctor
2468 1643 2687 1709 erroris,
2722 1650 3083 1713 pronunt'avit
3129 1650 3503 1708 orthodoxam.
3534 1655 3675 1722 Quia
3702 1674 3829 1715 vero

2246 1749 2352 1787 non
2382 1735 2554 1788 solum
2587 1738 2638 1790 itt
2668 1740 2890 1806 epistola
2933 1741 3037 1795 lbze
3095 1742 3339 1798 laudatus
3384 1756 3467 1801 est
3487 1752 3615 1815 ipse
3648 1751 3828 1806 Theo-

562 1855 688 1896 cens
714 1860 818 1897 non
843 1861 901 1899 se
942 1850 1004 1900 ad
1039 1864 1280 1917 perSnnze
1323 1852 1638 1907 divisionem
1664 1894 1679 1919 ,
1710 1855 1801 1907 sed
1832 1856 1898 1908 ad
1928 1866 2138 1910 natura-
2171 1812 2216 1867 Β
2245 1824 2430 1919 doma
2460 1829 2553 1881 sed
2587 1844 2617 1881 ³
2663 1831 2845 1885 mulus
2897 1848 3108 1903 quoque
3159 1846 3358 1889 sane.”
3412 1837 3688 1906 Pmr'bust
3717 1858 3825 1911 3""

567 1947 681 1985 rum
713 1934 1131 1999 ιΙίειίιιριῑοιιθιιι,
1164 1942 1283 1993 talia
1312 1944 1718 2012 conscripsisse,
1748 1949 2138 2013 praemiseritac

562 2024 793 2079 diverit:
835 2048 851 2078 ι
892 2030 1003 2082 Νοιι
1055 2034 1193 2085 inim
1243 2035 1519 2103 quisquam
1566 2036 1727 2090 audet
1773 2038 1951 2093 dicere
1980 2056 2136 2095 uuam

562 2130 683 2168 esse
713 2126 953 2170 naturam
984 2121 1274 2175 divinitatis
1314 2134 1367 2178 et
1407 2124 1779 2191 humanitatis;
1812 2147 1830 2178 ›
1859 2138 1913 2184 et
1944 2129 2138 2187 deinde

562 2210 852 2277 subjeccrit
889 2232 899 2264 :
940 2233 957 2263 ι
998 2216 1100 2269 Sed
1133 2218 1456 2272 conﬁtentur
1480 2220 1531 2272 in
1566 2221 1818 2290 templum
1850 2232 1905 2276 et
1935 2224 2140 2279 inhibi-

561 2309 759 2354 tautem
792 2303 841 2355 in
876 2319 972 2368 eo;
1012 2325 1029 2357 ι
1066 2317 1223 2375 atque
1256 2311 1320 2361 ita
1349 2326 1498 2364 suam
1531 2315 1780 2367 clauserit
1820 2318 2135 2372 sententiam

562 2389 742 2444 dicens
770 2410 782 2443 :
814 2411 831 2442 ‹
863 2392 960 2459 Qui
1004 2405 1085 2449 est
1116 2414 1251 2451 unus
1284 2400 1449 2453 Filius
1478 2401 1628 2455 Jesus
1656 2400 1918 2459 Christus.
1953 2426 1969 2458 ι
2004 2407 2136 2471 Quid

562 2486 864 2549 expressius
890 2485 969 2538 vel
995 2488 1118 2555 quid
1152 2492 1378 2555 amplius
1405 2492 1508 2545 dici
1541 2495 1742 2561 potuit?
1770 2496 1871 2549 Sed
1907 2505 1962 2549 ut
1984 2496 2137 2551 video

563 2576 694 2628 duos
747 2577 882 2631 lilios
936 2582 1158 2637 credere
1208 2584 1511 2652 judicatur,
1568 2590 1809 2658 quisquis
1856 2593 1933 2646 sic
1973 2608 2135 2646 unum

562 2666 757 2721 dixerit
784 2671 970 2734 lilium,
1002 2684 1057 2725 ut
1090 2692 1192 2728 non
1225 2679 1385 2730 etiam
1416 2678 1546 2733 duas
1568 2681 1682 2748 ejus
1711 2684 1953 2749 negando
1984 2696 2138 2738 natu—

562 2772 665 2822 ras,
712 2775 829 2813 cum
866 2763 1209 2834 Eutycbianis
1241 2767 1624 2824 incarnationis
1676 2775 1984 2843 mysterium
2020 2775 2136 2845 ejus

562 2862 798 2906 evacuet.
836 2853 943 2905 lloc
972 2856 1128 2908 etiam
1171 2856 1352 2910 dicunt
1386 2878 1396 2910 :
1433 2860 1545 2913 Non
1598 2862 1783 2916 debuit
1814 2864 1955 2932 prius
2004 2875 2139 2919 tem-

562 2939 704 3006 plum
739 2942 1036 3009 nominare,
1071 2954 1125 2998 et
1154 2945 1348 3001 deinde
1403 2948 1727 3004 habitantem
1759 2954 1808 3006 in
1842 2968 1927 3008 eo.
1973 2955 2136 3020 Quasi

563 3028 643 3081 vel
686 3029 797 3097 ipse
827 3032 959 3087 ordo
1009 3033 1256 3102 loquendi
1301 3037 1633 3104 permitteret
1665 3049 1722 3094 ut
1751 3043 1897 3111 prius
1933 3043 2138 3099 diceret

563 3118 943 3174 iultabitantem
975 3123 1025 3175 in
1056 3138 1121 3177 eo
1143 3165 1156 3188 ,
1199 3133 1251 3178 et
1298 3135 1480 3193 postea
1515 3131 1791 3198 templum.
1823 3134 2133 3203 Quanquam
2162 3165 2211 3228 ο

561 3212 631 3261 sit
660 3212 822 3264 etiam
856 3213 1113 3267 doctrinm
1140 3220 1489 3286 conveniens,
1518 3231 1575 3276 ut
1604 3226 1723 3291 quia
1756 3242 1849 3294 per
1892 3228 2139 3283 humani-

563 3309 722 3353 tatem
751 3302 949 3357 Christi
977 3304 1043 3358 ad
1073 3306 1367 3363 divinitatis
1409 3310 1523 3378 ejus
1564 3315 1921 3383 cognitionem
1954 3334 2140 3385 perve-

563 3391 757 3455 nimus,
789 3393 937 3460 prius
988 3394 1040 3447 in
1094 3398 1292 3464 templo
1347 3399 1463 3467 cjus
1511 3400 1910 3471 bumanitas,et
1956 3418 2137 3476 postea

563 3494 1009 3538 commemoretur
1050 3487 1291 3542 habitans
1331 3491 1382 3544 in
1412 3493 1610 3561 templo
1631 3494 1901 3552 divinitas.
1935 3500 2015 3553 0b
2038 3500 2140 3555 hoc

562 3574 718 3624 etiam
740 3573 1055 3627 venerabilis
1087 3576 1278 3631 Paulus
1310 3578 1603 3637 Emesenus
1626 3586 1909 3654 episcopus
1944 3588 1993 3641 in
2026 3603 2140 3642 ser-

562 3676 719 3715 mone
750 3676 847 3716 suo
895 3680 1051 3733 quem
1099 3682 1280 3723 coram
1330 3676 1444 3740 ipso
1474 3673 1629 3730 beato
1681 3677 1731 3731 in
1780 3679 2138 3737 Alexandrina

562 3751 785 3805 ecclesia
819 3752 976 3821 fecit,
1020 3764 1074 3810 et
1101 3773 1257 3825 quem
1312 3760 1428 3828 ipse
1478 3763 1664 3817 beatus
1712 3764 1940 3835 Cyrillns
1994 3780 2136 3824 tanta

562 3842 735 3906 laude,
772 3844 911 3897 sicut
956 3848 1125 3912 primo
1171 3849 1308 3903 libro
1355 3851 1630 3908 docuimus
1655 3899 1669 3922 ,
1702 3857 2032 3924 praedicavit,
2067 3863 2136 3914 ita

561 3932 770 3987 locutus
800 3943 925 3989 est:
962 3925 983 3985 ι
1025 3936 1157 3991 Vide
1200 3940 1461 3994 Joannem
1493 3943 1624 3998 duas
1680 3956 1896 3999 naturas
1948 3950 2139 4018 pra'di-

561 4034 801 4087 cantem,
842 4034 895 4078 et
946 4041 1105 4078 unum
1162 4027 1386 4094 Filium;
1420 4033 1559 4085 aliud
1614 4034 2013 4091 tabernaculum
2040 4084 2054 4106 ,
2088 4050 2140 4094 et

561 4112 703 4164 aliud
747 4112 903 4180 quod
938 4116 987 4169 in
1023 4117 1402 4185 tabernaculo;
1438 4121 1579 4175 aliud
1612 4127 1886 4192 templum,
1919 4140 1970 4182 et
2000 4130 2137 4185 aliud

563 4206 653 4272 qui
695 4206 974 4274 inhabitat,
1006 4208 1169 4265 Deus.
1204 4231 1222 4263 ι
1254 4212 1513 4280 Quocirca
1546 4217 1590 4270 si
1620 4217 1864 4287 culpatur
1912 4237 2137 4278 venera-

560 4295 681 4349 bilis
709 4296 824 4351 lbas
849 4301 988 4367 quod
1022 4303 1169 4370 prius
1215 4305 1467 4372 templum
1501 4322 1564 4361 ac
1594 4308 1788 4365 deinde
1835 4313 2136 4368 inhabitan-

562 4394 666 4441 tem
700 4391 749 4442 in
782 4406 845 4445 eo
868 4392 919 4445 in
948 4394 1171 4461 epistola
1215 4411 1309 4450 sua
1343 4403 1604 4465 posuerit,
1645 4403 1893 4469 culpetur
1919 4422 2136 4463 necesse

561 4489 642 4533 est
666 4482 824 4537 etiam
874 4484 1058 4539 beatus
1088 4486 1342 4556 Cyrillns,
1374 4490 1513 4557 quod
1543 4505 1844 4548 sermonem
1893 4498 2131 4565 praedicti
2165 4524 2215 4582 Β

561 4570 707 4627 Pauli
738 4575 971 4647 episcopi
1000 4577 1323 4647 laudaverit,
1358 4581 1410 4635 itt
1435 4597 1536 4650 quo
1560 4584 1707 4652 prius
1732 4591 2130 4645 tabernaculum

561 4676 618 4721 et
638 4671 912 4738 templum,
942 4681 999 4727 et
1025 4685 1204 4741 postea
1229 4677 1368 4745 quod
1399 4677 1450 4731 in
1478 4679 1853 4745 tabernaculo,
1889 4693 1939 4736 et
1969 4684 2131 4738 Deum

563 4761 653 4827 qui
682 4763 930 4829 templum
977 4763 1259 4828 inhabitat,
1298 4770 1605 4823 nominavit.
1633 4769 1927 4839 Cognoscis
1955 4773 2129 4839 igitur,

560 4847 1029 4919 imperator,quod
1050 4854 1328 4922 epiStolam
1356 4859 1670 4911 venerabilis
1704 4861 1804 4914 lbre
1828 4861 2091 4917 dicentem
2116 4880 2129 4917 :

574 4950 594 4983 ι
625 4938 727 4994 Sed
759 4942 1080 4996 Confitentur
1106 4946 1155 4999 in
1181 4946 1454 5014 templum,
1478 4958 1530 5003 et
1561 4949 1940 5006 inbabitantem
1972 4954 2020 5007 in
2045 4970 2130 5022 en,

564 5031 652 5097 qui
682 5038 765 5084 est
802 5047 936 5086 unus
983 5033 1117 5088 illius
1139 5035 1293 5090 Jesus
1340 5038 1615 5104 Christus;
1665 5060 1683 5091 t
1731 5043 2019 5097 secundum
2051 5045 2136 5113 ju-

562 5120 755 5173 dicium
786 5121 921 5175 beati
949 5122 1129 5191 Cyrilli
1174 5141 1357 5196 magna
1401 5128 1854 5185 Chalcedonensis
1900 5138 2134 5204 synodus

563 5211 907 5279 approbavit;
936 5223 987 5266 et
1007 5217 1127 5281 quia
1154 5216 1235 5269 vel
1269 5218 1310 5269 si
1346 5229 1563 5286 propter
1595 5220 1695 5274 hoc
1721 5237 1838 5275 eam
1865 5225 2008 5277 velut
2039 5226 2136 5277 lue.

561 5300 775 5355 reticant
811 5304 1155 5371 improbaret,
1188 5305 1310 5359 hinc
1359 5311 1534 5374 potius
1586 5311 1795 5365 beatum
1851 5312 2132 5382 Cyrillum,

560 5388 614 5444 id
638 5391 807 5459 ipsum
838 5392 888 5445 in
923 5406 1169 5449 sermone
1198 5398 1499 5466 coepiscopi
1542 5400 1620 5453 sui
1664 5400 1808 5453 Pauli
1838 5403 2137 5469 approban-

561 5491 688 5548 tcm,
735 5481 976 5539 firmasse
1006 5485 1315 5541 haereticum
1370 5489 1663 5544 videretur.
1695 5490 1843 5545 Nunc
1892 5492 1958 5547 ad
2006 5494 2134 5551 illud

633 5656 650 5728 ξ
676 5651 805 5728 Cod.
845 5653 1057 5721 νει-οη..
1080 5672 1332 5728 putemur.

631 5725 655 5759 ί
676 5725 819 5780 idem
840 5731 988 5793 cod.,
1020 5725 1249 5788 eunulcm
1279 5733 1627 5791 Theodorum.

2246 1918 2448 1987 pridem
2495 1929 2551 1977 et
2596 1922 2647 1975 in
2691 1924 2929 1979 secundo
2986 1925 3123 1980 libro
3174 1928 3451 1983 docuimus
3478 1946 3543 1985 ex
3579 1934 3826 2001 epistoiis

2243 2018 2381 2071 beati
2406 2018 2627 2072 Joannis
2655 2018 2991 2083 Antioclieni,
3028 2021 3297 2090 totiusque
3331 2022 3611 2079 orientalis
3642 2029 3826 2082 conci«

2242 2110 2294 2163 lii
2328 2111 2465 2178 apud
2492 2112 2826 2165 Antiochiam
2850 2116 3174 2182 congregati.
3202 2124 3255 2169 et
3276 2116 3449 2172 adhuc
3476 2133 3543 2172 ex
3571 2120 3823 2187 aliorum,

2241 2200 2380 2253 sicut
2423 2202 2793 2269 promisimus,
2829 2202 3043 2256 Patrum
3094 2205 3287 2260 litteris
3320 2207 3454 2262 infra
3484 2210 3821 2266 docebimus.

2240 2290 2612 2345 Necessarium
2645 2301 2820 2347 tamen
2856 2294 3103 2349 exi~timo
3131 2307 3185 2350 et
3219 2312 3283 2351 ex
3328 2298 3427 2354 bac
3453 2301 3679 2369 epistola
3727 2304 3823 2355 do-

2240 2399 2379 2447 cere,
2404 2386 2543 2454 quod
2566 2387 2631 2441 de
2662 2388 3035 2456 Mopsuesteno
3056 2391 3339 2445 Theodoro
3371 2410 3473 2449 non
3503 2396 3675 2452 solius
3714 2398 3817 2453 lbaa

2239 2476 2397 2530 fuerit
2424 2479 2521 2532 ista
2552 2481 2840 2533 sententia.
2878 2482 3006 2535 Nam
3038 2490 3093 2535 ct
3125 2485 3295 2549 ips-im
3348 2485 3530 2541 Marim
3579 2489 3819 2553 Persam,

2240 2567 2307 2619 ad
2336 2584 2489 2640 quem
2522 2570 2729 2637 scribit,
2757 2586 2938 2627 eorum
2980 2591 3096 2643 qure
3127 2574 3195 2628 de
3222 2576 3337 2642 ipso
3367 2577 3654 2632 Theodoro
3697 2580 3821 2635 dixit

2242 2664 2494 2715 cuncium
2567 2677 2689 2717 esse
2742 2665 3033 2731 perbibet,
3066 2675 3118 2719 et
3168 2667 3504 2722 confidenter
3559 2670 3821 2738 publicam

2240 2763 2449 2820 quoque
2478 2752 2575 2805 sibi
2606 2752 2737 2807 dicit
2760 2757 2997 2809 attestari
3030 2758 3293 2812 notitiam.
3327 2758 3520 2810 Verum
3564 2760 3653 2814 isti
3677 2776 3794 2815 com

2241 2843 2685 2897 memnrationcm
2720 2860 2905 2898 e-rum
2958 2846 3147 2913 quibus
3197 2848 3298 2902 hoc
3344 2850 3669 2913 ostenditur,
3700 2867 3825 2906 cor:-

2240 2942 2391 2984 sueta
2418 2931 2604 2987 fraude
2634 2932 2899 3003 fugerunt.
2934 2936 3063 2989 Nam
3113 2940 3228 3006 quis
3260 2940 3310 2990 in
3344 2940 3449 2993 illis
3488 2942 3672 2995 verbis
3721 2959 3823 2995 non

2240 3020 2416 3074 videat
2442 3024 2761 3077 venerabilis
2798 3024 2901 3078 Ibre
2932 3026 2996 3079 de
3018 3027 3241 3082 veri'ate
3268 3028 3695 3100 fiduciam?qnia
3721 3034 3823 3087 nisi

2243 3122 2387 3166 certa
2412 3122 2466 3167 et
2495 3114 2773 3169 manifesta
2807 3128 3006 3183 esseut,
3057 3134 3387 3185 nequaquam
3441 3122 3488 3173 ei
3546 3123 3614 3174 ad
3667 3140 3821 3192 quem

2243 3203 2472 3270 scripsit,
2505 3203 2707 3258 diceret
2735 3206 2800 3259 de
2832 3205 2923 3259 illo
2949 3207 3038 3274 qui
3080 3207 3420 3262 Theodorum
3463 3211 3823 3266 anathemati-

2243 3294 2381 3347 zavit
2412 3312 2426 3349 :
2462 3314 2481 3346 ‹
2515 3297 2681 3361 Quem
2729 3313 2828 3352 nec
2878 3308 2930 3352 tu
2965 3299 3079 3368 ipse
3130 3300 3361 3369 ignoras,
3394 3302 3483 3372 qui
3537 3308 3820 3361 occasione

2242 3385 2361 3439 lidei
2388 3402 2491 3440 non
2527 3387 2706 3441 solum
2734 3406 2870 3442 nunc
2904 3390 3144 3445 viventes
3167 3393 3479 3461 insequitur,
3505 3394 3601 3449 sed
3628 3406 3687 3451 et
3713 3413 3818 3450 omv

2242 3493 2337 3532 nes
2368 3480 2387 3510 ³
2417 3480 2504 3549 qui
2546 3481 2671 3535 olim
2700 3482 2763 3534 ad
2791 3480 3070 3536 Dominum
3119 3496 3507 3553 prmcesserunt
3545 3507 3559 3542 :
3591 3505 3815 3558 quorum

2242 3585 2378 3623 unus
2401 3580 2481 3624 est
2505 3571 2692 3626 beatus
2720 3572 3056 3635 Theodorus,
3086 3589 3260 3641 ιιι-ξιξεο
3290 3577 3526 3630 veritatis
3549 3587 3603 3631 et
3635 3580 3817 3634 doctor

2240 3663 2520 3729 Ecclesia),
2545 3664 2632 3733 qui
2665 3681 2767 3718 non
2798 3666 2970 3719 solum
3003 3666 3055 3719 in
3085 3682 3178 3721 sua
3204 3667 3305 3719 vita
3335 3668 3696 3737 colaphizavit
3719 3672 3816 3724 lue.

2240 3753 2435 3808 retices
2462 3769 2555 3821 per
2581 3756 2855 3808 veritatem
2881 3770 2992 3809 sua:
3021 3756 3163 3823 ﬁdei,
3189 3757 3280 3810 sed
3323 3765 3373 3809 et
3416 3768 3532 3824 post
3590 3770 3813 3814 mortem

2240 3846 2499 3913 spiritalia
2532 3862 2677 3899 arma
2705 3848 2757 3900 in
2789 3848 2938 3902 libris
2964 3850 3194 3916 propriis
3222 3851 3476 3905 Ecclesia:
3509 3852 3635 3906 filiis
3660 3852 3813 3907 dere-

2240 3935 2411 4003 liquit.
2450 3954 2468 3987 t
2532 3935 2732 3990 Deinde
2758 3937 2924 4004 ipsius
2954 3941 3116 3992 etiam
3153 3940 3218 3991 ad
3252 3955 3404 4007 quem
3439 3942 3650 4009 scribit,
3680 3954 3811 3997 atte-

2240 4028 2370 4080 stari
2394 4028 2490 4081 sibi
2524 4029 2764 4081 notitiam
2790 4028 2965 4096 docet,
3000 4045 3118 4082 cum
3153 4031 3221 4082 ait
3250 4048 3263 4085 :
3296 4049 3312 4080 ι
3351 4031 3502 4086 Sicut
3527 4042 3580 4087 et
3615 4042 3704 4088 tua
3735 4051 3813 4090 re.

2238 4116 2473 4169 verentia
2519 4116 2692 4169 eidem
2742 4116 2999 4170 collocuta
3055 4119 3324 4186 cognovit,
3360 4128 3413 4172 ct
3442 4135 3510 4172 ex
3562 4120 3649 4174 ln's
3704 4138 3813 4191 qua:

2238 4207 2563 4275 conscripsit
2596 4206 2849 4261 instructa
2882 4215 2981 4261 est.
3014 4225 3034 4257 ›
3086 4207 3149 4260 Ει
3184 4208 3317 4261 intra
3362 4209 3577 4277 quidem
3612 4212 3684 4266 de
3726 4229 3811 4265 co-

2239 4297 2360 4351 dem
2392 4298 2677 4351 Theodoro
2705 4314 2717 4349 :
2751 4315 2770 4346 ι
2802 4297 2898 4364 Qui
2925 4307 3141 4365 propter
3170 4299 3341 4351 zelum
3382 4298 3476 4353 Dei
3509 4314 3615 4353 non
3647 4302 3812 4356 solum

2240 4389 2505 4457 prepriam
2535 4389 2804 4442 civitatem
2825 4390 2891 4441 ab
2915 4404 3101 4443 errore
3131 4390 3195 4443 ad
3218 4391 3501 4445 veritatem
3531 4394 3812 4455 convertit,

2240 4483 2331 4537 sed
2357 4493 2409 4538 et
2436 4484 2592 4551 longe
2617 4484 2814 4553 positas
2836 4496 2929 4536 sua
2951 4483 3190 4538 doctrina
3214 4482 3460 4537 instruxit
3491 4484 3809 4541 Ecclesiast

2246 4578 2522 4633 Postremo
2543 4580 2663 4647 quia
2688 4579 2825 4632 idem
2860 4578 3171 4633 Theodorus
3204 4580 3254 4633 in
3278 4595 3370 4634 sua
3403 4582 3615 4651 synodo
3648 4585 3810 4653 palam

2242 4669 2513 4739 redarguit
2542 4684 2660 4723 eum
2692 4684 2848 4738 quem
2882 4684 2994 4722 sua:
3020 4669 3248 4723 civitatis
3280 4681 3559 4740 tyrannum
3587 4676 3808 4729 vocavit.

2243 4764 2371 4829 Qum
2395 4762 2494 4816 nisi
2528 4777 2649 4815 vera
2678 4761 2871 4824 forent,
2904 4761 3169 4829 quomodo
3191 4776 3249 4814 ea
3280 4772 3460 4831 posset
3491 4767 3812 4820 reverentis-

2242 4854 2408 4909 simus
2436 4854 2555 4908 lbas
2599 4853 2776 4908 dicere
2805 4895 2817 4919 ,
2856 4854 3092 4908 omnium
3141 4852 3519 4923 episcoporum
3578 4858 3812 4912 orienta-

2243 4949 2368 5002 lium
2420 4944 2724 5000 testimonio
2751 4943 3093 5012 refragante?
3121 4943 3371 5008 Quinimo
3417 4955 3472 4998 et
3521 4946 3606 4999 sui
3652 4958 3813 5001 status

2245 5039 2533 5109 periculum
2566 5036 2873 5099 sustineret,
2900 5035 2943 5086 si
2971 5031 3285 5087 Theodorus
3313 5043 3369 5087 ut
3412 5034 3704 5092 haereticus
3733 5039 3813 5090 ba-

2245 5130 2477 5192 beretur,
2525 5143 2551 5179 a
2576 5141 2681 5193 quo
2707 5124 2847 5177 dixit
2869 5124 2921 5176 in
2948 5123 3174 5177 concilio
3207 5121 3547 5193 redargutum
3578 5141 3699 5183 esse
3730 5142 3813 5181 ne.

2242 5223 2357 5277 scio
2386 5236 2541 5290 quem
2591 5232 2701 5270 sua:
2730 5215 2961 5269 civitatis
3010 5221 3316 5282 tyrannum.
3369 5213 3572 5269 Omnes
3624 5217 3810 5285 quippe

2244 5312 2529 5367 orientales
2559 5310 2838 5377 episcopos
2864 5305 3177 5360 criminatus
3204 5315 3309 5365 est,
3336 5305 3382 5358 si
3410 5306 3464 5359 in
3510 5322 3698 5361 eorum
3724 5323 3807 5378 sy-

2245 5405 2383 5461 nodo
2414 5404 2721 5458 ltmreticum
2752 5398 2884 5453 dixit
2909 5396 3257 5464 redarguendi
3290 5396 3541 5451 habuisse
3570 5397 3803 5453 fiduciam

2242 5498 2305 5551 ad
2334 5487 2871 5550 excommunicandos
2901 5486 3134 5539 fautores
3158 5483 3533 5537 haereticorum
3562 5484 3605 5539 ⁸.
3633 5484 3687 5538 In
3715 5487 3805 5539 hoc

2312 5669 2496 5744 Fidem
2531 5665 2676 5744 cod.,
2708 5664 2874 5744 caltas
2901 5662 3006 5732 qui.
3049 5732 3063 5744 θ
3134 5739 3151 5744 _
3225 5743 3230 5744 γ
3373 5735 3385 5744 _
3514 5733 3548 5744 Α

2313 5743 2333 5771 ⁵
2363 5742 2503 5795 idem
2535 5736 2677 5802 cod.,
2702 5734 2768 5789 ad
2789 5734 2894 5788 haec
2923 5732 3095 5787 omnia
3121 5739 3347 5806 [autores
3365 5733 3741 5792 hereticorum.
