3974 6330
552 279 652 336 707

1642 273 1953 330 ΡΑΟΠΝΠΙ
1990 272 2205 331 EPISC.
2247 271 2754 328 HERMJA‘NENSIS

3726 274 3852 325 “.708

552 394 675 466 quid
706 393 830 450 hinc
860 393 1096 465 synodus
1136 391 1406 461 culpetur,
1457 390 1500 444 si
1540 391 1766 444 reverita
1808 400 1892 443 est
1916 390 2134 444 anathc-
2166 391 2217 450 Α
2244 397 2403 453 raret,
2426 396 2480 442 et
2507 387 2576 441 ob
2600 386 2699 441 hoc
2714 401 2773 441 se
2788 394 3097 441 causaretur
3119 401 3186 438 on
3217 400 3255 438 .s
3280 383 3536 438 ECCiCSiiE
3560 399 3678 439 sua:
3702 385 3853 439 ferre

552 490 802 543 tnatizare
818 488 1122 542 thesaurum
1156 484 1376 539 Joannis
1414 491 1472 538 et
1510 482 1813 537 reconditas
1844 479 1960 550 ejus
2008 480 2143 534 divi-

554 579 691 633 tias?
719 583 799 631 An
838 588 889 630 et
913 577 1024 645 ipsa
1062 583 1298 630 statuere
1344 573 1552 637 debuit,
1583 581 1639 627 et
1678 572 1885 637 dicere,
1926 572 1981 625 si
2022 571 2143 640 quis

555 667 892 723 Theodorum
936 683 1039 722 non
1089 666 1542 730 anathematizat,
1575 662 1857 716 anathema
1900 662 2010 714 sit?
2040 659 2145 715 Sed

554 769 732 809 nonne
758 754 946 810 melius
968 764 1071 821 est,
1096 764 1153 808 nt
1174 754 1239 808 de
1256 753 1463 807 cmtcris
1490 751 1734 805 Patrtbus
1768 760 1993 813 taceam,
2016 763 2145 801 ana-

555 849 729 901 thema
760 862 881 901 cum
912 847 1124 901 Joanne
1162 845 1371 909 audire,
1411 858 1570 913 quam
1615 842 1806 897 Joauni
1862 840 2146 894 anathema

547 936 776 994 dicere?
808 937 860 990 Si
890 935 1031 990 enim
1062 936 1342 989 anathema
1371 943 1454 987 est
1492 932 1581 1002 qui
1612 930 1954 985 Theodorum
1989 928 2146 996 Mop-

558 1027 768 1081 suestia:
799 1041 902 1080 non
930 1026 1059 1081 dicit
1087 1025 1390 1087 anathema,
1432 1023 1591 1077 etiam
1621 1020 1854 1076 Joannes
1884 1017 2150 1072 Constan-

559 1117 923 1186 titmpolitana:
940 1117 1266 1171 clarissimus
1281 1114 1508 1169 antistes
1525 1112 1771 1167 Ecclesia:
1795 1121 1850 1164 et
1868 1108 2149 1163 confessor

562 1204 884 1260 fortissimus
907 1206 1172 1269 veritatis,
1202 1203 1485 1257 anathema
1516 1208 1621 1267 est,
1644 1200 1735 1270 qui
1772 1199 1862 1253 tali
1895 1200 2149 1252 thesauro

560 1307 610 1351 ct
646 1299 933 1355 reconditis
964 1297 1164 1357 divitiis
1189 1310 1324 1364 quas
1358 1294 1694 1363 Mopsuestia:
1724 1293 1775 1345 in
1804 1290 1988 1345 .Cilicia
2028 1303 2152 1357 pos-

560 1388 787 1454 sidebat,
829 1404 933 1442 non
974 1389 1103 1445 dicit
1134 1388 1437 1442 anathema.
1486 1385 1680 1440 Verum
1733 1398 1904 1453 neque
1945 1382 2025 1436 vir
2048 1380 2152 1435 ille

561 1480 737 1546 magni
768 1479 1018 1548 ponderis
1043 1488 1096 1533 et
1118 1486 1440 1547 exspectata:
1460 1490 1676 1546 semper
1697 1475 2030 1529 auctoritatis
2051 1487 2150 1527 no-

562 1572 643 1625 bis
665 1572 837 1626 deerit
864 1573 918 1626 itt
960 1572 1325 1628 defensionem
1353 1585 1558 1641 magna:
1588 1568 1778 1640 synodi
1816 1583 1934 1638 qua:
1961 1569 2031 1622 ab
2061 1566 2150 1621 lba

563 1664 814 1729 epéscopo
861 1676 968 1715 non
1021 1661 1198 1731 exegit
1248 1670 1306 1716 ut
1347 1660 1689 1716 Theodorum
1717 1659 2149 1728 Mepsuestcnum

2248 494 2352 533 non
2387 493 2561 547 posse,
2593 493 2768 548 neque
2796 477 3189 548 Apoliuarianis
3230 491 3458 545 gregem
3494 476 3589 531 Dei
3622 487 3855 534 vastatr-

2248 571 2409 639 tibus,
2438 586 2531 640 pro
2552 571 2744 626 eadem
2775 572 2988 640 gemina
3018 570 3291 624 debilitate
3320 572 3592 633 resistere,
3624 570 3855 639 episco-

2252 670 2406 726 patus
2436 676 2617 715 curam
2647 661 3010 729 depositurus,
3041 667 3099 713 et
3128 660 3311 713 relicta
3345 672 3439 712 sua
3472 659 3691 712 civitate
3722 674 3853 712 cum

2238 750 2526 805 monachis
2552 751 2620 805 .in
2655 766 2777 804 rure
2806 752 3064 815 vieturus,
3099 748 3187 802 ubi
3218 751 3377 803 etiam
3416 748 3702 803 defunctus
3737 760 3851 813 est,

2249 841 2588 895 Theodorum
2621 850 2730 894 toto
2761 841 2980 895 Oriente
3020 839 3068 893 iu
3098 839 3467 894 defensionem
3497 846 3553 893 et
3577 838 3856 893 visitatio-

2250 948 2372 988 nem
2397 933 2634 1001 ejusdem
2656 932 2911 988 Ecclesia:
2934 948 3043 986 sua:
3067 932 3290 1000 delegit;
3320 946 3424 987 non
3448 932 3591 986 aliud
3611 932 3872 1001 caputil-

2250 1028 2354 1080 lam
2404 1026 2726 1095 provinciam
2780 1026 2975 1080 habere
3038 1025 3375 1090 testificaris,
3432 1024 3583 1093 cujus
3634 1024 3856 1094 “agit-

2252 1126 2335 1171 ret
2364 1117 2644 1170 auxilium.
2676 1116 2765 1171 Sic
2787 1119 2930 1170 enim
2963 1120 3009 1171 el
3038 1118 3237 1171 iterum
3270 1117 3455 1170 scribit
3488 1134 3503 1170 :
3538 1134 3557 1168 ‹
3603 1116 3855 1186 Tempus

2251 1209 2382 1263 mihi
2408 1216 2491 1263 est
2516 1208 2640 1261 illud
2673 1207 2966 1276 Scriptura:
2994 1207 3194 1273 dicere,
3215 1207 3292 1260 Ad
3322 1221 3477 1271 quem
3497 1204 3853 1260 vociferabor

2251 1300 2357 1353 vim
2412 1297 2665 1368 patiens?
2690 1298 2811 1367 quis
2836 1298 2963 1351 mihi
3006 1298 3246 1367 porrigat
3287 1310 3498 1350 manum
3540 1294 3854 1364 oppresso?

2250 1388 2316 1442 ad
2347 1403 2503 1457 quem
2536 1386 2742 1456 pondus
2766 1386 3017 1441 Ecclesia
3046 1393 3294 1440 transeat
3316 1394 3421 1439 tam
3454 1384 3593 1438 male
3611 1383 3855 1455 jacentis

2250 1494 2313 1535 ac
2342 1478 2656 1534 dissolutae?
2677 1477 2956 1536 Testiﬁcor
2972 1491 3164 1532 coram
3199 1477 3309 1531 Deo
3332 1485 3386 1530 et
3412 1474 3595 1531 electis
3618 1476 3854 1545 angelis,

2251 1572 2501 1642 quoniam
2533 1585 2637 1625 non
2663 1570 2805 1639 justa
2834 1570 3032 1639 patitur
3063 1568 3155 1624 Dei
3194 1584 3326 1638 grex
3358 1568 3476 1623 sine
3507 1579 3727 1636 pastore
3753 1567 3851 1621 de-

2254 1675 2408 1731 gens,
2436 1668 2493 1713 et
2519 1660 2635 1714 sine
2676 1657 2952 1715 visitatore
3000 1667 3219 1728 prapter
3262 1665 3532 1725 torporem
3577 1668 3854 1712 nostrum.

564 1752 967 1820 eundemnaret,
1002 1769 1122 1808 cum
1148 1754 1264 1823 ejus
1301 1753 1524 1823 epistola
1552 1752 1763 1809 recitari
1818 1751 2003 1806 laudes
2034 1751 2150 1821 ejus
2179 1755 2227 1814 B
2254 1755 2337 1808 Me
2361 1752 2503 1807 enim
2529 1750 2792 1820 aegritudo
2819 1749 3041 1816 detinet,
3059 1759 3113 1804 ct
3133 1750 3289 1805 citius
3319 1750 3539 1805 abduxit
3568 1750 3638 1804 ab
3669 1751 3853 1805 eccle-

538 1845 794 1900 .attdiret.
825 1846 975 1899 Adsit
1010 1847 1170 1917 igitur
1197 1850 1355 1903 etiam
1406 1848 1593 1903 beatus
1622 1848 1910 1917 Gregorius
1928 1845 2156 1900 Nazian-

569 1951 753 2001 zenus,
789 1940 1194 1993 temerariorum
1234 1948 1289 1995 et
1328 1939 1443 2009 ipse
1486 1940 1690 1993 crimen
1734 1948 1987 1993 aucturus
2017 1975 2035 2003 ,
2064 1936 2157 2006 qui

569 2025 852 2101 Theodoro
891 2026 1066 2081 adhuc
1087 2028 1268 2095 juveni
1308 2043 1374 2084 ac
1416 2030 1622 2084 novello
1661 2030 1733 2084 ita
1778 2028 1984 2096 scribit,
2041 2027 2157 2097 ejus

568 2116 884 2185 perlectioni
910 2121 1320 2188 congratularis:
1348 2139 1369 2172 ι
1407 2121 1715 2177 Dilectionis
1738 2120 1946 2176 indiciis
1976 2118 2159 2175 delec-

568 2215 745 2261 tamur
772 2218 796 2245 ο
816 2250 831 2275 ,
871 2212 1133 2280 praecipue
1162 2212 1216 2265 in
1262 2213 1352 2266 tali
1393 2222 1653 2282 tempore,
1685 2221 1739 2268 et
1766 2227 1793 2266 a
1828 2212 1918 2266 tali
1949 2211 2159 2267 novello

568 2298 726 2353 simul
758 2309 917 2367 atque
961 2300 1222 2369 perfecto,
1270 2312 1345 2367 et.
1388 2310 1524 2357 utte
1552 2317 1616 2357 ex
1662 2302 1745 2356 his
1792 2316 1911 2372 qua:
1958 2310 2156 2356 sancttc

569 2388 859 2457 Scriptura:
901 2399 1026 2444 sunt
1052 2391 1374 2460 amplectar,
1404 2396 1693 2447 constituto
1720 2407 1881 2463 super
1902 2392 2153 2462 juventu-

573 2488 703 2535 tem.
727 2480 816 2535 Sic
840 2482 983 2535 enim
1011 2492 1163 2538 vocat
1188 2483 1275 2537 illa
1298 2497 1391 2538 eos
1419 2484 1511 2552 qui
1536 2484 1808 2539 intellectu
1834 2492 2043 2538 a3tatem
2063 2498 2159 2541 ex-

571 2571 790 2627 cedunt.
821 2574 886 2625 lit
907 2583 1115 2627 veteres
1137 2574 1351 2643 quidem
1379 2585 1559 2643 patres
1586 2588 1757 2628 rorem
1778 2574 1905 2627 coeli
1934 2581 1989 2627 et
2013 2575 2161 2627 uber-

576 2672 738 2717 tatem
771 2675 951 2728 tet-rte,
982 2678 1102 2719 cum
1145 2668 1352 2720 caeteris
1382 2666 1503 2720 aliis
1530 2666 1751 2721 concedi
1794 2665 1920 2721 filiis
1961 2663 2158 2735 deprs-

574 2766 783 2822 cantur,
802 2757 904 2811 nisi
924 2758 1009 2811 cui
1031 2758 1258 2812 amabile
1280 2767 1364 2812 est
1386 2760 1500 2813 haec
1524 2761 1635 2827 ipsa
1659 2758 1816 2813 altius
1839 2757 2157 2826 intelligere.

580 2864 680 2903 nos
699 2858 875 2904 autem
894 2850 1206 2919 Spiritaliter
1225 2851 1404 2905 omnia
1428 2850 1520 2904 tibi
1544 2850 1910 2919 rependimus.
1934 2849 2161 2917 Impleat

576 2940 832 2997 Dominus
863 2955 1048 2997 omnes
1078 2940 1358 3011 petitiones
1390 2952 1542 3006 tuas,
1572 2951 1626 2996 et
1659 2941 1754 2995 tias
1808 2941 1991 2995 talium
2025 2939 2162 2993 tilio.-

574 3046 692 3085 rum
717 3042 863 3098 pater
886 3031 1157 3102 (quoniam
1188 3032 1402 3102 quidem
1435 3042 1645 3101 oportet
1666 3032 1986 3100 compendio
2009 3029 2160 3086 etfa-

2260 1846 2361 1913 sia,
2392 1859 2533 1899 nunc
2583 1843 2800 1899 omnino
2826 1852 3065 1898 extrema
3108 1851 3414 1913 sperantem
3446 1842 3468 1874 ³
3493 1884 3509 1909 ,
3540 1852 3597 1897 et
3623 1844 3855 1911 amplius

2258 1939 2419 1993 rebus
2450 1938 2585 2007 ipsis
2613 1938 2890 1995 afﬂictum.
2932 1936 2988 1991 Si
3021 1936 3236 2005 quidem
3265 1935 3409 1991 aliud
3437 1944 3599 2003 caput.
3628 1934 3861 2037 hfhercl

2259 2031 2554 2101 provincia,
2609 2031 2676 2085 ad
2712 2029 2846 2084 illud
2885 2038 3157 2096 0p0rteret
3194 2028 3423 2082 clamare
3449 2041 3503 2083 et
3532 2028 3853 2085 contestari.

2260 2122 2372 2177 Tua
2396 2137 2527 2177 vero
2555 2122 2857 2178 reverentia
2894 2123 3252 2190 superposita,
3284 2120 3351 2175 ad
3377 2130 3428 2175 te
3455 2122 3745 2175 attendere
3772 2138 3858 2175 ne-

2250 2229 2408 2272 cesse
2425 2223 2525 2270 est.
2550 2214 2744 2272 Curam
2763 2215 2961 2270 habeas
2984 2224 3087 2270 ture
3120 2213 3369 2271 Ecclesiae
3392 2214 3583 2281 quovis
3598 2214 3787 2276 modo,
3802 2225 3858 2268 et

2264 2322 2372 2362 non
2404 2321 2521 2361 eam
2564 2305 2832 2375 despicias
2876 2304 3091 2375 indigne
3136 2312 3404 2373 agentem.
3458 2303 3527 2359 Ut
3572 2302 3719 2356 enim
3753 2303 3857 2356 alia

2264 2395 2697 2465 praetermittam,
2728 2394 2904 2463 qualia
2935 2407 3075 2448 nunc
3115 2394 3454 2462 insurgentes
3485 2392 3853 2461 Apolittariuni

2260 2486 2434 2554 aliqua
2462 2483 2679 2552 quidem
2705 2481 2970 2548 fecerunt,
2999 2482 3104 2537 alia
3133 2497 3260 2537 vero
3290 2484 3576 2549 minantur,
3611 2498 3641 2537 a
3670 2483 3855 2536 domi—

2260 2576 2343 2630 nis
2384 2576 2516 2628 meis
2554 2582 2606 2628 et
2646 2573 3098 2642 compresbyteris
3153 2573 3327 2627 disces
3352 2612 3369 2640 ,
3412 2573 3623 2628 Eulalio
3661 2576 3853 2640 coepi-

2260 2684 2424 2737 scopo
2440 2677 2498 2723 .et
2514 2667 2748 2730 Eleusio,
2767 2681 2904 2735 quos
2926 2666 3197 2735 impendio
3223 2666 3289 2721 ad
3314 2676 3454 2721 tuam
3479 2667 3845 2721 reverentiam

2262 2761 2524 2815 misimus.
2555 2757 2621 2811 Et
2648 2760 2761 2813 htec
2791 2758 3149 2827 comprimere
3177 2773 3280 2813 non
3309 2767 3392 2813 est
3418 2768 3618 2813 nostra:
3646 2761 3853 2820 etatis,

2261 2850 2357 2905 sed
2403 2857 2510 2904 tua:
2560 2848 2857 2917 prudentia:
2912 2860 3124 2918 tuaeque
3168 2849 3376 2904 virtutis
3399 2853 3430 2903 ε’
3459 2850 3713 2919 quoniam
3761 2850 3856 2905 tibi

2261 2955 2382 2995 cum
2414 2940 2534 2994 aliis
2560 2938 2867 2994 facultatem
2890 2939 3110 2996 donavit
3131 2939 3269 2993 Deus
3300 2939 3363 2992 ad
3386 2954 3734 2994 communem
3758 2942 3856 2995 de-

2263 3032 2558 3087 fensionem
2592 3031 2869 3087 Ecclesia}.
2894 3031 2953 3088 Si
2974 3040 3154 3087 autem
3181 3031 3295 3087 hrec
3323 3032 3509 3087 dicens
3528 3044 3583 3087 et
3604 3034 3855 3091 scribens

575 3122 855 3175 miliariter
880 3138 1033 3178 orare
1055 3138 1153 3191 pro
1182 3123 1255 3194 te)
1285 3124 1496 3193 qualem
1527 3134 1577 3179 te
1606 3124 1993 3179 demonstraris
2018 3125 2035 3154 ¹
2066 3138 2163 3193 pa-
2190 3111 2236 3174 C
2268 3140 2371 3180 non
2398 3124 2606 3190 audiar,
2637 3124 2776 3193 quod
2808 3131 2971 3179 restat
3001 3126 3174 3178 solum
3208 3125 3309 3179 hoc
3332 3126 3442 3190 liet,
3467 3126 3679 3194 publice
3715 3143 3855 3192 pne-

573 3210 745 3265 tribus
777 3213 898 3277 tuis,
928 3222 984 3265 ut
1011 3214 1061 3265 in
1085 3215 1291 3269 caeteris
1318 3228 1416 3268 nos
1436 3214 1597 3269 etiam
1635 3213 1701 3269 de
1721 3225 1773 3269 te
1791 3214 2106 3285 gloriemur.
2137 3232 2158 3266 ι

576 3300 854 3365 Quomodo
884 3301 1061 3371 itaque
1092 3304 1327 3374 synodus
1355 3314 1536 3361 sancta
1566 3305 1812 3373 culpatur
1841 3302 1960 3375 quia
1990 3304 2164 3359 Theo-

577 3390 762 3443 dorum
791 3405 899 3447 non
936 3392 1228 3456 damnavit.
1270 3406 1600 3461 cognoscens
1631 3401 1859 3463 quantus
1907 3392 2082 3447 adhuc
2131 3408 2163 3447 a

577 3492 775 3550 quanto
800 3483 914 3537 viro
943 3483 1009 3537 de
1039 3485 1363 3551 perfectione
1397 3484 1641 3540 laudatus
1661 3494 1762 3550 est,
1798 3488 1846 3539 id
1878 3493 1959 3541 eat
1991 3488 2165 3541 novel-

579 3572 658 3625 lus
679 3588 707 3625 a
731 3574 987 3643 Gregorio
1021 3572 1377 3640 Nazianzeno,
1401 3573 1475 3631 ita
1493 3584 1548 3629 ut
1570 3576 1840 3631 intellectu
1861 3576 2163 3631 excessisse

584 3664 851 3718 diceretur
896 3673 1131 3732 atatem,
1183 3680 1343 3735 supra
1375 3665 1709 3735 juventutem
1741 3682 1893 3721 suam
1922 3667 2164 3722 sublimi-

580 3763 688 3808 tate
733 3756 1010 3823 sapientia:
1061 3757 1421 3811 constitutus?
1450 3756 1710 3826 Quodque
1746 3757 1914 3824 magis
1953 3765 2160 3825 gratum

544 3916 545 3919 η
582 3853 664 3898 est
687 3858 748 3898 ac
766 3844 1081 3913 jucundum,
1106 3861 1225 3898 cum
1256 3844 1479 3899 scientia
1501 3857 1644 3899 esset
1668 3847 1935 3909 excelsus,
1961 3856 2159 3901 tantam

584 3936 936 3989 humilitatem
962 3949 1025 3988 ac
1041 3937 1391 3989 reverentiam
1415 3936 1658 3990 exhibuit
1680 3936 1938 4004 patribus,
1970 3946 2026 3988 ut
2050 3937 2165 3992 htcc

580 4025 627 4078 ei
654 4024 952 4078 benedictio
980 4038 1076 4092 pro
1106 4023 1297 4077 talibus
1327 4023 1534 4078 meritis
1573 4041 1602 4077 a
1631 4024 1889 4094 Gregorio
1911 4026 2165 4081 reddere-

582 4125 690 4177 tur,
735 4128 828 4181 per
855 4127 1012 4180 quam
1056 4113 1188 4166 tales
1220 4114 1441 4167 haberet
1486 4113 1624 4167 filios
1663 4116 1872 4182 qualem
1915 4130 1974 4170 se
2005 4116 2167 4184 patri-

587 4207 684 4256 bus
727 4202 1029 4256 exhibebat.
1060 4206 1230 4268 Quam
1279 4205 1705 4259 benedictionem
1748 4206 1793 4260 si
1830 4207 2079 4276 religiose
2106 4222 2169 4262 ac

584 4296 668 4366 pie
700 4296 786 4348 illa
818 4296 1054 4364 synodus
1085 4310 1187 4348 non
1217 4296 1445 4350 credidit
1472 4311 1591 4350 esse
1620 4297 1946 4364 frustratam,
1970 4300 2168 4353 idcirco

586 4388 726 4439 velut
749 4385 907 4453 impia
935 4386 1222 4455 ctprofana
1246 4385 1550 4440 frustratur.
1569 4388 1672 4443 Sed
1696 4387 1759 4441 ad
1786 4388 1944 4441 aliam
1962 4390 1982 4425 ³
2007 4399 2168 4442 trans-

2267 3218 2448 3273 dicare
2475 3218 2725 3272 omnibus
2746 3225 2801 3271 et
2830 3225 3015 3270 notum
3046 3216 3245 3283 facere,
3274 3219 3394 3283 quia
3422 3217 3677 3288 episc0po
3702 3218 3849 3273 indi-

2266 3318 2355 3379 get
2394 3308 2658 3372 Ecclesia,
2698 3322 2769 3362 ne
2802 3316 3017 3377 prapter
3042 3322 3218 3363 meam
3261 3309 3625 3366 infirmitatem
3656 3311 3853 3365 tunda-

2267 3410 2352 3456 tur
2382 3400 2421 3455 ⁸.
2452 3401 2526 3456 De
2578 3409 2776 3455 cretero
2807 3415 2903 3455 vos
2931 3400 3192 3455 videritis.
3233 3420 3252 3455 ι
3283 3403 3325 3455 Ο
3355 3417 3514 3471 quam
3538 3402 3701 3457 fortia
3722 3413 3847 3457 sunt

2262 3504 2321 3548 et
2350 3492 2549 3548 invicta
2575 3492 2841 3562 justorum
2861 3491 3515 3554 merita,clementissime
3537 3494 3853 3561 imperator,

2265 3598 2385 3651 qua:
2416 3591 2565 3638 tanto
2593 3586 2794 3642 certius
2821 3590 2876 3641 et
2903 3581 3207 3637 evidentius
3232 3583 3589 3639 ostenduntur
3609 3586 3851 3652 superati

2263 3689 2371 3731 non
2405 3689 2586 3740 posse,
2615 3684 2815 3743 quanto
2843 3674 3133 3729 studiosius
3161 3683 3216 3733 et
3248 3674 3619 3731 vehementius
3657 3678 3852 3735 fuerint

2266 3765 2506 3833 impetita
2539 3766 2553 3818 ι
2584 3764 2715 3819 Nam
2756 3768 3175 3836 quotusquisque
3210 3769 3349 3823 scire
3376 3777 3558 3837 posset
3594 3778 3689 3822 aut
3710 3785 3850 3838 qua-

2267 3871 2387 3910 rere
2426 3867 2501 3910 tot
2546 3856 2989 3928 inexpugnaban
3036 3873 3134 3928 pro
3185 3860 3450 3915 sententia
3505 3860 3727 3915 Patrum
3766 3864 3849 3930 qui

2266 3947 2603 4003 Chalcedona
2633 3959 3011 4017 convenerant,
3056 3951 3389 4018 testimonia,
3435 3952 3536 4005 nisi
3590 3967 3851 4020 provoca-

2267 4048 2352 4094 rct
2380 4040 2673 4095 adversitas
2701 4040 2724 4094 ?
2751 4041 2814 4095 Et
2843 4041 2965 4095 ideo
2996 4056 3100 4095 non
3129 4042 3301 4097 solum
3345 4044 3628 4111 patienter,
3667 4060 3849 4099 verum

2268 4130 2428 4185 etiam
2462 4140 2733 4199 gratanter
2770 4132 3108 4199 suscipienda
3144 4132 3278 4187 mihi
3317 4133 3545 4187 videtur.
3578 4132 3715 4187 Nam
3744 4136 3848 4189 cla-

2272 4220 2464 4275 riorem
2494 4236 2706 4290 semper
2733 4221 2899 4275 efllcit
2924 4230 3227 4275 sanctorum
3260 4222 3541 4291 justitiam,
3581 4223 3711 4277 dum
3756 4224 3849 4276 ob-

2274 4323 2492 4363 scurare
2514 4309 2806 4363 contendit.
2857 4314 2935 4363 An
2981 4326 3087 4367 non
3130 4312 3354 4379 ampliu~
3384 4313 3593 4365 illorum
3638 4313 3847 4367 Patrum

2270 4401 2471 4467 justitia
2518 4402 2847 4466 declaratur,
2906 4418 3025 4456 cutn
3076 4404 3426 4457 ostenduntur
3466 4404 3688 4459 Joannis
3725 4403 3864 4459 Cort-

582 4491 767 4533 είιιηυε
806 4478 1086 4547 ορῑειοιιιιιι
1138 4476 1189 4531 δ·
1232 4477 1472 4548 Namque
1513 4494 1633 4533 cum
1685 4490 1843 4534 ωιθιθ
1896 4481 2171 4537 confectus
2198 4475 2252 4534 Β
2279 4492 3717 4563 stantinupolitanietGregoriiNazianzenitestimonio
3737 4510 3848 4550 ere-

584 4567 723 4623 idem
749 4568 935 4623 beatus
957 4569 1245 4639 Gregorius
1265 4570 1417 4639 longa
1442 4585 1653 4640 quoque
1677 4572 1993 4640 aegritudine
2020 4573 2173 4629 labo-

655 4730 682 4797 ξ
711 4720 927 4794 ’Δτὰπης
978 4723 1255 4797 συμϐόλοις
1290 4722 1551 4797 ἡδόμεθᾳε-
1573 4724 1661 4779 Sic
1707 4728 1848 4780 enim
1881 4728 2163 4797 legendum

584 4792 824 4865 videtur,
849 4808 953 4865 non
982 4792 1305 4865 συμϐούλοις,
1343 4792 1487 4860 apud
1515 4793 1827 4861 Gregorium
1854 4792 2009 4865 epist.
2038 4800 2164 4865 219,

586 4871 643 4938 e_t_
673 4876 785 4912 uttzc
811 4860 910 4938 hoc
930 4860 1058 4938 loco
1086 4864 1400 4938 describitur
1448 4865 1523 4938 fit)
1548 4860 1667 4916 «ξιιιιι
1700 4860 1909 4938 duabus
1931 4860 2164 4938 sequan

586 4930 1081 5012 tibusgsi’tttplic’em
1123 4934 1573 5012 titttltttu_ltahettt
1602 4933 1906 5012 :_8503cbprp.
1946 4930 2170 5012 Δερβί-

586 4997 724 5077 simila
741 4997 845 5077 225
868 4993 1152 5077 pluuii-ite"
1176 5002 1444 5077 εὸεοὸὠρῳ
1466 5006 1727 5076 ἐπισκὸπῳ
1754 4993 1975 5071 Τιλάίδων,
1996 4993 2169 5061 Thea-

586 5070 715 5144 dare
743 5069 974 5137 (episcopo
1020 5069 1350 5138 Tyanorunt;
1374 5069 1443 5124 ad
1476 5087 1630 5140 quctn
1678 5069 1947 5144 pertinere
1965 5069 2159 5134 omnes

585 5136 892 5205 conjectura
913 5136 1023 5202 est,
1058 5136 1124 5192 de
1149 5154 1249 5205 qua
1274 5158 1394 5194 mox
1425 5136 1616 5199 dicant.

661 5207 685 5243 δ
720 5207 793 5287 Ea
843 5217 926 5261 cst
972 5207 1471 5287 apttd__Gregorittm
1532 5213 1901 5287 numero_83.
1938 5232 2057 5287 qum
2100 5217 2153 5273 in

587 5274 803 5366 Graecis
834 5274 1226 5366 exemplaribus
1251 5274 1536 5366 immitia,
1568 5283 1741 5366 sed_in
1774 5274 1973 5366 Latinis
1989 5300 2161 5366 “recte

586 5348 917 5421 inscriptae
950 5358 998 5412 t,
1033 5347 1313 5421 ‘Theodoro
1369 5347 1605 5419 episcopo
1661 5353 1941 5421 Tyauetm'.
1983 5357 2161 5421 Quare

588 5418 785 5495 fallitur
837 5415 1144 5495 Eacundus,
1178 5421 1290 5495 qui_
1320 5415 1407 5473 ad'
1436 5415 1861 5495 Mopsuesténum
1907 5415 2159 5495 scriptam

594 5486 817 5556 putat-it.
849 5485 1057 5556 Scripta
1088 5496 1169 5542 est
1198 5485 1349 5543 enim
1402 5491 1469 5545 ad
1525 5485 1990 5562 metropolitanum
2017 5485 2162 5566 'ejus

663 5646 678 5683 ⁸
714 5645 845 5701 Cod.
881 5647 1099 5711 Veron.,
1131 5650 1464 5705 demonstras.

658 5717 682 5753 ’
709 5718 854 5773 [deut
886 5720 1032 5782 cdd”
1060 5718 1214 5774 aliam
1246 5722 1374 5783 eius.

2280 4582 2479 4637 didisse
2533 4584 2722 4652 magis,
2765 4598 2923 4652 quam
2952 4600 3137 4638 eorum
3178 4587 3268 4655 qui
3316 4585 3570 4640 volebant
3611 4587 3848 4653 quedam

2275 4734 2560 4801 provincia:
2587 4736 2639 4787 in
2672 4751 2770 4803 qua
2804 4748 2916 4807 e_rat
2947 4737 3274 4803 Nazianztts,
3308 4749 3366 4792 ut
3403 4738 3647 4807 epistole
3691 4742 3847 4795 verba

2273 4806 2560 4881 declarant.
2596 4811 2651 4859 Εἰ
2677 4803 2902 4881 μὲνῶν,
2932 4811 3133 4881 inquit,
3152 4807 3299 4867 ἄλλην
3326 4803 3673 4881 τιγοῖκεφαλήν
3712 4810 3849 4881 εἶχεν

2274 4876 2304 4931 ἡ
2331 4877 2580 4965 ἐπξιρχία,
2607 4878 2956 4965 ἕρξςνέκσξνηυ
2980 4876 3080 4933 ἔδει
3256 4882 3339 4965 uati
3390 4876 3847 4965 διαμάρτύρασᾶἒιι·

2274 4954 2363 5004 τῆς
2387 4945 2438 4999 δέ
2462 4945 2551 5022 ori;
2572 4945 2828 5022 ε’ξᾎὰεείας
2844 4945 3223 5022 ὑπερκειμὲνηξ,
3239 4951 3369 5022 πρὸς
3473 4945 3676 5019 βλέπειῖν
3698 4956 3851 5022 ἄνη...

2275 5025 2435 5087 καξον.
2489 5020 2556 5068 At
2604 5016 2894 5069 Nazianzus
2941 5016 3191 5086 oppidum
3240 5016 3333 5072 fuit
3380 5016 3733 5087 Cappadocia
3758 5016 3838 5079 [ι’.

2270 5084 2421 5159 cujus
2474 5087 2784 5159 metropolis
2826 5084 3028 5158 ’l'yanu;
3083 5089 3354 5142 Hierocles
3383 5090 3433 5143 in
3462 5084 3802 5159 Synecdemo
3831 5131 3846 5149 .

2262 5152 2522 5226 Ἐπαρχὶα
2542 5152 2902 5228 Καππαδοκὶαξ
3014 5159 3113 5213 ὑπὸ
3135 5161 3371 5228 ἡγεμόνα.
3393 5152 3555 5220 πόλεις
3575 5160 3640 5217 η’.
3663 5164 3850 5222 Τύανα.

2264 5230 2717 5306 ἓξυστινοὺποὶις,
2759 5226 3036 5306 Κηξϐισὲρα.
3072 5226 3372 5292 Ναζιαλδζὸς,
3400 5234 3610 5298 Σάσιμα,
3634 5242 3742 5282 etc.
3774 5232 3849 5306 ᾼΔ

2267 5293 2604 5372 Theodorum
2643 5310 2770 5361 ergo
2803 5293 3122 5372 l'yaueusem
3151 5293 3647 5372 pertitiet_epistola,
3690 5308 3749 5352 ut
3768 5299 3847 5352 Ju-

2273 5365 2534 5418 Stinianus
2557 5380 2769 5439 quoque
2801 5365 2868 5439 iti_
2900 5367 3084 5421 Edicto
3130 5379 3184 5420 et
3223 5369 3457 5439 synodus
3487 5386 3517 5420 v
3546 5372 3850 5436 observant,

2274 5446 2457 5488 contra
2485 5450 2579 5489 eos
2606 5437 2692 5504 qui
2729 5438 2793 5489 ad
2824 5436 3265 5506 Mopsuesteuum
3279 5440 3602 5494 referebant.

2350 5656 2371 5687 ³
2399 5656 2536 5711 Idem
2568 5658 2712 5723 cod.,
2746 5660 3037 5725 spiranlim.

2350 5728 2369 5756 ⁵
2397 5728 2536 5783 Idem
2564 5730 2707 5788 cod.,
2742 5730 2978 5785 (radatur.
