3956 6352
173 333 268 388 ΪΟἸ

1022 328 1152 384 PR)
1196 328 1625 386 DEFENSIONS
1667 327 1883 385 TRIUM
1926 324 2242 381 CAPITUL.
2284 324 2414 378 LlB.
2456 322 2592 379 Vill.

3342 330 3446 384 '7l0

170 444 435 502 Theodori
458 444 687 513 capitula
710 444 1075 508 condemnari,
1100 446 1436 499 occasionem
1463 444 1739 511 facientes,
1773 449 1818 506 Α
1842 442 1901 511 ju
1916 440 2099 495 licium
2121 439 2308 510 synodi
2324 438 2777 494 Chalcedonensis
2800 436 3057 495 damnare
3074 439 3445 512 Theodorum,

163 539 307 590 sicut
324 538 508 590 beatus
534 534 763 605 (lyrillus
782 537 881 599 ait,
907 537 1181 589 contrario
1212 536 1444 605 dogmati
1471 550 1577 604 quo
1607 542 1756 589 tene-

164 631 389 685 bantur?
418 630 532 684 Non
558 644 686 698 ergo
717 628 1024 683 damnabile
1045 628 1312 696 judicetnr
1342 644 1444 682 non
1474 628 1757 686 damnasse

170 720 535 783 Theodorum,
562 736 720 788 quem
748 720 1020 788 singulare
1038 720 1200 775 tetius
1226 729 1389 788 caput
1420 722 1435 752 ί
1467 719 1758 789 Gregorius

168 813 452 882 judicavit,
484 823 536 866 et
567 813 654 866 cui
692 827 909 881 gregem
945 813 1034 868 Dei
1074 828 1174 869 suo
1205 815 1449 883 regimini
1492 814 1755 868 creditum

167 905 475 971 dereliquit.
493 902 787 973 Gregorius
799 920 1012 959 manum
1028 906 1130 960 sibi
1148 906 1266 975 ejus
1280 906 1477 974 porrigi
1490 906 1758 961 adversus

169 993 886 1064 hzereticosApoIlinat-ianos
934 994 1213 1064 ﬂagitavit,
1249 996 1540 1051 testitlcans
1574 1011 1756 1050 coram

170 1085 283 1139 Deo
308 1093 364 1140 et
411 1084 597 1139 electis
635 1085 863 1153 angelis,
894 1088 1035 1154 quod
1063 1099 1123 1140 se
1169 1086 1486 1154 egritudinis
1540 1096 1757 1154 torpore

170 1178 411 1235 detento,
442 1175 640 1228 Christi
665 1189 798 1242 grex
831 1175 1151 1229 visitationis
1179 1175 1293 1244 ejus
1324 1175 1754 1245 indigeretauxin

169 1268 268 1332 lio,
297 1274 355 1320 et
383 1265 504 1319 talis
534 1280 653 1332 qua:
676 1267 694 1295 ³
721 1266 876 1332 culpa
907 1266 1033 1319 est?
1060 1265 1308 1334 Synodns
1330 1282 1451 1319 eum
1482 1282 1587 1319 non
1626 1281 1759 1319 con-

170 1359 414 1418 demnat,
445 1367 499 1409 et
524 1356 645 1409 hinc
670 1364 889 1424 putatur
918 1356 1192 1410 haeretica.
1219 1357 1312 1410 Ille
1338 1357 1623 1411 Theodoro
1646 1372 1764 1424 pru-

170 1449 407 1502 dentiam
444 1446 722 1514 deputavit
761 1455 923 1514 atque
951 1447 1311 1504 virtutem..et
1341 1462 1438 1501 nec
1466 1448 1599 1502 levis
1636 1449 1761 1502 inde

170 1536 508 1607 querimonia
529 1544 898 1590 commovetur
922 1553 935 1587 :
968 1543 1023 1589 et
1052 1535 1476 1591 Chalcedonensi
1506 1536 1756 1601 concilio,

171 1629 360 1698 μειρςυὶ
388 1626 409 1658 ³
431 1627 569 1696 quod
593 1626 644 1681 ei
667 1642 772 1680 non
788 1625 1490 1696 ascripsitimprudeutiam,
1516 1636 1662 1680 tanta
1691 1628 1761 1682 in,

166 1720 315 1785 vidia
365 1721 675 1774 suscitatur.
713 1717 821 1773 Sed
852 1719 1091 1789 nunquid
1138 1718 1506 1790 etGrcgorius
1535 1718 1761 1773 Nazian-

1860 533 2267 589 Theodorianos
2285 543 2511 598 vocant,
2536 540 2593 585 nt
2625 531 2725 585 hac
2752 534 3072 587 contumelia
3098 546 3445 591 memoratam

1861 623 2148 698 synodum,
2176 625 2265 678 ubi
2294 640 2413 677 cum
2450 624 2635 677 Iaudes
2679 623 2797 691 ejus
2845 623 3199 679 recitarentur
3228 626 3444 680 damna-

1860 728 1945 772 tus
1977 734 2081 772 non
2112 726 2215 782 est,
2243 716 2403 771 simul
2431 716 2716 783 injurient?
2744 714 2801 770 Si
2840 716 2909 771 de
2954 716 3215 784 religione
3237 732 3298 772 ae
3345 719 3453 772 ﬁde

1860 811 2188 865 illorumtest
2215 808 2508 873 dubitatio,
2542 808 2919 875 requirantur;
2949 808 2993 862 si
3021 808 3090 863 de
3118 824 3282 866 causa
3320 825 3446 865 con-

1848 899 2151 956 demnandi
2180 898 2473 961 Theodori,
2507 898 2785 952 manifesta
2827 906 2911 953 est
2940 898 3156 952 Patrum
3184 900 3444 955 sententia

1852 1010 2021 1063 quam
2047 1001 2364 1062 sequuntur.
2407 992 2652 1059 Nunquid
2684 993 2826 1048 enim
2849 1035 2863 1059 ,
2895 994 2984 1062 qui
3015 996 3320 1051 consentire
3350 1012 3447 1050 no-

1863 1084 2028 1140 luerit
2073 1083 2784 1152 novispraasumptionibus,
2808 1099 3029 1137 .nnvuni
3058 1083 3217 1138 debet
3255 1102 3447 1143 nomen

1860 1175 2142 1245 accipere?
2166 1174 2280 1228 Non
2304 1186 2480 1228 autem
2507 1183 2659 1241 turpe
2675 1186 2775 1235 est,
2796 1174 2935 1241 quod
2961 1189 3080 1227 cum
3101 1175 3263 1227 tantis
3283 1174 3449 1228 Patri-

1862 1267 1962 1320 bus
2008 1265 2336 1319 sustinemus
2370 1282 2382 1315 :
2416 1278 2535 1317 nam
2584 1266 2725 1316 sicut
2771 1264 2973 1317 laudari
3019 1273 3203 1318 contra
3237 1264 3449 1320 illorum

1864 1358 2183 1411 sententiam
2234 1356 2581 1409 criminosum
2628 1363 2745 1417 est,
2778 1354 2844 1408 ita
2877 1369 2997 1407 cum
3051 1356 3131 1408 eis
3178 1354 3449 1409 criminari

1860 1446 2148 1502 laudabile.
2179 1446 2776 1516 Cognosoentesautem
2809 1447 2948 1514 quod
2995 1461 3184 1512 magna
3211 1445 3449 1517 synodus

1848 1536 1918 1592 in
1940 1551 2099 1592 causa
2126 1537 2488 1605 Mopsuesteni
2512 1535 2785 1590 ’I‘heodori
2815 1551 2917 1589 non
2962 1536 3076 1589 sine
3122 1536 3237 1590 istis
3267 1537 3455 1591 Eccle-

1860 1628 1959 1681 sia:
1986 1626 2274 1681 luminibus
2321 1638 2604 1681 accusetur
2625 1665 2641 1690 ,
2670 1626 2834 1680 nullis
2864 1626 3318 1696 Eutychianormn
3361 1642 3449 1682 ca-

1844 1720 2079 1775 glumniis
2105 1721 2301 1775 turbari
2346 1720 2642 1784 debemus,
2681 1720 2773 1774 sed
2832 1720 3007 1789 potius
3062 1719 3300 1787 ipsorum
3354 1734 3449 1773 eos

169 1826 361 1875 setius,
406 1819 463 1866 et
488 1808 720 1864 Joannes
746 1808 1391 1878 Constantinopolitanae,
1422 1818 1478 1864 et
1502 1809 1595 1862 alii
1622 1822 1757 1878 quos
1784 1819 1827 1873 Β
1854 1812 2178 1866 auctoritate
2208 1810 2558 1866 confundere.
2598 1809 2666 1863 Et
2716 1810 2837 1863 idco
2889 1811 3326 1864 commemoratis
3356 1810 3449 1862 ho-

170 1900 591 1956 memoravimus
617 1914 680 1955 ac
719 1900 1066 1955 memoraturi
1094 1914 1302 1966 sumus,
1343 1898 1531 1955 Patres
1559 1899 1752 1954 Nesto-

169 1992 329 2046 riano
356 1992 547 2045 morbo
581 1992 823 2045 dicentur
844 1990 1071 2053 obsessi,
1101 1990 1224 2059 quia
1251 2004 1356 2045 non
1383 1991 1552 2045 solum
1574 1989 1754 2044 Theo-

169 2084 367 2139 dorum
382 2096 486 2135 non
508 2082 779 2146 abdicant,
804 2097 987 2137 verum
1010 2080 1169 2135 etiam
1187 2079 1754 2150 prohibentabdicari'?

162 2182 263 2229 aut
288 2183 347 2229 et
372 2175 515 2243 ipsos
542 2189 679 2229 noto
708 2174 923 2229 nomine
948 2182 1003 2229 et
1025 2175 1281 2229 hactenus
1308 2172 1545 2228 inaudito
1578 2174 1753 2229 Theo-

161 2265 431 2320 dorianos
461 2266 739 2335 quisquam
769 2279 963 2321 vocare
993 2265 1314 2335 prtesumet‘l
1334 2265 1485 2330 Quod
1511 2265 1554 2319 si
1580 2265 1753 2319 nullus

171 2358 278 2409 hoc
319 2356 502 2421 audet,
528 2370 621 2409 cur
649 2357 782 2410 alios
809 2357 898 2425 qui
948 2364 1192 2410 tenentes
1220 2369 1406 2409 eorum
1435 2354 1752 2409 catholicam

172 2448 339 2502 ﬁdem
383 2440 810 2518 sententiamque
840 2458 1137 2515 servantes,
1169 2463 1275 2501 non
1306 2445 1507 2502 audent
1535 2447 1588 2501 in
1620 2461 1757 2515 pra:-

242 2562 261 2594 ι
290 2561 657 2621 tiod.Veron.,
692 2562 850 2615 tutius
872 2562 1145 2629 provinciae
1166 2570 1336 2630 caput.

243 2633 263 2663 '
293 2632 436 2686 Idem
470 2632 616 2695 cod.,
646 2641 695 2685 et
715 2631 907 2701 absque
928 2634 1079 2702 culpa
1113 2642 1206 2687 est.

1842 1920 1977 1958 .rum
2029 1904 2412 1959 venerabilium
2470 1902 2687 1956 Patrum
2748 1900 3113 1965 testimoniis,
3144 1900 3234 1970 qui
3274 1900 3448 1954 eidem

1860 1993 2296 2048 Theodore-sunt
2322 1993 2559 2047 attestati
2610 1992 2737 2045 dum
2772 1990 3020 2056 viveret,
3051 1990 3118 2044 ad
3172 1992 3448 2045 amborum

1860 2100 2074 2153 quoque
2098 2083 2401 2139 testimonia
2434 2092 2792 2146 transeamus,
2811 2081 2902 2151 qui
2924 2081 3175 2136 similiter
3202 2080 3317 2149 ejus
3339 2096 3450 2135 mea

1860 2175 2115 2239 muriam,
2151 2183 2429 2245 postquam
2479 2176 2717 2227 excessit
2758 2187 2790 2226 e
2826 2173 2974 2238 vita,
3006 2171 3208 2241 magnis
3235 2182 3283 2226 et
3314 2171 3450 2226 mul-

1863 2269 1931 2323 tis
1953 2277 2078 2323 sunt
2116 2270 2359 2324 laudibus
2388 2268 2678 2337 prosecuti.
2712 2268 2872 2337 Igitur
2899 2266 3147 2343 praesenti
3177 2266 3312 2320 libro
3343 2274 3447 2319 ter-

1865 2363 2062 2416 minum
2094 2362 2303 2430 damus,
2339 2369 2397 2414 ut
2426 2359 2652 2415 intentio
2684 2358 2907 2427 legentis
2936 2357 3004 2411 ab
3032 2356 3138 2413 alio
3165 2357 3451 2412 inuovetur

1866 2452 2115 2504 exordio.

1943 2563 1965 2592 ³
1994 2562 2137 2616 Idem
2173 2528 2320 2625 cod,
2342 2570 2554 2629 propter
2578 2560 2717 2628 quod
2743 2560 2805 2622 ei,
2841 2567 2945 2611 etc.

163 2724 3448 2754 ____________________________________________________________.

1296 2792 1634 2873 LIBER
1717 2790 2294 2874 OCTAVUS.

681 2991 783 3046 CA
794 2989 926 3045 PUT
962 2990 1244 3047 PRIﬂUM.

178 3131 332 3199 Quo!
370 3126 588 3199 Joann’s
638 3126 939 3199 Antiocheni
984 3135 1031 3177 et
1081 3125 1424 3199 Orientalium
1479 3127 1769 3199 testimonio

247 3200 443 3268 antiqui
479 3198 655 3268 Patres
683 3196 890 3264 plurimi
912 3212 1135 3250 consona
1162 3198 1226 3250 iis
1252 3197 1547 3265 scripserint
1574 3214 1691 3266 qua:
1716 3197 1769 3249 in

252 3267 524 3343 Theodoro
574 3267 933 3335 Mopsuesteno
973 3267 1273 3337 culpantur.

253 3420 474 3489 Accipe,
508 3418 850 3475 serenissime
878 3419 1187 3488 imperator,
1224 3418 1437 3487 quantis
1474 3417 1648 3471 adhuc
1689 3427 1771 3472 te-

176 3513 456 3566 stimoniis
480 3518 783 3565 sanctorum
805 3517 860 3563 et
881 3509 1265 3564 venerabilium
1292 3510 1508 3562 Patrum
1536 3502 1773 3577 synodus

176 3602 646 3659 Chalcedonensis
674 3615 773 3655 nec
815 3600 1207 3655 contradixissc
1231 3602 1498 3669 culpatur,
1522 3616 1552 3653 a
1581 3601 1773 3669 quibus

175 3696 601 3763 Mopsuestenns
629 3692 946 3746 Theodorus
968 3736 983 3760 ,
1033 3694 1194 3746 etiam
1233 3691 1516 3745 defunctus
1542 3731 1558 3756 ,
1606 3691 1773 3745 multo

175 3786 424 3855 amplius
454 3800 612 3853 quam
660 3782 713 3837 in
746 3783 970 3850 epistola
1014 3781 1336 3836 venerabilis
1380 3781 1485 3835 Iba:
1530 3780 1772 3834 laudatus

174 3886 290 3930 est.
327 3874 480 3929 Unde
515 3875 662 3941 p~ius
690 3874 756 3925 ad
802 3872 919 3926 illas
942 3871 1197 3940 epistolas
1225 3872 1393 3924 sancti
1418 3870 1639 3925 Joannis
1665 3870 1773 3923 An.

176 3964 422 4021 tiocheni
469 3970 521 4015 et
565 3961 843 4015 orientalis
890 3960 1136 4025 concilii,
1182 3961 1323 4013 sicut
1365 3959 1504 4014 libro
1539 3958 1774 4013 secundo

176 4053 565 4125 promisimus,
618 4061 971 4106 revertamur.
1018 4051 1214 4105 Beatus
1250 4051 1395 4104 enim
1436 4051 1656 4105 Proclus
1683 4063 1773 4120 sy-

177 4146 411 4200 uodicas
442 4144 494 4196 in
534 4142 808 4196 Orientem
838 4145 1043 4196 litteras
1081 4144 1334 4208 miserat,
1373 4144 1677 4210 conscripto
1704 4141 1769 4195 ad

176 4232 474 4289 Armenios
502 4239 679 4295 torno,
711 4246 869 4299 quem
888 4269 904 4297 ,
949 4230 1086 4286 sicut
1110 4230 1224 4301 jam
1254 4231 1567 4297 docuimus,
1596 4232 1775 4285 orien-

179 4323 314 4377 talis
354 4323 596 4392 synodus
638 4322 974 4389 approbavit.
1025 4321 1079 4374 ln
1110 4320 1265 4389 cujus
1298 4320 1579 4389 legationis
1622 4334 1775 4376 ocea-

177 4417 402 4469 sionem
436 4421 774 4467 tentaveruut
806 4411 1021 4481 quidam
1064 4413 1379 4479 subrepere,
1423 4418 1478 4464 ut
1504 4410 1677 4479 aliqua
1706 4425 1771 4464 ex

180 4506 349 4561 dictis
378 4505 718 4574 antiquorum
751 4504 1004 4557 Ecclesiae
1032 4503 1309 4557 ductorum
1338 4512 1613 4581 excerpta,
1639 4516 1775 4570 pra:-

183 4595 387 4667 positis
415 4596 575 4648 etiam
624 4608 808 4648 eorum
852 4593 1160 4647 nominibus
1211 4594 1537 4647 anathemati
1580 4592 1773 4646 subde-

181 4697 387 4744 rentur
418 4695 467 4740 ι.
499 4687 613 4740 Tali
638 4701 765 4756 ergo
787 4700 918 4740 ausu
940 4694 1206 4739 commota
1242 4684 1480 4754 synodus
1519 4684 1779 4751 Orientis,

180 4777 450 4847 quoniam
479 4783 757 4845 putaverat
787 4775 890 4829 hoc
916 4776 984 4828 ab
1014 4775 1202 4830 eodem
1228 4776 1384 4828 beato
1417 4774 1603 4829 Proclo
1630 4789 1779 4826 man-

181 4871 417 4934 datum,
467 4876 744 4935 postquam
791 4865 1052 4920 directqu
1101 4865 1202 4919 sibi
1250 4875 1449 4921 tomum
1481 4880 1540 4919 se
1581 4878 1777 4931 appro-

183 4962 359 5015 basse
390 4957 691 5025 respondit,
744 4957 834 5010 illa
865 4958 1024 5011 etiam
1056 4972 1175 5024 qua:
1220 4956 1457 5010 secundo
1505 4954 1640 5007 libro
1672 4968 1779 5007 me-

184 5051 550 5113 moravimus,
579 5059 633 5103 et
669 5048 777 5103 alia
818 5048 984 5102 multa
1016 5063 1133 5117 quae
1183 5037 1307 5100 iunc
1336 5046 1641 5101 intermissa
1674 5060 1785 5099 me-

185 5156 418 5198 morare
448 5141 781 5209 disponimus
800 5180 816 5204 ,
861 5141 910 5194 ei
959 5155 1053 5208 pro
1082 5138 1368 5194 Theodoto
1398 5139 1641 5193 scribens
1669 5138 1743 5191 ait
1768 5154 1780 5191 :

192 5252 215 5284 ι
265 5231 437 5286 Nimis
464 5240 661 5286 nostra:
684 5230 880 5285 anima:
919 5231 1213 5285 vulnerata:
1240 5241 1384 5295 sunt,
1418 5228 1540 5298 quin
1571 5243 1674 5283 non
1699 5243 1787 5282 so-

275 5349 303 5376 ι
335 5340 592 5410 llliserant
635 5340 699 5392 ad
742 5338 985 5393 Proclum
1036 5355 1131 5410 per
1170 5340 1373 5409 legatos
1416 5340 1650 5408 episcOpi
1686 5342 1787 5394 Ar-

186 5413 401 5466 menia:
450 5425 527 5479 ac
565 5409 799 5463 Persidis
848 5409 1074 5471 capitula
1124 5412 1367 5478 quaedam
1417 5419 1671 5479 excerpta
1719 5426 1783 5464 cx

184 5479 422 5547 scriptis
467 5478 757 5541 Theodoti,
792 5489 847 5531 ut
884 5480 998 5547 ejus
1026 5482 1345 5534 auctoritate
1374 5478 1783 5543 damnarentur,

182 5566 322 5605 cum
356 5550 426 5600 iis
454 5552 541 5615 qui
585 5549 634 5600 in
666 5549 819 5618 Syria
852 5560 902 5601 et
946 5549 1131 5603 Cilicia
1169 5549 1354 5603 eadem
1394 5552 1597 5604 sentire
1637 5551 1787 5604 dice-

188 5624 427 5675 bantur.
461 5622 591 5684 Quae
619 5618 835 5670 Proclus
870 5627 1014 5671 tonio
1043 5634 1139 5673 suo
1166 5622 1228 5671 ad
1264 5621 1547 5675 Armenios
1576 5620 1787 5674 subdita

185 5706 329 5747 cum
365 5689 599 5741 misisset
622 5688 687 5741 ad
715 5690 1036 5753 Orientales,
1066 5689 1144 5744 illi
1174 5690 1520 5746 Theodorum
1547 5688 1791 5744 damnari

279 5801 295 5831 '
328 5797 471 5855 Cod.
509 5796 728 5859 Verum.
760 5802 1049 5863 ρτοπίηιιιε.

1884 2994 1995 3047 lum
2023 3006 2129 3044 non
2160 2990 2398 3044 viventes
2426 2988 2559 3043 tales
2586 2987 2884 3044 calumnias
2918 2987 2986 3042 ab
3008 2988 3091 3043 his
3119 2988 3211 3059 qui
3236 2999 3451 3043 contur-

1878 3081 2010 3136 bare
2047 3080 2232 3135 volunt
2275 3079 2545 3135 Ecclesiae
2582 3080 2838 3134 continue
2878 3081 3239 3146 sustinemus;
3269 3080 3364 3135 sed
3399 3089 3453 3135 et

1801 3201 1846 3262 ρ
1876 3172 1964 3242 qui
2007 3173 2145 3226 bene
2170 3171 2239 3225 de
2264 3172 2370 3224 vita
2398 3169 2668 3237 profectus
2695 3180 2776 3225 est
2818 3171 3006 3225 beatus
3031 3169 3368 3239 Theodorus,
3399 3182 3455 3225 et

1876 3261 1966 3331 qui
1995 3262 2231 3329 quinque
2268 3272 2322 3315 et
2351 3260 2698 3329 quadraginta
2744 3261 2899 3314 annis
2940 3262 3084 3315 clare
3122 3264 3172 3315 in
3204 3262 3453 3317 doctrina

1878 3351 2165 3419 praefulsit,
2197 3361 2253 3405 et
2282 3366 2496 3405 onmem
2530 3351 2788 3405 lueresem
2840 3351 3165 3419 eXpugnavit
3191 3391 3206 3415 ,
3245 3362 3299 3406 et
3337 3353 3458 3405 uul-

1877 3441 1980 3495 lam
2012 3440 2207 3495 alicubi
2228 3440 2673 3495 detrectationem
2696 3442 2762 3494 ab
2784 3441 3097 3495 orthodoxis
3129 3442 3180 3495 in
3208 3442 3310 3495 vita
3333 3457 3455 3496 sus-

1874 3532 2112 3599 cipiens,
2145 3538 2263 3598 post
2293 3531 2436 3599 longi
2472 3531 2727 3599 temporis
2754 3531 2879 3584 hinc
2909 3530 3231 3597 discessum,
3259 3542 3311 3586 et
3339 3543 3457 3602 post

1874 3624 2039 3678 multa
2083 3623 2402 3687 certamina,
2434 3631 2491 3677 et
2524 3632 2644 3690 post
2670 3622 2856 3675 det-em
2893 3621 3056 3674 millia
3080 3621 3248 3676 libros
3274 3624 3458 3678 adver-

1877 3729 1971 3772 sus
1997 3729 2211 3768 errores
2238 3716 2592 3783 conscriptos,
2624 3724 2678 3768 et
2705 3726 3055 3783 poSteaquam
3085 3716 3139 3767 in
3170 3725 3460 3784 conspectu

1876 3805 2217 3859 sacerdotum
2261 3814 2313 3858 et
2356 3804 2737 3873 imperatorum
2769 3815 2823 3858 et
2854 3807 3174 3874 p0pulorum
3208 3808 3461 3875 probatus

1875 3907 1978 3961 ω,
2008 3897 2345 3964 periclitatur
2384 3911 2501 3965 qua:
2534 3895 2909 3949 liatretictirum
2946 3896 3237 3959 sustinere,
3266 3905 3320 3950 et
3358 3896 3461 3953 illis

1876 3990 2081 4056 primus
2111 3990 2125 4016 ‘
2152 3986 2457 4055 praedicari.
2491 3986 2557 4039 Et
2580 3985 2836 4054 adjiciunt
2858 4001 2976 4055 qua:
3007 3985 3315 4041 intermissa
3341 3985 3461 4041 fue-

1881 4084 2022 4141 rant,
2054 4077 2330 4130 dicentes:
2377 4075 2487 4130 llac
2525 4078 2545 4107 '
2574 4091 2671 4130 nos
2696 4078 3012 4131 confusione
3041 4087 3091 4131 et
3124 4079 3294 4133 turbis
3325 4093 3463 4132 cout-

1882 4166 2186 4234 pleverunt,
2221 4182 2326 4220 non
2370 4180 2546 4222 autem
2579 4182 2676 4221 nos
2699 4170 2896 4233 solum,
2926 4168 3019 4222 sed
3051 4176 3105 4223 et
3133 4169 3463 4223 ChriStianos

1878 4256 2125 4324 populos,
2159 4259 2246 4326 qui
2282 4258 2396 4311 haec
2422 4267 2809 4327 cognoscentes
2836 4257 3142 4312 nullatenus
3165 4260 3281 4313 sine
3314 4260 3464 4312 turba

1882 4346 2276 4401 ecclesiasticas
2306 4348 2701 4402 celebrationes
2748 4349 2959 4417 impleri
3005 4351 3340 4417 permittunt,
3372 4352 3463 4404 sed

1883 4438 2173 4491 adversum
2205 4450 2302 4490 nos
2332 4437 2624 4491 seditiones
2663 4437 2867 4492 faciunt
2892 4478 2907 4502 ,
2953 4453 3051 4492 nec
3081 4452 3248 4506 usque
3278 4438 3342 4490 ad
3373 4452 3465 4488 au-

1808 4528 2052 4627 Dditum
2113 4528 2255 4596 passi
2311 4530 2585 4595 suscipere
2634 4528 2775 4595 quod
2831 4530 3089 4581 adversus
3138 4528 3465 4580 dormientes

1888 4628 2068 4686 patres
2098 4619 2494 4671 meditabantur
2538 4620 2844 4682 anathema,
2876 4626 2929 4671 et
2952 4619 3138 4672 decem
3171 4617 3336 4671 millia
3374 4620 3465 4671 ad-

1886 4724 2072 4763 versus
2103 4723 2200 4763 nos
2241 4712 2377 4762 mala
2408 4710 2698 4769 minantur,
2731 4710 2775 4763 si
2819 4708 2946 4776 quid
2977 4708 3044 4762 ab
3086 4707 3265 4777 aliquo
3304 4706 3464 4765 fuerit

1884 4802 1989 4854 tale
2013 4811 2421 4869 prtesumptum.
2453 4800 2599 4855 Sciat
2625 4808 2804 4854 autem
2844 4810 2898 4853 et
2928 4800 3028 4853 ltoc
3059 4808 3148 4852 ttta
3179 4800 3456 4861 sanctitas,

1896 4891 2019 4959 quia
2063 4892 2355 4959 scripturas
2396 4894 2732 4959 antiquorum
2774 4890 3052 4943 doctorum
3102 4889 3354 4943 Ecclesiae
3386 4905 3467 4944 re-

1884 4983 2161 5048 quirentes
2191 5021 2204 5045 ,
2255 4981 2440 5033 decem
2473 4979 2639 5032 millia
2672 4978 2793 5032 talia
2824 4985 2880 5032 et
2908 4979 2992 5032 bis
3029 4978 3221 5033 similia
3256 4979 3464 5036 inveni-

1888 5088 2027 5136 mus,
2064 5070 2237 5140 qualia
2268 5071 2485 5139 quidam
2517 5070 2657 5122 malo
2682 5084 2833 5123 more
2860 5085 2923 5123 ex
2951 5071 3097 5123 libris
3126 5072 3263 5126 beati
3288 5071 3465 5126 Theo-

1888 5164 2008 5218 dori
2049 5163 2404 5232 colligentes,
2459 5172 2514 5215 et
2558 5176 2753 5230 corpus
2797 5160 3059 5227 reliquum
3104 5163 3468 5231 abscidentes,

1893 5265 1995 5311 tute
2032 5256 2348 5311 obtulerunt
2412 5254 2704 5308 sanctitati.
2760 5253 2968 5308 Etenim
3029 5255 3165 5321 apud
3220 5268 3466 5323 magnum

1892 5381 2001 5420 non
2031 5367 2284 5430 ferentes,
2327 5365 2410 5418 his
2449 5364 2514 5417 ad
2556 5362 2804 5417 Proclum
2824 5404 2837 5425 ,
2868 5373 2920 5416 et
2965 5363 3084 5416 aliis
3112 5363 3175 5416 ad
3207 5361 3465 5432 Cyrillum

1892 5439 2131 5504 aliosque
2169 5436 2363 5489 litteris
2390 5434 2736 5488 obstiterunt.
2782 5434 2897 5498 Qua
2950 5434 3019 5487 de
3052 5447 3131 5493 re,
3161 5440 3374 5504 totaque
3401 5434 3467 5504 de

1894 5499 2159 5560 Theodori
2196 5505 2540 5558 anathemate
2589 5506 2954 5558 controversia
2984 5544 3000 5569 ,
3049 5504 3211 5553 multa
3258 5499 3372 5553 l‘use
3415 5499 3467 5553 in

1894 5577 2107 5630 actione
2143 5575 2175 5628 5
2203 5575 2393 5644 synodi
2423 5589 2475 5641 v,
2509 5582 2564 5628 et
2594 5572 2731 5644 apud
2767 5572 3070 5627 Liberatum
3100 5585 3218 5639 cap.
3254 5569 3316 5624 l0
3346 5570 3467 5627 Bt'eo

1893 5662 2069 5701 vrarn.

1966 5796 1988 5827 ⁸
2014 5793 2157 5850 Idem
2183 5793 2331 5859 cod.,
2364 5791 2512 5849 Hac.
