3974 6330
509 340 604 399 711

1589 332 1885 390 'FACUNDI
1911 331 2135 390 'EPISC.
2178 329 2682 388 HERMIANENSIS

3662 333 3769 387 τη

510 457 797 519 martyrem
827 446 1107 515 ignatium,
1136 442 1227 511 qui
1254 441 1523 496 secundus
1545 450 1667 511 post
1701 443 1918 498 Petrum
1951 459 2080 512 apo-
2114 448 2162 504 Α
2191 456 2322 494 sona
2345 441 2627 494 Theodoro
2661 440 2903 508 sapuisse
2933 438 3201 494 criminati
3216 440 3384 494 sunt?
3425 438 3556 494 Nam
3586 442 3631 495 si
3657 444 3768 512 epi-

511 538 769 591 stolurum
816 535 1045 603 primum
1085 531 1431 585 Antiochense
1474 533 1616 586 sedis
1663 533 1933 586 ordinavit
1988 533 2091 586 Ec-

514 632 753 693 clesium,
784 637 836 682 et
876 626 1014 694 apud
1044 625 1415 678 beatissimum
1450 624 1823 689 Eustachium,
1849 626 1940 693 qui
1968 639 2091 678 san-

510 730 719 774 ctorum
759 717 976 769 Patrum
1018 716 1107 783 qui
1133 714 1271 782 apud
1318 714 1548 767 Nicmam
1589 716 1895 784 congregati
1942 727 2084 781 sunt,

512 811 711 878 primus
748 808 982 862 existens
1015 806 1169 860 Iidem
1201 806 1555 859 orthodoxam
1609 808 1949 862 conlirmavit
1973 848 1989 873 ,
2035 817 2089 862 et

511 900 650 966 apud
671 898 1067 953 sanctissimum
1098 908 1153 951 et
1188 897 1556 950 beatissimum
1585 896 1957 959 Athanasium,
1998 900 2087 966 qui

514 992 679 1046 millia
714 991 937 1044 millium
982 992 1332 1043 certaminum
1368 1004 1463 1055 pro
1506 990 1832 1057 evangelicis
1864 991 2083 1057 dogma-

514 1082 655 1136 tibus
700 1095 888 1150 passus
914 1090 1028 1145 est;
1072 1081 1138 1133 ad
1182 1080 1294 1132 lure
1322 1090 1521 1146 autem,
1554 1088 1611 1132 et
1639 1080 1777 1147 apud
1811 1080 2086 1146 Basiliam,

512 1182 567 1227 et
594 1182 874 1241 utrumque
904 1170 1240 1237 Gregorium,
1275 1169 1365 1238 qui
1395 1169 1634 1238 ejusdem
1667 1170 1947 1224 sententiae
1975 1170 2088 1223 fue-

512 1274 656 1329 runt,
688 1275 741 1318 et
768 1263 906 1333 apud
939 1262 1305 1315 beatissimum
1341 1261 1674 1325 Flavianum,
1714 1261 2005 1315 Diodorum
2033 1271 2087 1315 et

512 1355 793 1419 Joannem,
836 1353 923 1421 qui
961 1352 1108 1406 clara
1151 1351 1432 1404 luminaria
1484 1351 1722 1405 Orientis
1764 1350 1978 1405 fuerunt
2012 1360 2088 1404 to-

514 1448 653 1511 tius;
703 1460 912 1498 rursum
960 1453 1137 1496 autem
1173 1441 1392 1509 etapud
1441 1441 1808 1496 beatissimum
1854 1442 2086 1496 Ambro-

513 1539 671 1602 sium,
696 1537 783 1606 qni
807 1550 995 1589 omnes
1019 1545 1195 1604 partes
1217 1535 1501 1602 Hesperias
1524 1536 1833 1600 illustravit;
1864 1544 1919 1590 et
1946 1535 2085 1603 apud

512 1626 879 1680 beatissimum
929 1623 1365 1691 Amphilochium
1409 1623 1847 1691 probatissimum
1896 1624 2084 1680 docto-

513 1733 657 1777 rem,
683 1732 780 1769 nec
805 1730 908 1768 non
937 1724 991 1767 et
1018 1713 1155 1782 apud
1189 1713 1398 1767 beatum
1423 1714 1656 1768 Atticum
1678 1721 1824 1767 tuum
1857 1722 2081 1781 patrem,

2189 534 2326 587 stola
2351 533 2452 586 Iba:
2475 532 2633 600 impia
2652 531 2943 601 judicatur,
2968 532 3107 600 quod
3128 532 3244 599 ejus
3267 532 3412 585 leves
3438 533 3769 600 suspiciones

2186 626 2257 678 de
2287 623 2442 677 beato
2486 624 2687 692 Cyrillo
2727 624 3019 683 contineat,
3066 624 3260 677 nedum
3309 623 3543 677 Joannes
3572 625 3765 680 Antio-

2189 714 2393 767 chenus
2426 722 2481 766 et
2502 725 2688 765 omnes
2716 713 3004 766 orientales
3030 713 3289 781 episcopi,
3322 714 3539 781 majoris
3562 715 3769 767 incom—

2185 805 2507 873 parabiliter
2553 804 2841 872 impietatis
2882 805 3134 873 arguendi
3176 804 3411 867 fuerant,
3443 806 3534 875 qui
3578 806 3769 860 sedulo

2190 902 2417 948 tractatu
2442 895 2493 947 in
2525 895 2811 949 concilium
2841 896 3175 965 congregati,
3207 904 3386 949 tantos
3416 911 3478 949 ac
3507 898 3639 950 tales
3672 898 3769 950 Pa-

2191 994 2299 1037 tres
2325 985 2637 1039 nominatim
2660 985 3027 1049 criminantes,
3055 995 3111 1039 et
3137 985 3270 1039 alios
3292 994 3348 1039 ut
3372 986 3506 1039 dixit
3524 980 3543 1009 ³
3575 987 3765 1041 decem

2189 1074 2378 1137 millia,
2414 1089 2649 1129 consona
2679 1075 2986 1140 Theodoro,
3016 1091 3174 1144 quem
3221 1075 3305 1129 isti
3332 1077 3517 1131 dicunt
3542 1076 3563 1108 ⁸
3586 1079 3768 1131 haere-

2190 1166 2351 1221 ticum
2380 1209 2395 1232 ,
2438 1168 2720 1236 scripsisse
2762 1168 3045 1221 ﬁnxerunt.
3081 1168 3181 1234 Qui
3210 1170 3233 1200 ⁵
3260 1168 3571 1223 Theodorus
3614 1169 3761 1238 Mop-

2188 1267 2471 1312 suestenus
2494 1259 2661 1313 aliter
2688 1273 2718 1311 a
2750 1259 2957 1328 synodo
2983 1257 3407 1312 Chalcedonensi
3435 1259 3578 1328 juste
3615 1259 3765 1312 dam—

2188 1350 2302 1403 nari
2346 1366 2454 1404 non
2486 1360 2688 1419 possm,
2722 1351 2821 1404 nisi
2855 1358 2944 1403 aut
2994 1364 3115 1403 cum
3150 1350 3352 1418 lgnatio
3384 1359 3617 1418 martyre
3642 1390 3660 1414 ,
3708 1359 3767 1403 et

2182 1442 2396 1495 caeteris
2423 1456 2543 1496 cum
2576 1456 2643 1496 eo
2675 1442 3118 1495 commemoratis
3156 1440 3556 1511 gloriosissimis
3589 1438 3765 1493 Patri-

2188 1530 2304 1595 bus,
2345 1533 2389 1583 si
2430 1544 2663 1585 consona
2690 1532 2925 1586 decretis
2951 1531 2973 1562 ‘
3004 1530 3322 1599 quibusdam
3371 1531 3487 1598 ejus
3516 1531 3767 1599 capitulis

2187 1624 2660 1692 conscripserunt;
2712 1632 2803 1678 aut
2826 1639 2946 1678 cum
2968 1624 3174 1679 Joanne
3207 1623 3541 1678 Antiocheno
3568 1632 3622 1677 et
3651 1639 3769 1677 om-

2188 1713 2352 1767 nibus
2380 1714 2729 1768 orientalibus
2765 1715 3031 1783 episcopis
3060 1757 3075 1781 ,
3123 1716 3167 1768 si
3198 1729 3293 1769 eos
3323 1729 3557 1768 consona
3590 1715 3766 1768 Theo-

514 1818 568 1861 et
608 1806 744 1874 apud
774 1806 903 1858 alios
934 1804 1117 1857 decem
1144 1803 1327 1868 millia,
1374 1810 1431 1855 ut
1466 1818 1571 1855 non
1604 1802 1842 1871 singulos
1871 1816 2089 1871 percur-
2120 1810 2165 1870 Β
2192 1801 2327 1856 doro
2354 1804 2637 1871 scripsisse
2662 1804 2873 1858 mentiti
2900 1811 3045 1859 sunt.
3078 1803 3278 1858 Verum
3318 1818 3418 1859 nec
3442 1805 3569 1859 illud
3611 1806 3773 1858 omit-

515 1913 730 1961 ramus,
779 1910 1011 1949 consona
1053 1895 1321 1962 decerptis
1363 1896 1443 1947 his
1490 1895 1735 1962 capitulis
1766 1894 2087 1949 invenimus.

513 1990 712 2055 Quibus
738 1987 1219 2048 anathematizatis,
1251 2000 1465 2038 necesse
1488 1994 1643 2039 estet
1669 1999 1730 2039 ea
1757 2000 1873 2054 quae
1897 2000 1926 2037 a
1958 2001 2091 2052 prm-

514 2081 673 2132 dictis
704 2077 949 2130 I'atribus
984 2086 1108 2129 sunt
1132 2077 1273 2129 dicta
1317 2076 1616 2144 complct-ti.
1649 2078 1713 2130 Et
1747 2077 1865 2145 quis
1896 2076 1961 2129 de
1990 2092 2090 2129 ca:-

517 2179 632 2223 ιρτο
662 2171 854 2221 nostris
886 2168 1025 2220 adsit
1063 2168 1357 2231 doctrinis,
1405 2168 1459 2219 in
1500 2154 1579 2220 sic
1608 2167 2006 2220 admirabilibus
2038 2177 2090 2218 ct

515 2258 884 2310 [uitiosissimis
927 2257 1052 2309 viris
1089 2264 1213 2324 post
1240 2264 1466 2308 mortem
1515 2255 1814 2309 damnatis?
1847 2258 1962 2309 Non
1996 2272 2086 2309 no-

513 2360 681 2401 strum
725 2358 806 2400 est
844 2362 1005 2416 ergo,
1051 2348 1298 2415 gloriOsis
1343 2361 1531 2400 eorum
1562 2348 1649 2414 qui
1702 2360 2090 2416 praecesserunt

514 2442 851 2511 Opinionibns
882 2442 1160 2505 insultare,
1197 2456 1366 2507 neque
1402 2440 1645 2509 judicare
1679 2456 1771 2495 eos
1800 2442 1889 2509 qui
1919 2441 2086 2494 hono-

516 2547 630 2585 ra-e
678 2532 910 2583 defuncti
962 2545 1079 2584 sunt
1111 2572 1126 2595 ,
1173 2533 1265 2583 sed
1316 2530 1703 2599 SOIlUSjUdILIS
1755 2531 1995 2584 vivorum
2036 2542 2087 2584 et

515 2629 867 2675 mortuorum.
925 2639 942 2670 ι
982 2621 1076 2673 Hic
1125 2621 1303 2674 doceri
1350 2622 1416 2675 ab
1470 2623 1815 2692 Eutychianis
1856 2624 2043 2677 vellem
2071 2664 2084 2687 ,

515 2710 637 2779 quid
668 2720 852 2762 sancta
882 2709 1120 2777 synodus
1145 2708 1595 2765 Chalcedonensis
1622 2712 1869 2766 debuerit
1903 2714 2088 2767 obser-

514 2818 659 2863 vare,
709 2816 828 2855 cum
862 2800 998 2868 apud
1048 2804 1213 2854 eum‘
1263 2804 1314 2856 in
1357 2805 1584 2871 epistola
1628 2807 1947 2862 venerabilis
1978 2808 2082 2862 Iba:

515 2895 863 2946 recitarentur
889 2892 1072 2946 laudes
1116 2892 1403 2959 Theodori,
1431 2894 1498 2947 ab
1537 2897 1883 2951 orientalibus
1913 2898 2085 2953 Patri-

514 2984 633 3048 bus,
661 2993 715 3036 ut
746 2984 811 3037 de
845 2982 907 3037 J0
928 2999 1047 3037 mne
1087 2984 1681 3053 Constantinopolitano
1720 2999 1771 3043 et
1799 2990 1865 3043 de
1895 2991 2087 3063 Grego-

516 3079 595 3131 rio
623 3077 951 3129 b’azianzeno
984 3087 1206 3139 taceam,
1239 3094 1382 3148 praue
1407 3080 1508 3133 ~nio
1538 3083 1702 3135 multo
1734 3085 1936 3150 majore
1964 3086 2081 3140 lau-

2196 1893 2436 1959 tendum,
2466 1894 2606 1960 quod
2638 1895 2782 1962 ipsos
2803 1910 3015 1963 quoque
3040 1896 3331 1949 orientales
3356 1895 3539 1949 Patres
3567 1896 3767 1963 absque

2194 1983 2384 2036 Proclo
2427 1984 3015 2054 Constantinopolitano
3038 1987 3182 2055 juste
3211 1987 3469 2042 damnare
3506 2001 3612 2041 non
3643 2002 3768 2056 pos-

2193 2082 2292 2125 set.
2325 2072 2379 2126 Si
2414 2075 2554 2129 enim
2601 2074 2675 2128 illi
2706 2076 3003 2131 seribentes
3031 2079 3079 2131 ei
3112 2079 3316 2131 mentiti
3353 2088 3477 2131 sunt
3506 2078 3766 2146 Ignatium

2193 2172 2479 2233 martyrem
2505 2174 2561 2218 et
2580 2165 2714 2219 alios
2739 2180 2858 2219 cum
2891 2180 2955 2219 eo
2984 2178 3428 2221 commemoratus
3457 2168 3662 2233 Patres,
3686 2171 3767 2223 si-

2194 2253 2340 2306 milia
2369 2256 2651 2323 scripsisse
2678 2256 2980 2321 Theodoro,
3005 2260 3093 2326 qui
3122 2274 3261 2313 nunc
3283 2268 3342 2313 ut
3370 2259 3654 2313 haereticus
3677 2275 3767 2313 ac-

2191 2354 2448 2410 cusatur;
2493 2355 2668 2399 tacere
2696 2347 2918 2401 subdole
2949 2350 3245 2415 perniciosa
3276 2350 3624 2405 simulatione
3656 2367 3766 2404 non

2192 2434 2395 2500 debuit,
2428 2437 2595 2505 magis
2626 2447 2803 2492 autem
2843 2455 2960 2493 cum
2993 2456 3179 2509 magna
3207 2441 3563 2495 detestatione
3589 2444 3767 2495 conti-

2192 2544 2296 2581 nuo
2338 2529 2615 2598 refragari,
2647 2532 2896 2599 quoniam
2940 2548 3057 2600 quae
3087 2533 3359 2599 dicerent,
3388 2549 3509 2587 vera
3543 2550 3649 2587 non
3682 2552 3758 2587 es-

2196 2628 2317 2672 sent
2349 2638 2361 2671 :
2392 2622 2621 2675 maxime
2668 2623 2793 2690 quia
2823 2606 2927 2676 iton
2973 2624 3072 2676 levi
3111 2632 3166 2678 et
3211 2626 3519 2678 transitoria
3564 2626 3762 2692 verbo,

2191 2710 2287 2764 sed
2314 2714 2580 2767 sententia
2609 2715 2886 2784 synodica,
2939 2716 3177 2768 omnium
3206 2717 3559 2772 Orientalium
3592 2720 3611 2751 "
3638 2720 3765 2774 sub-

2196 2801 2484 2871 scriptione
2511 2806 2738 2871 lirmata,
2784 2817 2870 2861 tan
2900 2808 2945 2861 is
2972 2810 3139 2862 beatis
3178 2810 3420 2864 Patr-ibus
3452 2813 3767 2868 advertebat

2191 2898 2245 2951 In
2276 2896 2526 2952 Ecclesia:
2549 2899 2915 2968 prmjudicium
2943 2902 3193 2954 horribile
3214 2902 3416 2955 crimen
3446 2903 3763 2971 altigi.Qna:

2190 3003 2308 3042 cum
2343 2989 2412 3041 ita
2441 2988 2569 3055 sint,
2618 2991 2863 3044 desinant
2891 3006 3133 3059 magnam
3168 2993 3428 3061 synodum
3463 2995 3765 3057 criminari,

2187 3078 2328 3147 quod
2371 3078 2707 3133 Theodorum
2764 3096 2867 3134 non
2922 3082 3197 3136 damnavit
3238 3099 3253 3134 :
3301 3100 3457 3153 quem
3514 3085 3599 3139 vel
3646 3086 3768 3141 sine

516 3166 648 3219 dati.
675 3168 916 3234 Nunquid
944 3182 1059 3219 eam
1081 3167 1223 3235 juste
1252 3183 1344 3235 pro
1374 3167 1528 3223 laude
1550 3170 1811 3226 Theodori
1838 3176 2085 3228 condem-
2119 3176 2161 3235 ρ
2195 3177 2429 3237 martyre
2460 3168 2686 3238 Ignatio,
2727 3181 2780 3224 et
2814 3172 3121 3239 Fustacltio,
3152 3183 3206 3227 et
3234 3175 3546 3239 Athanasio,
3578 3185 3630 3231 et
3666 3178 3767 3230 Ba-

516 3266 690 3318 naret,
725 3255 821 3307 hac
851 3255 1073 3323 cpistola
1098 3256 1444 3310 Orientalium
1477 3273 1581 3312 non
1613 3262 1884 3327 damnata,
1911 3264 1961 3316 in
1984 3279 2087 3332 qua

516 3343 885 3395 confirmatum
918 3351 1000 3395 est
1044 3358 1204 3395 unum
1236 3360 1300 3396 ex
1325 3345 1583 3400 'l‘rinitate
1611 3363 1705 3414 pro
1735 3350 1887 3404 nobis
1915 3355 2087 3405 cruci-

517 3434 722 3488 ﬁxum?
768 3442 858 3485 ant
886 3435 1118 3501 nunquid
1143 3435 1285 3501 juste
1328 3435 1489 3502 pOSsIl
1518 3439 1688 3489 solum
1729 3442 2087 3497 condemnare

515 3526 875 3589 Theodorum,
907 3526 1107 3591 absque
1132 3525 1331 3594 lgnatio
1356 3536 1410 3580 et
1440 3528 1743 3591 Eustachio,
1770 3540 1823 3584 et
1850 3531 2085 3585 Athana-

515 3618 594 3667 sio
622 3626 675 3669 et
704 3616 913 3677 Basitiu,
944 3626 997 3669 et
1030 3626 1254 3683 utroque
1291 3618 1570 3687 Gregorio,
1613 3629 1665 3673 et
1697 3621 1949 3677 Flaviano
1970 3667 1983 3688 ,
2032 3634 2086 3679 et

516 3707 767 3773 Diodoro,
799 3718 851 3761 et
893 3708 1119 3770 Joanne,
1150 3719 1204 3761 et
1232 3709 1536 3774 Ambrosio,
1568 3718 1624 3764 et
1667 3714 2042 3779 Amphilochio
2065 3756 2081 3781 ,

515 3807 566 3850 ct
596 3800 787 3859 Attico,
820 3807 873 3850 et
900 3798 1017 3849 aliis
1040 3798 1221 3851 decem
1249 3799 1517 3863 millibus;
1544 3802 1608 3865 si,
1639 3811 1693 3853 ut
1716 3802 1947 3857 Joannes
1976 3806 2086 3859 An—

516 3886 796 3939 tiochenus
839 3895 892 3938 et
921 3902 1105 3940 omnes
1146 3886 1436 3941 orientales
1486 3890 1721 3960 episcopi
1763 3894 1982 3961 dicunt,
2032 3897 2081 3947 in

515 3991 695 4029 eorum
727 3976 885 4028 dictis
935 3992 1167 4030 consona
1198 3979 1357 4031 certis
1404 3981 1423 4009 ²
1454 3980 1771 4045 quibusdam
1816 3982 2082 4038 Theodori

514 4065 759 4133 capitulis
804 4066 1178 4119 inveniuntur?
1209 4068 1358 4131 Quod
1401 4067 1446 4121 si
1490 4084 1592 4121 non
1637 4070 1998 4138 inveniuntur,
2029 4083 2084 4129 et

515 4155 601 4207 isti
623 4153 933 4208 cohibentes
959 4155 1241 4210 Theodoro
1263 4172 1358 4212 nos
1390 4157 1577 4213 fallere
1609 4163 1918 4230 voluerunt;
1948 4182 2082 4220 nun-

515 4243 635 4312 quid
665 4244 822 4297 etiam
850 4245 927 4298 sic
952 4244 1094 4312 juste
1126 4260 1304 4312 posset
1348 4248 1799 4307 Chalcedonensis
1845 4258 2081 4325 synodus

514 4331 685 4385 solum
731 4331 1090 4388 condemnare
1120 4335 1459 4390 Theodorum
1502 4340 1701 4408 absque
1742 4341 1946 4398 Joanne
1973 4350 2081 4399 An—

514 4422 761 4475 tiocheno
792 4432 845 4475 et
869 4425 1116 4477 omnibus
1150 4426 1502 4482 orientalibus
1529 4432 1826 4501 episcopis,
1872 4435 1961 4504 qui
1993 4452 2080 4491 er-

2191 3258 2337 3322 silio,
2361 3268 2415 3312 et
2440 3267 2663 3327 utroque
2689 3260 2965 3329 Gregorio,
2999 3272 3053 3317 et
3074 3265 3280 3317 caeteris
3308 3266 3553 3319 similiter
3582 3282 3774 3320 nume-

2190 3351 2343 3415 ratis,
2380 3353 2460 3405 vel
2491 3353 2607 3407 sine
2634 3355 2836 3409 Joanne
2866 3357 3200 3412 Antiocheno
3232 3370 3283 3412 et
3315 3359 3558 3412 orientali
3588 3360 3771 3413 conci-

2192 3445 2283 3507 lio,
2332 3457 2385 3499 et
2418 3447 2608 3502 Proclo
2653 3452 3280 3519 Constantitmpolitano,
3320 3452 3465 3521 juste
3510 3453 3767 3507 damnare

2188 3554 2291 3591 non
2348 3540 2533 3604 putuit.
2592 3542 2696 3595 Sed
2752 3545 2897 3610 prius
2947 3543 3125 3597 dicant
3174 3559 3292 3597 cum
3333 3544 3527 3613 quibus
3576 3545 3767 3598 horum

2188 3631 2334 3697 prius
2368 3631 2389 3661 ⁸
2441 3630 2753 3684 Theodorus
2793 3633 3133 3686 condemnari
3166 3633 3429 3696 debuerit,
3471 3648 3522 3688 et
3556 3635 3623 3687 ita
3672 3637 3765 3688 de-

2191 3735 2331 3771 mtnn
2366 3722 2738 3789 negligentiam
2769 3724 2850 3776 vel
2878 3724 3235 3777 cohibentiatn
3266 3724 3451 3792 synodi
3478 3723 3775 3778 Chalcedo-

2188 3811 2368 3865 nensis
2398 3821 2667 3867 accusent.

2811 3924 3034 3980 CAPUT
3064 3924 3128 3979 II.

2188 4054 2337 4127 Quod
2378 4055 2508 4121 falso
2564 4058 2765 4109 dicatur
2830 4057 3046 4112 Proclus
3102 4059 3357 4111 Theodori
3404 4074 3586 4111 nomen
3651 4076 3763 4127 per.

2222 4126 2506 4191 strinxisse,
2550 4144 2663 4179 cum
2694 4144 2755 4181 ea:
2785 4130 2892 4197 ejus
2920 4131 3124 4194 scriptis
3156 4132 3206 4181 id
3240 4140 3409 4197 aperte
3439 4126 3728 4198 "fedatur.

2256 4254 2405 4310 Sane
2435 4255 2714 4310 videamus
2745 4258 2869 4327 quid
2903 4261 3063 4312 etiam
3104 4259 3292 4314 beatus
3344 4259 3595 4325 Proetus,
3643 4264 3785 4316 seri-

2188 4343 2347 4397 bente
2389 4344 2489 4396 sibi
2533 4346 2737 4400 Joanne
2778 4346 3112 4402 Antiocheno
3151 4359 3207 4403 et
3251 4350 3456 4419 synodo
3486 4352 3760 4415 orientali,

2183 4436 2545 4503 rescripserit,
2585 4447 2639 4490 ut
2677 4449 2928 4507 appareat
2958 4456 3113 4508 quam
3148 4441 3213 4493 sit
3239 4441 3523 4508 impudens
3556 4442 3778 4495 haereti-

513 4515 722 4567 ror.bus
785 4513 1024 4580 ejusdem
1078 4514 1347 4571 Theodori
1404 4520 1714 4577 cohibentes
1740 4567 1755 4591 ,
1823 4525 2080 4594 Ignatium
2111 4522 2163 4580 D
2187 4538 2371 4578 comm
2402 4525 2631 4591 falsitas,
2661 4544 2887 4597 quorum
2912 4529 3204 4585 fautoribus
3226 4530 3515 4585 catholicos
3541 4533 3764 4586 credere

512 4611 841 4670 martyrem,
893 4604 979 4671 qui
1027 4606 1317 4660 secundum
1368 4611 1749 4676 postPetrum
1780 4617 2081 4681 apostolum

512 4694 858 4746 Antiochense
908 4695 1052 4749 sedis
1102 4698 1367 4753 ordinavit
1412 4699 1742 4768 Ecclesiam,
1778 4716 1831 4759 et
1856 4716 2081 4763 caeteros

511 4782 921 4848 gloriosissimos
960 4784 1143 4839 Patres
1172 4802 1304 4855 quos
1347 4805 1923 4864 commemoraverunt,
1951 4813 2083 4853 con-

585 4983 609 5008 η
651 4974 822 5029 Procli
860 4979 1098 5053 epistolae
1144 4982 1207 5033 ad
1241 4984 1499 5040 Joannem
1552 5006 1669 5045 rum
1723 5003 1864 5048 tomo
1892 4999 2070 5053 missae

517 5046 865 5135 fragmentum
890 5048 1126 5135 'vitlirnus
1171 5054 1261 5133 lib.
1298 5070 1352 5134 ιι..
1401 5056 1524 5111 IImc
1558 5062 1777 5135 alterius

514 5118 849 5200 stolaleqttam
880 5115 1066 5170 Joanni
1097 5124 1387 5190 rescripsit,
1421 5142 1538 5200 cum
1582 5128 1697 5198 ejus
1741 5115 2073 5200 aa’s’u'peii'é-

514 5198 602 5267 nos
622 5184 834 5264 litteras
856 5201 1165 5267 responsum
1192 5184 2071 5267 expost'ttlationeinquedehabea-

515 5253 917 5340 dorincapitulis
940 5253 1363 5340 accepissethx
1394 5266 1503 5340 _his
1517 5284 1647 5340 ergo
1681 5253 1862 5340 liquet:
1899 5253 2071 5331 ili-Em

511 5324 789 5376 consilium
847 5325 1008 5380 fuisse
1040 5367 1055 5392 ,
1097 5331 1237 5398 quod
1283 5343 1335 5385 et
1386 5324 1614 5404 Cyrinus
1655 5324 2069 5410 satagebat-,uui

586 5495 600 5567 ξ
631 5494 760 5567 God.
794 5497 1013 5561 Veron.,
1041 5503 1179 5567 apud
1207 5519 1337 5556 eant.

582 5564 604 5636 ξ
636 5565 775 5636 Idem
806 5569 950 5631 cod.,
978 5564 1240 5636 decerptis.

584 5633 606 5664 ³
637 5635 775 5688 Idem
794 5638 936 5701 cod.,
967 5640 1100 5690 dixe:
1116 5633 1223 5693 imi.

584 5702 605 5733 δ
631 5704 772 5759 Idem
797 5708 1098 5777 cod.,nunc
1124 5712 1313 5761 dicunt.

2186 4627 2293 4666 non
2331 4618 2595 4684 Oportuit,
2650 4618 2968 4685 fingentibus
3009 4619 3147 4688 quod
3199 4620 3336 4673 idem
3385 4632 3597 4673 sanctus
3630 4619 3769 4674 Pro-

2184 4701 2320 4768 clus,
2367 4705 2619 4771 praedicto
2657 4707 2848 4760 Joanni
2878 4708 3209 4763 Antiocheno
3236 4718 3261 4745 ι
3285 4710 3547 4775 scribens,
3578 4710 3752 4766 Theo-

2184 4793 2372 4847 dorum
2406 4797 2540 4849 male
2564 4798 2940 4862 nominaverit,
2970 4807 3023 4853 et
3053 4800 3249 4854 dixerit
3278 4801 3583 4856 subdidisse
3610 4812 3758 4857 tomo

2179 5008 2445 5062 Theodori
2480 5011 2711 5088 nomini,
2747 5026 2962 5084 propter
2991 5017 3339 5072 Orientalium
3372 5020 3756 5088 offensionem,

2178 5089 2513 5146 parceretur,
2566 5083 2705 5135 unde
2735 5096 2787 5135 et
2841 5083 2890 5138 in
2938 5088 3191 5153 capitulis
3237 5089 3507 5143 Theodori
3556 5083 3753 5145 nomen

2176 5161 2593 5227 suppresserat,
2634 5159 3187 5227 prava__tamerrejus
3228 5160 3478 5227 dogmata
3524 5162 3753 5213 damna-

2177 5228 2379 5339 realitur.
2411 5217 2515 5274 Sed
2555 5217 2913 5278 Orientalibus
2943 5240 3012 5279 ne
3044 5217 3142 5281 hoc
3174 5217 3389 5290 quidEm
3434 5230 3753 5298 persuaderi

2177 5301 2242 5339 oo
2273 5300 2363 5339 υιι.

2174 5300 2363 5353 poturt.

2253 5521 2435 5602 fidem
2464 5527 2608 5602 cod.,
2636 5526 2805 5597 Igitur
2837 5533 2951 5585 loco
2979 5536 3086 5602 qui.

2252 5592 2273 5669 ξ
2301 5592 2441 5669 Idem
2465 5597 2609 5669 cod.,
2641 5592 2905 5669 d'ecerptis.

2252 5661 2273 5737 ξ
2303 5660 2443 5737 Idem
2473 5660 2615 5737 cod.,
2648 5660 2871 5737 ipsorum
2899 5674 3250 5728 Orientalium.

2251 5730 2274 5761 ⁸
2302 5731 2356 5785 ln
2388 5735 2573 5791 eodem
2603 5730 2722 5793 cod.
2751 5740 2901 5796 deest
2922 5745 2976 5798 τὸ
2996 5756 3165 5806 pinus.
