3974 6330
265 260 363 317 715

1114 256 1247 314 PRO
1289 254 1718 313 DEFENSlONE
1757 251 1975 308 TRIUM
2017 249 2335 306 CAPITUL.
2379 249 2506 305 LIB.
2555 250 2686 306 VIII.

3437 244 3542 299 ’ΤΗ

259 388 422 439 quem
449 371 597 427 misit
629 366 917 431 Armeniis,
949 367 1181 423 Judaica:
1212 368 1499 437 impietatis
1523 368 1677 436 plena
1702 364 1847 436 ejus-
1878 368 1923 428 Α
1956 364 2187 417 certlotts
2229 363 2452 419 Joannis
2478 381 2490 415 ε
2536 372 2657 433 post
2689 362 3133 434 subscriptionem
3161 371 3340 429 autem
3385 361 3545 425 tutni,
3621 401 3640 427 ,

259 465 384 519 dem
421 461 696 517 Theodori
743 460 994 528 capitula,
1040 469 1098 514 ttt
1137 460 1238 513 sub
1267 460 1608 513 anathemate
1642 458 1855 511 damna-

260 566 468 614 rentur.
526 556 630 623 Qui
686 554 908 609 Proclus
954 553 1306 621 conquerenti
1357 561 1411 607 et
1459 549 1850 606 contradicenti

260 657 564 705 memorato
592 646 788 701 Joanni
821 645 1158 701 Antiocheno
1198 652 1253 699 et
1278 644 1394 714 ejus
1419 643 1629 715 synodo
1672 643 1743 698 ita
1772 657 1857 697 re-

262 741 523 813 spondit:
572 759 591 791 ‹
643 739 872 806 Quando
902 740 1045 794 enim
1081 753 1182 809 ego
1214 739 1405 809 scripsi
1450 748 1555 793 tute
1584 738 1854 793 sanctitati

262 846 515 906 oportere
540 842 633 888 aut
657 832 1033 901 Theodorum,
1062 840 1156 887 aut
1180 833 1315 888 alios
1345 831 1607 901 quosdam
1639 833 1727 901 qui
1760 831 1861 901 pri-

264 928 387 982 dem
417 925 661 982 defuncti
690 937 818 980 sunt
845 969 859 990 ,
908 925 1238 981 anathemati
1287 923 1466 989 subdi,
1498 934 1588 979 aut
1614 924 1859 980 nomina-

266 1020 359 1071 tim
393 1016 619 1086 alicujus
655 1015 772 1069 ﬁeri
808 1016 827 1047 ¹
865 1013 1235 1070 mentionem?
1283 1013 1391 1071 Sed
1432 1022 1593 1083 puto,
1642 1016 1778 1068 sicut
1806 1024 1860 1068 et

266 1108 398 1175 ipsa:
425 1106 615 1163 littera:
658 1107 724 1161 ad
770 1112 915 1160 tuam
945 1107 1288 1161 sanctitatem
1338 1104 1556 1179 directae
1604 1106 1855 1162 clamant.

267 1199 404 1253 nihil
433 1198 658 1253 difﬁcile
691 1199 775 1253 vel
806 1211 1029 1267 pravum
1055 1188 1281 1267 epistola
1301 1198 1573 1263 continet;
1602 1199 1696 1253 scd
1738 1199 1860 1267 quia

269 1299 485 1359 oportet
524 1290 672 1345 omni
720 1289 1030 1358 suspicione
1080 1288 1333 1354 liberari,
1371 1299 1427 1344 et
1457 1289 1857 1344 detrahentium

270 1394 366 1435 ora
390 1394 674 1444 censuere,
706 1394 774 1435 ex
800 1380 903 1435 hoc
943 1378 1087 1450 quod
1118 1380 1171 1434 in
1202 1389 1348 1435 tomo
1395 1382 1601 1436 directo
1629 1381 1862 1436 SlleCli-

271 1473 377 1543 psi,
401 1480 457 1526 et
482 1471 571 1527 illa
593 1471 826 1540 capitula
858 1486 979 1541 quze
1005 1471 1244 1542 subjecta
1275 1481 1399 1528 sunt
1428 1474 1623 1543 repuli,
1650 1482 1710 1529 ut
1738 1482 1865 1544 pote

273 1564 632 1620 subtilitatem
677 1579 783 1618 non
808 1564 1063 1619 habentia
1097 1566 1333 1633 pietatis.
1368 1565 1554 1635 Neque
1589 1574 1766 1620 autem
1798 1565 1866 1621 de

276 1659 587 1722 Theodoro,
621 1672 798 1727 neque
826 1658 894 1713 de
920 1658 1026 1713 alio
1046 1674 1340 1728 quoquam,
1372 1660 1461 1729 qui
1485 1661 1595 1730 jam
1624 1660 1865 1715 defuncti

1959 466 2012 509 et
2064 469 2183 525 post
2219 457 2574 527 alijectionem
2616 458 3007 525 capitulorum,
3066 471 3187 525 quze
3236 456 3392 526 cujus
3439 456 3551 509 sint

1961 553 2292 621 ignoramus,
2324 554 2581 608 continuo
2614 566 2854 622 praepara
2886 552 3169 608 diaconum
3200 551 3547 608 Theodorum

1961 647 2145 701 venire
2172 648 2237 701 ad
2270 648 2468 718 regiam
2512 648 2809 710 civitatem.
2840 658 3102 717 quatenus
3145 654 3468 717 tempestate
3494 653 3554 701 et

1962 738 2189 792 tumultu
2218 753 2322 793 non
2355 738 2678 807 impleantur
2706 738 2951 795 ecclesia:
2987 740 3135 794 urbis
3165 736 3550 799 sanctissimae,

1962 844 2011 886 et
2037 831 2246 888 donetis
2263 831 2462 903 aliquid
2478 832 2745 888 desiderio
2764 831 2913 898 impii
2931 831 3183 895 Nestorii,
3205 832 3295 899 qui
3320 844 3380 887 se
3403 836 3555 900 putat

1963 922 2161 976 multos
2177 922 2376 978 habere
2393 923 2589 979 similia
2619 923 2911 993 sapientes.
2936 941 2953 976 ι
2978 922 3077 977 llic
3093 920 3550 991 quemadmodum

1968 1015 2243 1084 perspicis,
2272 1016 2591 1085 imperator,
2626 1031 2731 1070 non
2753 1031 2817 1071 ex
2840 1015 3000 1071 ductu
3025 1014 3448 1069 ratiocinationis
3467 1026 3558 1068 no-

1966 1116 2092 1159 strae
2107 1106 2392 1176 colligitur,
2418 1106 2511 1161 sed
2529 1107 2657 1175 ipsis
2681 1106 2819 1162 beati
2838 1104 3011 1160 Procli
3026 1104 3203 1160 verbis
3225 1102 3560 1158 evidentissi-

1966 1212 2052 1254 me
2074 1199 2496 1265 demonstratur,
2514 1200 2767 1268 quoniam
2792 1200 2836 1253 si
2859 1197 3316 1255 Chalcedonensis
3338 1212 3553 1268 quoque

1967 1289 2225 1360 synodus,
2242 1302 2293 1343 ut
2308 1290 2520 1358 quidam
2536 1291 2801 1355 fecerunt,
2815 1291 3092 1361 epistolam
3113 1288 3435 1344 venerabilis
3452 1288 3560 1344 Iba:

1970 1396 2068 1447 pro
2094 1381 2254 1438 laude
2277 1381 2547 1437 Theodori
2574 1391 2826 1453 tanquam
2853 1381 3100 1437 Nestorio
3122 1380 3318 1436 similia
3345 1380 3560 1450 sapien—

1968 1475 2036 1529 tis
2073 1474 2364 1544 abjiceret;
2412 1475 2538 1530 hinc
2583 1476 2782 1544 potius,
2814 1475 2954 1531 sicut
2980 1472 3209 1533 diximus
3236 1482 3398 1543 atque
3430 1485 3561 1540 pro-

1970 1566 2231 1633 bavimus,
2262 1582 2547 1623 excusasse
2580 1566 2881 1623 Nestorium
2915 1566 3205 1631 videretur,
3243 1573 3299 1620 et
3329 1562 3562 1619 donasse

1972 1660 2169 1727 aliquid
2194 1658 2463 1715 desiderio
2483 1659 2941 1721 Nestorianorum,
2964 1657 3054 1729 qui
3077 1671 3136 1712 se
3158 1664 3347 1726 putant
3366 1652 3562 1709 multos

276 1760 423 1817 sunt,
450 1751 642 1819 scripsi
667 1750 783 1818 tibi,
814 1750 925 1804 Deo
946 1749 1337 1814 amantissime,
1360 1761 1449 1803 aut
1477 1760 1535 1805 ut
1562 1752 1866 1806 anathema-
1898 1754 1944 1813 Β
1973 1752 2170 1807 habere
2190 1752 2379 1807 similia
2397 1752 2682 1821 sapientes.
2711 1750 2973 1807 lntellexit
2990 1749 3167 1819 itaque
3187 1743 3569 1813 virsapientisc

278 1845 494 1910 tinetur,
522 1848 616 1895 aut
641 1842 939 1897 abdicetur.
962 1841 1071 1897 Sed
1105 1856 1279 1912 neque
1305 1842 1660 1898 charissimus
1690 1843 1869 1898 Theo-

276 1935 464 1998 dorus,
493 1934 584 2004 qui
612 1950 641 1988 a
673 1934 826 1989 nobis
867 1935 1109 1989 directus
1139 1942 1243 1996 est.
1272 1935 1530 1990 diaconus
1560 1936 1688 1991 talia
1720 1952 1871 1991 man-

277 2029 404 2084 data
434 2030 696 2099 percepit.
738 2046 759 2081 ι
786 2028 854 2083 Et
878 2042 942 2083 ea
970 2027 1381 2084 evidentissima
1414 2029 1699 2099 negatione
1726 2028 1871 2084 beati

281 2120 457 2175 Procli
504 2119 730 2176 necdum
776 2118 1187 2175 confunduntur
1229 2120 1469 2177 lueretici
1503 2121 1592 2176 vel
1633 2119 1872 2177 fautores

279 2226 509 2276 eorum;
556 2212 648 2267 sed
696 2210 897 2267 audent
926 2211 1104 2267 adhuc
1139 2210 1323 2267 dicere
1351 2211 1495 2282 quod
1525 2211 1869 2269 Theodorum

282 2305 723 2376 Iltmsuestenum
751 2313 871 2374 post
901 2313 1127 2360 mortem
1150 2305 1291 2361 male
1316 2306 1694 2371 nominaverit,
1725 2323 1875 2361 cum-

283 2410 392 2466 qtte
445 2395 591 2451 velut
617 2395 932 2451 hmreticum
987 2397 1279 2465 impietatis
1320 2398 1590 2467 arguerit,
1630 2390 1751 2453 cum
1787 2400 1875 2455 ille

290 2489 552 2544 reclamet
581 2487 725 2559 quod
758 2502 865 2543 non
904 2488 1078 2543 solum
1108 2488 1454 2543 Theoderum
1480 2530 1495 2554 ,
1548 2504 1734 2545 verum
1774 2506 1873 2545 nec

288 2581 455 2637 alium
503 2595 827 2651 quemquam
870 2595 935 2636 ex
978 2578 1064 2635 his
1092 2582 1181 2651 qui
1229 2580 1340 2651 jam
1371 2580 1608 2636 defuncti
1668 2582 1880 2637 fuerant

290 2672 735 2727 auatltematizati
765 2681 859 2727 aut
898 2673 1137 2728 abdicari
1184 2672 1478 2743 quaesierit,
1509 2683 1603 2729 aut
1630 2673 1879 2730 nomina-

283 2764 381 2817 tim
421 2762 647 2833 alicujus
698 2763 887 2821 fecerit
934 2765 1287 2821 mentionem.
1334 2766 1491 2822 Absit
1538 2765 1642 2822 hoc
1683 2782 1710 2820 a
1742 2781 1876 2823 con-

281 2853 511 2910 scientia
540 2856 761 2924 Procli,
812 2865 868 2911 ut
892 2872 956 2911 ex
1008 2858 1145 2911 mala
1188 2857 1555 2913 dilfamatione
1598 2847 1878 2914 venerabi-

282 2945 415 3000 lium
453 2946 727 3002 nominum
769 2959 823 3003 et
859 2948 1135 3020 divulgata
1168 2949 1561 3019 vituperatione
1600 2950 1879 3007 defuncto-

288 3053 411 3093 rum
444 3039 495 3092 in
524 3054 656 3109 pace
685 3038 943 3096 Ecclesia:
967 3042 1331 3110 sacerdotum,
1361 3044 1620 3113 puerilem
1650 3044 1872 3115 gloriam

1972 1844 2174 1897 simus“
2203 1843 2438 1908 Proclus,
2465 1844 2606 1914 quod
2633 1843 2831 1899 domini
2856 1843 3125 1912 sapientes
3146 1838 3444 1909 intelligere
3465 1850 3565 1894 no—

1976 1934 2221 1999 luerunt,
2248 1937 2499 2004 quoniam
2529 1934 2907 2005 MepsueSteno
2946 1933 3267 1997 Theodoro,
3294 1945 3415 1987 cum
3444 1929 3563 1985 aliis

1975 2027 2295 2098 quibusdam
2343 2043 2570 2098 quorum
2620 2028 2840 2081 nomina
2879 2024 3338 2098 capitulis-nescio
3367 2022 3561 2094 quibus

1974 2118 2479 2175 auatltematizanda
2535 2118 2819 2187 praeposita
2876 2115 3125 2179 fuerant.
3183 2114 3561 2179 condemnato,

1976 2214 2319 2282 expostulare
2339 2212 2619 2270 Nestorius
2642 2220 2915 2282 posset,tet
2930 2211 3130 2278 dicere,
3152 2208 3432 2279 Quomodo
3454 2210 3567 2263 vel-

1980 2313 2037 2358 ut
2086 2304 2333 2360 inventor
2364 2319 2515 2360 novae
2545 2303 2806 2359 doctrinae
2848 2302 2918 2357 ab
2948 2300 3185 2357 Ecclesia
3230 2315 3348 2356 sum
3380 2300 3567 2361 depul-

1981 2414 2094 2464 sus,
2118 2413 2238 2452 cum
2262 2397 2579 2453 Theodorus
2604 2396 2684 2451 vir
2708 2395 3072 2475 doctissimus,
3102 2402 3158 2449 et
3185 2408 3214 2448 a
3239 2390 3566 2450 doctissimis

1980 2489 2228 2545 Patribus
2270 2489 2588 2560 praedicatus
2615 2532 2630 2558 ,
2673 2496 2832 2559 atque
2881 2488 2968 2542 alii
2999 2486 3089 2556 qui
3130 2486 3272 2540 sicut
3313 2483 3403 2539 ille
3449 2483 3566 2537 sine

1981 2585 2199 2654 querela
2231 2585 2282 2640 in
2314 2584 2569 2640 Ecclesize
2600 2597 2729 2653 pace
2774 2580 3013 2638 defuncti
3054 2588 3178 2637 sunt
3202 2622 3216 2645 ,
3257 2576 3446 2635 eadem
3479 2590 3569 2631 sa-

1982 2679 2161 2747 puisse
2191 2677 2478 2735 dicantur?
2525 2676 2629 2743 Yos
2669 2690 2797 2745 ergo
2830 2672 3004 2744 potius
3034 2671 3247 2727 dicendi
3277 2670 3407 2725 estis
3441 2669 3568 2725 novi

1979 2770 2246 2840 dogmatis
2284 2769 2620 2833 inventores,
2651 2768 2741 2838 qui
2772 2768 2840 2822 ab
2877 2780 3062 2822 eorum
3104 2762 3351 2820 doctrina
3395 2762 3571 2817 desci-

1980 2861 2151 2926 scitis,
2180 2875 2314 2930 quos
2345 2861 2585 2916 Ecclesia
2616 2874 2833 2929 semper
2864 2858 3048 2914 habuit
3086 2856 3396 2912 honoratos.
3431 2854 3566 2911 Nam

1980 2967 2080 3024 ego
2118 2954 2277 3021 etiam
2320 2960 2506 3008 vestro
2544 2953 2852 3007 testimonio
2897 2950 3189 3006 catholicus
3237 2948 3434 3019 probor
3466 2964 3480 3001 :
3520 2945 3569 3003 si

1980 3045 2126 3101 enim
2154 3060 2216 3101 ea
2247 3045 2437 3108 doceo,
2468 3059 2588 3113 quae
2616 3042 3020 3111 Mopsue‘stenus
3050 3040 3365 3095 Theodorus
3395 3047 3449 3095 ct
3479 3037 3569 3094 atii

285 3140 551 3199 captaret,
580 3140 741 3203 atque
778 3134 905 3189 inde
936 3133 1106 3191 videri
1136 3135 1330 3191 doctus
1350 3147 1445 3192 aut
1473 3137 1758 3209 religiosus
1791 3152 1886 3209 ap-
1906 3126 1955 3193 C
1986 3138 2040 3194 in
2068 3139 2307 3194 Ecclesia
2339 3137 2674 3205 docuerunt,
2722 3137 2957 3205 ipsorum
2999 3149 3127 3190 vero
3152 3134 3392 3188 doctrina
3422 3134 3509 3187 vel
3539 3148 3571 3187 a

286 3234 516 3292 peteret.
562 3224 731 3299 Negat
769 3241 900 3297 ergo
942 3243 1002 3282 se
1053 3228 1368 3284 nominatim
1410 3231 1637 3303 alicujus
1683 3234 1879 3291 fecisse

285 3313 655 3383 mentionem;
706 3326 763 3372 et
789 3332 898 3373 non
928 3318 1104 3374 solum
1135 3324 1344 3386 testari,
1375 3337 1561 3379 verum
1591 3334 1646 3381 et
1690 3337 1879 3383 centra

286 3408 605 3463 surditatem
672 3411 1138 3468 contentiosorum
1197 3414 1433 3473 clamare
1482 3416 1614 3473 dicit
1672 3419 1882 3476 litteras

283 3514 435 3564 suas,
467 3500 607 3571 quod
640 3500 769 3557 nihil
806 3516 1029 3574 pravum
1057 3503 1374 3561 contineant
1401 3524 1413 3558 :
1447 3522 1667 3577 pravum
1698 3512 1883 3580 utique

287 3608 415 3647 esse
446 3593 737 3659 definiens,
788 3594 931 3665 quod
974 3597 1256 3667 quassiisse
1306 3596 1442 3654 falso
1489 3600 1795 3666 putabatur,
1826 3612 1884 3657 ut

285 3692 479 3739 eontra
523 3682 776 3739 Ecclesire
806 3699 1017 3741 morem
1064 3697 1184 3756 post
1230 3696 1459 3743 mortem
1498 3688 1883 3748 damnarentur

286 3778 537 3849 episcopi
565 3795 835 3843 nunquam
881 3780 934 3836 in
964 3780 1068 3835 vita
1100 3795 1196 3838 sua
1226 3782 1447 3851 culpati.
1478 3782 1678 3839 Scribit
1702 3795 1886 3840 autem

285 3872 453 3926 etiam
484 3871 715 3926 Maximo
746 3874 791 3938 ',
823 3872 911 3927 uni
945 3887 1011 3928 ex
1032 3872 1242 3929 duobus
1282 3888 1379 3943 per
1408 3890 1564 3943 quos,
1599 3884 1659 3930 ut
1680 3876 1879 3932 dictum

286 3976 394 4027 est,
421 3965 737 4037 synodicam
764 3966 1049 4035 epistolam
1080 3967 1671 4024 miseratorientalibus
1684 3970 1883 4039 episco-

288 4062 396 4128 pis.
420 4062 605 4116 dicens
638 4076 655 4115 :
693 4078 714 4112 ι
749 4061 956 4117 Memor
975 4071 1061 4117 est
1092 4071 1181 4117 tua
1212 4064 1536 4129 reverentia,
1568 4064 1784 4132 quando
1813 4063 1880 4118 ad

290 4152 693 4209 sanctissimum
719 4153 1116 4210 Antiochenam
1147 4154 1463 4227 episcopum
1498 4157 1520 4188 ³
1551 4157 1645 4211 tibi
1676 4156 1882 4212 litteras

286 4246 633 4317 injungebam
654 4286 671 4309 ,
717 4246 841 4316 quia
884 4246 1064 4302 omnia
1102 4261 1226 4302 cum
1258 4248 1375 4315 ejus
1408 4248 1664 4303 admonui
1694 4248 1883 4303 volun-

286 4350 401 4393 tate
431 4339 549 4393 tieri
578 4346 858 4407 Oportere;
899 4345 956 4395 et
1002 4339 1135 4394 nihil
1165 4340 1232 4394 ad
1265 4338 1640 4396 confusionem
1684 4341 1767 4396 vel
1801 4349 1883 4395 tu-

284 4430 516 4486 multum
534 4428 892 4486 Ecclesiarum
909 4443 1092 4500 pacem
1113 4431 1418 4486 habentium
1440 4431 1547 4501 agi,
1563 4431 1656 4487 scd
1677 4440 1880 4485 tomum

1984 3232 2184 3289 sanctis
2209 3229 2454 3286 Patribus
2479 3228 2691 3284 laudata
2714 3237 2818 3293 est,
2848 3228 2927 3281 vel
2956 3226 3094 3296 quod
3125 3224 3337 3280 interim
3362 3232 3568 3280 certum

1983 3335 2089 3389 est,
2124 3338 2217 3393 per
2246 3336 2408 3378 omne
2435 3335 2543 3392 quo
2568 3321 2818 3375 vixerunt
2845 3328 3057 3387 tempus
3083 3335 3109 3371 a
3137 3319 3282 3372 nullo
3308 3318 3573 3372 invenitur

1982 3432 2105 3472 esse
2135 3416 2347 3486 culpata
2376 3457 2390 3481 ,
2431 3414 2775 3485 iuculpabilis
2804 3422 2888 3469 est
2932 3411 3095 3468 etiam
3143 3425 3262 3465 mea
3307 3409 3571 3464 doctrina.

1983 3510 2134 3578 Quod
2160 3510 2203 3564 si
2236 3512 2349 3563 hare
2379 3508 2514 3563 ratio
2541 3524 2645 3562 non
2678 3522 2798 3563 mea
2821 3547 2836 3573 ,
2881 3507 2976 3563 sed
3019 3506 3120 3562 viri
3164 3505 3565 3577 prudentissimi

1983 3612 2142 3673 atque
2171 3601 2494 3657 sanctissimi
2535 3600 2747 3667 Procli,
2793 3599 2954 3657 modo
2998 3599 3380 3668 contemnitur,
3412 3614 3571 3673 quam

1979 3696 2243 3750 hactenus
2275 3693 2519 3749 Ecclesia
2547 3693 2861 3749 custodiens
2901 3692 2955 3748 in
2985 3707 3118 3763 pace
3164 3693 3427 3760 degebat;
3477 3706 3575 3745 cur

1981 3799 2167 3856 quaso
2192 3784 2261 3840 de
2290 3784 2517 3840 aliorum
2560 3782 2870 3840 nominibus
2904 3791 3133 3848 tacetur,
3165 3799 3283 3855 quae
3320 3782 3411 3839 illo
3438 3793 3573 3837 tem-

1984 3894 2115 3949 pore
2143 3878 2300 3933 simul
2330 3877 2614 3948 prxposita
2645 3875 2859 3932 fuerant
2888 3876 3134 3945 capitulis
3164 3876 3230 3929 ad
3256 3874 3573 3931 anathema-

1984 3968 2295 4024 tizandum?
2333 3985 2453 4036 cur,
2484 3978 2757 4039 putamus,
2785 3967 2888 4023 illis
2916 3968 3116 4037 pariter
3141 3968 3405 4023 accusatis
3431 3980 3576 4022 nunc

1986 4063 2247 4130 parcitur,
2280 4070 2335 4117 et
2364 4060 2512 4118 solus
2543 4062 2595 4118 in
2634 4061 2734 4117 hac
2769 4061 3218 4118 condemnatione
3243 4061 3574 4132 hlopsueste—

1986 4171 2085 4209 nus
2117 4154 2437 4212 Theodorus
2482 4154 2825 4211 nominatur?
2882 4155 3048 4211 Estne
3096 4154 3241 4210 aliud
3290 4153 3434 4223 quod
3489 4153 3576 4208 ltic

1984 4246 2287 4319 intelligere
2328 4249 2413 4303 vel
2439 4246 2704 4316 suspicari
2736 4248 3028 4317 possimus,
3059 4247 3162 4303 nisi
3191 4248 3314 4317 quia
3342 4248 3487 4301 solus
3521 4246 3578 4302 in

1985 4340 2214 4409 epistola
2242 4340 2565 4397 venerabilis
2596 4340 2701 4396 Iba:
2735 4341 2980 4397 laudatus
3008 4352 3122 4407 est,
3152 4356 3310 4411 quam
3336 4341 3581 4409 synodus

1986 4431 2446 4487 Chalcedonensis
2499 4432 2853 4487 orthodoxam
2912 4431 3215 4501 judicavit?
3272 4431 3441 4486 Porro
3498 4431 3576 4484 vir

284 4524 508 4595 quidem
531 4524 822 4590 subscribi,
848 4524 1879 4595 capitulaautemsubditasinenomiue,
1912 4511 1960 4572 Ῑ)
1987 4524 2202 4593 Sapiens
2233 4524 2453 4580 Proclus
2480 4522 2622 4579 hunc
2655 4522 2999 4578 Theodorum
3038 4535 3142 4576 non
3181 4530 3267 4577 est
3305 4534 3467 4575 ausus
3495 4520 3577 4575 in-

288 4618 409 4672 haec
458 4600 719 4685 tauquam
780 4632 886 4674 non
940 4616 1192 4673 habentia
1258 4617 1612 4672 subtilitatem
1668 4612 1880 4687 pie‘tatis

284 4709 459 4764 averti
490 4709 831 4767 et-ahdicari.
860 4708 1143 4778 Quomodo
1172 4708 1335 4780 igitur
1364 4723 1460 4779 per
1486 4709 1694 4766 litteras
1720 4709 1879 4765 didici

284 4817 431 4857 nunc
458 4802 583 4869 quia
606 4801 874 4858 Theodori
903 4802 1264 4873 MopsueSteni
1294 4810 1351 4857 et
1372 4802 1598 4857 aliorum
1626 4818 1882 4870 quorum-

281 4894 411 4944 dam
455 4894 673 4947 nomina
704 4895 990 4962 praeposita
1022 4902 1147 4948 sunt
1172 4894 1420 4963 capitulis
1449 4894 1515 4948 ad
1560 4895 1878 4949 anathema-

284 4985 586 5052 tizandum,
614 4998 736 5045 cum
765 4986 844 5041 illi
873 4985 941 5040 ad
977 4986 1140 5040 Deum
1170 4988 1278 5053 jam
1308 4986 1685 5056 migraverint,
1714 4994 1769 5041 et
1789 5000 1882 5040 eos

282 5079 373 5145 qui
402 5077 517 5148 jam
547 5080 709 5133 vitam
756 5078 1089 5149 reliquerunt
1111 5092 1502 5147 supervacuum
1531 5086 1615 5132 est
1637 5077 1881 5147 injttriari

284 5181 411 5242 post
439 5182 693 5236 mortem,
719 5187 857 5243 quos
886 5186 986 5229 nec
1015 5172 1174 5227 vivos
1204 5170 1495 5239 aliquando
1519 5170 1883 5239 culpavimus?

285 5264 435 5333 Rogo
475 5279 604 5334 ergo
622 5305 635 5327 ,
661 5266 851 5320 festina
872 5265 1008 5321 sicut
1039 5264 1181 5319 illius
1201 5262 1488 5333 exquirere
1514 5261 1559 5331 ⁸,
1588 5262 1680 5315 sed
1702 5264 1879 5316 omnia

282 5359 600 5430 permittere
625 5360 926 5417 auctoritati
955 5358 1198 5428 ejusdem
1223 5356 1650 5413 reverentisdmi
1681 5369 1879 5408 consa-

353 5541 370 5573 ¹
402 5539 537 5593 Cod.
572 5538 797 5601 Verum,
824 5540 943 5608 feci.

348 5611 372 5644 ²
404 5611 551 5665 ldem
580 5610 727 5675 cod.,
765 5610 995 5663 Maximo
1025 5610 1260 5665 diacono.
1298 5608 1583 5669 Maximum
1628 5608 1877 5663 eum-icui

277 5692 438 5741 vocat
464 5682 745 5734 diaconum
778 5679 1062 5735 Facundus
1091 5682 1250 5734 etiam
1286 5680 1413 5736 inira
1442 5690 1546 5745 Col.
1581 5683 1707 5740 7'28.

359 5754 383 5785 ³
408 5752 553 5809 ltlem
582 5756 727 5813 cod.,
760 5751 1223 5819 archiepiscopum.

529 5847 798 5908 PATROL.
850 5846 1100 5907 LXV”.

1981 4616 2177 4686 juriari
2220 4626 2343 4688 post
2380 4626 2609 4671 mortem
2635 4659 2651 4683 ,
2694 4614 2948 4683 quoniam
2990 4612 3093 4669 hoc
3135 4628 3235 4669 nec
3272 4612 3578 4669 Christiana

1986 4711 2158 4781 pietas
2186 4709 2545 4775 admittebat;
2578 4723 2678 4764 nec
2704 4702 2893 4763 habuit
2922 4706 3063 4778 quod
3096 4706 3424 4777 respondere
3455 4720 3578 4776 pos-

1987 4810 2092 4865 set,
2120 4802 2164 4856 si
2196 4802 2243 4857 ei
2269 4801 2537 4857 diceretur
2565 4819 2576 4854 :
2611 4799 2717 4856 Cur
2745 4797 2983 4855 Judaicte
3014 4799 3302 4870 impietatis
3330 4814 3582 4861 accusas.

1986 4904 2041 4950 et
2063 4895 2426 4950 condemnare
2457 4897 2653 4965 qumris
2695 4901 2989 4959 mortuum,
3019 4907 3177 4963 quem
3214 4906 3336 4947 cum
3374 4891 3579 4947 viveret

1988 4988 2160 5057 palam
2188 4988 2241 5041 in
2280 4986 2517 5043 Ecclesia
2548 4985 2830 5041 docentem
2871 4998 3144 5054 nunquam
3175 4999 3403 5055 arguere
3432 4999 3574 5055 pra:-

1988 5080 2299 5149 sutnpsisti?
2344 5078 2477 5134 Nam
2528 5079 2572 5133 si
2625 5079 3067 5135 condemnandus
3115 5079 3389 5135 videretur
3434 5079 3581 5134 velut

1989 5174 2275 5229 haereticus
2302 5216 2318 5241 ,
2358 5174 2628 5230 viventem
2672 5174 2951 5230 admoneri
2981 5190 3008 5229 a
3043 5185 3095 5231 te
3139 5175 3287 5247 prius
3316 5175 3580 5246 oportuit,

1984 5278 2106 5318 cum
2155 5272 2247 5318 aut
2292 5264 2632 5343 interpretari
2681 5267 3029 5335 semetipsum
3082 5278 3262 5336 posset
3307 5266 3359 5321 in
3399 5267 3481 5319 ltis
3523 5265 3576 5319 itt

1986 5357 2177 5427 quibus
2203 5356 2516 5424 olfendcris,
2547 5368 2600 5413 et
2626 5360 2907 5415 meliorem
2952 5360 3198 5430 accipere
3230 5359 3312 5414 vel
3344 5357 3575 5412 reddere

2058 5539 2077 5569 ’⁵
2112 5538 2251 5592 Ιιιριη
2275 5540 2421 5600 cod.,
2453 5539 2580 5590 sicut
2604 5538 2743 5604 ﬁlim
2773 5538 2907 5605 patri
2935 5536 3169 5591 obcdiens
3191 5536 3320 5591 nihil
3346 5534 3577 5603 amplius

1986 5626 2080 5662 PM
2085 5627 2114 5662 il
2121 5628 2134 5662 1
2139 5625 2247 5661 rere
2256 5649 2266 5660 .

2085 5626 2266 5662 tttrere.

2012 5626 2080 5714 πί
2122 5682 2263 5733 Idem
2290 5681 2441 5747 cod.,
2477 5680 2897 5747 modestissimus
2932 5674 3170 5734 Proclua.

2466 5840 2491 5881 Ι
3066 5831 3146 5894 23
