3974 6330
416 351 494 412 ἽΙ
508 356 539 409 5

1505 338 1819 399 ῬΑΩΗΝΒΙ
1860 339 2067 397 EPISC.
2113 337 2619 395 llEllMlANENSIS

3610 333 3717 388 7l3

438 477 720 543 rationem,
756 480 847 526 aut
881 450 1073 525 merita
1099 481 1195 520 suo
1220 476 1314 533 pro
1353 472 1445 516 sua
1474 460 1832 515 nbstinatinne
1870 457 2022 511 datu-
2054 456 2098 513 Α
2130 465 2305 509 etnres
2347 454 2604 510 Ecclesia:
2647 449 2957 507 nominatim
3001 454 3527 513 commemorarent,
3574 450 3719 504 sicut

441 567 581 623 uari.
628 565 780 620 Nunc
808 570 984 614 autem
1015 556 1147 611 nihil
1191 552 1331 608 aliud
1364 552 1506 623 agis,
1560 552 1661 605 nisi
1694 561 1751 604 ut
1782 549 2020 603 intermi-

442 659 615 713 uahile
644 652 952 709 scandalum
983 647 1212 718 posteris
1242 645 1583 713 derelinquas
1603 685 1618 710 ,
1659 652 1748 695 aut
1779 641 1898 695 aliis
1929 656 2017 696 se-

441 748 724 819 quentibus
753 742 1092 813 antiquorum
1130 739 1347 793 Patrum
1398 738 1717 792 sententiam
1764 735 1854 804 qui
1899 749 2020 790 eum

445 832 968 899 laudaverunt,'aliis
994 844 1127 886 vero
1157 840 1324 893 tuam,
1356 827 1444 896 qui
1475 841 1596 880 eum
1630 824 1908 893 prasamis
1936 838 2025 878 ac-

441 947 471 985 c
494 942 631 984 pare
662 935 781 998 post
813 932 1064 987 mortem,
1095 918 1300 989 magnis
1334 916 1513 971 litibus
1541 928 1753 984 semper
1787 914 2025 969 Ecclesia

441 1024 729 1093 quatiatur.
772 1018 979 1074 llac‘ita
1008 1014 1291 1087 perSpicua
1321 1011 1529 1065 cunctis
1558 1012 1765 1063 ratione
1795 1006 2025 1061 duceba-

443 1127 531 1169 tur
560 1114 640 1168 vir
672 1114 841 1168 bonus
873 1118 927 1165 et
954 1102 1439 1176 sapiens‘Proclus,
1472 1109 1528 1154 ut
1557 1114 1730 1168 neque
1754 1098 1822 1153 de
1849 1096 2025 1151 Theo-

446 1210 605 1275 dore,
633 1208 771 1262 sicut
806 1201 1041 1258 haeretici
1070 1200 1297 1267 lingunt,
1327 1208 1501 1265 neque
1531 1192 1596 1248 de
1625 1192 1731 1247 alio
1757 1203 2024 1261 quoquam

445 1303 500 1355 in
540 1298 794 1355 Ecclesia:
834 1308 963 1364 pace
1006 1290 1290 1352 defuncto,
1327 1284 1452 1340 ntali
1494 1281 1691 1352 aliquid
1741 1279 2021 1335 scriberet.

447 1392 674 1460 Propter
703 1385 841 1456 quod
873 1386 1155 1450 increpans
1192 1391 1349 1434 suum
1391 1376 1697 1439 diaconum,
1726 1371 1852 1426 dicit
1884 1370 2025 1440 quod

446 1481 579 1537 nihil
612 1480 677 1535 ad
709 1476 1079 1533 confusionem
1118 1481 1173 1527 et
1205 1465 1487 1524 tumultum
1534 1463 1893 1520 Ecclesiarum
1936 1475 2027 1531 pa-

447 1588 561 1628 cem
586 1568 895 1625 habentium
920 1566 970 1620 ei
996 1561 1259 1635 agendum
1288 1557 1606 1628 injunxerit.
1636 1553 1785 1609 Unde
1812 1568 1915 1607 non
1941 1566 2028 1605 so-

449 1665 559 1718 lum
599 1658 870 1715 Theodori
909 1651 1266 1724 Mopsuesteni
1321 1658 1375 1704 et
1424 1648 1646 1701 aliorum
1677 1641 2025 1715 quorumdam

453 1754 668 1810 nomina
697 1746 943 1818 capitulis
974 1744 1156 1800 nescio
1188 1740 1378 1812 quibus
1410 1736 1693 1807 pra-posita
1726 1734 1890 1788 fuisse
1917 1731 2027 1786 cul-

2126 547 2286 602 etiam
2331 546 2519 602 Proclo
2566 544 2864 600 scribentes
2908 541 3163 611 episcopo
3213 538 3491 602 fecerant,
3534 540 3717 609 perhi-

2126 648 2315 703 bentes
2356 662 2450 702 eos
2492 644 2687 701 similia
2728 643 2977 698 docuisse
3010 641 3320 707 Theodoro,
3359 640 3424 692 ad
3466 639 3718 695 ultimum

2126 740 2311 795 dicunt
2341 757 2354 793 :
2394 758 2413 790 ι
2446 738 2781 793 Arbitramur
2812 744 2991 790 autem
3034 732 3194 790 etiam
3238 733 3342 802 ipsi
3364 733 3459 802 cpio
3490 732 3719 803 imperio

2130 846 2252 888 esse
2286 831 2473 885 inutile
2501 870 2516 896 ,
2560 830 2687 884 dum
2731 828 2976 882 homines
3014 826 3119 881 huc
3158 834 3321 895 atque
3362 824 3487 879 illuc
3523 824 3720 893 jactari

2130 934 2415 995 coguntur,
2445 938 2545 978 nec
2575 923 2857 993 quiescere
2881 919 2949 975 ab
2977 919 3077 974 hac
3108 919 3407 988 importuna
3439 916 3719 973 hominum

2132 1017 2521 1088 inquietudine.
2570 1014 2729 1070 Stent
2757 1028 2886 1084 ergo
2930 1026 3105 1067 causa:
3142 1010 3483 1080 deposcimus
3516 1018 3721 1079 tempe-

2131 1110 2317 1178 statis,
2359 1118 2415 1164 et
2450 1107 2891 1180 tranquillitatem
2931 1105 3029 1162 Dei
3059 1103 3316 1160 Ecclesiis
3344 1102 3557 1173 disponi
3581 1119 3721 1174 prmo

2131 1202 2316 1272 cipite.
2351 1219 2372 1254 ι
2407 1200 2574 1264 Nihil,
2606 1206 2864 1271 quantum
2894 1197 3126 1265 aestimo,
3153 1195 3411 1266 religiose
3440 1196 3715 1265 princeps,

2132 1291 2397 1364 agendum
2446 1291 2601 1346 nobis
2641 1290 2783 1360 apud
2825 1298 3060 1345 vestram
3090 1288 3555 1343 mansuetudinem
3596 1287 3720 1341 reli-

2132 1395 2324 1458 querat
2352 1392 2537 1440 sancta
2566 1383 2683 1438 hanc
2718 1381 3056 1437 orientalium
3088 1380 3327 1452 synodus
3355 1379 3718 1435 sacerdotum.

2133 1482 2284 1551 Quod
2314 1482 2458 1538 enim
2499 1498 2605 1536 nou
2648 1480 2821 1535 solum
2850 1476 3209 1533 Ecclesiatum
3254 1476 3409 1545 paci,
3450 1489 3637 1529 verum
3666 1484 3720 1528 et

2135 1575 2237 1646 ipsi
2266 1575 2489 1644 imperio
2516 1584 2693 1627 vestro
2724 1571 2912 1626 inutile
2946 1570 3048 1634 sit,
3091 1577 3150 1621 ut
3191 1566 3438 1622 videlicet
3477 1565 3720 1618 homines

2139 1667 2244 1723 huc
2272 1678 2432 1737 atque
2461 1666 2588 1720 illuc
2610 1663 2801 1734 jactari
2842 1671 3119 1741 cogantur,
3153 1674 3253 1714 nec
3292 1659 3570 1729 quiescere
3600 1673 3720 1727 per-

2137 1765 2409 1826 mittatur,
2452 1760 2525 1813 illi
2568 1766 2733 1812 caute
2766 1759 2780 1787 ¹
2816 1758 3065 1811 dixerunt
3095 1772 3109 1808 :
3136 1754 3228 1808 sed
3274 1762 3448 1807 actum
3499 1760 3619 1814 est,
3666 1762 3719 1802 nt

452 1846 617 1917 pavit,
648 1856 829 1897 verum
856 1838 1018 1894 etiam
1047 1834 1332 1890 conﬁtetur
1363 1831 1608 1901 ignorare
1637 1827 1790 1897 cujus
1819 1832 2024 1881 essent.
2056 1846 2108 1906 Β
2137 1853 2253 1907 ham
2283 1852 2437 1906 vobis
2473 1848 2650 1905 serius
2696 1849 3119 1911 innomscerem,
3150 1845 3276 1900 dum
3309 1844 3399 1914 qui
3432 1854 3718 1915 pomum"

436 1935 731 2006 Quomodo
778 1941 955 1987 autem
996 1936 1179 1983 sancta
1227 1923 1463 1997 synodus
1508 1937 1573 1977 ex
1627 1920 1850 1990 epistolt
1903 1918 2028 1986 lbze,

453 2029 724 2087 Theodori
760 2026 969 2082 laudem
1002 2024 1311 2085 advertens,
1349 2015 1594 2073 eumdem
1621 2014 1767 2069 Ibant
1798 2012 2035 2082 compel-

454 2125 591 2177 leret
631 2121 802 2190 ipsum
838 2112 1298 2171 anathematizare
1327 2108 1690 2171 Theodorum,
1722 2120 1843 2160 cum
1874 2105 2036 2159 sciret

442 2229 561 2268 non
581 2214 762 2267 solum
804 2225 900 2278 pro
935 2207 1049 2273 illo,
1080 2205 1175 2261 sed
1219 2218 1315 2272 pro
1341 2200 1587 2255 omnibus
1617 2198 1706 2268 qui
1731 2197 1839 2266 jam
1870 2197 2033 2251 vitam

434 2302 704 2373 ‘inculpati
755 2301 1110 2369 reliquerant,
1158 2293 1328 2350 sancti
1378 2292 1552 2347 Procli
1591 2289 1857 2345 sententia
1886 2288 2037 2358 cujus

454 2398 747 2454 doctrinam
776 2394 969 2458 tenuit,
999 2389 1275 2446 deﬁnitum
1299 2384 1439 2457 quod
1470 2396 1862 2453 supervacuum
1890 2390 2032 2437 esset

438 2505 547 2545 eos
572 2486 809 2559 injuriari
838 2493 958 2556 post
987 2478 1255 2540 mortem?

1072 2572 1296 2631 CAPUT
1328 2572 1415 2627 Ill.

460 2675 613 2746 Quod
635 2674 858 2746 synodus
872 2686 875 2687 '
891 2670 1123 2746 Orientis.
1143 2669 1210 2721 ad
1231 2666 1576 2746 Theodosium
1590 2736 1600 2746 ‘
1616 2664 1974 2746 imperatorem
1993 2672 2040 2716 et

533 2733 847 2801 Theodosius
870 2743 937 2796 ad
962 2740 1234 2811 synodum,
1268 2737 1330 2791 de
1349 2752 1452 2791 non
1469 2736 1854 2790 condemnanda
1872 2733 2036 2787 Theo-

524 2821 651 2871 doro
680 2816 994 2885 scripserint.

525 2910 630 2967 Sed
658 2923 797 2963 nunc
824 2906 890 2961 ad
922 2905 1082 2959 aliam
1114 2913 1320 2974 partem
1356 2901 1495 2955 illius
1523 2899 1763 2970 epistolae
1800 2907 2038 2954 reverta-

446 3018 594 3065 mur,
628 2998 944 3071 aprtedicta
974 2994 1180 3067 synodo
1211 2992 1451 3049 Orientis
1483 2993 1790 3062 imperatori
1828 2991 2041 3057 scriptae

459 3094 761 3151 Theodosio
792 3092 811 3112 '
833 3131 850 3158 ,
883 3104 1042 3160 quam
1081 3088 1134 3142 in
1165 3087 1404 3141 secundo
1436 3086 1587 3140 libro
1617 3098 1917 3139 memorare
1944 3098 2040 3153 op-

444 3196 745 3259 .portunum
777 3183 994 3237 minime
1015 3180 1341 3251 judicantes,
1369 3178 1747 3232 distu'eramus
1773 3176 1824 3229 in
1852 3174 2039 3228 subsev

458 3277 744 3349 quentibus
772 3273 1158 3344 explicandam.
1191 3268 1323 3325 Cum
1354 3270 1512 3340 igitur
1541 3267 1728 3324 eadem
1759 3266 2037 3321 orientalis

458 3369 695 3442 synodus
725 3363 1035 3436 imperatori
1066 3361 1369 3417 Theodosio
1396 3360 1651 3414 adversus
1678 3359 1799 3413 illos
1828 3359 1915 3427 qui
1948 3372 2040 3409 vo-

460 3462 645 3517 lebant
670 3458 913 3530 qumdam
949 3453 1219 3510 Theodori
1257 3452 1489 3522 capitula
1519 3449 1886 3510 condemnari,
1917 3455 2040 3516 post

460 3554 623 3608 multa
661 3551 728 3607 de
755 3550 870 3620 ipso
899 3545 1183 3602 Theodoro
1219 3542 1455 3607 diceret,
1490 3540 1630 3612 quod
1664 3554 1771 3593 non
1798 3553 1825 3592 a
1854 3552 2036 3593 sacer-

458 3645 673 3703 dotibus
718 3636 1125 3705 tantuuuuodo,
1164 3635 1331 3713 sedba
1360 3633 1724 3689 sacratissimo
1761 3631 1878 3700 ejus
1916 3645 2037 3694 avo,

452 3750 542 3795 ter
574 3740 728 3793 beato
758 3743 814 3790 et
838 3748 867 3788 a
901 3732 1009 3787 Deo
1040 3729 1251 3799 imperii
1274 3737 1485 3795 sceptra
1515 3734 1761 3780 sumente
1792 3724 2041 3776 Theodo-

460 3833 570 3898 sio,
604 3826 889 3899 singularis
914 3833 996 3881 est
1026 3824 1269 3888 habitus,
1311 3830 1561 3892 tanquam
1592 3818 1829 3873 Flaviani
1864 3816 2039 3885 magni

462 3922 906 3981 Antiochensium
934 3928 1132 3974 sanctas
1160 3912 1254 3971 Dei
1281 3915 1537 3971 Ecclesiae
1567 3911 1831 3982 pontiﬁcis
1858 3924 2041 3965 aman-

460 4017 706 4073 tissimus
732 4010 1062 4079 discipulus,
1091 4018 1146 4063 et
1171 4007 1311 4062 beati
1341 4003 1563 4061 Joannis
1591 4003 2043 4073 Constantinopo-

459 4105 612 4159 lit-ani
657 4099 1056 4169 condiscipulus
1079 4138 1094 4163 ,
1145 4096 1247 4151 hoc
1285 4098 1445 4150 etiam
1491 4092 1695 4147 addidit
1729 4103 1887 4161 atque
1920 4093 1995 4147 ait
2024 4108 2037 4145 :

469 4215 489 4249 α
525 4196 581 4250 Si
612 4192 789 4247 aut’em
828 4190 1153 4260 quidquam,
1188 4189 1480 4257 imperator
1509 4193 1721 4249 sancte,
1752 4183 2037 4238 obscurum

460 4286 658 4356 aliquis
688 4281 911 4339 inveniri
942 4279 1084 4335 dicat
1110 4279 1163 4333 in
1194 4278 1310 4347 ejus
1335 4277 1418 4331 vel
1446 4277 1673 4330 aliorum
1701 4274 1914 4338 litteris,
1940 4272 1971 4326 h
1997 4288 2040 4326 -c

460 4374 744 4433 retractari
772 4368 1136 4427 necessarium
1168 4383 1271 4422 non
1299 4377 1401 4422 est.
1427 4366 1663 4433 Quorum
1689 4365 1830 4420 enim
1856 4364 1961 4417 vita
1987 4366 2040 4419 itt

460 4466 763 4524 sacerdotio
789 4474 844 4519 et
874 4460 1173 4517 ministerio
1200 4458 1459 4528 optimum
1502 4456 1687 4511 habuit
1717 4457 1874 4511 linem
1896 4496 1912 4523 ,
1958 4455 2040 4511 his

462 4557 768 4628 praeclaram
812 4552 1036 4624 gloriam
1077 4549 1383 4605 dedicamus
1409 4589 1423 4614 ,
1470 4557 1524 4602 ct
1561 4562 1666 4602 non
1705 4562 1774 4602 ex
1817 4547 1917 4601 illis
1946 4561 2039 4602 eos

459 4648 756 4719 iudicamus
793 4647 860 4701 de
889 4643 1083 4713 quibus
1119 4639 1279 4704 aliqui
1333 4639 1584 4694 atrociter
1626 4653 1720 4693 eos
1763 4647 2035 4693 accusant.

461 4739 794 4810 lmpOSsibile
821 4739 963 4793 enim
994 4745 1104 4799 est,
1139 4750 1258 4788 cum
1293 4733 1534 4787 homines
1560 4732 1670 4787 sint
1699 4732 1790 4803 qui
1830 4732 1880 4786 in
1934 4734 2036 4788 Ec-

459 4832 619 4886 clesia
651 4831 865 4894 docent,
895 4838 953 4883 ut
986 4818 1421 4883 calumniantium
1455 4826 1878 4895 vituperationes
1905 4825 2040 4881 ellu-

460 4926 627 4988 eiant.
656 4921 723 4976 Et
751 4923 876 4990 quid
905 4922 971 4975 de
995 4920 1248 4975 Ecclesia:
1276 4918 1582 4973 doctoribus
1612 4917 1877 4974 dicimus?
1906 4935 2038 4989 quo-

463 5017 605 5069 niam
636 5022 690 5068 ct
719 5013 753 5082 ij
775 5029 832 5067 sa
861 5020 1043 5067 sancta
1073 5011 1353 5079 Evangelia
1388 5008 1539 5063 umlti
1567 5008 1939 5065 haereticorum
1970 5011 2036 5066 ad

459 5122 609 5163 suam
642 5104 906 5175 recipiunt
935 5103 1259 5157 voluntatem
1287 5144 1301 5169 ,
1344 5101 1521 5155 divina
1566 5099 1707 5155 dicta
1744 5110 2035 5169 vertentes,

460 5209 516 5252 et
562 5200 613 5251 in
663 5196 854 5249 multas
890 5203 1066 5264 partes
1112 5208 1307 5259 corpus
1346 5191 1598 5247 Ecclesia:
1651 5191 2035 5248 diseindentes.

463 5289 585 5342 llzec.
618 5289 668 5341 in
704 5287 847 5341 brexi
894 5287 1142 5355 plclulellt
1174 5294 1403 5337 vestram
1436 5297 1533 5336 nos
1576 5297 1763 5337 omnes
1802 5285 2037 5354 episcopi

460 5382 547 5448 qui
582 5378 634 5433 iu
675 5378 1016 5433 Antiochiam
1063 5374 1155 5429 Dei
1192 5388 1375 5428 sumus
1406 5373 1574 5443 gratia
1603 5375 1910 5444 congregati
1942 5376 2038 5426 do-

462 5470 688 5525 t'uimus.
724 5486 743 5521 ι
789 5468 854 5523 Et
883 5476 999 5537 post
1033 5465 1146 5519 huic
1166 5504 1181 5531 ,
1215 5480 1336 5519 cum
1367 5464 1561 5518 multos
1588 5471 1643 5517 et
1669 5467 1916 5533 antiquos
1944 5465 2037 5518 do-

534 5590 557 5616 ἰ
602 5582 675 5636 De
716 5580 813 5633 hac
849 5577 1072 5635 Joannis
1117 5574 1688 5647 synodique_0ricntis
1720 5575 1942 5643 epistola
1974 5578 2039 5631 ad

471 5649 837 5706 'I'hcndusiuttt
867 5649 1064 5701 dictum
1094 5645 1175 5703 est
1204 5646 1294 5700 lib.
1329 5660 1386 5698 tl.
1419 5645 1491 5699 Ea
1519 5646 1659 5698 cnim
1687 5656 1765 5698 est
1794 5662 1950 5713 quam
1987 5649 2040 5703 in

471 5722 796 5776 allocutione
822 5719 888 5774 ad
917 5719 1238 5773 Marcianum
1282 5714 1459 5771 laudat
1484 5714 1718 5785 synodus
1744 5716 2039 5773 Chalcedo-

538 5815 554 5843 ¹
596 5813 725 5869 Cod.
758 5810 982 5872 Veron.
1012 5817 1148 5865 ante.

2137 1944 2238 2000 hoc
2270 1946 2446 1999 facere
2485 1942 2808 2001 uoluerunt.
2835 1949 2890 1996 et
2916 1940 3009 2010 qui
3040 1939 3353 2001 voluerunt,
3386 1953 3454 1993 ac
3483 1937 3719 1992 ficerent

2136 2044 2204 2099 ab
2228 2044 2317 2100 eis
2346 2042 2592 2113 oppressi
2641 2050 2787 2095 sunt.
2837 2039 2968 2094 Nam
3007 2038 3129 2107 quis
3165 2037 3500 2092 Christianus
3532 2036 3721 2091 horum

2138 2151 2345 2205 magna:
2390 2132 2736 2200 auctoritati,
2784 2130 2904 2201 quis
2950 2130 3185 2199 prudens
3227 2129 3418 2184 horum
3459 2129 3721 2183 consulta!

2140 2225 2333 2282 rationi
2362 2242 2467 2281 non
2494 2225 2752 2281 cederet?
2794 2222 3038 2293 Denique
3068 2223 3280 2290 scriptis
3311 2237 3493 2278 eorum
3525 2224 3721 2277 instru-

2138 2332 2259 2377 ctus
2309 2323 2470 2376 etiam
2528 2319 2868 2375 Theodosius
2921 2320 3244 2387 imperator,
3292 2320 3460 2372 sancti
3505 2319 3589 2373 ari
3638 2321 3722 2371 sui

2140 2417 2434 2473 Theodosii
2464 2426 2680 2473 secutus
2710 2428 2794 2471 est
2823 2416 2875 2470 in
2906 2415 3192 2471 Theodoro
3229 2415 3605 2485 Mopsuesteuo
3638 2418 3721 2484 jn-

2142 2510 2361 2573 dlcium,
2406 2518 2461 2564 et
2509 2508 2745 2565 salubria
2777 2522 2962 2562 eorum
3008 2507 3221 2562 decreta
3267 2517 3322 2562 et
3368 2509 3570 2561 monita
3616 2521 3723 2560 nou

2141 2601 2362 2671 sprevit,
2393 2609 2486 2654 aut
2512 2599 2715 2654 distulit
2738 2600 2792 2653 in
2818 2597 3066 2654 eli‘ectum
3088 2597 3306 2662 ducere,
3338 2597 3475 2653 sicut
3502 2599 3727 2652 interius

2141 2695 2511 2751 ostendemus.
2556 2695 2621 2748 Et
2654 2709 2761 2748 non
2799 2693 2986 2748 eadem
3030 2702 3156 2747 tunc
3198 2691 3368 2747 fuerat
3409 2706 3571 2747 causa
3618 2691 3726 2745 Ho-

2144 2790 2414 2860 psuesteni
2443 2788 2713 2844 Theoderi
2740 2805 2764 2840 ς
2797 2801 2897 2843 nec
2922 2787 2972 2841 in
3004 2785 3371 2856 przejudicium
3404 2800 3608 2857 magna:
3636 2799 3726 2855 sy-

2145 2883 2299 2947 nodi,
2330 2882 2467 2935 sicut
2498 2896 2663 2947 nunc,
2694 2879 2935 2934 damnari
2975 2878 3316 2948 quaerebatur
3341 2894 3459 2930 cum
3489 2878 3600 2931 suis
3629 2878 3727 2931 do-

2137 2972 2444 3043 gmatibus,
2487 2987 2585 3027 nec
2624 2970 2913 3041 cogebatur
2950 2971 3231 3041 quisquam
3274 2970 3729 3024 anathematizare

2142 3087 2237 3129 eos
2283 3073 2373 3143 qui
2428 3072 2711 3128 anathema
2765 3072 2813 3127 ei
2864 3086 2969 3125 non
3023 3070 3283 3126 dicerent.
3336 3070 3473 3138 Quid
3521 3080 3727 3137 autem,

2145 3166 2295 3237 quasi
2322 3180 2517 3219 novum
2543 3164 2626 3219 vel
2654 3162 2985 3231 hatreticum,
3015 3161 3250 3233 synodus
3272 3160 3729 3218 Chalcedonens's

2066 3224 2113 3289 Ο
2143 3224 2195 3313 in
2224 3257 2455 3328 epistola
2487 3255 2809 3311 venerabilis
2842 3253 2947 3308 Iba:
2976 3224 3282 3319 damnaret,
3308 3253 3447 3321 quod
3478 3253 3729 3308 Theodo-

2142 3365 2264 3417 rus,
2299 3364 2328 3403 a
2361 3350 2521 3404 tantis
2556 3348 2802 3403 Patribus
2828 3346 3189 3416 praedii-atus,
3226 3345 3375 3400 etab
3403 3346 3632 3414 imperat
3658 3362 3729 3399 re

2142 3441 2450 3498 Theodosio
2492 3441 2727 3511 majore,
2761 3453 2789 3493 a
2827 3440 2934 3493 Deo
2965 3438 3174 3508 imperii
3212 3448 3420 3508 sceptra
3458 3447 3731 3505 sumente,

2140 3534 2424 3605 singularis
2453 3533 2667 3589 habitus
2693 3576 2706 3601 ,
2750 3533 2911 3588 etiam
2939 3532 3008 3588 ab
3041 3534 3155 3602 ipso
3202 3532 3288 3587 lha
3330 3532 3575 3587 laudatus
3602 3535 3731 3588 est?

2141 3616 2325 3700 Neque
2363 3629 2509 3684 enim
2558 3629 2704 3698 parti
2756 3627 2989 3697 pendere
3035 3637 3219 3681 sancta
3268 3628 3503 3697 synodus
3545 3628 3729 3682 debuit

2144 3722 2282 3777 beati
2314 3736 2525 3790 quoque
2555 3721 2891 3790 imperatoris
2925 3720 3064 3775 illius
3096 3720 3379 3790 judicium,
3410 3721 3492 3775 cui
3521 3731 3732 3776 tantum

2141 3816 2209 3871 ab
2237 3815 2472 3871 Ecclesia
2511 3812 2793 3869 tribuenda
2833 3812 2933 3868 fuit
2974 3814 3295 3876 auctoritas,
3338 3824 3593 3882 quantum
3625 3815 3733 3867 sibi

2144 3906 2236 3961 ille
2262 3906 2394 3960 nihil
2423 3905 2762 3959 auctoritatis
2795 3918 3027 3974 utiquam
3070 3913 3255 3956 contra
3289 3904 3585 3958 Ecclesiam
3612 3906 3729 3956 γὶε,

2143 3998 2361 4051 dicavit.
2394 3996 2627 4051 Proinde
2656 4009 2839 4065 quaeso
2864 4003 2936 4060 te,
2965 3994 3386 4050 clementissime
3412 3996 3730 4064 imperatur,

2142 4099 2195 4144 et
2218 4088 2444 4144 obsecro
2475 4103 2569 4156 pro
2607 4087 2904 4142 reverentia
2936 4101 3094 4156 quam
3123 4086 3336 4141 Christo
3376 4087 3483 4139 Deo
3524 4096 3578 4140 et
3608 4085 3735 4155 cjn;

2144 4178 2517 4234 sacerdotibus
2566 4178 2768 4244 debes,
2820 4187 2877 4232 ut
2932 4178 3361 4233 exhortatimzem
3418 4188 3734 4232 sanctorum

2145 4269 2360 4325 Patrum
2388 4280 2597 4324 tuorum
2620 4270 2935 4324 obedienter
2961 4270 3213 4337 accipias.
3246 4270 3365 4323 Tibi
3392 4271 3535 4326 enim
3566 4273 3734 4325 modo

2144 4362 2453 4433 loquuntur,
2482 4362 2573 4416 tibi
2605 4362 2829 4416 suadent
2857 4362 2941 4416 isti
2971 4378 3157 4418 omnes
3183 4362 3385 4431 antiqui
3437 4364 3732 4420 orientales

2145 4454 2402 4521 episc0pi.
2419 4452 2533 4507 Tibi
2559 4469 2699 4508 nunc
2720 4453 2920 4516 dicunt,
2936 4453 3074 4522 quod
3090 4453 3391 4519 Theodosio
3414 4454 3607 4509 minori
3632 4458 3735 4510 ali-

2144 4545 2360 4616 quando
2394 4544 2647 4600 dixerunt
2679 4560 2693 4598 :
2740 4563 2758 4595 t
2792 4544 2849 4600 Si
2880 4553 3060 4599 autem
3091 4546 3401 4616 quidquam,
3433 4546 3739 4615 imperator

2148 4648 2353 4707 sancte,
2396 4640 2682 4694 obscurum
2714 4638 2909 4709 aliquis
2937 4638 3169 4694 inveniri
3197 4639 3341 4694 dicat
3370 4640 3425 4693 in
3455 4639 3739 4698 Theodori

2146 4731 2381 4800 episc0pi
2413 4729 2497 4786 vel
2526 4730 2750 4785 aliorum
2785 4731 3001 4797 litteris,
3036 4730 3138 4787 hoc
3166 4732 3445 4788 retractari
3476 4748 3742 4789 necessa-

2147 4827 2280 4879 rium
2311 4835 2545 4880 nonest.
2596 4827 2834 4895 Quorum
2886 4827 3025 4880 enim
3076 4827 3181 4881 vita
3232 4827 3282 4880 in
3330 4827 3635 4883 sacerdotio
3685 4842 3744 4885 rt

2145 4916 2446 4971 ministerio
2474 4919 2735 4986 optimum
2768 4916 2947 4972 habuit
2979 4916 3161 4983 linem,
3196 4918 3276 4972 Itis
3309 4918 3583 4987 prmlatam
3612 4920 3743 4989 ειυς

2146 5010 2277 5064 riam
2309 5009 2619 5064 dedicamus
2644 5051 2658 5072 ,
2692 5020 2748 5065 ct
2792 5026 2897 5064 non
2928 5024 2995 5065 ex
3026 5010 3130 5063 illis
3170 5024 3265 5065 eos
3289 5008 3628 5079 judicamus,
3664 5013 3743 5069 de

2145 5100 2339 5170 quibus
2361 5100 2522 5169 aliqui
2545 5103 2799 5156 atrociter
2815 5117 2908 5156 cos
2928 5110 3199 5157 accusant.
3227 5100 3299 5155 lnt
3308 5100 3563 5170 possibile
3578 5106 3737 5160 enim

2140 5204 2244 5261 est,
2271 5209 2389 5249 cum
2423 5195 2668 5251 homines
2694 5195 2801 5251 sint
2828 5195 2915 5265 qui
2953 5194 3007 5249 iu
3039 5190 3276 5249 Ecclesia
3301 5193 3514 5258 docent,
3551 5204 3607 5247 ut
3634 5209 3742 5250 ca-

2143 5288 2518 5342 lumniantium
2568 5288 2994 5358 vituperationes
3037 5285 3309 5355 ell‘ugiaut.
3365 5284 3431 5339 Et
3476 5286 3606 5356 quid
3665 5288 3742 5343 de

2148 5377 2402 5432 Ecclesia:
2430 5377 2741 5432 doctoribus
2767 5377 2997 5431 dicimus
3021 5417 3035 5442 ,
3073 5375 3287 5446 quando
3319 5385 3372 5430 ct
3397 5375 3514 5445 ipsa
3544 5389 3746 5433 sancta

2144 5468 2432 5537 Evangelia
2470 5468 2620 5523 multi
2654 5468 3026 5524 haereticorum
3056 5466 3122 5522 ad
3155 5481 3305 5522 suam
3338 5466 3607 5536 recipiunt
3638 5484 3748 5524 vo-

2154 5579 2350 5667 ElPllsl‘S.
2377 5581 2431 5636 Ὀ
2452 5582 2620 5667 σοᾲὶὸς,
2653 5580 2851 5646 inquit,
2886 5589 2975 5642 τῆς
2997 5579 3294 5652 Ἀντιοχέων
3328 5579 3589 5667 ἰωὰνντὲς.
3641 5593 3748 5644 τῆς

2148 5653 2341 5727 ἐάας-ἔκ
2361 5660 2484 5727 μιᾶς
2506 5649 2727 5725 γλώττης
2745 5661 2815 5727 τῷ
2838 5661 2925 5713 τῆς
2948 5649 3233 5724 οἶκουμέὑῆς
3259 5659 3493 5727 σκῆπτρα
3505 5649 3748 5710 niterent:

2145 5730 2234 5780 τὴν
2266 5722 2527 5795 Quales/iota
2558 5723 2823 5796 ἐξέπεμψε.
2850 5772 2855 5781 ,
