3974 6330
256 328 356 385 717

1098 322 1230 385 I'ltO
1270 328 1691 386 DEEENSIONE
1731 324 1945 382 TlllU.“
1984 326 2294 383 CAPITUL.
2337 327 2461 382 ΜΒ.
2506 326 2631 382 Vill.

3406 325 3515 383 7l8

258 446 541 509 luutatem,
572 444 749 498 divina
784 444 926 497 dit-ta
959 453 1249 507 vertentes,
1280 455 1333 497 et
1363 445 1411 497 in
1445 444 1635 497 multas
1663 450 1841 511 partes
1869 442 1918 498 Α
1947 440 2258 509 religionem
2282 440 2669 493 sanctissimam
2694 436 3034 491 conturbare.
3069 436 3294 491 lutentio
3313 436 3511 492 etenim

261 551 455 605 corpus
488 523 742 591 Ecclesia:
775 535 1183 591 diacindentes?
1220 556 1238 587 ι
1295 536 1496 589 Exaudi
1530 536 1726 600 itaque,
1757 546 1843 585 re—

261 627 447 698 ligiose
478 626 750 696 princeps,
780 626 996 690 exaudi,
1027 640 1329 694 precamur,
1363 626 1637 679 hortantes
1674 631 1727 675 te
1757 637 1845 675 sa-

262 718 507 784 lubriter,
541 727 717 788 patres
749 728 900 777 tuos.
932 720 975 771 si
1005 719 1158 788 cupis
1200 728 1258 772 ut
1296 734 1389 773 eos
1417 733 1513 786 pro
1539 728 1590 773 te
1626 725 1843 771 orantes

262 814 504 869 Christus
543 813 814 868 exaudiat.
867 811 1042 868 Grave
1079 822 1163 866 est
1201 811 1344 866 enim
1370 852 1385 875 ,
1433 819 1492 864 ut
1536 824 1671 878 quos
1716 808 1843 862 olim

263 912 563 973 pra-sentes
610 904 661 957 in
704 917 934 972 corpore
959 942 973 966 ,
1013 910 1067 957 et
1108 903 1509 971 peregrinantes
1536 914 1567 952 a
1597 899 1841 962 Domino,

265 994 602 1049 Theodosius
643 995 818 1049 minor
869 994 1111 1063 recepit,
1159 994 1318 1047 modo
1368 991 1770 1061 peregrinantes
1815 1006 1843 1042 a

264 1101 516 1156 corpore,
546 1093 602 1140 et
632 1094 925 1155 prmsentes
970 1086 1034 1140 ad
1067 1085 1232 1140 Deum
1272 1086 1599 1141 Justinianus
1636 1084 1849 1153 abjiciat

266 1180 319 1234 in
351 1180 466 1234 zelo
499 1178 618 1235 ﬁdei
651 1178 990 1246 praedicatus.
1026 1178 1089 1232 Et
1115 1178 1449 1233 Theodosius
1476 1179 1677 1232 nullius
1714 1178 1846 1232 obe-

268 1271 464 1326 dientis
512 1270 569 1323 in
614 1270 714 1324 hac
742 1283 901 1325 causa
948 1268 1282 1337 imperatoris
1311 1268 1630 1323 invitabatur
1666 1281 1849 1322 exem-

271 1364 399 1433 plo;
444 1373 499 1417 tu
540 1371 717 1417 autem
748 1361 889 1431 quod
929 1363 1169 1430 sequaris
1200 1361 1384 1416 habes.
1421 1361 1489 1415 Et
1516 1359 1849 1415 Theodosius

268 1456 552 1509 utilitatem
584 1454 750 1523 ipsius
780 1453 1105 1509 obedientia:
1144 1452 1379 1507 nondum
1411 1462 1526 1507 erat
1554 1461 1847 1522 expertus;

270 1556 325 1601 tu
356 1557 531 1599 autem
562 1561 737 1600 rerum
766 1547 917 1599 exitu
940 1546 1234 1615 cognovisti
1257 1546 1524 1613 quomodo
1543 1544 1660 1614 ejus
1682 1547 1848 1600 inter-

270 1637 507 1692 dictione
538 1637 720 1690 sedata
751 1636 909 1691 fuerit
938 1637 1027 1690 illa
1063 1645 1375 1706 tempestas.
1416 1635 1851 1705 lncomparabili-

272 1741 354 1783 ter
385 1732 559 1798 itaque
587 1729 770 1783 utilius
802 1740 853 1782 tu
888 1729 1204 1798 respondes,
1236 1729 1653 1784 clementissime
1684 1728 1851 1797 impe-

271 1830 440 1885 rator,
475 1821 864 1889 exspectationi
915 1822 1076 1875 totius
1126 1820 1411 1885 Ecclesiae,
1454 1835 1612 1889 quam
1643 1820 1731 1875 ille
1763 1835 1849 1874 re-
1884 1801 1929 1861 Β
2240 1780 2266 1817 b

271 1913 488 1978 Spnndit
519 1930 533 1965 :
567 1912 819 1982 quoniam
863 1911 1355 1981 incomparabiliter
1393 1916 1565 1981 major
1592 1923 1677 1967 est
1713 1928 1854 1967 nunc

271 2019 437 2059 causa
469 2020 573 2058 non
601 2004 992 2059 condemnandi
1022 2005 1364 2061 Theodorum
1394 2020 1554 2074 quam
1583 2005 1691 2059 illis
1723 2013 1853 2059 tem-

270 2098 494 2163 pordms
522 2096 638 2151 fuit.
672 2096 727 2151 Si
752 2098 895 2150 cnim
918 2095 1153 2150 Joannes
1177 2096 1562 2162 Autiochenus,
1590 2107 1643 2151 et
1667 2112 1854 2152 omnes

271 2191 561 2245 orientales
588 2190 826 2259 episcopi
851 2205 987 2259 quos
1019 2191 1451 2255 memoravimus,
1476 2192 1590 2246 sive
1620 2190 1854 2244 Domnus

272 2298 423 2351 aque
455 2281 838 2346 Antiochenus,
871 2296 937 2336 ex
967 2280 1123 2351 cujus
1163 2281 1391 2351 epistola
1422 2280 1664 2351 quaedam
1694 2282 1711 2312 ¹
1744 2296 1855 2335 me-

277 2374 534 2427 moraturi
576 2388 762 2428 sumus
785 2413 801 2438 ,
847 2384 1072 2443 possunt
1115 2374 1383 2442 aliquibus
1418 2374 1585 2428 videri
1618 2388 1715 2443 pro
1739 2377 1854 2428 solo

261 2465 560 2521 ~Theodoro
586 2478 857 2531 certasse;
887 2481 985 2522 nos
1018 2478 1217 2535 autem,
1248 2468 1335 2536 qui
1361 2467 1609 2522 timemus
1633 2466 1854 2521 anathe-

275 2559 532 2613 tnatizare
569 2557 911 2612 Theodorum
959 2567 1015 2612 et
1063 2574 1252 2613 omnes
1302 2559 1390 2626 qui
1437 2559 1487 2614 ei
1529 2573 1635 2623 non
1673 2558 1855 2613 dicunt

276 2651 580 2715 anathema,
605 2666 712 2705 non
746 2665 839 2718 pro
866 2649 981 2704 solo
1002 2649 1285 2705 Theodoro
1316 2666 1414 2704 nec
1444 2665 1541 2719 pro
1561 2651 1675 2704 solo
1701 2648 1857 2704 Chal‘

275 2741 565 2795 cedonensi
595 2741 843 2806 concilio,
880 2742 967 2795 ubi
996 2755 1117 2794 cum
1152 2751 1334 2809 postea
1364 2741 1549 2796 laudes
1576 2740 1692 2810 cjus
1720 2741 1857 2796 reci-

276 2839 520 2885 tarentur
541 2832 822 2886 damnatus
842 2847 945 2886 non
968 2841 1073 2896 est,
1100 2848 1282 2887 verum
1306 2833 1466 2888 etiam
1491 2847 1588 2902 pro
1621 2834 1855 2901 ipsorum

276 2923 500 2978 Joannis
526 2934 575 2977 et
608 2924 796 2977 Domni
830 2924 1311 2993 Antiocbcnorum,
1336 2938 1389 2979 et
1415 2926 1654 2980 omnium
1680 2926 1859 2979 orien-

277 3015 463 3067 talium
503 3015 842 3068 sacerdotum
862 3054 878 3077 ,
909 3024 963 3070 et
990 3015 1134 3070 beati
1167 3015 1337 3070 Procli
1369 3015 1716 3073 damnatione
1742 3033 1860 3073 cer-

279 3117 476 3171 tamus,
508 3108 596 3176 qui
645 3122 750 3161 non
782 3117 982 3162 tantum
1015 3108 1064 3162 ei
1108 3106 1393 3163 anathema
1441 3124 1545 3163 non
1589 3109 1856 3175 dixerunt,

275 3203 368 3253 ενι]
409 3215 505 3251 nos
546 3214 757 3268 quoque
798 3200 977 3254 dicere
1008 3210 1293 3255 vetuerunt
1328 3217 1341 3252 :
1371 3200 1498 3269 quid
1529 3216 1656 3271 ergo
1684 3202 1859 3256 'l‘lteo-

275 3292 460 3343 dosius
491 3290 663 3344 minor
693 3290 926 3346 adeunte
961 3305 1019 3344 se
1059 3290 1224 3346 etiam
1257 3291 1513 3359 praadicto
1543 3292 1703 3347 beato
1728 3292 1858 3347 Pro-

275 3383 363 3437 clo
393 3383 758 3450 responderit,
791 3398 896 3452 quo
926 3384 1106 3438 utilius
1138 3400 1232 3439 vos
1260 3385 1585 3453 respondere
1617 3385 1853 3454 possitis,

276 3473 550 3527 insinuare
585 3474 866 3529 debemus.
904 3492 922 3525 t
946 3474 1297 3544 Imperatores
1323 3473 1580 3542 Caesares,
1613 3476 1858 3531 Theodo.

275 3567 389 3620 sius
402 3564 881 3632 etValentinianus,
894 3568 1145 3631 victores,
1165 3569 1595 3637 Iriumphatores,
1612 3568 1858 3637 piissimi,

276 3674 493 3724 Sctnpcr
522 3662 711 3728 Augg.,
737 3657 847 3713 Deo
878 3660 1103 3713 amatori
1132 3659 1325 3714 Joanni
1370 3660 1776 3729 archiepiscopo
1804 3671 1859 3716 et

274 3753 486 3822 synodo
526 3767 647 3806 cum
688 3766 756 3806 eo
793 3752 845 3806 in
886 3751 1169 3807 Antiochia
1221 3762 1577 3823 congregatae.
1625 3752 1858 3807 Turbam

277 3858 440 3911 atque
484 3842 768 3896 tumultum
813 3844 899 3912 qui
948 3842 1127 3897 evenit
1169 3845 1219 3899 in
1260 3843 1482 3900 Oriente
1513 3853 1539 3880 ἰ
1565 3884 1579 3908 ,
1616 3854 1858 3901 nostrum

275 3938 529 4003 cognovit
559 3936 840 4003 imperiam
888 3952 981 4005 per
1011 3938 1474 4008 religiosissimum
1503 3947 1559 3993 et
1585 3938 1862 3994 sanctissi-

275 4043 425 4081 mum
457 4026 666 4081 Patrem
709 4037 949 4082 nostrum
978 4038 1033 4083 et
1062 4030 1371 4100 episcopum
1400 4030 1671 4086 Proclum.
1711 4030 1859 4095 Quo-

276 4122 419 4174 niam
454 4134 579 4188 ergo
616 4135 711 4188 pro
741 4120 918 4188 quiete
950 4128 1004 4175 et
1041 4136 1174 4190 pace
1215 4123 1453 4177 omnium
1494 4123 1858 4192 providemus,

276 4212 547 4281 prmi-ipuc
587 4226 763 4265 autem
806 4227 905 4281 pro
954 4214 1058 4268 lidc
1100 4214 1405 4280 catholica,
1450 4231 1568 4278 quae
1617 4225 1859 4269 nostrum

277 4320 490 4373 quoque
521 4305 752 4358 custodit
783 4306 1096 4373 imperium,
1128 4316 1318 4362 vestrae
1347 4308 1636 4364 scribimus
1663 4310 1862 4364 sancti-

276 4398 392 4457 tati,
423 4406 681 4464 quatenus
712 4412 895 4466 pacem
927 4399 1211 4453 obtineatis
1234 4440 1248 4465 ,
1295 4408 1353 4456 et
1383 4400 1584 4455 nullum
1630 4402 1856 4455 verbum

277 4488 568 4541 intendatis
595 4502 777 4541 eorum
802 4491 891 4557 qui
915 4491 1097 4543 volunt
1124 4498 1309 4544 contra
1337 4490 1563 4546 salutem
1588 4491 1854 4561 propriam

354 4634 377 4659 ἰ
419 4624 730 4697 Tempestas
757 4628 997 4697 proxime
1022 4627 1160 4697 dicta
1188 4636 1270 4681 cst
1299 4628 1349 4681 in
1381 4628 1636 4697 synodica
1666 4628 1860 4683 Orien-

276 4697 495 4767 talium;
542 4695 638 4767 sed
670 4696 1001 4767 Theodosius
1027 4712 1056 4750 a
1086 4696 1275 4767 Proclo
1314 4698 1381 4752 de
1413 4695 1507 4752 illa
1540 4700 1640 4753 sibi
1668 4714 1859 4767 sugge-

276 4776 419 4819 stum
451 4766 542 4835 ait.
576 4765 843 4819 Turbabat
880 4779 1055 4822 autem
1084 4766 1418 4833 Orientales,
1454 4778 1513 4822 ut
1547 4778 1631 4823 est
1661 4770 1711 4822 in
1737 4765 1858 4835 epi-

276 4833 629 4907 stolaCyrilli
660 4838 724 4889 ad
756 4837 1027 4902 Proclum,
1064 4839 1207 4907 quod
1242 4840 1323 4892 vir
1356 4839 1551 4893 nobilis
1580 4849 1634 4893 et
1661 4833 1856 4894 defun-

274 4917 396 4960 ctus
423 4906 474 4961 in
498 4906 877 4962 communione
906 4906 1261 4963 Ecclesiarum
1289 4910 1853 4965 anathematizaretur.

277 4978 391 5031 lloc
420 4979 597 5045 itaque
636 4988 717 5030 est
743 4979 881 5046 quod
910 4980 1174 5045 rescripto
1206 4994 1305 5032 suo
1336 4993 1477 5032 nunc
1506 4988 1649 5031 vetat
1681 4980 1857 5035 Theo-

275 5050 597 5119 dosius,_ue
642 5048 889 5119 quiseos
936 5052 1162 5103 lacessat
1198 5049 1289 5118 qui
1330 5051 1380 5101 in
1430 5049 1689 5103 Ecclesia:
1730 5067 1858 5119 pace

275 5117 516 5171 defuncti
564 5128 706 5172 sunt.
757 5118 873 5184 Quo
924 5120 1019 5183 ﬁt,
1053 5129 1113 5172 ut
1142 5117 1449 5185 suspectum
1492 5121 1560 5172 sit
1588 5117 1855 5174 Theodori

277 5205 514 5252 notnen,
558 5189 695 5257 quod
743 5190 795 5241 in
845 5189 1133 5244 Theodosii
1179 5190 1357 5245 edicto
1401 5190 1469 5243 de
1516 5191 1764 5244 damnatio
1792 5209 1858 5247 ne

279 5260 513 5312 hestorii
564 5259 828 5327 adjectum
869 5261 1060 5327 legitur
1093 5271 1195 5313 act.
1244 5263 1277 5315 5
1318 5260 1506 5330 synodi
1544 5278 1596 5326 v,
1639 5276 1760 5316 eum
1806 5265 1856 5318 in

275 5330 552 5397 Ephesina
580 5343 631 5383 et
656 5331 707 5384 in
744 5332 1018 5385 codicibus
1048 5346 1152 5385 uon
1182 5332 1410 5400 legatur.

350 5461 365 5490 ⁸
409 5458 543 5513 Cod.
593 5459 812 5526 Verum,
846 5464 1078 5531 quantum
1109 5464 1458 5517 nihilominus.

347 5664 369 5685 '
413 5664 537 5717 llu-c
574 5667 790 5721 Joannis
834 5668 1149 5723 Antiochcni
1191 5667 1413 5729 epistola
1465 5679 1641 5726 exstat
1674 5667 1856 5719 Latine

274 5744 488 5813 tantum
518 5736 652 5793 inter
677 5741 929 5813 epistolas
955 5739 1135 5809 Cyrilli
1167 5739 1523 5813 Alexandrini,
1551 5746 1688 5811 Upp.
1723 5749 1851 5791 tnm.

279 5805 343 5869 ν»
380 5817 520 5875 Part.
553 5826 607 5875 Il,
641 5805 755 5879 pag.
793 5812 910 5863 19‘2.

1883 4556 1937 4617 D

1947 541 2143 584 nostra!
2184 531 2475 585 divinitatis
2502 530 2593 603 illa
2630 539 2710 583 est
2734 568 2751 592 .
2798 536 2856 582 ut
2900 543 3089 583 omnes
3122 528 3364 583 homines
3393 543 3513 585 cum

1946 623 2122 690 quiete
2143 622 2339 690 degant
2363 639 2375 673 :
2402 621 2667 690 prmcipue
2686 628 2861 673 autem
2893 628 3091 673 sancite
3116 618 3205 673 Dei
3234 618 3515 687 Ecclesim,

1924 728 2044 782 per
2074 728 2205 782 quas
2234 722 2289 768 et
2317 727 2416 767 nos
2445 712 2735 777 salvamur,
2773 719 2829 764 et
2871 722 3107 764 nostrum
3138 710 3303 781 pollet
3344 712 3516 779 impe-

1947 806 2104 859 rium.
2137 806 2244 859 llac
2288 806 2466 874 itaque
2510 818 2644 857 voce
2687 803 2849 871 quieti
2882 801 3135 856 Ecclesia:
3174 801 3516 869 providentes

1949 912 2048 950 nos
2076 896 2275 965 aliquid
2303 897 2370 950 de
2408 896 2557 949 vobis
2585 893 2765 947 utilius
2808 895 2827 924 ⁸
2856 935 2871 960 ,
2915 892 3015 945 nisi
3057 900 3114 945 ut
3140 907 3353 962 quoque
3396 905 3517 946 cum

1947 989 2090 1041 omni
2123 989 2367 1042 statuatis
2394 986 2633 1041 Ecclesia
2659 1025 2673 1050 ,
2706 1000 2773 1039 ne
2798 984 2916 1052 quis
2946 983 3201 1038 adversus
3229 998 3322 1037 eos
3347 983 3434 1051 qui
3466 984 3521 1037 in

1948 1080 2062 1146 ejus
2095 1093 2224 1147 pace
2260 1078 2492 1133 defuncti
2532 1085 2655 1147 sunt
2679 1117 2695 1143 ,
2735 1076 3025 1146 quidquam
3069 1075 3138 1131 de
3179 1083 3375 1130 caetero
3417 1073 3527 1129 tale

1952 1179 2258 1237 prmsumat.
2292 1189 2310 1222 ι

2555 1281 2781 1338 CAPUT
2822 1281 2907 1338 IV.

1956 1393 2107 1461 Quod
2136 1395 2361 1465 synodus
2406 1396 2575 1449 eadem
2625 1396 2841 1465 Orientis
2877 1394 2945 1447 ad
2990 1393 3238 1465 Lyrillum
3286 1392 3435 1447 etiam
3466 1391 3527 1447 de

2225 1483 2324 1519 non
2350 1466 2641 1520 damnando
2670 1464 2939 1519 Theodoro
2965 1464 3240 1527 scripserit.

2028 1596 2285 1666 Adjiciam
2319 1612 2445 1652 vero
2476 1606 2529 1652 et
2556 1596 2713 1650 aliam
2759 1611 2902 1665 saepe
2938 1595 3065 1651 dicti
3106 1594 3275 1650 sancti
3312 1594 3529 1651 Joannis

1956 1689 2273 1744 Antiocheni
2306 1699 2359 1743 et
2389 1689 2576 1759 synodi
2602 1688 2717 1757 t-jus
2740 1686 3015 1757 epistolam
3040 1686 3106 1741 ad
3136 1687 3348 1741 beatum
3371 1694 3530 1742 etiam

2300 1795 2397 1848 pro
2449 1795 2555 1833 non
2601 1777 3022 1834 condemnandis
3066 1777 3225 1833 dictis
3270 1776 3532 1832 Theodori

1958 1871 2229 1938 scriptam.
2265 1888 2283 1920 ι
2323 1868 2431 1923 Deo
2472 1869 2685 1921 amabili
2736 1868 2755 1888 '
2800 1876 2855 1923 et
2902 1868 3242 1921 sanctissimo
3284 1866 3532 1935 episcopo

1956 1960 2153 2027 (Jyritlo
2188 1959 2417 2013 Joannes
2454 1957 2771 2021 Antiochiae,
2798 1966 2853 2012 et
2883 1956 2972 2027 qui
3009 1972 3128 2012 cum
3157 1971 3222 2012 eo
3254 1956 3362 2012 Deo
3388 1972 3529 2011 ama.

1961 2052 2094 2105 biles
2141 2049 2377 2119 episcopi
2421 2049 2801 2103 convenientes
2827 2063 2892 2102 ex
2923 2062 3240 2117 unaquaque
3270 2048 3533 2117 provincia

1956 2155 2074 2210 quat
2105 2140 2157 2195 in
2184 2141 2400 2194 Oriente
2426 2148 2507 2194 est
2534 2139 2626 2194 Dei
2657 2139 2848 2209 gratia,
2874 2139 2928 2192 in
2958 2138 3227 2194 civitatem
3248 2137 3533 2194 amabilem

1957 2232 2171 2285 Christo
2200 2230 2557 2293 Antiochiam,
2590 2238 2807 2298 propter
2839 2229 3041 2283 litteras
3071 2228 3394 2283 sanctissimi
3420 2229 3531 2297 epi-

1957 2322 2103 2391 scopi
2158 2321 2339 2376 domui
2388 2321 2582 2376 Procli.
2623 2340 2642 2374 ι
2680 2322 2745 2375 Et
2785 2319 2943 2383 infra,
2991 2319 3269 2390 loquentes
3297 2322 3366 2375 de
3407 2320 3533 2391 ipsis

1958 2412 2069 2479 qui,
2098 2421 2153 2464 ut
2192 2410 2391 2465 dictum
2430 2420 2531 2473 est,
2573 2409 2823 2464 volebant
2866 2409 3168 2479 importune
3203 2410 3446 2480 quasdam
3471 2411 3539 2465 de

1961 2499 2225 2555 Theodori
2277 2500 2428 2554 libris
2473 2510 2721 2568 excerpta
2771 2499 3001 2570 capitula
3049 2500 3416 2567 condemnari,
3464 2504 3537 2558 sic

1961 2593 2208 2663 inquiunt
2240 2610 2253 2645 :
2290 2610 2306 2642 t
2347 2591 2496 2645 Nunc
2525 2598 2703 2646 autem
2736 2590 2898 2645 iidem
2928 2590 3051 2660 ipsi,
3082 2591 3228 2647 velut
3256 2606 3325 2647 ex
3351 2605 3539 2647 somno

1959 2692 2327 2755 exsurgentes,
2360 2691 2707 2750 perrexerunt
2730 2681 2796 2735 ad
2819 2683 3015 2752 regiam
3042 2682 3333 2749 civitatem,
3356 2693 3409 2737 et
3423 2699 3537 2739 eam

1961 2778 2355 2841 perturbantes,
2379 2776 2801 2832 ecclesiasticam
2828 2791 3031 2847 pacem,
3061 2786 3313 2849 quantum
3339 2778 3389 2831 in
3409 2778 3539 2848 ipsis

1960 2879 2061 2937 csr,
2096 2868 2461 2923 turbaverunt.
2505 2868 2850 2923 Sanctissimo
2879 2869 3019 2923 enim
3055 2869 3306 2938 episcopo
3346 2868 3539 2925 Proclo

1964 2969 2164 3013 tomum
2208 2968 2352 3014 recte
2385 2973 2569 3014 revera
2596 2968 2649 3013 et
2679 2959 2764 3028 pie
2794 2958 3098 3020 habentem.
3129 2974 3287 3027 quem
3328 2958 3394 3013 ad
3439 2962 3543 3015 Ar-

1963 3051 2170 3103 menios
2214 3048 2448 3119 scripsit,
2496 3049 2650 3103 nobis
2689 3048 3010 3115 destinante,
3037 3058 3089 3104 et
3121 3061 3360 3103 nostrum
3399 3064 3544 3119 qua:-

1886 3175 1931 3236 Ο
1966 3147 2115 3193 rente
2164 3154 2505 3203 consensum,
2546 3139 2723 3193 omnia
2767 3138 2905 3193 facta
2942 3149 3064 3195 sunt
3107 3154 3138 3193 a
3181 3141 3356 3206 nobis,
3399 3151 3454 3197 et
3491 3142 3545 3198 in

1964 3230 2109 3283 nullo
2139 3232 2315 3283 minus
2344 3229 2586 3284 fecimus.
2618 3229 2745 3283 Erat
2775 3240 2951 3284 autem
2982 3239 3037 3285 et
3066 3229 3165 3298 hoc
3202 3231 3255 3286 in
3299 3234 3545 3300 praesenti

1966 3330 2208 3390 tempore
2234 3337 2642 3391 supervacuum,
2664 3330 2946 3391 propterea
2970 3322 3108 3391 quod
3129 3322 3237 3391 jam
3262 3321 3354 3376 Dei
3376 3325 3543 3393 graia

1966 3427 2156 3468 omnes
2186 3414 2379 3478 ubique
2408 3428 2571 3467 unum
2602 3421 2657 3467 et
2683 3410 2927 3466 eumdem
2960 3412 3267 3466 custodiunt
3296 3413 3436 3481 pium
3471 3414 3544 3465 in.

1967 3506 2258 3560 tellectum.
2304 3502 2491 3559 Solent
2524 3503 2664 3556 enim
2706 3502 2987 3571 aliquoties
3020 3517 3104 3555 res
3130 3517 3245 3571 qua:
3273 3501 3423 3571 quasi
3449 3518 3544 3556 ne—

1962 3595 2211 3651 cessarite
2248 3595 2518 3659 videntur,
2547 3593 2646 3647 nisi
2686 3601 2983 3662 opportune
3026 3592 3171 3659 ﬁant,
3202 3601 3545 3662 augmentum

1964 3686 2381 3755 perturbationis
2425 3686 2687 3754 accipere.
2738 3682 2892 3738 Aliud
2941 3682 3099 3736 etiam
3147 3682 3340 3737 malum
3372 3690 3455 3736 est
3494 3683 3544 3737 io

1904 3838 1907 3841 ,
1962 3781 2183 3834 istorum
2211 3777 2549 3833 festinatione
2570 3775 2815 3829 manibus
2839 3774 3134 3829 extensis“
3155 3784 3203 3839 ε,
3226 3784 3281 3828 et
3308 3773 3441 3828 alter
3470 3783 3546 3825 to-

1965 3887 2083 3926 mus
2108 3880 2357 3938 excerpta
2384 3871 2624 3939 qumdam
2654 3867 2857 3922 habens
2889 3866 3025 3921 beati
3052 3864 3315 3920 Theodori
3338 3866 3427 3933 qui
3451 3866 3546 3920 luit

1973 3962 2312 4031 Mopsuestim
2358 3960 2663 4029 episcopus,
2712 3966 2766 4012 et
2809 3973 2871 4012 ea
2921 3972 3039 4026 qua:
3085 3956 3172 4010 ille
3223 3957 3274 4010 in
3321 3955 3547 4013 diversis

1966 4053 2117 4109 libris
2174 4053 2371 4107 dixisse
2432 4052 2668 4116 videtur,
2707 4049 2946 4104 volentes
2988 4048 3064 4103 eis
3134 4047 3415 4102 anathema
3459 4047 3545 4102 iu-

1964 4150 2122 4203 l'erre.
2160 4148 2379 4215 Propter
2429 4145 2527 4199 hoc
2572 4144 2802 4213 petimus
2843 4150 2900 4195 ut
2942 4151 3175 4195 mentem
3212 4150 3355 4194 tuam
3394 4137 3548 4194 nobis

1964 4240 2198 4308 applices
2245 4236 2537 4307 studiosius
2565 4250 2722 4301 quam
2754 4233 2805 4286 in
2844 4232 2963 4286 aliis
3011 4232 3191 4294 rebus,
3233 4239 3289 4287 ct
3316 4231 3542 4300 dignare

1965 4328 2311 4383 considerare
2342 4324 2541 4379 malum
2564 4338 2701 4393 opus
2731 4324 2830 4379 hoc
2859 4337 2999 4389 esse,
3031 4322 3133 4377 nisi
3164 4337 3233 4381 ex
3266 4324 3537 4376 communi

1966 4422 2231 4475 sententia
2261 4418 2391 4473 illud
2439 4418 2778 4484 exstinguere
2820 4416 3053 4471 labores.
3091 4413 3244 4468 Dctlit
3274 4415 3418 4468 enim
3450 4413 3544 4470 tibi

1969 4513 2105 4568 Deus
2131 4526 2291 4579 super
2320 4509 2456 4563 velle
2479 4502 2637 4562 etiam
2670 4522 2846 4577 posse,
2877 4518 2933 4560 ut
2964 4507 3017 4559 in
3040 4520 3320 4559 commune
3354 4520 3544 4561 omnes

2038 4645 2062 4683 δ
2102 4644 2178 4697 De
2209 4646 2303 4694 hac
2333 4641 2561 4713 Cyrillus
2591 4639 2705 4706 ipse
2748 4639 2798 4691 in
2830 4638 3017 4713 eadem
3057 4636 3121 4690 ad
3138 4638 3397 4713 ‘Proclum
3430 4640 3546 4709 epi-

1964 4716 2099 4769 stola
2136 4729 2254 4781 qum
2287 4708 2473 4766 Latine
2500 4720 2699 4763 tantum
2746 4718 2921 4781 exstat
2963 4712 3015 4781 in
3062 4708 3240 4781 quinta
3268 4708 3496 4781 synodo
3527 4729 3542 4764 :

1968 4785 2121 4838 Nunc
2149 4780 2285 4845 uero,
2317 4786 2504 4850 inquit,
2537 4782 2664 4833 sicut
2693 4780 2896 4847 scripsit
2924 4780 2991 4850 ad
3030 4794 3109 4831 me
3138 4780 3377 4850 dominus
3406 4797 3546 4834 nicas

1962 4855 2312 4909 sanctissimus
2331 4849 2595 4920 ep’iswpus
2618 4851 2898 4903 Antiochia:
2920 4849 3166 4920 Joannes.
3185 4849 3383 4903 initium
3405 4852 3545 4917 apud

1962 4928 2101 4987 ipsos
2121 4926 2329 4978 alterius
2348 4918 2657 4993 tempestatis
2672 4920 2922 4993 surrexit;
2942 4931 2989 4974 et
3012 4918 3258 4985 plurimus
3276 4927 3351 4973 est
3366 4922 3540 4993 timor,

1965 5007 2017 5048 ut
2040 4998 2255 5059 forsitan
2276 4990 2482 5063 quidam
2504 4992 2765 5045 instabiles
2785 4992 2851 5043 ad
2874 4993 3043 5057 priora
3066 5000 3399 5063 revertantuc.
3421 4990 3545 5045 Haec

1968 5082 2093 5120 vero
2121 5061 2384 5119 tertia—est
2428 5078 2610 5118 earum
2660 5077 2793 5131 quas
2840 5073 3057 5130 propter
3100 5063 3331 5131 capitula
3365 5061 3539 5117 Procli

1967 5148 2111 5191 tomo
2133 5137 2363 5200 subdita,
2384 5150 2482 5202 pro
2504 5130 2786 5187 Theodoro
2807 5135 3085 5197 scripsisse
3104 5130 3362 5188 Joannem
3387 5133 3479 5190 lib.
3507 5148 3543 5188 tt

1967 5210 2277 5261 adnotatum
2310 5213 2393 5261 est
2422 5219 2489 5259 ex
2522 5204 2795 5259 Breviario
2823 5202 3079 5258 Liberali.

2040 5310 2063 5337 ε
2108 5299 2325 5351 Videtur
2358 5297 2443 5351 hic
2475 5296 2669 5364 aliquid
2704 5298 2909 5350 deesse.

2035 5479 2054 5508 ²
2095 5476 2233 5529 Idem
2280 5479 2397 5529 cod.
2423 5517 2434 5537 .

1965 5550 2137 5599 unlius
2170 5548 2285 5612 nisi,
2320 5559 2422 5601 etc.

2480 5477 2651 5529 utilius
2690 5483 3051 5543 exspectamus.
3102 5473 3195 5529 Est
3232 5483 3398 5526 autem
3439 5473 3537 5528 [me

1973 5679 2078 5802 291ο
2114 5676 2254 5727 ldcm
2289 5676 2464 5732 hiatus
2494 5678 2725 5729 oecurrit
2754 5671 2942 5730 ibidem
2974 5672 3131 5743 (Opp,
3161 5670 3388 5742 Cyrum,
3416 5685 3534 5746 μεθ’

2037 5768 2085 5799 d.

2037 5768 2066 5799 ι)
2075 5788 2085 5799 ο
