3974 6330
422 334 528 391 πει

1493 316 1793 373 FACLNDI
1833 317 2049 373 EPlS’C.
2093 314 2589 373 liERMlANENSlS

3594 323 3706 377 72‘)

421 452 578 525 iuves
597 448 638 504 '.
664 449 795 504 Sunt
826 447 878 502 in
909 446 1001 501 illo
1056 453 1199 498 IOOlO
1228 442 1469 511 qnmdatn
1499 434 1726 500 incerta.
1765 444 1818 489 οἱ
1848 436 1999 489 alii"
2032 440 2073 498 Α
2106 438 2202 491 lms
2244 436 2550 504 contingere
2578 438 2753 495 solet:
2782 436 2923 507 quod
2955 451 3059 492 non
3088 436 3284 492 scienti
3324 444 3530 493 tantum
3569 440 3699 494 haec

425 560 585 616 quam
631 544 771 598 dicta
803 549 927 596 sunt
977 539 1201 607 intelligi
1252 536 1506 602 valentia,
1547 538 1868 590 contitemur
1900 536 2002 589 hoc

425 638 588 691 etiam
619 650 718 690 nos
747 651 761 686 :
794 632 1027 701 plurima
1055 643 1188 685 vero
1216 643 1404 684 eorum
1443 637 1627 697 aperta
1654 627 1920 690 videmus,
1950 632 2006 680 et

427 731 544 783 sine
567 727 743 797 aliqua
773 723 1123 794 ambiguitate
1152 730 1319 777 recta.
1371 719 1480 776 Sed
1522 719 1628 774 iliis
1667 732 1789 787 quas
1816 724 2007 787 putan-

430 830 516 874 tur
542 818 794 889 obscura,
822 815 1016 872 similia
1045 814 1210 869 multa
1235 822 1293 867 et
1316 827 1346 866 a
1381 813 1625 883 plurimis
1652 810 2009 867 anterioribus

427 908 546 980 ejus
574 918 631 964 et
655 907 904 979 gloriosis
952 906 1198 960 Patribus
1225 903 1367 960 dicta
1419 902 1758 966 invenimus;
1790 911 1846 955 et
1874 900 2007 968 peri-

428 1001 607 1058 culum
641 996 766 1055 hinc
794 998 994 1070 pendet
1021 1012 1124 1052 non
1167 997 1307 1061 leve,
1347 1011 1415 1049 ne
1458 996 1511 1050 in
1541 994 1659 1050 istis
1682 997 1846 1050 etiam
1889 993 2012 1047 illo-

430 1108 550 1149 rum
582 1093 624 1115 “
663 1092 957 1156 solvamus,
984 1088 1104 1161 ejus
1134 1089 1237 1143 viri
1287 1087 1638 1169 reprobantes
1666 1086 1811 1141 dicta
1838 1085 1929 1155 qui
1959 1084 2013 1138 in

431 1187 744 1256 episcopatu
784 1182 1000 1255 quidem
1044 1180 1351 1247 defunctus,
1400 1179 1661 1250 agonibus
1684 1186 1867 1234 autem
1912 1177 2012 1231 ad-

437 1290 628 1331 versus
662 1275 893 1329 Arianos
923 1275 940 1304 ³
962 1282 1018 1327 et
1046 1272 1182 1327 alios
1204 1270 1523 1336 inereticos,
1562 1270 1750 1324 decem
1782 1267 2018 1323 millibus

435 1382 531 1437 per
558 1379 774 1421 omnem
803 1379 955 1420 suam
987 1363 1151 1418 vitam
1182 1363 1380 1433 ubique
1407 1361 1694 1417 decoratus
1722 1368 1827 1415 est.
1860 1359 2016 1428 Quod

434 1456 480 1511 si
512 1457 622 1522 flat,
652 1457 825 1511 multa
851 1456 1013 1511 etiam
1044 1454 1114 1508 ab
1142 1453 1262 1508 aliis
1302 1452 1505 1508 sanctis
1534 1451 1803 1518 Patribus,
1834 1458 2019 1519 aperte

436 1549 579 1601 dicta
606 1546 957 1613 Aretractaturi
1006 1559 1193 1600 sumus
1236 1552 1292 1600 et
1336 1543 1697 1612 reprobaturi.
1737 1540 2020 1610 Excerptis

434 1642 580 1695 enim
613 1637 733 1692 istis
774 1637 973 1693 similia
994 1634 1239 1707 quaedam
1272 1635 1576 1689 invenimus
1602 1633 1742 1703 apud
1775 1641 1857 1688 ter
1893 1633 2021 1687 bea-

436 1740 551 1785 tum
592 1738 648 1785 et
689 1728 925 1785 nobilem
971 1726 1344 1791 Athanasium,
1385 1724 1629 1796 quedam
1674 1724 1836 1779 etiam
1878 1723 2019 1792 apud

2107 533 2360 598 dicimus,
2404 534 2500 589 sed
2530 533 2694 589 etiam
2735 531 2855 598 plus
2895 529 3555 586 omnibus’considerare
3600 545 3704 584 va.

2108 626 2237 681 lenti
2268 624 2683 695 magnitudinem
2727 621 2888 691 hujus
2932 621 3310 677 absurditatis.
3342 621 3485 688 Quid
3516 631 3714 678 autem

2109 733 2217 773 non
2246 718 2579 788 prabeamus
2604 729 2672 770 ex
2707 713 2812 768 hoc
2844 711 3205 769 desiderabile
3236 712 3468 767 Nestorii
3506 711 3714 768 defen-

2111 808 2355 864 soribus?
2382 806 2514 874 Quis
2543 808 2688 861 enim
2719 820 2843 861 eum
2873 819 2980 860 non
3009 803 3319 869 honorabit,
3360 804 3406 859 si
3440 818 3566 859 cum
3602 805 3716 860 isto

2115 913 2169 958 et
2199 902 2319 957 aliis
2349 902 2440 971 qui
2472 902 2523 955 itt
2555 900 2869 969 episcopatu
2911 898 3077 951 vitam
3120 897 3506 967 deposuerunt,
3540 898 3715 952 simul

2114 994 2600 1050 anathematizetur
2619 993 2645 1025 ⁸
2672 992 2696 1044 7
2722 999 2817 1045 aut
2843 990 2934 1044 ubi
2978 988 3096 1059 ejus
3124 988 3304 1058 opinio
3334 1003 3429 1058 per
3456 989 3558 1044 hoc
3600 1004 3717 1043 non

2116 1088 2348 1157 amipiat
2376 1085 2807 1142 incrementum?
2845 1081 2977 1149 Quis
3006 1092 3188 1136 autem
3218 1081 3570 1150 deceptorum
3614 1080 3717 1134 ho-

2119 1181 2344 1241 minum.
2375 1179 2445 1233 de
2473 1178 2590 1233 istis
2618 1174 2957 1232 occasionem
2986 1187 3291 1238 assumens,
3334 1187 3440 1227 non
3478 1170 3712 1227 confes-

2119 1286 2297 1327 sorem
2332 1268 2625 1335 vocaverit,
2666 1267 2831 1322 veluti
2862 1275 3082 1337 propter
3129 1264 3283 1318 illum
3321 1278 3536 1333 passum
3581 1280 3712 1333 qua:

2123 1378 2312 1434 passus
2337 1371 2422 1418 est
2442 1365 2485 1427 9,
2510 1376 2631 1431 quae
2669 1360 2833 1415 etiam
2865 1358 2942 1413 illi
2963 1358 3055 1427 qui
3082 1357 3138 1412 in
3168 1356 3407 1412 Ecclesia
3426 1356 3717 1410 fulserunt

2124 1456 2265 1524 passi
2308 1452 2468 1509 sunt?
2495 1453 2625 1521 Quis
2664 1460 2841 1508 autem
2880 1460 3126 1525 mentem
3176 1450 3488 1505 habentium
3534 1451 3716 1506 nescii

2123 1548 2248 1617 quia
2274 1562 2338 1602 ea
2364 1562 2485 1616 quae
2526 1545 2660 1600 dure
2688 1560 2717 1599 a
2766 1544 2924 1600 beato
2952 1544 3239 1600 Theodoro
3269 1545 3405 1600 dicta
3433 1554 3584 1609 sunt,
3618 1552 3718 1601 ne-

2125 1638 2378 1695 cessitate
2407 1637 2718 1703 compulsus
2746 1635 2915 1691 dixit?
2939 1634 3277 1705 Proponebat
3304 1637 3445 1691 enim
3472 1652 3597 1691 eum
3632 1645 3719 1688 to-

2129 1740 2213 1785 tus
2241 1730 2293 1784 in
2323 1743 2609 1785 commune
2635 1728 2831 1783 Oriens
2870 1727 3011 1783 inter
3056 1741 3150 1782 eos
3176 1728 3265 1795 qui
3311 1736 3433 1782 ante
3462 1742 3561 1782 nos
3594 1728 3721 1783 fne-

439 1823 651 1876 beatum
683 1818 959 1884 Basiliam,
999 1816 1241 1889 quaedam
1276 1818 1415 1886 apud
1455 1815 1776 1886 Gregorium
1814 1824 2020 1869 utrum-
2050 1824 2096 1887 Β
2125 1830 2270 1890 runt,
2302 1821 2443 1876 sicut
2466 1821 2717 1875 virtutem
2751 1821 2972 1875 multam
3002 1819 3261 1874 doctrinm
3290 1820 3581 1875 habentem
3621 1822 3719 1873 ad-

439 1926 576 1982 que;
602 1910 766 1965 multa
787 1924 918 1965 vero
936 1918 991 1965 et
1010 1910 1147 1980 apud
1172 1908 1605 1980 Amphilochium
1635 1909 1830 1978 sapius
1855 1907 2021 1976 dicta,

442 2019 551 2058 non
577 2017 742 2072 parva
771 2016 901 2058 vero
929 2010 985 2058 et
1009 2002 1152 2070 apud
1184 2017 1527 2058 communem
1560 2000 1773 2057 Patrem
1811 2002 2023 2057 beatum

440 2092 827 2163 Theophilum.
856 2091 994 2150 Sunt
1023 2094 1167 2148 enim
1193 2108 1315 2163 qua:
1345 2092 1507 2148 etiam
1548 2102 1634 2147 tua
1664 2094 1921 2148 sanctitas
1952 2093 2021 2147 ita

443 2182 756 2250 confitetur,
798 2191 854 2238 et
892 2182 1142 2239 eumdem
1188 2182 1257 2238 de
1297 2182 1404 2239 illis
1453 2183 1619 2240 babes
1671 2183 2022 2240 intellectum.

442 2272 697 2341 Quaedam
731 2274 893 2328 etiam
920 2273 988 2327 ab
1014 2272 1131 2342 ipso
1151 2272 1366 2327 amabili
1492 2272 1604 2328 Deo
1627 2273 1819 2329 Proclo
1859 2272 1911 2328 in
1946 2288 2029 2330 eo-

444 2365 565 2420 dem
597 2366 718 2433 ipso
742 2372 889 2419 torno
916 2377 1076 2433 quem
1105 2364 1172 2419 ad
1198 2363 1485 2420 Armenios
1513 2365 1682 2433 misit,
1712 2380 1819 2436 quo
1848 2366 2026 2423 multis

438 2455 690 2508 sensibus
717 2453 833 2509 istis
874 2452 1145 2523 decerptis
1173 2455 1465 2509 concurrit.
1514 2453 1581 2510 Et
1609 2455 1725 2511 dies
1766 2472 1866 2512 nos
1895 2456 2028 2512 deii-

438 2548 549 2602 eiet
574 2553 950 2615 percurrentes
981 2544 1195 2601 beatum
1225 2545 1576 2602 Eustachium
1605 2548 1905 2603 Antiochiae

442 2636 681 2695 civitatis
711 2637 1046 2707 episcopum,
1075 2638 1167 2708 qui
1220 2636 1320 2693 fuit
1369 2652 1466 2708 pro
1497 2647 1643 2693 recta
1692 2638 1796 2695 iide
1838 2640 1890 2694 in
1931 2638 2026 2693 Ni-

443 2744 596 2787 ωηο
618 2729 872 2797 concilio,
900 2739 954 2787 et
978 2744 1184 2801 magna:
1206 2731 1363 2785 fama:
1393 2731 1733 2787 Alexandriae
1756 2742 1951 2789 vestra:
1970 2734 2025 2799 ’ς

446 2824 544 2881 sed
574 2825 737 2882 etiam
782 2833 902 2895 post
943 2825 1064 2882 illos
1110 2824 1482 2881 sanctissimos
1527 2826 1834 2896 episcopos,
1868 2824 2031 2881 Mele-

445 2918 604 2985 tiutn,
627 2915 963 2984 Flavianum,
992 2930 1024 2970 a
1066 2914 1261 2986 quibus
1291 2916 1443 2986 plura
1480 2916 1602 2973 istis
1648 2918 2029 2973 concordantia

444 3007 585 3064 dicta
612 3016 759 3065 sunt.
784 3006 924 3076 Quid
948 3007 1064 3079 jam
1091 3006 1265 3064 dicam
1291 3008 1359 3064 de
1409 3009 1492 3065 bis
1520 3011 1610 3079 qui
1654 3010 1707 3065 in
1743 3010 2033 3067 Occidente

446 3101 748 3159 secundum
776 3102 1075 3158 doctrinam
1098 3101 1118 3133 ‘
1143 3110 1198 3158 et
1220 3104 1467 3159 eamdem
1495 3102 1891 3159 confessionem
1935 3104 2031 3159 de-

2126 1928 2316 1969 versus
2367 1911 2625 1976 hzereses,
2671 1921 2857 1965 contra
2886 1924 3019 1981 quas
3056 1925 3297 1981 pugnans
3341 1919 3396 1965 et
3443 1912 3719 1967 dimicans

2128 2003 2294 2059 multa
2322 2001 2554 2072 quadam
2582 2000 2849 2056 divisione
2879 2015 3005 2054 usus
3029 2010 3134 2066 est,
3183 2016 3289 2055 non
3322 2016 3389 2055 ex
3430 2017 3600 2071 pravo
3631 2004 3721 2057 in-

2129 2094 2347 2149 tellectu
2394 2092 2634 2156 veniens,
2682 2091 2777 2146 sed
2826 2090 3095 2146 efficacius
3138 2093 3398 2146 adversus
3431 2092 3723 2148 haereticos

2129 2184 2221 2237 illo
2272 2182 2434 2238 modo
2488 2183 2563 2238 uti
2594 2180 3086 2253 judicansmeque
3130 2184 3391 2238 unitatem
3445 2199 3721 2239 summam

2130 2278 2383 2348 ignorans
2413 2276 2495 2333 vel
2543 2290 2768 2346 negans,
2800 2275 2961 2342 absit,
3007 2277 3155 2346 pleni
3204 2278 3349 2331 enim
3402 2277 3718 2346 bujusmodi

2130 2379 2256 2425 sunt
2298 2384 2488 2425 omnes
2535 2369 2653 2439 ejus
2684 2369 2826 2432 libri,
2874 2370 2969 2425 sed
3002 2379 3317 2423 naturarum
3352 2372 3723 2439 proprietates

2129 2462 2361 2532 amplius
2390 2461 2657 2527 dividens,
2686 2462 2824 2517 sicut
2849 2463 2898 2516 ei
2931 2476 3105 2533 pugna
3128 2476 3286 2530 quam
3317 2462 3577 2518 adversus
3611 2464 3721 2518 hae;

2134 2555 2334 2610 reticos
2372 2554 2581 2623 habuit,
2614 2554 2916 2610 faciendum
2959 2556 3216 2614 dictabat.
3250 2556 3359 2611 Hoc
3388 2567 3443 2611 et
3471 2567 3559 2611 tua
3589 2558 3723 2612 reli-

2131 2649 2353 2718 giositas
2373 2647 2705 2720 dispensavit
2732 2656 2916 2718 aperte
2943 2648 2995 2703 in
3017 2649 3375 2706 anteriorihus
3402 2651 3604 2706 litteris
3631 2668 3726 2707 ve—

2102 2807 2105 2810 ,
2132 2742 2262 2797 stris
2282 2740 2348 2795 ad
2370 2741 2788 2796 satisfactionem
2826 2740 3179 2812 quorumdam
3204 2742 3599 2797 venerabilium
3630 2759 3725 2797 eo-

2131 2831 2508 2901 episcoporum
2533 2842 2839 2887 nostrorum
2871 2832 3049 2902 :quod
3080 2843 3134 2888 et
3163 2833 3336 2903 ipsum
3371 2841 3481 2888 tua:
3505 2835 3725 2889 virtutis

2133 2926 2357 2995 tuaeque
2373 2926 2647 2994 sapientiae
2684 2926 2959 2997 proprium
2991 2936 3092 2981 est.
3128 2947 3148 2981 υ
3182 2928 3376 2983 Verum
3427 2944 3554 3000 ego,
3597 2931 3725 2984 reti.

2132 3021 2284 3090 giose
2313 3020 2583 3088 princeps,
2630 3031 2887 3089 quantum
2919 3035 2985 3075 ex
3030 3019 3114 3075 his
3153 3021 3316 3078 dictis
3344 3023 3577 3093 afficior,
3609 3025 3725 3095 qui-

2138 3113 2238 3166 bus
2266 3110 2602 3167 venerabiles
2634 3111 2817 3167 Patres
2866 3127 2961 3183 per
3003 3113 3255 3170 donatam
3284 3117 3387 3171 sibi
3432 3133 3461 3171 a
3496 3117 3611 3174 Deo
3640 3136 3727 3174 sa-

446 3194 616 3251 corati
646 3201 792 3260 sunt,
822 3205 960 3265 quos
990 3195 1155 3249 etiam
1200 3202 1289 3249 tua
1315 3202 1576 3250 sanctitas
1616 3193 1808 3251 melius
1838 3194 2027 3251 novit?
2054 3205 2100 3269 ο
2136 3205 2390 3274 picntiam
2422 3215 2796 3273 pravenerunt
2838 3201 3095 3275 quidquid
3142 3208 3195 3260 in
3242 3223 3405 3263 causa
3451 3210 3726 3270 Theodori

446 3287 675 3344 Intende
702 3288 904 3358 itaque,
944 3300 1094 3357 rogo,
1142 3281 1207 3341 ad
1236 3286 1382 3357 quod
1414 3287 1767 3357 praecipitium
1799 3302 1898 3342 nos
1931 3290 2031 3341 im-

451 3382 673 3451 pellant,
702 3379 795 3450 qui
821 3378 889 3433 ad
918 3378 1117 3433 nullam
1148 3379 1434 3433 utilitatem
1468 3378 1650 3434 verbis
1677 3379 2029 3434 contendunt.

446 3473 581 3543 Quid
610 3487 716 3528 non
749 3471 875 3527 hinc
905 3469 1138 3527 Iasionis
1163 3471 1248 3528 vel
1277 3471 1637 3543 corruptionis
1666 3481 1721 3528 et
1758 3472 2032 3528 confusio-

447 3568 532 3624 nis
566 3568 777 3638 plenum
806 3576 1113 3638 generetur,
1146 3566 1193 3621 si
1234 3564 1535 3637 aperiamus
1574 3565 1795 3636 januam
1830 3566 1909 3620 bis
1942 3567 2032 3637 qui

449 3662 591 3715 dicta
613 3658 1045 3714 ‘transeuntium
1069 3656 1287 3713 Patrum
1320 3668 1565 3715 evertere
1586 3658 1657 3711 εἳ
1685 3658 1840 3728 quale
1869 3658 2024 3713 dam—

456 3769 580 3809 num
619 3768 726 3808 non
768 3760 1017 3823 apertum
1058 3753 1162 3806 erit
1202 3749 1344 3808 dicta
1404 3766 1508 3807 non
1550 3750 1720 3807 solum
1762 3751 2031 3818 refutare,
2072 3800 2079 3805 .

452 3848 546 3905 sed
575 3847 737 3903 etiam
767 3844 1259 3901 anathematizare?
1288 3842 1355 3901 Ut
1384 3846 1527 3900 enim
1555 3846 1698 3901 aliud
1731 3846 1888 3900 alicui
1920 3847 2034 3914 pla.

447 3952 589 4011 ccat,
617 3940 759 3997 aliud
780 3956 914 4011 non,
963 3943 1013 3994 in
1067 3939 1367 4008 aliquorum
1413 3939 1593 4004 dictis,
1630 3940 1745 3995 sive
1786 3940 2033 4010 antiquo-

451 4049 592 4097 rum,
644 4033 759 4089 sive
807 4030 1187 4100 posteriorum,
1227 4028 1343 4084 sive
1385 4044 1492 4084 non
1526 4037 1831 4084 nostrorum
1855 4031 1900 4098 ⁸,
1931 4030 2033 4085 alia

462 4124 598 4177 ratio
628 4128 729 4174 est.
763 4119 831 4175 Ut
859 4128 1036 4173 autem
1068 4127 1123 4174 et
1152 4120 1435 4174 anathema
1480 4120 1560 4175 eis
1589 4120 1914 4190 imponatur,
1942 4138 2032 4177 ar-

456 4216 716 4269 bitramur
739 4211 911 4266 audax
951 4219 1005 4265 et
1044 4224 1296 4277 asperum
1335 4226 1613 4283 apparere,
1644 4215 1744 4269 etsi
1791 4228 2034 4285 personae

452 4319 574 4361 cum
598 4304 755 4359 dictis
778 4316 883 4358 non
905 4303 1446 4359 anathematizentur.
1473 4304 1602 4372 Quis
1619 4306 1761 4361 enim
1790 4316 2030 4362 nostrum

450 4408 637 4469 speret
659 4395 800 4469 quod
831 4396 996 4451 alium
1028 4394 1050 4428 ⁸
1073 4396 1245 4468 possit
1288 4412 1526 4465 movere,
1559 4407 1651 4454 aut
1677 4401 1803 4469 quid
1843 4401 2031 4463 borum

450 4508 557 4547 non
592 4490 830 4562 pra-beat
880 4489 1221 4547 occasionem
1265 4505 1475 4561 semper
1519 4502 1574 4547 ut
1612 4494 1791 4563 populi
1821 4503 2032 4563 pertur-

2139 3310 2237 3365 pro
2279 3311 2468 3367 magna
2518 3296 2726 3369 synodo
2771 3298 3103 3368 respondere
3154 3314 3470 3370 possemus;
3515 3313 3726 3362 tantum

2138 3390 2318 3455 doleo,
2349 3400 2406 3445 et
2436 3389 2540 3445 illis
2561 3390 2705 3460 quod
2738 3390 2933 3446 factum
2963 3402 3046 3448 est
3087 3394 3312 3464 imputo,
3344 3397 3433 3463 qui
3478 3414 3586 3453 non
3613 3400 3729 3457 luet:

2136 3491 2261 3536 ante
2301 3480 2455 3537 vobis
2508 3482 2794 3538 ostendere
2844 3494 3241 3541 consueverunt
3280 3487 3350 3541 '°.
3390 3488 3525 3555 Quis
3577 3492 3722 3545 enim

2135 3577 2326 3645 credit,
2375 3578 2518 3649 quod
2543 3578 2629 3634 vel
2682 3588 2842 3635 tantae
2886 3581 3188 3635 auctoritati
3231 3581 3419 3653 religio
3472 3594 3587 3649 tua,
3637 3587 3725 3642 vel

2138 3669 2417 3739 prudentia
2465 3670 2558 3726 tali
2608 3671 2803 3726 rationi
2850 3673 3168 3729 resisteret?
3196 3674 3319 3730 llaac
3366 3679 3510 3731 enim
3565 3680 3728 3734 verba

2134 3760 2324 3833 synodi
2370 3762 2626 3831 Orientis,
2682 3777 2787 3817 non
2843 3763 3017 3820 dicam
3072 3764 3312 3820 timorati
3358 3777 3413 3823 et
3462 3769 3731 3839 sapientis

2136 3853 2392 3925 principis
2417 3853 2675 3921 animum,
2705 3853 2799 3910 sed
2836 3855 3122 3926 cujuslibet
3168 3857 3397 3914 hominis
3424 3874 3593 3930 quem
3622 3878 3726 3918 non

2136 3946 2349 4015 penitus
2389 3944 2629 4002 deseruit
2670 3946 2995 4011 humanitas,
3039 3960 3467 4007 comtnoverent.
3508 3952 3642 4007 Nam
3680 3956 3727 4008 si

2136 4046 2265 4092 tunc
2322 4045 2608 4105 potuerunt
2660 4036 2938 4094 ardentem
3008 4037 3274 4095 flammam
3338 4043 3722 4112 restinguere,

2135 4135 2337 4197 quanto
2362 4128 2530 4198 magis
2552 4142 2696 4184 nunc
2725 4143 2754 4183 a
2789 4128 2943 4185 vobis
2962 4129 3207 4186 obtinere
3236 4142 3459 4200 possent
3502 4149 3575 4189 ne
3598 4138 3723 4205 quis

2135 4221 2485 4276 resuscitaret
2517 4220 2877 4276 exstinctam?
2920 4222 2976 4277 Si
3006 4232 3186 4277 autem
3219 4222 3382 4277 veluti
3425 4240 3488 4280 ex
3527 4240 3725 4281 somno

2134 4323 2485 4383 exsurgentes
2512 4314 2646 4369 dicti
2676 4324 2797 4368 sunt
2820 4313 2919 4379 illi,
2949 4317 3038 4385 qni
3063 4330 3185 4369 cum
3217 4315 3348 4370 nihil
3376 4320 3726 4373 contradixis

2134 4416 2253 4462 sent
2272 4407 2468 4463 viventi
2500 4406 2804 4473 Theodoro,
2833 4417 2950 4477 post
2976 4408 3093 4476 ejus
3122 4408 3327 4463 obitum
3354 4409 3445 4463 illo
3478 4419 3727 4482 tempore

2136 4507 2492 4567 perrexerunt
2521 4499 2625 4554 huc
2654 4498 2721 4553 ad
2748 4502 2944 4569 regiam
2972 4500 3264 4569 civitatem,
3293 4502 3722 4559 ecclesiasticam

450 4582 679 4639 bentur?
711 4580 777 4638 Et
808 4582 909 4638 boc
941 4580 1178 4653 quidem,
1211 4594 1263 4637 et
1300 4582 1597 4639 viventibus
1622 4596 1674 4639 et
1703 4588 2027 4641 transeunti-
2059 4581 2107 4640 D
2134 4604 2344 4659 pacem,
2376 4599 2637 4660 quantum
2664 4590 2717 4645 in
2750 4592 2878 4658 ipsis
2905 4601 3013 4659 est,
3042 4593 3429 4652 conturbantes
3452 4612 3467 4649 :
3490 4596 3626 4665 quid
3659 4598 3726 4652 de

522 4760 546 4788 ⁸
578 4749 757 4815 Forte,
792 4748 969 4803 colunt
997 4758 1233 4803 euertere.

520 4882 684 4937 ‘Cotl.
720 4880 939 4942 Verum,
970 4880 1189 4934 Arianos
1220 4892 1264 4933 et
1298 4878 1666 4947 Eunominurs,
1695 4890 1739 4935 et
1767 4883 1914 4936 otios.

519 4956 539 4985 ²
564 4952 705 5007 Itlettt
735 4952 882 5015 cod.,
911 4952 1256 5004 Alexandrum
1281 4961 1519 5006 vestrum.

526 5025 547 5055 ³
572 5024 712 5077 Idem
742 5023 892 5087 cod.,
923 5021 1155 5074 eamdem
1187 5022 1494 5077 doctrinam.

523 5094 543 5166 ξ
570 5094 710 5147 Idem
738 5086 883 5166 cod.,
913 5090 1085 5145 colunt
1117 5086 1274 5145 dicta.
1316 5092 1405 5147 Sic
1457 5095 1593 5163 apud
1622 5092 1880 5166 Cyrillum
1916 5095 1948 5148 Ι.
1979 5109 2026 5149 c.

520 5163 543 5199 ⁸
564 5166 704 5218 Idem
725 5163 871 5226 cod.,
900 5176 1033 5214 nunc
1063 5170 1373 5215 nostrorum.

521 5236 541 5266 ⁶
562 5234 701 5289 Idem
724 5233 867 5306 cod.,
900 5241 1065 5306 speret
1093 5248 1200 5306 non
1224 5232 1457 5306 defungi,
1486 5245 1576 5289 aut
1618 5252 1648 5289 η
1674 5253 1774 5306 quo
1813 5254 1913 5291 non
1946 5238 2030 5290 di-

451 5317 586 5362 ctum
617 5314 689 5358 est
715 5305 935 5373 aliquid,
966 5302 1102 5369 quod
1132 5302 1311 5357 alium.

449 5446 465 5503 Ι
519 5376 705 5501 'ltllem
745 5375 891 5444 cod.,
935 5373 1169 5429 omnibus
1216 5374 1379 5427 nobis.
1431 5374 1522 5431 Sic
1569 5386 1620 5431 ct
1671 5378 1809 5445 apud
1841 5377 2030 5448 Cyril—

472 5464 559 5503 nm
619 5491 631 5503 .
666 5463 716 5503 c.

472 5464 559 5503 nm
594 5449 631 5504 ι.
666 5463 716 5503 c.

518 5606 621 5660 'ln
674 5602 855 5676 Cyrilii
889 5602 1129 5676 editione
1177 5599 1346 5676 modo
1382 5602 1566 5669 citata,
1623 5618 1745 5674 pag.
1796 5603 1917 5665 195,
1962 5606 2014 5658 in

449 5670 799 5732 communione
826 5676 1055 5744 omnium
1084 5673 1238 5724 vivas.
1281 5670 1454 5744 Minus
1490 5670 1655 5744 recte,
1695 5670 1760 5730 ut
1785 5676 2012 5729 videtur.

516 5745 562 5770 “
591 5745 809 5808 Ibidem,
840 5745 977 5812 illos,
1009 5742 1195 5798 Patres
1225 5741 1449 5799 scilicet.
1485 5744 1589 5801 Sed
1633 5741 1907 5802 retinetth
1936 5748 2013 5800 vi-

2137 4955 2151 5010 1
2206 4887 2225 4917 ⁸
2246 4885 2387 5011 lt'lem
2410 4886 2536 4943 cod.
2555 4928 2572 4954 ,
2606 4886 3139 4941 anatlwmatizaretur.
3173 4886 3263 4944 Sic
3291 4896 3346 4943 et
3373 4888 3525 4958 apud
3547 4887 3725 4961 Cyril-

2160 4972 2244 5009 um
2300 4997 2316 5010 .
2342 4972 2395 5011 C.

2160 4972 2244 5009 um
2279 4972 2316 5011 Ι.
2342 4972 2395 5013 C.

2207 5028 2391 5101 fldem
2421 5026 2568 5101 cod.,
2592 5028 2681 5099 qui
2704 5043 2905 5097 passus.
2932 5026 3043 5099 (Sic
3068 5037 3123 5101 et
3146 5029 3288 5097 apud
3316 5027 3575 5101 Cyrillum
3605 5032 3642 5088 l.
3670 5048 3723 5087 c.

2138 5096 2229 5150 ubi
2279 5107 2457 5154 tamen
2489 5096 2711 5169 leg.'est
2747 5114 2844 5167 pro
2872 5096 2983 5169 eaL)
3018 5096 3305 5155 -llactenus
3347 5096 3543 5155 menda
3574 5103 3722 5169 plura

2139 5168 2382 5234 epistola:
2423 5168 2646 5224 Joannis
2685 5169 3011 5224 Antiocheni
3051 5170 3118 5224 ad
3161 5170 3421 5240 Cyrillum
3474 5168 3719 5227 correcta

2138 5247 2264 5291 sunt
2285 5254 2388 5311 ope
2408 5240 2611 5311 codicis
2634 5240 2804 5293 nostri
2828 5256 2841 5292 :
2867 5240 3013 5311 unde
3042 5240 3223 5309 purior
3264 5243 3610 5311 imposterum
3630 5245 3716 5298 edi

2142 5309 2340 5371 pmerit
2372 5310 2560 5364 eadem
2595 5311 2646 5363 in
2680 5310 3086 5366 collectionibus
3115 5309 3488 5366 conciliorum.

2218 5378 2261 5409 ¹⁰
2287 5380 2426 5434 idem
2458 5381 2605 5446 cod.,
2637 5396 2727 5434 nos
2750 5384 2859 5435 lucc
2880 5391 2998 5435 ante
3026 5382 3165 5436 vobis
3186 5384 3448 5439 ostendere
3473 5400 3575 5439 non
3594 5384 3726 5440 sire-

2143 5459 2283 5503 rum.

2133 5606 2487 5681 detur-lectio
2516 5606 2761 5681 illorum,
2781 5608 3231 5681 subintelligendo
3250 5613 3409 5668 dicta.

2194 5678 2269 5717 η⁶⁶¹
2301 5678 2459 5747 lhid.,
2489 5679 2552 5731 de
2572 5679 2803 5732 amabili.

2198 5748 2287 5770 '“‘
2310 5747 2416 5803 lbid
2448 5788 2462 5815 ,
2500 5748 2822 5805 Eustathium
2854 5751 3182 5807 Antiocheam
