3974 6330
216 344 318 401 72!

1087 342 1218 401 PRO
1263 344 1692 403 DEFENSIONE
1729 342 1944 401 TRIUM
1983 346 2297 403 CAPITUL.
2340 347 2466 403 LIB.
2517 347 2644 403 Vill.

3395 354 3501 409 ΤΒ

218 464 341 524 istis
369 462 674 521 fautoribus
706 463 1085 520 luereticorum
1118 463 1404 521 dicendum
1443 474 1546 533 est,
1577 465 1669 535 qui
1701 473 1821 534 post
1849 465 1897 522 Α
1934 478 2048 520 sam
2069 464 2361 522 Theodori.
2391 467 2669 522 Ncstorius
2689 467 2829 523 enim
2851 467 3129 538 perlldiam
3152 474 3503 529 suamnoxize

214 569 434 618 centum
478 573 651 615 annos
686 573 935 613 somnum
970 558 1179 613 illorum
1208 558 1300 628 qui
1330 573 1443 612 rem
1478 561 1495 591 ⁸
1544 558 1687 613 malo
1711 572 1810 611 suo

212 662 590 719 surrexeraut,
632 651 787 722 pejus
813 652 1066 723 evigilare
1092 651 1412 722 coeperunt?
1452 652 1685 708 Proinde
1716 665 1809 721 sy-

213 744 393 801 nodus
421 740 883 799 Chalcedonensis
922 743 1193 813 quomodo
1218 744 1362 813 justa
1392 747 1600 799 ratione
1628 743 1809 809 culpeo

215 846 331 903 tur,
362 832 485 905 quia
530 832 762 891 credidit
806 833 1159 890 orientalibus
1190 834 1439 890 Patribus
1479 835 1534 889 in
1579 834 1809 889 concilio

212 926 586 999 congregatis,
641 940 777 995 quos
832 937 1077 993 noverat,
1134 935 1190 983 et
1232 942 1338 982 non
1390 941 1617 997 negasse
1664 928 1806 997 quod

209 1022 463 1093 quaedam
495 1022 548 1075 in
571 1019 846 1077 Theodori
877 1021 1093 1091 scriptis
1133 1020 1292 1076 aliter
1315 1037 1477 1092 quam
1506 1021 1650 1077 dicta
1684 1030 1807 1075 sunt

215 1124 441 1186 possent
471 1112 722 1186 intelligi,
746 1122 803 1169 et
823 1112 1128 1169 aliirmasse
1151 1114 1293 1184 quod
1323 1124 1476 1169 recto
1498 1128 1660 1170 sensu
1686 1126 1807 1183 pro-

213 1210 326 1263 lata
358 1216 508 1273 sunt,
539 1207 676 1270 sicut
706 1221 771 1262 ex
800 1206 922 1261 aliis
943 1205 1191 1275 plurimis
1219 1207 1336 1275 ejus
1365 1206 1524 1262 dictis
1552 1206 1811 1275 intellige-

214 1300 369 1365 bant,
398 1313 522 1365 qua!
551 1308 735 1364 aperta
768 1308 818 1351 et
841 1298 959 1353 sine
988 1298 1165 1369 aliqua
1197 1299 1544 1370 ambiguitate
1572 1312 1717 1355 recta
1748 1313 1807 1353 se

214 1393 406 1449 videre
446 1392 732 1447 dixerunt?
780 1392 971 1449 Sciens
1028 1393 1189 1447 etiam
1241 1392 1460 1447 eosdem
1505 1390 1807 1447 Orientales

217 1485 583 1555 perhibuisse,
608 1484 748 1553 quod
777 1484 881 1539 illis
908 1483 1072 1539 dictis
1099 1484 1370 1539 Theodori
1401 1499 1520 1554 qua:
1553 1493 1806 1553 putantur

210 1577 468 1646 obscura,
512 1577 676 1631 multa
726 1575 921 1630 similia
962 1585 1017 1631 et
1072 1590 1100 1629 a
1153 1575 1397 1646 plurimis
1444 1575 1805 1631 anteriorihus

208 1667 335 1740 ejus
387 1679 438 1723 et
471 1668 721 1735 tioriosis
762 1666 1010 1723 Patribus
1060 1666 1200 1722 dicta
1240 1677 1384 1721 sunt.
1435 1666 1540 1722 Sed
1587 1665 1805 1720 noluit‘

210 1761 339 1828 ejus
381 1761 479 1814 viri
510 1762 654 1815 dicta
681 1759 992 1829 reprobare,
1024 1761 1111 1828 qui
1143 1759 1195 1836 in
1235 1760 1546 1829 episcopatu
1586 1757 1801 1828 quidem

1916 562 2212 630 diligentiae
2259 562 2465 617 celabat
2513 563 2755 627 obtentu,
2799 575 3000 631 negans
3050 572 3290 617 sanctam
3335 563 3504 633 Virgio

1915 670 2032 706 ncm
2065 654 2169 707 Ἰ)ιεί
2211 662 2468 717 matrem;
2520 662 2575 707 et
2625 653 2930 707 admonitus
2976 665 3137 724 atque
3185 655 3499 726 increpitus,

1912 744 2262 800 oliettsionem
2298 746 2461 801 totius
2490 745 2804 814 concepisse
2826 746 2848 778 δ
2876 747 3149 803 Ecclesiae.
3185 750 3503 807 Theodorus

1912 848 2112 903 autem,
2158 853 2262 892 non
2315 838 2568 892 Ecclesia:
2604 838 3001 904 contradicens,
3034 839 3127 893 sed
3168 839 3433 897 haereticis
3455 844 3500 906 ⁵.

1911 930 2155 995 qtmdatu
2207 931 2288 985 sic
2336 929 2549 986 locutus
2578 940 2682 995 est,
2717 938 2773 985 ttt
2816 931 2919 985 nisi
2948 931 3011 985 ad
3042 932 3391 990 intentionem
3420 935 3503 989 di-

1910 1027 2081 1082 centis
2102 1027 2272 1081 lector
2298 1027 2544 1094 aspiciat,
2574 1026 2879 1098 ollettdatur
2903 1025 2953 1079 in
2980 1026 3184 1080 verbis.
3208 1027 3316 1083 Nec
3334 1043 3499 1081 unum

1911 1134 2034 1175 esse
2070 1120 2342 1176 Christum
2400 1121 2453 1174 in
2496 1120 2703 1174 duabus
2750 1119 2958 1175 naturis
3002 1121 3322 1190 abnegabat,
3366 1123 3505 1175 sicut

1910 1210 2265 1278 ostendimus,
2298 1212 2395 1268 sed
2424 1213 2746 1267 necessitate
2778 1210 3158 1266 haereticorum
3183 1226 3501 1281 oppugnan-

1913 1304 2043 1356 tium
2070 1304 2363 1372 cogebatur
2412 1303 2649 1359 multum:
2680 1303 3037 1373 proprietates
3065 1301 3377 1358 discernere
3406 1317 3502 1356 na-

1913 1402 2173 1450 turarum.
2207 1393 2362 1450 Unde
2399 1393 2599 1449 dictum
2629 1403 2748 1450 est:
2781 1411 2801 1445 ‹
2836 1393 3177 1463 Proponebat
3203 1392 3345 1447 enim
3374 1406 3500 1448 eum

1912 1496 2055 1541 totus
2077 1486 2131 1541 in
2156 1500 2443 1541 commune
2469 1484 2685 1549 Oriens,
2717 1486 2857 1540 sicut
2880 1485 3131 1540 virtutem
3154 1484 3375 1538 multaut
3404 1483 3503 1538 do-

1911 1578 2104 1634 ctrina:
2134 1577 2419 1634 habentem
2445 1578 2701 1633 adversus
2732 1577 2987 1642 haereses,
3024 1585 3213 1633 contra
3244 1591 3380 1647 quas
3403 1590 3501 1645 pu-

1910 1687 2079 1741 gnans
2109 1682 2163 1728 et
2194 1671 2477 1735 dimicans,
2504 1671 2671 1725 multa
2694 1670 2923 1741 quadam
2947 1668 3217 1725 divisione
3243 1681 3372 1723 usus
3391 1676 3503 1735 est,

1912 1778 2016 1819 non
2046 1779 2113 1820 ex
2156 1779 2320 1834 pravo
2350 1764 2622 1818 intellectu
2654 1763 2897 1826 veniens,
2945 1762 3040 1829 sed
3086 1761 3361 1816 efﬁcacius
3396 1758 3492 1814 ad-

213 1851 503 1906 dcfnnctus
544 1860 650 1915 est,
681 1850 943 1922 agonibus
968 1859 1149 1907 autem
1180 1851 1441 1907 adversus
1480 1851 1710 1907 Arianos
1748 1859 1805 1907 et
1838 1839 1886 1898 Β
1912 1869 2100 1911 versus
2142 1858 2427 1911 haereticos
2470 1870 2531 1910 se
2583 1854 2674 1909 illo
2723 1854 2885 1910 modo
2913 1852 2986 1909 uti
3009 1853 3297 1923 judicans:
3329 1868 3504 1923 neque

215 1944 683 2007 Eunomianos,et
711 1943 845 1998 alios
870 1942 1176 2006 harreticos,
1210 1943 1397 1999 decem
1440 1942 1677 1998 millibus
1709 1958 1804 2014 per

211 2053 437 2093 omnem
464 2052 615 2090 suam
644 2039 810 2090 vitam
857 2036 1055 2105 ubique
1081 2037 1368 2091 decoratus
1409 2046 1512 2091 est.
1556 2024 1802 2105 Nunquid

208 2130 379 2186 debet
416 2144 512 2199 pro
534 2130 633 2184 hac
663 2128 927 2184 modestia
970 2138 1023 2183 et
1071 2128 1282 2184 ratione
1308 2127 1554 2198 culpari?
1580 2144 1806 2199 praeser-

210 2222 309 2277 tim
342 2220 463 2291 quia
500 2236 607 2276 non
648 2220 768 2276 leve
812 2222 1105 2290 p--riculum
1130 2220 1500 2290 impendebat,
1551 2237 1619 2276 ne
1646 2222 1806 2277 dictis

207 2312 333 2384 ejus
362 2313 757 2379 condemnatis,
787 2312 949 2366 etiam
984 2311 1198 2367 illorum
1228 2312 1445 2366 Patrum
1478 2311 1657 2366 omnia
1687 2311 1804 2366 sol-

208 2412 489 2458 verentur.
556 2401 968 2457 Consultissima
1020 2401 1181 2471 igitur
1231 2410 1286 2455 et
1341 2399 1561 2470 provida
1629 2400 1806 2469 potius

211 2508 375 2565 quam
402 2493 741 2561 Nestoriana,
768 2492 991 2549 dicenda
1014 2504 1095 2548 est
1117 2492 1206 2547 illa
1230 2492 1489 2564 synodus,
1525 2506 1645 2561 qua:
1672 2507 1803 2562 pro-

208 2587 404 2641 denter
432 2594 486 2641 et
522 2586 838 2641 occasiones
877 2585 1101 2641 abstulit
1129 2584 1323 2654 quibus
1365 2592 1593 2653 possunt
1624 2582 1804 2653 pOpltli

218 2676 549 2746 perturbari,
578 2687 633 2733 et
660 2677 1064 2732 excusationem
1100 2675 1183 2730 vel
1223 2675 1403 2730 etiam
1428 2675 1804 2730 auctoritatem

212 2770 539 2827 Nestoriano
567 2770 738 2825 errori
763 2784 868 2825 non
904 2768 1170 2839 praebuit;
1203 2768 1348 2837 quod
1393 2767 1635 2837 profecto
1665 2768 1807 2821 face-

208 2871 319 2931 ret,
351 2862 398 2917 si
428 2859 731 2917 Nestoriani
762 2860 1032 2931 dogmatis
1069 2868 1344 2915 auctorem
1390 2858 1656 2928 judicaret
1686 2872 1807 2912 esse

207 2956 559 3012 Theodorum
584 2971 615 3011 a
646 2956 809 3011 tantis
836 2957 1084 3011 Patribus
1114 2956 1485 3026 praedicatum.
1532 2974 1551 3007 ι
1582 2953 1810 3025 Propter

206 3046 355 3117 quod
384 3055 440 3103 et
462 3045 564 3117 ipsi
588 3045 841 3102 dicebant
878 3046 1026 3103 :-Aut
1050 3046 1180 3115 quid
1210 3046 1399 3102 borum
1432 3062 1537 3101 non
1569 3038 1809 3117 praebeat

212 3138 553 3203 occasiones,
593 3147 650 3192 ut
704 3153 921 3208 semper
972 3139 1153 3209 populi
1202 3138 1621 3207 perturbentur?
1679 3136 1804 3208 quid

1911 1949 2168 2002 unitatem
2200 1962 2465 2002 summam
2499 1947 2755 2013 ignorans
2785 1946 2866 2002 vel
2896 1962 3118 2017 negans,
3148 1946 3312 2015 absit,
3356 1946 3500 2014 pleni

1908 2039 2052 2093 enim
2101 2047 2226 2093 sunt
2267 2037 2573 2108 hujusmodi
2625 2053 2815 2093 omnes
2854 2037 3001 2103 libri,
3042 2037 3141 2093 sed
3192 2049 3502 2093 naturarum

1913 2129 2264 2200 proprietates
2293 2130 2524 2198 amplius
2554 2128 2820 2195 dividens,
2866 2129 3006 2185 sicut
3043 2130 3092 2186 ei
3131 2144 3304 2201 pugna
3334 2145 3498 2200 quam

1908 2223 2172 2278 adversus
2203 2222 2486 2277 haereticos
2527 2220 2713 2276 habuit
2740 2220 3044 2277 faciendum
3102 2220 3361 2276 dictabat.
3393 2240 3411 2274 ι
3444 2220 3503 2276 Si

1911 2329 2038 2367 vero
2063 2312 2243 2368 licebit
2274 2312 2508 2383 posteris
2533 2312 2875 2380 antiquorum
2901 2311 3316 2381 praedicatorum
3359 2312 3503 2367 dicta

1909 2405 2198 2473 simplicia,
2226 2405 2376 2461 velut
2420 2404 2800 2461 bmreticorum
2846 2404 3181 2460 fraudulenta
3213 2406 3501 2471 discutere,

1913 2511 2013 2549 nec
2042 2494 2389 2551 considerare
2417 2495 2560 2565 quod
2601 2494 2655 2550 in
2686 2504 3003 2565 praesentes,
3037 2512 3141 2551 non
3190 2497 3243 2551 ln
3274 2496 3501 2563 futuras,

1910 2602 2043 2655 quas
2066 2587 2399 2654 nesciebant,
2426 2587 2660 2643 htereses
2688 2588 3079 2655 intendebant,
3103 2590 3363 2659 plurimos
3383 2596 3505 2648 cuni

1914 2678 2202 2732 Theodoro
2231 2677 2349 2733 sine
2376 2676 2709 2733 dubitatione
2750 2677 3143 2733 damnabimus.
3191 2678 3323 2734 Nam
3367 2680 3507 2736 sicut

1911 2769 1963 2824 hi
1998 2770 2183 2825 Patres
2232 2770 2529 2825 orientales
2560 2769 2870 2839 perhibent,
2923 2771 3093 2825 multa
3129 2772 3181 2826 in
3232 2774 3312 2827 eis
3352 2772 3502 2828 inve-

1911 2864 2131 2918 niuntur
2173 2878 2294 2932 quac
2341 2878 2448 2918 non
2479 2877 2727 2917 severum
2754 2861 3015 2933 judiccm,
3046 2864 3141 2919 sed
3173 2865 3317 2934 pium
3348 2881 3498 2936 qua:-

1912 2963 2033 3009 raut
2078 2953 2452 3022 interpretem.
2499 2952 2739 3020 Quorum
2786 2953 3141 3009 Orientalium
3197 2955 3517 3012 testimonio

1910 3048 2031 3117 quia
2061 3062 2166 3103 non
2193 3047 2452 3112 creditur,
2480 3046 2687 3102 idcirco
2716 3061 2814 3103 nos
2840 3061 2907 3103 ex
2948 3048 3103 3103 dietis
3144 3048 3492 3119 antiquorqu

1914 3140 2197 3195 doctorum
2228 3136 2487 3194 Ecclesiae
2518 3153 2684 3207 pauca
2739 3136 2809 3193 de
2850 3138 3036 3194 multis
3066 3137 3407 3208 proferimus,
3440 3149 3501 3193 ut

208 3239 395 3284 autem
434 3246 539 3285 non
571 3230 905 3299 praebeamus
947 3246 1012 3286 ex
1043 3230 1145 3287 hoc
1179 3230 1535 3287 desiderabile
1579 3229 1811 3287 Nestorii
1839 3216 1885 3279 C
1922 3230 2241 3303 Eutychiani
2269 3230 2351 3284 vel
2383 3228 2623 3284 fautores
2650 3242 2841 3283 eorum
2872 3227 3215 3283 dissimulare
3244 3244 3349 3282 ttou
3380 3242 3505 3297 pos-

210 3321 626 3377 defensoribus?
651 3320 770 3392 quis
799 3322 940 3377 enim
971 3336 1093 3378 eum
1122 3336 1227 3376 non
1263 3321 1569 3388 honorabit,
1609 3322 1655 3376 si
1682 3336 1807 3377 cum

210 3412 323 3469 isto
350 3424 403 3468 et
433 3412 553 3467 aliis
583 3414 670 3482 qui
701 3412 753 3467 in
785 3414 1097 3482 episcopatu
1128 3414 1289 3467 vitam
1322 3412 1708 3482 deposuerunt,
1738 3412 1811 3467 si-

209 3506 326 3561 mul
355 3503 873 3559 auatbematizetur?
911 3522 929 3556 ι
962 3512 1018 3558 et
1064 3515 1259 3558 czetera
1295 3518 1415 3573 quas
1455 3504 1522 3556 ab
1548 3502 1628 3558 eis
1658 3517 1809 3556 com-

210 3606 539 3664 memorata,
570 3612 669 3653 nos
702 3612 915 3668 quoque
954 3596 1197 3652 videmus
1230 3595 1462 3651 Nestorii
1510 3595 1686 3663 potius
1713 3610 1810 3649 ex-

210 3694 484 3752 cusatioui
510 3692 796 3762 prolicere.
839 3691 946 3748 Sed
979 3701 1032 3746 et
1059 3691 1273 3746 beatum
1304 3688 1565 3759 Cyrillum
1594 3697 1649 3742 et
1675 3686 1811 3743 alios

209 3785 307 3846 qui
354 3798 475 3837 cum
516 3781 612 3838 illo
651 3782 921 3851 Ephesum
970 3789 1345 3836 convenerant
1392 3777 1577 3832 Patres
1625 3785 1809 3831 sancta

212 3876 308 3931 illa
353 3873 593 3946 synodus
641 3873 803 3928 tacite
854 3870 1268 3939 reprehendisse
1316 3868 1612 3929 videretur,
1668 3866 1811 3936 quod

213 3966 509 4037 praedictos
537 3963 855 4030 Orientales,
884 3962 1131 4019 eumdem
1159 3961 1501 4017 Theodorum
1516 3959 1811 4016 defenden-

213 4066 326 4119 tes,
360 4064 413 4110 et
447 4055 615 4109 multo
639 4054 870 4124 amplius
909 4053 1208 4119 laudantes,
1255 4052 1515 4123 injustum
1546 4050 1814 4106 duxerunt

219 4150 510 4206 haereticos
536 4148 803 4219 judicare.
832 4146 1017 4215 Neque
1058 4144 1200 4201 enim
1250 4146 1397 4199 solus
1424 4143 1612 4199 beatus
1644 4140 1811 4213 Cyril-

216 4246 337 4309 lus,
386 4258 454 4297 an
513 4258 621 4298 non
664 4242 827 4298 etiam
875 4239 1154 4296 memorati
1209 4238 1519 4295 sacerdotes
1555 4240 1671 4309 ejus
1719 4239 1808 4305 qui

212 4349 341 4389 cum
367 4333 456 4387 illo
480 4334 689 4387 fuerunt
720 4332 936 4400 Ephesi,
971 4330 1202 4386 maxime
1226 4345 1353 4385 vero
1378 4331 1638 4400 Egyptii,
1672 4332 1812 4385 hanc

213 4424 573 4482 Orientalium
631 4424 700 4479 de
755 4422 1045 4478 Theodoro
1110 4421 1433 4477 sententiam
1492 4422 1811 4491 cognovisse

214 4516 476 4573 credendi
527 4524 673 4582 sunt,
715 4515 805 4585 qui
858 4524 1039 4568 tamen
1081 4527 1268 4568 omnes
1318 4512 1370 4566 in
1395 4512 1634 4581 ipsorum
1665 4525 1811 4566 com-

1915 3322 2044 3385 sint,
2086 3320 2229 3390 quod
2278 3318 2331 3374 in
2378 3318 2834 3375 condemnatione
2877 3318 3191 3390 dogmatqu
3235 3318 3507 3375 Theodori

1915 3427 2076 3481 quam
2124 3411 2178 3466 in
2210 3410 2582 3466 destructione
2622 3408 3080 3467 Chalcedonensis
3118 3410 3331 3466 concilii
3363 3428 3507 3482 quar-

1916 3503 2149 3570 sierunt,
2176 3501 2392 3557 illorum
2413 3515 2629 3572 quoque
2658 3501 2873 3557 Patrum
2903 3515 3039 3571 quos
3067 3500 3314 3557 venerari
3344 3517 3404 3557 se
3430 3502 3508 3556 di-

1916 3604 2062 3659 cunt,
2096 3595 2345 3651 doctrina
2375 3594 2683 3651 damnetur.
2720 3594 2917 3650 Verum
2956 3603 3013 3649 et
3055 3593 3139 3649 his
3173 3594 3390 3649 omissis
3419 3596 3503 3649 vel

1919 3690 2194 3758 paululum
2242 3688 2590 3753 intermissis,
2632 3686 2953 3758 reprehendi
2984 3702 3086 3740 non
3118 3696 3295 3755 potest
3321 3698 3526 3743 sancta

1916 3781 2177 3852 synodus,
2210 3780 2351 3847 quod
2400 3778 2725 3835 venerabilis
2776 3779 2878 3833 lhze
2918 3780 3201 3848 epistolam
3234 3792 3333 3848 pro
3384 3778 3504 3849 ejus

1916 3870 2073 3925 laude
2095 3886 2199 3925 non
2214 3869 2471 3939 judicavit
2495 3870 2821 3925 haereticam.
2851 3870 3086 3926 Primum
3109 3871 3348 3938 quidem,
3373 3886 3506 3940 quo-

1917 3964 2058 4018 niam
2091 3970 2363 4018 tantorum
2397 3962 2611 4017 Patrum
2656 3962 2979 4017 sententiam
3006 3971 3190 4017 secuta
3225 3972 3327 4031 est,
3362 3963 3507 4031 quod

1916 4055 2091 4110 solum
2123 4053 2241 4124 ejus
2271 4050 2569 4109 delensioni
2600 4051 2827 4117 suflicit;
2860 4051 3057 4108 deinde
3095 4052 3216 4121 quia
3250 4065 3351 4106 nec
3379 4050 3508 4105 iilud

1915 4146 2328 4216 improbandum
2352 4155 2455 4211 est,
2484 4146 2528 4201 si
2560 4154 2654 4200 aut
2682 4160 2777 4200 eos
2808 4146 2897 4215 qui
2931 4146 2996 4200 de
3024 4146 3345 4215 quibusdam
3377 4148 3509 4201 scri-

1916 4238 2021 4306 ptis
2046 4238 2313 4295 Theodori
2356 4247 2733 4304 causarentur,
2775 4239 3009 4295 credidit
3051 4240 3388 4296 occasionem
3422 4240 3507 4295 fa-

1916 4344 2039 4384 cere
2078 4330 2360 4384 contrario
2404 4328 2640 4399 dogmati
2671 4343 2780 4399 quo
2808 4331 3149 4397 tenebantur,
3183 4332 3265 4386 vel
3307 4347 3368 4387 ea
3399 4333 3505 4385 mi—

1918 4437 2018 4476 nus
2050 4420 2401 4491 intelligendo
2420 4422 2659 4491 culpare,
2690 4434 2781 4477 aut
2809 4423 2983 4491 ipsum
3015 4423 3364 4479 Theodorum
3396 4426 3502 4478 mi-

1918 4527 2019 4566 nus
2045 4512 2346 4568 commodis
2369 4512 2667 4581 explicasse
2690 4514 2872 4569 verbis
2900 4529 3019 4584 qua:
3049 4514 3334 4581 sentiebat,
3365 4518 3508 4585 quod

214 4614 481 4671 munione
531 4610 880 4667 manserunt?
936 4607 1089 4665 Unde
1144 4604 1448 4677 cognoscis,
1490 4606 1808 4676 imperator,
1846 4597 1893 4656 D
1923 4606 2107 4660 multis
2164 4614 2341 4676 potest
2381 4605 2664 4662 catholicis
2721 4605 3035 4662 doctoribus
3082 4608 3324 4663 evenire.
3378 4607 3509 4663 Nam

216 4706 312 4762 illa
368 4706 469 4760 tria
498 4719 617 4775 quze
664 4702 824 4773 hujus
869 4700 1049 4769 operis
1096 4699 1367 4769 partitioni
1412 4696 1810 4767 subjunximus,

218 4798 313 4851 hic
341 4796 538 4851 iterum
569 4805 729 4865 atque
759 4793 954 4848 iterum
985 4790 1145 4848 simul
1187 4790 1423 4846 ostendi.
1466 4788 1730 4856 Quoniam
1767 4789 1811 4842 si

216 4885 683 4943 Chalcedonensis
713 4884 953 4957 synodus
980 4883 1064 4937 vel
1097 4897 1192 4951 pro
1223 4881 1379 4936 laude
1402 4880 1672 4935 Theodori
1703 4881 1807 4947 epi-

214 4980 418 5036 stolam
452 4978 775 5035 venerabilis
798 4978 905 5031 lbte
929 4978 1259 5041 damnasset,
1286 4972 1608 5029 excusasse’
1626 4972 1812 5027 Nesto-

216 5072 364 5126 rium
396 5080 449 5125 et
472 5071 715 5140 culpasse
746 5069 958 5123 beatum
983 5066 1238 5138 Cyrillum
1287 5073 1447 5135 atque
1488 5063 1813 5133 Ephesinmu

216 5162 512 5217 concilium
543 5162 879 5231 probaretur.
917 5159 1063 5226 Quas
1093 5157 1163 5212 ob
1187 5172 1274 5213 res
1301 5155 1523 5212 omnino
1552 5154 1637 5223 pie
1659 5162 1819 5222 atque

217 5254 517 5325 prudenter
545 5254 676 5324 egit,
707 5263 767 5307 ut
794 5251 1130 5307 discerneret
1172 5265 1202 5303 a
1241 5248 1475 5303 Nestorii
1503 5261 1661 5303 causa
1690 5260 1817 5301 cau-

292 5398 319 5423 ἰ
346 5385 681 5456 δγηηδὶειςιςε
724 5388 1095 5456 Συνουσιαστςαὶ
1121 5381 1272 5456 dicti
1318 5389 1444 5456 sunt
1512 5379 1815 5451 Apolinari-

214 5467 340 5521 stat,
373 5453 512 5525 quod
549 5458 641 5511 llei
672 5464 727 5510 et
754 5456 983 5510 hominis
1004 5454 1201 5507 Christi
1228 5467 1384 5525 unam
1414 5453 1670 5506 docerent
1696 5466 1817 5504 esse

215 5524 472 5582 naturam
505 5529 814 5603 σύγκρατον,
863 5526 913 5579 id
945 5533 1027 5579 est
1056 5524 1402 5579 commixtam
1450 5532 1504 5577 et
1543 5526 1812 5591 compost-

294 5641 307 5671 '
335 5638 703 5704 Cod.\’eron.,
719 5639 902 5692 somnii
924 5638 1255 5705 illorum,qui
1278 5647 1398 5690 tunc
1419 5639 1686 5704 malostto,
1706 5648 1805 5693 etc.

286 5710 310 5742 ³
338 5710 486 5763 idem
511 5709 657 5774 cod.,
686 5720 833 5771 sunt;
862 5710 904 5779 si
937 5707 1095 5761 noluit
1126 5709 1373 5779 ejustvtri,
1400 5720 1503 5767 etc,

288 5780 310 5812 ⁸
336 5781 483 5833 ldum
514 5781 653 5834 c0t|..
692 5778 957 5850 cpistolmt
990 5775 1285 5830 retternbilis
1314 5777 1417 5837 Iba:
1446 5789 1575 5840 t'elttl
1613 5782 1809 5837 Itttt‘t'fi-

208 5866 329 5906 tam
363 5852 637 5921 refutaret;
671 5850 785 5905 hinc
820 5852 988 5921 potius
1022 5863 1310 5917 excusasse,
1336 5865 1440 5914 εις,

1921 4698 2066 4763 saepe
2093 4696 2253 4751 etiam
2309 4695 2609 4751 intentione
2647 4694 2973 4751 adversariis
3014 4697 3300 4753 resistendi
3350 4700 3402 4753 in
3434 4699 3511 4753 di-

1921 4787 2093 4844 cendo
2120 4788 2313 4843 modus
2340 4788 2649 4853 exceditur;
2691 4803 2791 4843 nec
2820 4787 2973 4843 facile
3007 4799 3091 4844 est
3126 4790 3327 4845 homini
3368 4792 3512 4847 futu-

1924 4896 2008 4935 ras
2030 4881 2241 4936 evitare
2263 4879 2611 4950 qumstiones,
2638 4894 2760 4935 Cum
2792 4882 3052 4935 adversus
3083 4893 3378 4949 praesentes
3403 4892 3515 4938 toto

1926 4974 2046 5027 nisu
2078 4974 2276 5028 mentis
2325 4974 2574 5045 insurgit.
2616 4973 2826 5044 Agebat
2853 4975 2996 5029 enim
3047 4975 3367 5034 Theodorus
3406 4979 3513 5034 fre-

1927 5079 2155 5138 quenter
2201 5079 2309 5124 tam
2359 5069 2510 5125 libris
2556 5086 2719 5139 quam
2764 5071 3109 5127 sermonibus
3159 5072 3209 5126 in
3264 5075 3515 5143 populum

1927 5169 2114 5215 contra
2144 5160 2490 5231 Synusiastas
2515 5171 2562 5227 ⁸,
2587 5164 2721 5229 sive,
2756 5171 2811 5217 ut
2832 5164 2901 5217 ab
2924 5165 3159 5220 auctoris
3185 5165 3265 5219 sui
3303 5168 3515 5219 nomine

1926 5261 2048 5307 sunt
2077 5254 2270 5319 vocati,
2304 5253 2712 5324 Apolinaristas,
2751 5257 3125 5325 progenitores
3171 5257 3515 5327 Eutycbianae

1928 5394 2055 5453 tam,
2080 5388 2365 5443 humanam
2397 5398 2450 5443 et
2479 5387 2716 5443 divinam
2743 5404 2755 5441 :
2786 5389 2925 5455 quod
2960 5390 3133 5456 ipsum
3160 5388 3280 5458 quia
3311 5387 3511 5439 (Ιοοιιν.

1928 5470 2050 5511 runt
2083 5469 2263 5525 postea
2297 5459 2647 5530 Eutychiani,
2681 5459 2802 5513 inde
2832 5460 2951 5513 illos
2980 5457 3515 5530 horumlprogcnitn.

1929 5545 2014 5583 res
2043 5542 2213 5584 vocat.
2261 5532 2374 5620 Qui.
2404 5528 2673 5585 adversus
2704 5530 3093 5599 Apolloni-istas
3130 5528 3255 5580 olim
3304 5528 3515 5581 scribe-

1997 5644 2016 5720 ξ
2043 5646 2186 5720 idem
2215 5646 2359 5720 cod.,
2390 5650 2770 5720 contempsisse.

1926 5789 1945 5839 Ι
1999 5716 2179 5796 διείρῃι
2210 5719 2358 5784 cod.,
2414 5714 2782 5790 magis-autem
2825 5732 2913 5786 pro
2952 5714 3179 5771 Ecclesia
3211 5718 3519 5781 rrsjtondert.

1943 5799 2201 5842 ltt'ft‘lu'ls.
2232 5799 2335 5842 clc.

1943 5802 2201 5853 ta'rrttrts,
2232 5802 2335 5846 L‘lc.
