3956 6352
254 362 368 418 725

1118 367 1250 422 PRO
1292 369 1714 426 DEFENSIONE
1753 368 1962 424 TRIUM
2004 370 2320 430 CAPITUL.
2363 374 2489 430 LIB.
2527 375 2655 431 Vill.

3410 381 3516 437 ’ΤΕ

256 478 353 547 qui
374 476 706 532 divinitatem
737 477 1004 546 Unigeniti
1034 487 1089 532 et
1110 478 1520 546 immanitatem,
1555 498 1712 536 unam
1746 496 1839 534 na-
1870 482 1911 537 Λ
1945 482 2402 540 criminationibus
2442 486 2788 557 impetebant.
2818 488 3003 559 Nonne
3032 491 3131 549 hoe
3159 498 3267 549 erat
3300 498 3513 565 sapien-

254 580 434 622 tnram
466 566 719 631 vocabat,
750 567 1183 622 rommixtionem
1205 579 1257 623 et
1287 571 1660 625 confusionem
1692 585 1833 625 asse-

253 672 383 711 rens
413 656 633 718 factam,
667 664 720 709 et
743 656 1031 710 salutarem
1066 658 1367 726 passionem
1400 660 1497 726 ipsi
1523 662 1836 713 incontami-

250 746 418 800 nabili
470 746 652 800 deitati
691 745 1001 800 adnectens.
1050 747 1161 800 Non
1212 764 1341 818 ergo
1385 751 1574 803 mirum
1606 750 1651 803 si
1702 750 1835 803 rami

250 835 493 890 infelices
523 836 870 889 amarissima:
899 838 1062 892 radici
1103 854 1210 893 sure
1250 841 1589 895 conveniant.
1642 842 1707 895 At
1738 856 1835 909 ego

250 926 341 980 hic
367 926 387 995 j
431 925 624 979 dicium
654 934 845 980 vestra:
874 928 1084 996 pietatis
1114 942 1405 999 ex5pecto,
1448 932 1531 985 cui
1560 932 1836 987 sententia:

248 1036 352 1075 nos
379 1022 431 1073 in
456 1035 613 1075 causa
646 1020 1001 1089 Mopsuesteni
1034 1022 1299 1077 Theodori
1341 1024 1557 1093 adjungi
1588 1034 1834 1094 Oportere

246 1113 529 1167 censetis:
592 1122 898 1166 utrumnam
962 1115 1189 1168 vesania:
1235 1116 1487 1187 Eutyehis
1536 1116 1837 1170 hmredum-

248 1219 355 1272 que
383 1202 519 1272 ejus,
549 1203 638 1273 qui
671 1219 767 1270 pro
814 1219 908 1256 sua
943 1206 1145 1270 pecnali
1176 1207 1395 1259 stultitia
1424 1224 1521 1275 qua
1555 1216 1832 1273 tenentur,

245 1303 300 1352 in
331 1298 448 1366 ejus
475 1296 980 1352 condemnationem
1012 1296 1210 1349 frustra
1243 1312 1452 1368 semper
1478 1298 1665 1351 armati
1688 1307 1833 1360 sunt,

245 1406 312 1442 an
342 1389 564 1442 Joannis
603 1386 1179 1455 Constantinopolitani
1211 1388 1329 1459 ejus
1359 1390 1706 1459 condiscipuli
1733 1436 1747 1458 ,
1781 1404 1833 1447 et

244 1480 486 1548 Gregorii
512 1478 854 1545 Nazianzeui,
872 1478 1096 1533 Joannis
1117 1479 1311 1534 deinde
1329 1481 1643 1535 Antiocheni
1675 1492 1835 1551 atque

240 1572 522 1626 orientalis
552 1571 766 1625 concilii
816 1571 1091 1639 universi,
1142 1572 1327 1643 Cyrilli
1351 1589 1412 1626 ac
1445 1572 1617 1628 Procli
1661 1574 1833 1628 eidem

243 1664 657 1719 rescribentium
683 1704 698 1728 ,
741 1672 797 1717 et
842 1663 998 1731 hujus
1038 1662 1227 1717 Domni
1274 1664 1625 1719 Antiocheni?
1678 1667 1828 1736 Puto,

242 1758 668 1813 clementissime
717 1757 1040 1825 imperator,
1085 1758 1225 1826 quod
1270 1760 1444 1825 magni
1477 1760 1693 1814 sceleris
1725 1776 1835 1813 ma-

1941 578 2105 632 tiores
2143 587 2198 632 et
2248 578 2617 647 diligentiores
2659 581 3078 650 Apolinaristas,
3121 597 3175 640 et
3223 589 3515 659 Etttyehetn

1936 677 2237 732 ostentare,
2298 679 2351 722 et
2389 671 2749 727 condemnare
2802 682 2879 727 tot
2930 677 3266 733 venerabiles
3300 665 3515 747 Patres,

1937 759 2026 826 qui
2056 760 2438 816 convenientes
2468 761 2696 815 Diodoro
2716 772 2873 831 atque
2900 765 3203 830 Theodoro,
3236 770 3362 821 nihil
3394 770 3519 825 inde

1939 852 2069 905 istos
2092 852 2107 881 ¹
2141 868 2371 920 unquam
2414 854 2825 921 reprehendisse
2877 860 3285 913 monstrantur?
3316 860 3515 915 llormu

1938 942 2118 1010 itaque
2166 944 2377 997 Patrum
2419 945 2734 998 auctoritate
2785 947 3045 1001 calcanda
3090 959 3145 1003 ct
3191 953 3513 1007 conterenda

1941 1032 2109 1086 fuerat
2156 1034 2602 1105 Eutychiauorunt
2650 1037 2811 1090 stulta
2867 1042 3250 1109 prlesumptio,
3303 1052 3359 1096 et
3409 1060 3512 1097 non

1939 1124 2263 1178 mendaciter
2291 1127 2591 1180 excusanda
2617 1127 2876 1197 synodus,
2900 1144 3018 1196 qua:
3040 1132 3223 1186 sanius
3246 1142 3298 1187 et
3325 1131 3517 1187 fortius

1939 1223 2113 1285 potest
2153 1215 2493 1283 acceptabili,
2546 1218 2685 1280 quod
2716 1218 2948 1275 diximus
2980 1222 3022 1285 ’,
3054 1223 3260 1277 ratione
3304 1232 3356 1277 et
3403 1228 3511 1278 evi-

1938 1306 2085 1360 denti
2116 1307 2342 1360 vrritate
2390 1305 2626 1363 defendi.
2657 1308 2841 1363 Tantis
2874 1320 3049 1364 autem
3081 1326 3143 1365 ac
3189 1313 3377 1367 talibus
3409 1313 3510 1367 Ee-

1938 1395 2116 1449 clesia:
2140 1394 2339 1449 Christi
2378 1396 2645 1465 magistris
2672 1395 3079 1466 divulgatissimi
3130 1400 3395 1456 Theodori
3440 1403 3513 1456 vi-

1940 1498 2044 1541 tam
2086 1487 2490 1555 doctrinamque
2519 1487 2890 1553 laudantibus,
2942 1500 2997 1545 et
3026 1494 3340 1547 testantibus
3372 1496 3511 1563 quod

1937 1580 2081 1635 clare
2109 1588 2163 1635 et
2186 1580 2392 1635 fortiter
2417 1581 2665 1636 laborans
2694 1582 3064 1639 Itmreticorum
3087 1596 3326 1643 catervas
3356 1605 3512 1644 ever—

1939 1684 2103 1738 teret,
2152 1690 2411 1744 nusquam
2443 1683 2720 1732 accusatus
2745 1692 2776 1731 a
2808 1678 3088 1747 quopiam,
3134 1694 3253 1733 cum
3298 1683 3509 1751 quidam

1939 1780 2060 1819 eum
2102 1775 2157 1821 et
2200 1765 2316 1835 ejus
2346 1767 2591 1837 dogmata
2622 1769 3068 1836 condemnarent;
3101 1771 3224 1839 quid
3254 1787 3510 1842 arrogan-

238 1867 464 1920 pureque
496 1849 883 1919 profanatiOnis
911 1864 1031 1904 esse
1057 1849 1265 1918 judiees
1287 1891 1302 1915 ,
1334 1852 1555 1905 istorum
1600 1853 1827 1912 lmnina-
1858 1844 1903 1903 Β
1932 1866 2009 1911 ter
2038 1857 2122 1925 egi
2150 1898 2163 1921 ,
2196 1858 2446 1928 religiose
2477 1860 2796 1927 imperator,
2828 1862 3077 1930 quoniam
3110 1863 3210 1915 hoc
3235 1862 3302 1917 de
3330 1878 3415 1917 me
3436 1867 3512 1916 vi-

239 1944 378 1997 rium
410 1943 589 1997 mundi
622 1957 719 2011 pro
747 1942 1032 1995 Theodoro
1074 1942 1408 2009 Mopsuestia:
1448 1944 1655 1997 calcare
1703 1959 1829 1997 seno

238 2036 494 2097 tent’am,
523 2043 575 2086 et
614 2033 678 2086 ad
705 2034 949 2087 tenebras
979 2034 1230 2087 cmcitatis
1264 2034 1605 2100 Eutychiane
1650 2045 1825 2090 trans-

236 2128 354 2192 ire,
405 2134 462 2178 ut
519 2124 571 2178 in
604 2124 839 2179 Ecclesia
872 2124 1137 2178 catholica
1183 2125 1825 2182 lia'reticorumexercea-

237 2234 361 2273 mus
388 2218 696 2272 inimicitias
723 2260 737 2282 ,
768 2227 822 2272 et
852 2218 1024 2271 alieno
1047 2228 1228 2272 contra
1256 2230 1463 2275 nostros
1490 2221 1610 2274 odio
1638 2221 1824 2274 milite-

238 2327 382 2365 mus.
414 2309 469 2365 Si
503 2318 679 2364 autem
734 2309 1010 2378 profanum
1045 2310 1195 2362 nobis
1231 2318 1341 2374 est,
1393 2310 1444 2363 in
1496 2310 1665 2363 solius
1695 2326 1823 2363 con-

238 2401 581 2456 demnatione
636 2400 903 2455 Theodori
960 2402 1172 2454 Patrum
1228 2400 1433 2455 calcare
1466 2402 1822 2467 sententiam,

238 2504 298 2545 ut
331 2492 785 2562 Eutychianorum
833 2491 1102 2546 desiderio
1141 2492 1403 2555 Sat:sﬁal,
1456 2492 1648 2547 nedum
1682 2494 1825 2561 ipsos

238 2585 597 2640 condemnare
619 2584 952 2639 venerabiles
990 2585 1172 2639 Patres
1196 2628 1211 2649 ,
1261 2585 1595 2642 decernendo
1627 2588 1708 2641 vel
1732 2588 1824 2642 de-

237 2676 581 2731 cernentibus
603 2675 943 2732 assentiendo
966 2718 983 2743 ,
1014 2686 1073 2731 ut
1113 2677 1395 2732 anathema
1426 2678 1495 2732 sit
1517 2678 1605 2746 qui
1646 2678 1824 2733 Theo-

237 2768 371 2821 doro
398 2767 736 2837 Mopsuestia:
766 2784 868 2821 non
898 2769 1024 2821 dicit
1049 2769 1354 2823 anathema.
1396 2769 1546 2835 Quod
1572 2786 1699 2839 ergo
1729 2786 1821 2824 vos

236 2858 427 2928 religio
484 2867 657 2912 vestra
731 2858 1009 2926 profanum
1062 2859 1301 2928 judicare
1355 2862 1659 2931 compellit,
1719 2862 1822 2918 hoc

236 2951 399 3006 etiam
431 2952 747 3006 venerabilis
778 2954 1016 3023 synodus
1055 2953 1507 3010 Chalcedonensis
1541 2955 1818 3024 profanum

235 3041 527 3112 judicavit,
562 3042 699 3096 sicut
755 3044 995 3113 judicare
1043 3044 1329 3111 debuerat,
1386 3046 1638 3117 Eutychis
1678 3047 1819 3117 judi-

235 3133 376 3185 cium
401 3132 453 3189 in
480 3147 635 3185 causa
668 3132 934 3187 Theodori
980 3136 1170 3203 sequi,
1220 3144 1403 3189 contra
1450 3152 1604 3205 quem
1648 3134 1820 3190 fuerat

1929 1963 2046 2002 sum
2077 1949 2284 2002 cuidam
2315 1958 2397 2003 est
2445 1950 2530 2004 vel
2577 1951 2777 2006 sentire
2812 1951 2893 2005 vel
2946 1951 3156 2019 dicere,
3188 1953 3327 2022 quod
3374 1953 3510 2008 inter

1930 2049 2182 2109 utrosque
2229 2041 2431 2093 medius
2480 2057 2579 2095 nec
2630 2042 2921 2109 pra:dicare
2978 2043 3126 2098 illum
3200 2044 3337 2099 volui
3414 2060 3510 2098 nec

1928 2133 2179 2185 damnare
2210 2151 2221 2184 :
2274 2133 2567 2202 praesertim
2614 2134 2735 2200 quia
2762 2175 2775 2196 ,
2810 2136 2945 2187 sicut
2982 2134 3228 2201 superius
3258 2136 3508 2199 diximus,

1929 2237 2033 2275 non
2085 2222 2273 2274 saltem
2323 2222 2497 2275 solum
2547 2222 2926 2287 Theodorum,
2979 2224 3072 2278 sed
3123 2239 3308 2280 omnes
3338 2225 3425 2293 qui
3457 2228 3505 2277 ci

1927 2312 2209 2365 anathema
2237 2328 2341 2366 non
2373 2312 2556 2366 dicunt
2580 2354 2595 2377 ,
2628 2312 3340 2368 anathematisubdiderunt.
3368 2314 3505 2380 Quo-

1928 2404 2084 2457 modo
2113 2412 2288 2457 autem
2320 2403 2573 2459 facillime
2606 2404 2916 2473 probaretur
2944 2422 3051 2460 non
3076 2422 3194 2461 esse
3223 2407 3504 2462 dicendum

1927 2497 2211 2551 anathema
2242 2495 2525 2550 Theodoro
2545 2536 2561 2562 ,
2594 2496 2692 2551 nisi
2715 2504 2769 2549 et
2791 2512 2973 2551 omnes
3004 2498 3283 2553 anathema
3307 2499 3378 2553 illi
3401 2515 3505 2553 non

1926 2587 2165 2641 dicentes
2192 2586 2310 2656 ejus
2354 2588 2679 2642 damnationi
2712 2588 3095 2659 conjungerent
3118 2590 3141 2644 τ
3167 2591 3319 2657 Quod
3350 2608 3505 2660 quam

1926 2681 2145 2735 crudele
2180 2688 2325 2736 esset
2367 2692 2419 2736 et
2459 2681 2618 2736 nitnis
2651 2682 2918 2750 iniquum,
2950 2684 3049 2736 etsi
3108 2682 3209 2738 hoc
3239 2685 3377 2738 nulla
3410 2686 3505 2739 Pa«

1927 2783 2065 2826 trum
2096 2772 2357 2827 sententia
2414 2770 2527 2826 fieri
2570 2783 2839 2851 vetaretur
2860 2813 2876 2839 ,
2912 2774 3093 2828 videre
3120 2774 3373 2844 perfacile
3401 2786 3501 2831 est.

1925 2861 2171 2931 Nunquid
2202 2861 2345 2916 enim
2377 2861 2660 2915 anathema
2690 2879 2805 2917 esse
2823 2863 3078 2919 deberent
3104 2865 3192 2934 qui
3222 2865 3505 2922 Theodoro

1924 2950 2281 3019 Mopsuestim,
2312 2951 2393 3004 vel
2415 2953 2540 3020 quia
2568 2952 2864 3022 ἰιιοωςιιίιυε
2892 2963 2944 3008 et
2967 2955 3197 3009 incertos
3226 2955 3505 3020 haberent,

1923 3043 1967 3097 si
2003 3040 2230 3095 fuissent
2276 3040 2435 3109 aliqui
2468 3041 2584 3110 ejus
2614 3043 2845 3108 erroris,
2879 3045 2962 3098 vel
3001 3047 3123 3114 quia
3154 3044 3204 3098 in
3250 3045 3503 3102 Ecclesia:

1927 3150 2056 3203 pare
2106 3134 2390 3190 defunctus
2439 3144 2561 3200 est,
2618 3146 2915 3190 metuerent
2960 3137 3239 3189 anathema
3295 3138 3504 3193 dicere?

237 3233 555 3297 congregata
581 3266 595 3288 ,
628 3225 799 3293 potius
831 3242 991 3294 quam
1040 3228 1261 3280 istorum
1308 3227 1521 3280 Patrum
1545 3270 1559 3293 ,
1594 3242 1817 3295 quorum
1849 3213 1895 3275 (Σ
1928 3225 2057 3279 Nam
2088 3227 2133 3280 si
2162 3226 2397 3279 cavillari
2428 3226 2705 3294 quisquam
2739 3226 2923 3280 volens
2952 3225 3182 3295 ohjectet
3209 3230 3306 3293 eis,
3336 3246 3398 3282 ac
3426 3230 3506 3283 di-

236 3336 358 3373 eum
386 3316 703 3374 testimoniis
734 3316 1040 3375 refellebat:
1085 3325 1138 3370 et
1186 3317 1304 3370 ideo
1332 3359 1346 3382 ,
1382 3316 1588 3370 Domno
1634 3317 1822 3371 Αηιίο-

235 3415 413 3468 clienti
442 3428 564 3465 cum
616 3414 799 3466 multis
855 3413 1097 3467 Patribus
1125 3419 1438 3467 allc5Iantes
1469 3409 1606 3475 quod
1656 3410 1823 3461 divul-

234 3504 540 3575 gatissimns
567 3504 903 3569 Theodorus,
930 3520 1047 3560 cum
1083 3521 1275 3574 magno
1301 3506 1505 3561 Joanne
1533 3522 1619 3576 qui
1643 3504 1821 3561 sedem

238 3596 399 3664 regia:
429 3596 658 3650 civitatis
687 3596 936 3663 ornavit,
988 3611 1016 3648 a
1069 3596 1299 3650 Diodoro
1348 3599 1445 3663 piis
1490 3598 1821 3665 dogmatibus

235 3692 395 3743 fuerit
448 3691 754 3757 enutritus,
826 3689 1106 3757 epistolam
1183 3689 1503 3743 venerabilis
1552 3689 1657 3743 Iba:
1711 3690 1822 3744 sive

235 3782 579 3838 Theodorum
602 3783 959 3837 condemnare
982 3798 1085 3835 non
1118 3781 1325 3846 debuit,
1359 3797 1476 3834 cum
1502 3797 1566 3836 ex
1590 3796 1649 3836 ea
1686 3782 1821 3835 reri-

234 3879 335 3932 tari
369 3877 551 3931 laudes
582 3878 697 3947 ejus
741 3876 1063 3931 adverteret.
1100 3876 1306 3944 Quippe
1352 3890 1474 3929 cum
1498 3884 1552 3929 et
1581 3874 1681 3929 hoc
1711 3877 1818 3929 sci-

234 3980 356 4034 ret,
407 3972 525 4039 quia
573 3984 908 4024 commnnem
958 3968 1023 4022 ab
1069 3968 1450 4038 Apolinaristis
1496 3978 1549 4023 et
1581 3967 1820 4039 Eutyche

232 4065 626 4117 accusationem
658 4077 778 4117 cum
810 4076 906 4114 suo
944 4060 1197 4131 magistro
1232 4061 1465 4115 Diodoro
1495 4061 1814 4127 susdnebat,

236 4155 527 4209 Diodorum
551 4169 679 4209 vero
709 4154 953 4207 similiter
978 4154 1141 4207 sciret
1172 4161 1359 4206 testem
1412 4153 1620 4222 pictatis
1643 4152 1816 4206 claro-

234 4264 464 4318 rumque
504 4247 853 4303 certaminum
907 4246 1154 4299 habuisse
1204 4260 1452 4315 magnum
1489 4246 1737 4299 Basiliam
1766 4255 1819 4299 et

233 4353 477 4396 sanctum
508 4342 775 4396 bleletium
799 4382 813 4406 ,
843 4355 870 4393 a
905 4346 1056 4408 cujus
1084 4340 1300 4394 nomine
1328 4339 1510 4394 Ariani
1528 4355 1625 4395 nos
1656 4342 1820 4395 Mele-

232 4436 410 4489 tiauos
446 4435 757 4505 appellant;
800 4442 854 4489 et
904 4432 1218 4503 Gregorium
1258 4440 1313 4488 et
1341 4434 1564 4489 alterum
1616 4434 1816 4505 Grego-

231 4530 407 4595 rium,
463 4543 581 4582 cum
626 4527 818 4597 quibus
876 4528 1087 4582 beatum
1148 4526 1451 4581 Nectarium
1506 4527 1557 4580 in
1615 4528 1814 4596 regiam

1926 3325 2012 3369 cat
2043 3331 2058 3370 :
2087 3315 2222 3383 Quid
2268 3315 2586 3369 commeruit
2631 3317 2930 3371 innocentia
2962 3320 3238 3372 infantium
3292 3322 3376 3374 vel
3408 3338 3505 3372 ne-

1927 3407 2146 3462 (essitas
2182 3417 2480 3470 mutorum,
2524 3414 2581 3459 ut
2621 3422 2650 3460 a
2700 3408 2847 3461 vobis
2874 3410 3152 3467 anathema
3203 3410 3387 3471 flerent
3417 3415 3504 3482 qui

1927 3523 2024 3560 nec
2050 3500 2336 3560 Theodoro
2365 3498 2698 3571 Mopsuestia:
2730 3518 2828 3557 nec
2872 3504 3120 3573 cuiquam
3166 3504 3345 3559 dicere
3376 3521 3503 3573 pos-

1925 3606 2047 3651 sunt
2078 3597 2397 3651 anathema?
2423 3596 2642 3650 Multum
2691 3610 2785 3664 pro
2813 3608 2907 3648 sua
2940 3596 3125 3662 peritia
3146 3637 3162 3665 ,
3204 3599 3339 3651 sicut
3366 3600 3506 3653 arhi-

1928 3702 2037 3743 tror
2056 3733 2069 3756 ,
2108 3689 2426 3744 :estuabunt.
2452 3688 2719 3753 Quantum
2760 3701 2918 3756 porro
2948 3699 3001 3743 et
3030 3688 3263 3757 ipsorum
3298 3691 3504 3743 hmrcti-

1924 3796 2108 3835 corum
2152 3788 2389 3845 mentes,
2436 3795 2555 3833 cum
2600 3778 2651 3833 in
2692 3779 2978 3842 omnibus,
3030 3789 3137 3833 tum
3181 3782 3410 3835 maxime
3449 3783 3503 3836 in

1927 3871 2025 3926 hoc
2069 3870 2241 3937 facto,
2276 3869 2469 3924 furoris
2499 3870 2577 3923 sui
2620 3870 2733 3925 zelo
2766 3870 2961 3923 fuerint
2989 3870 3285 3925 obscuratae
3310 3913 3324 3937 ,
3374 3874 3503 3928 satis

1923 3963 2124 4017 clarum
2156 3970 2240 4017 est
2271 3978 2284 4015 :
2317 3963 2402 4030 qui
2434 3960 2556 4015 dum
2586 3961 2758 4033 longis
2794 3975 2902 4016 sua:
2924 3960 3166 4017 factionis
3191 3963 3505 4032 ambagibus

1924 4056 1988 4111 ad
2033 4056 2433 4111 evacuationem
2488 4054 2941 4110 Chalcedonensis
2984 4056 3174 4126 synodi
3219 4057 3504 4126 pervenire

1923 4150 2282 4215 contendunt,
2337 4152 2455 4205 illos
2502 4150 2660 4204 etiam
2691 4150 2876 4204 l'atres
2905 4165 3037 4218 quos
3067 4153 3307 4205 venerari
3330 4166 3386 4204 se
3425 4151 3502 4204 di-

1923 4254 2079 4311 cunt,
2135 4244 2295 4297 simul
2346 4244 2505 4297 etiam
2539 4242 2882 4296 condemnari
2931 4257 3050 4297 cum
3082 4240 3365 4299 Theodoro
3404 4259 3509 4295 nes

1922 4338 2176 4391 scierunt.
2202 4334 2332 4388 Nam
2365 4334 2587 4387 doceant
2622 4349 2719 4387 nos
2766 4334 2846 4388 vel
2893 4329 2990 4402 ipsi
3041 4334 3120 4388 vel
3152 4334 3383 4387 fautores
3411 4351 3500 4388 eo-

1924 4443 2077 4492 rum,
2136 4428 2181 4481 si
2216 4440 2340 4480 vere
2371 4424 2570 4495 aliquid
2618 4434 2878 4493 possunt,
2927 4424 3194 4494 quomodo
3240 4424 3397 4477 simul
3451 4436 3503 4476 ct

1924 4518 2242 4575 Theodorus
2288 4515 2404 4569 talis
2448 4515 2818 4584 pronuntietur
2848 4514 3157 4576 baareticus,
3191 4520 3249 4567 ut
3295 4512 3360 4564 ab
3389 4512 3513 4580 ejus

228 4620 502 4671 civitatem
532 4618 840 4688 episcopum
864 4618 1167 4685 ordinavit,
1202 4632 1432 4687 cumque
1448 4618 1817 4672 Alexandrinis
1845 4608 1898 4670 D
1923 4613 2139 4667 nomine
2177 4611 2284 4677 jam
2313 4605 2671 4661 Theodoriani
2724 4616 2982 4658 vocentur
3008 4644 3021 4667 ,
3072 4604 3161 4672 qui
3206 4603 3507 4657 Nestoriaid

204 4710 520 4783 episcopis,
552 4709 599 4761 id
632 4719 715 4763 est
761 4708 1055 4762 Athanasio
1098 4724 1321 4777 magno,
1354 4718 1407 4761 ct
1464 4709 1620 4762 Petro
1649 4718 1703 4762 et
1728 4709 1816 4762 Ti-

228 4800 449 4852 motheo
471 4799 821 4853 conlloruisse
848 4843 861 4866 ,
895 4798 1034 4868 quod
1069 4801 1227 4852 etiam
1260 4814 1324 4853 ex
1358 4815 1541 4853 eorum
1571 4799 1814 4869 epistolis

222 4899 424 4960 quarto
453 4890 588 4943 libro
618 4890 931 4956 docuimus;
964 4890 1098 4944 sicut
1131 4891 1302 4955 ipsum
1331 4904 1541 4959 quoque
1570 4890 1815 4944 Theodo-

220 4996 348 5034 rum
380 4995 501 5033 cum
543 4979 877 5049 Theophila,
929 4980 1055 5034 viris
1103 4980 1216 5034 vice
1262 4980 1601 5033 luminarium
1628 4980 1811 5035 orbem

219 5072 640 5127 illustrantibns.
666 5071 932 5140 Etutique
961 5088 1065 5126 non
1101 5079 1280 5139 posset
1303 5084 1490 5139 magna
1516 5066 1799 5124 Chalcedo-

221 5162 414 5219 nensis
443 5164 681 5234 synodus
725 5166 928 5220 crimen
979 5163 1327 5218 intolerabilis
1377 5164 1810 5233 praesumptionis

219 5256 492 5322 evadere,
523 5258 565 5310 si
595 5257 983 5325 Apolimristas
1025 5265 1081 5311 et
1130 5256 1422 5329 Entyi-hem
1453 5263 1768 5325 sequeretur
1792 5297 1807 5321 ,

216 5346 317 5417 qui
358 5345 651 5400 Diodorum
682 5357 736 5401 et
765 5347 1103 5401 Theodorum
1128 5360 1246 5400 cum
1278 5346 1470 5399 Basilio
1496 5353 1551 5400 et
1577 5345 1806 5409 Meletio,

217 5447 280 5493 et
302 5446 525 5507 utroque
558 5436 846 5505 Gregorio,
872 5444 925 5490 et
953 5436 1175 5499 Joanne,
1211 5445 1263 5490 et
1286 5435 1553 5501 Nectario,
1573 5444 1623 5489 et
1647 5435 1810 5489 Atha-

216 5527 399 5587 na~io,
438 5535 493 5579 et
540 5527 697 5581 Petro
722 5571 734 5587 .
782 5539 835 5582 et
878 5527 1166 5581 Timotheo
1190 5536 1349 5595 atque
1386 5525 1686 5594 Theophifo
1714 5572 1726 5590 ,
1758 5527 1807 5580 in

217 5617 608 5687 praedicatione
638 5619 784 5672 Verbi
813 5628 1158 5674 conversatos
1210 5617 1327 5673 sine
1369 5618 1618 5688 querela,
1667 5619 1811 5673 falsis

298 5770 311 5799 ¹
350 5768 482 5821 Cod.
519 5768 738 5829 Veron”
770 5771 901 5823 nihil
922 5773 971 5822 in
1008 5771 1078 5823 eis
1119 5787 1364 5839 unquam.

294 5841 315 5869 ‘
349 5840 495 5894 ldetn
522 5838 618 5895 cod
653 5882 667 5907 ,
700 5857 852 5910 quam
890 5842 1131 5897 diximus.

1926 4703 2180 4755 hactenus
2210 4698 2567 4762 vocabantur;
2601 4704 2655 4749 et
2682 4694 2986 4749 laudatores
3013 4693 3135 4748 ﬁdei
3163 4704 3215 4749 et
3243 4694 3502 4748 doctrina:

1923 4791 2039 4863 ejus
2071 4806 2174 4845 non
2206 4789 2488 4843 vidcantur
2515 4784 2781 4851 hzeretici,
2812 4794 2872 4840 ut
2902 4785 2967 4840 de
2995 4784 3140 4839 onmi
3167 4786 3399 4841 Ecclesia
3427 4798 3502 4841 ta-

1922 4898 2101 4947 ceam,
2135 4896 2252 4950 qum
2278 4880 2448 4947 illum,
2477 4878 2645 4933 donec
2675 4876 2884 4931 advixit
2908 4917 2922 4944 ,
2948 4877 3130 4932 habuit
3161 4878 3500 4936 honoratum.

1924 4974 2018 5028 llic
2072 4975 2248 5043 itaque
2280 4973 2505 5040 probent
2549 4969 2896 5025 subtilitatem
2942 4985 3053 5025 sua:
3082 4970 3360 5026 doctrinm.
3408 4975 3507 5033 llic

1921 5076 2204 5122 exerceant
2225 5062 2353 5119 illud
2381 5062 2645 5133 ingenium
2670 5065 2911 5131 petulans
2925 5078 3310 5135 procacetnque
3329 5070 3500 5124 scien-

1920 5162 2074 5221 liam,
2107 5159 2195 5229 qui
2251 5157 2420 5226 perite
2449 5154 2809 5225 phiIOSOphari
2838 5171 2896 5212 se
2925 5166 3145 5227 putant,
3178 5162 3265 5231 qui
3298 5163 3498 5216 calum-

1918 5254 2052 5306 niari
2108 5251 2225 5305 aliis
2266 5249 2491 5306 mortuis
2557 5260 2820 5318 possunt,
2882 5267 3003 5307 cum
3060 5251 3350 5309 defendere
3404 5271 3503 5313 sua

1919 5343 2058 5396 diota
2093 5358 2197 5396 non
2230 5352 2471 5411 possunt.
2502 5344 2730 5416 Ideoque
2757 5345 2834 5398 vel
2856 5360 2996 5401 nunc
3023 5347 3279 5401 admoniti
3305 5346 3525 5405 debent.

1922 5433 2075 5489 nobis
2101 5434 2120 5464 ³
2151 5434 2451 5504 improbare
2474 5436 2615 5504 quod
2641 5436 2833 5490 factum
2857 5448 2955 5491 est.
2980 5437 3128 5504 Quod
3148 5438 3191 5491 si
3212 5436 3494 5497 noluerint,

1917 5525 2165 5579 catholici
2197 5525 2385 5580 saltem
2432 5526 2680 5581 desinant
2730 5527 2812 5585 vel
2859 5527 3055 5597 injuste
3088 5528 3167 5580 vel
3209 5526 3366 5581 nimis
3411 5540 3498 5579 se-

1918 5635 2042 5675 vere
2067 5620 2133 5674 de
2162 5620 2383 5674 mortuis
2421 5621 2688 5689 judicare,
2736 5630 2787 5675 et
2816 5620 3002 5690 synodi
3048 5618 3523 5676 Chalcedonensis.

1992 5779 2007 5807 -‘
2038 5778 2177 5833 Isletn
2214 5779 2357 5841 cod.,
2394 5779 2670 5832 nobiscum.
