3974 6330
190 294 309 353 729⁷

1049 298 1183 355 rno
1224 296 1654 355 nsrsnsrons
1687 295 1901 351 'i'nzuu
1940 294 2255 350 CAPITUL.
2299 294 2425 349 LIB.
2463 293 2593 350 vni.

3371 294 3474 349 7'50

190 412 377 490 piendi
401 428 510 469 non
558 423 685 470 sunt
729 414 990 471 adversus
1019 412 1270 467 eumdem
1304 411 1672 472 Theodorum,
1704 409 1783 462 te!
1818 413 1861 468 Λ
1891 409 1961 461 2.)
1989 418 2043 463 et
2069 407 2295 479 amplius
2316 406 2481 462 libros
2513 405 3061 475 irreprchcnsibiliter
3084 407 3319 464 scribere
3349 424 3475 463 cou-

190 509 370 582 potins
394 509 659 564 adversus
691 510 863 579 ipsum
894 509 1107 563 beatum
1146 504 1435 576 Cyrillum,
1465 518 1624 572 quem
1657 502 1787 555 talia

190 601 443 667 dicendo,
467 610 726 671 quantum
754 601 807 655 in
835 600 939 655 illis
961 608 1064 667 est,
1090 598 1484 653 inconstantem
1510 594 1678 649 videri
1707 592 1787 646 fa-

190 694 342 750 ciunt
366 704 528 764 atque
554 691 888 748 mutabilem.
924 690 1056 745 Nam
1088 686 1391 745 defensioni
1411 685 1601 758 synodi
1626 683 1789 739 Chal-

190 787 535 855 cedonensis,
596 801 717 857 quae
789 784 1136 840 Theodorum
1198 798 1303 838 non
1351 780 1616 849 judicavit
1669 794 1790 833 es~e

191 878 583 942 damnandum,
616 877 829 933 tametsi
864 877 1066 931 nullam
1100 891 1196 945 pro
1222 890 1288 929 eo
1319 873 1513 945 Cyr-illi
1544 871 1787 942 episcopi

192 969 521 1023 sententiain
580 964 1261 1030 teneremus,'sufﬁcerent
1306 964 1492 1032 procul
1522 962 1686 1019 dubio
1710 969 1791 1016 tot

195 1057 428 1111 aliorum
480 1056 700 1110 Patrum
732 1056 1071 1120 testimonia;
1100 1052 1375 1109 sufﬁceret
1412 1062 1712 1123 postremo,
1744 1050 1791 1106 si

199 1146 313 1204 haec
343 1148 504 1204 etiam
527 1145 849 1212 defuissent,
885 1146 1145 1201 Ecclesia:
1176 1145 1454 1200 catholicai
1485 1142 1792 1199 communi-

194 1242 357 1307 catio,
391 1241 444 1296 in
474 1240 632 1311 cujus
661 1255 792 1311 pace
824 1256 929 1294 non
953 1241 1126 1294 solum
1154 1240 1271 1294 sine
1296 1239 1404 1292 ulla
1436 1237 1674 1309 querela,
1699 1236 1791 1291 scd

193 1336 360 1389 ctiam
389 1349 509 1389 cum
539 1334 709 1405 gloria
738 1347 928 1403 magna
956 1330 1238 1387 defunctus
1264 1341 1363 1385 cst.

820 1487 1045 1544 CAPUT
1090 1487 1172 1541 Vl.

201 1605 357 1674 Quod
384 1604 575 1674 officere
608 1602 872 1674 Theodoro
900 1618 1001 1654 non
1035 1601 1307 1674 debeansi
1329 1600 1679 1674 contraith
1708 1616 1797 1654 im-

271 1687 380 1728 ειεα
411 1670 671 1743 scripserit
698 1672 947 1742 (Egi-illus,
976 1681 1021 1725 et
1049 1673 1185 1741 quod
1216 1673 1455 1724 dainnari
1499 1670 1795 1723 Theodorus

280 1748 391 1819 sine
422 1746 653 1800 Diodoro
682 1762 785 1799 non
815 1745 999 1814 possit.

274 1901 591 1972 Repellcndi
622 1915 753 1969 ergo
780 1906 905 1952 sunt
928 1912 990 1952 ac
1037 1897 1233 1951 merito
1263 1895 1549 1950 coercendi
1580 1894 1666 1963 qui
1694 1910 1791 1948 vo-

204 1998 380 2051 lentes
437 1996 490 2049 in
542 1992 921 2064 przejudicium
973 1999 1173 2046 sancta:
1221 1989 1412 2061 synodi
1444 1987 1793 2043 condemnari

204 2088 574 2151 Theodorum,
601 2085 762 2139 tantis
792 2081 1115 2138 venerandis
1141 2081 1403 2145 Patribus,
1436 2089 1487 2135 et
1513 2078 1792 2139 Ecclesizc,

207 2179 421 2249 sibique
464 2177 564 2247 ipsi
611 2174 826 2230 beatum
857 2172 1115 2240 Cyrillum
1150 2172 1375 2241 posthac
1424 2168 1797 2224 dicuntexsti-

206 2253 338 2325 tisse
370 2269 721 2323 contrarium.
748 2263 816 2321 Ut
844 2276 1022 2319 autem
1055 2278 1162 2318 non
1193 2271 1505 2327 sus-pectunt
1536 2261 1794 2315 lectorem

208 2360 290 2414 vel
320 2358 543 2414 dubium
589 2356 980 2425 relinquamus,
1011 2354 1123 2408 sive
1162 2352 1445 2421 scripserit
1473 2350 1674 2420 aliquid
1704 2351 1799 2403 ad-

210 2471 400 2511 versus
419 2452 763 2509 Theodorum
794 2448 1052 2521 Cyrillus,
1088 2448 1205 2503 sive
1234 2463 1340 2501 non
1372 2446 1673 2516 scripserit,
1704 2445 1799 2499 de-

210 2547 389 2604 fensio
415 2544 609 2618 synodi
635 2546 649 2576 ¹
685 2538 846 2599 debet
869 2543 1024 2597 nobis
1052 2559 1117 2597 ex
1146 2541 1292 2596 omni
1348 2547 1501 2608 parte
1527 2547 1797 2593 constare.

214 2641 283 2695 Et
308 2640 431 2696 ideo
457 2648 665 2695 certum
718 2637 913 2706 aliquid
941 2636 1009 2691 de
1036 2639 1137 2691 hoc
1170 2635 1378 2689 incerto
1401 2631 1796 2686 conﬁciendum

212 2741 325 2797 est,
354 2732 497 2801 quod
539 2739 688 2785 recte
717 2739 900 2784 secuta
957 2728 1220 2791 videatur,
1254 2736 1309 2780 ut
1338 2724 1685 2779 Theodorum
1718 2725 1803 2778 vel

209 2826 332 2897 ejus
358 2825 608 2893 dogmata
656 2838 761 2877 non
820 2821 1119 2884 damnaret,
1168 2834 1287 2873 cuni
1316 2816 1457 2886 apud
1480 2817 1803 2871 se‘recitari

209 2919 405 2978 laudes
434 2920 553 2988 ejus
599 2915 1079 2971 animadverteret.
1125 2913 1474 2968 Inveniuntur
1525 2911 1706 2979 itaque
1737 2927 1803 2965 ex

211 3011 435 3066 nomine
484 3011 623 3065 beati
681 3007 864 3079 Cyrilli
918 3006 1163 3076 qumdnm
1207 3012 1394 3059 contra
1436 3000 1805 3063 Theodorum,

210 3107 463 3178 quadam
491 3121 586 3174 pro
613 3104 900 3159 Theodoro
930 3101 1151 3168 scripta.
1187 3098 1334 3154 Unde
1361 3110 1582 3151 necesse
1608 3104 1691 3149 est
1718 3102 1809 3147 aut

1895 512 1973 556 tra
1999 499 2285 556 haereticos
2318 509 2522 570 posset,
2560 514 2731 569 neque
2755 501 3066 570 evangelica
3108 510 3164 556 et
3189 502 3477 571 apostolica

1893 592 2093 660 scripta
2121 602 2270 647 recte
2308 590 2671 659 interpretari,
2696 592 2740 645 si
2770 593 2910 646 male
2930 592 3217 663 quidquam
3238 593 3304 647 de
3325 593 3481 647 Chri-

1891 686 2067 740 stiana
2096 684 2199 739 ﬁde
2227 683 2490 739 sentiret?
2536 682 2812 752 Siquidem
2841 698 3029 738 omnes
3062 685 3341 739 hazreticos
3366 700 3472 738 non

1896 776 2113 832 aliunde
2160 775 2331 844 magis
2356 790 2515 844 quam
2544 775 2612 829 de
2635 773 2931 843 Scripturis
2958 774 3283 844 evangelicis
3310 784 3469 846 atque

1892 865 2204 937 apostolicis
2231 863 2545 920 refutamus.
2574 865 2734 920 Etest
2754 867 2975 920 omnino
3004 866 3103 919 sibi
3124 866 3473 930 Contrarium,

1896 969 1949 1013 ut
1979 959 2140 1013 simul
2184 958 2392 1012 dicatur
2421 958 2704 1027 quisquam
2738 966 2791 1012 et
2840 957 3148 1027 evangelica
3176 967 3232 1013 et
3256 968 3475 1027 aposto—

1896 1051 1998 1105 lica
2028 1050 2227 1120 scripta
2252 1060 2396 1105 recte
2424 1049 2802 1119 interpretatus
2824 1047 3008 1115 fuisse,
3046 1058 3101 1104 et
3123 1064 3227 1103 non
3249 1058 3393 1104 recte
3416 1050 3484 1105 de

1896 1151 1919 1195 (ν
1940 1141 2195 1197 hristiana
2219 1142 2321 1197 ﬁde
2344 1141 2598 1197 sensisse.
2630 1140 2781 1208 Quod
2809 1141 2855 1196 si
2877 1150 2931 1197 et
2956 1141 3073 1196 hinc
3101 1148 3289 1195 contra
3308 1141 3484 1196 Theo-

1896 1241 2086 1295 dorum
2141 1239 2360 1309 scripta,
2390 1252 2511 1308 quae
2552 1236 2667 1292 sola
2699 1245 3016 1299 putarentur
3041 1251 3162 1292 esse
3205 1236 3344 1291 beati
3374 1234 3484 1307 Cy-

1900 1336 2025 1398 rilli,
2050 1349 2156 1389 non
2207 1334 2495 1402 semetipsa
2528 1332 2890 1397 destruerent,
2944 1346 3104 1386 nemo
3134 1331 3238 1386 nisi
3290 1330 3485 1386 absur-

1898 1427 2152 1482 dissimus
2169 1426 2436 1497 judicaret
2461 1424 2602 1495 quod
2640 1441 2744 1479 non
2773 1439 2959 1479 eorum
2982 1424 3195 1477 Patrum
3226 1425 3276 1476 in
3307 1423 3484 1478 Theo-

1896 1521 2030 1573 doro
2057 1520 2305 1574 debuerit
2348 1518 2495 1585 sequi
2544 1517 2893 1580 sententiam,
2925 1516 3013 1585 qui
3045 1531 3167 1568 cum
3193 1514 3285 1568 illo
3315 1514 3364 1566 in
3389 1528 3482 1567 ea-

1898 1613 2018 1665 dem
2060 1610 2334 1679 provincia
2386 1609 2668 1677 degentes,
2700 1617 2753 1661 et
2804 1606 3073 1674 frequenti
3120 1618 3181 1659 ac
3235 1602 3485 1658 familiari

1903 1702 2269 1754 moderatione
2320 1699 2438 1752 ﬁdei
2496 1698 2835 1752 conferentes
2877 1698 2921 1763 ²,
2976 1696 3177 1765 Optime
3229 1702 3487 1748 noverant

1828 1790 1873 1847 Β
1905 1810 2003 1863 qua
2025 1794 2319 1847 intentione
2342 1793 2677 1860 diceretque:
2701 1791 2908 1858 aliquos
2932 1789 3387 1855 hancignorautes
3412 1786 3490 1836 vi»

1897 1890 2093 1941 dentur
2117 1885 2415 1943 offendere.
2444 1884 2618 1938 Nimis
2645 1884 2789 1937 enim
2819 1897 2983 1950 grave
3008 1882 3185 1936 fuerat
3206 1893 3369 1934 sonos
3394 1894 3487 1934 se-

1898 1978 1985 2048 qui
2013 1977 2324 2043 verborum,
2354 1976 2460 2030 imo
2481 1976 2629 2044 signa
2652 1988 2907 2027 sonorum
2936 1979 3237 2026 atramento
3259 1971 3310 2023 in
3331 1970 3490 2024 char-

1902 2068 2026 2123 tulis
2040 2069 2283 2139 ﬁgurata,
2298 2079 2351 2123 et
2365 2076 2709 2122 contemnere
2723 2074 3025 2119 sanctarum
3038 2061 3485 2117 conscientiarum

1903 2160 2232 2224 testimonia,
2248 2159 2446 2227 scripta
2469 2174 2575 2212 non
2590 2167 2661 2211 ati
2676 2166 2912 2221 amento,
2926 2154 3020 2210 sed
3042 2153 3231 2224 spiritu
3245 2151 3340 2207 Dei
3360 2152 3487 2214 vivi,

1902 2266 2005 2304 non
2035 2250 2086 2304 in
2112 2250 2371 2303 chartulis
2391 2248 2485 2303 sed
2518 2249 2567 2301 in
2587 2246 2786 2301 tabulis
2810 2246 3116 2301 carnalibus
3136 2243 3181 2311 ³,
3204 2259 3325 2313 qua:
3352 2242 3485 2297 duc-

1903 2342 2057 2396 trinze
2087 2335 2363 2396 Theodori
2388 2338 2753 2395 testimonium
2789 2338 3164 2408 praaferebant.
3199 2334 3333 2390 Illud
3364 2351 3491 2391 vero

1901 2433 2023 2503 quis
2053 2433 2155 2487 nisi
2186 2430 2618 2487 inconsideratus
2647 2430 2853 2496 credat,
2891 2430 2993 2485 nisi
3022 2426 3303 2497 impudens
3324 2426 3487 2489 dicat,

1906 2525 2006 2580 nisi
2036 2525 2335 2584 obstinatus
2365 2520 2619 2588 afﬁrmet,
2666 2522 2810 2590 quod
2840 2536 2870 2576 a
2903 2530 3088 2576 sancta
3128 2518 3336 2591 synodo
3390 2516 3493 2589 Cy-

1908 2618 2060 2672 rillns
2084 2618 2166 2671 vel
2190 2617 2294 2671 soli
2322 2616 2515 2670 Joanni
2544 2614 3159 2683 Constantinopolitano,
3191 2625 3297 2666 non
3320 2609 3494 2664 dicant

1910 2704 2172 2774 praeferri,
2202 2707 2296 2760 sed
2329 2704 2563 2775 conferri
2591 2703 2860 2768 debuerit,
2888 2719 2995 2757 non
3018 2711 3221 2757 tantum
3249 2718 3347 2771 pro
3376 2716 3497 2756 ina-

1902 2798 2025 2869 jore
2056 2798 2368 2853 meritorum
2425 2797 2649 2851 Joannis
2699 2795 3044 2861 auctoritate,
3090 2809 3276 2849 verum
3333 2793 3495 2847 etiam

1908 2892 2051 2959 quod
2087 2889 2155 2945 de
2203 2888 2492 2945 Theodoro
2523 2889 2625 2957 ipsi
2655 2888 2848 2958 magis,
2880 2888 3019 2942 sicut
3072 2887 3295 2956 antiquo
3323 2885 3498 2940 amico

1910 2990 1965 3033 et
1994 2996 2024 3035 a
2072 2980 2335 3050 principio
2366 2980 2762 3051 condiscipulo,
2809 2978 3036 3034 credere
3075 2978 3294 3046 debuit,
3335 2991 3495 3045 quam

1911 3072 2134 3143 Cyrillo,
2183 3087 2339 3140 quem
2375 3080 2597 3127 noverat
2635 3070 2798 3125 etiam
2833 3070 2898 3123 de
2922 3071 3037 3138 ipso
3065 3069 3269 3123 Joanne
3294 3067 3489 3122 simili-

214 3211 446 3269 utraque
473 3212 593 3251 esse
624 3194 766 3250 beati
789 3193 1001 3265 Cyrilli,
1032 3200 1126 3245 aut
1154 3199 1366 3250 neutra,
1396 3196 1491 3241 aut
1518 3201 1702 3241 eorum
1725 3184 1805 3237 al-

1916 3176 1996 3217 ter
2020 3165 2126 3229 jam
2178 3161 2433 3217 defuncto
2472 3172 2662 3217 contra
2707 3159 2967 3229 judicium
3021 3161 3165 3215 sedis
3195 3160 3501 3229 apostolica)

217 3298 447 3344 terutra.
477 3286 531 3342 Si
560 3289 721 3358 igitur
747 3296 975 3354 utraque
1014 3282 1157 3337 beati
1184 3280 1366 3352 Cyrilli
1399 3280 1662 3338 dicentur,
1688 3291 1809 3329 cum

215 3397 345 3438 eum
379 3383 429 3437 in
453 3381 697 3450 utrisque
726 3379 826 3433 sibi
851 3377 1208 3441 contrarium,
1237 3375 1321 3428 vel
1342 3373 1389 3427 si
1421 3372 1600 3433 vellet,
1630 3382 1811 3425 sancta

217 3472 464 3544 synodus
485 3471 636 3541 sequi
674 3487 782 3525 non
814 3477 1001 3537 posset
1030 3484 1042 3519 :
1069 3468 1121 3521 in
1156 3466 1239 3521 his
1268 3482 1391 3519 eum
1423 3463 1576 3533 sequi
1607 3461 1811 3525 debuit,

221 3566 496 3635 inquibus
529 3581 637 3619 non
686 3564 965 3633 impugnat
1011 3561 1238 3615 aliorum
1269 3558 1565 3613 sententias
1599 3556 1813 3609 Patrum

226 3657 600 3725 Ecclesiazque
643 3653 928 3724 judicium.
959 3651 1015 3707 Si
1062 3665 1191 3704 vero
1237 3659 1422 3702 neutra
1454 3646 1597 3702 beati
1630 3643 1815 3714 Cyrilli

220 3764 352 3805 esse
380 3748 653 3812 dicentur,
699 3745 832 3800 nihil
860 3753 946 3800 est
987 3758 1084 3799 cur
1122 3751 1308 3799 sancta
1342 3737 1581 3808 synodus
1603 3744 1818 3805 putetur

224 3842 545 3910 impugnare
592 3837 850 3893 debuisse
921 3844 1192 3889 tantorum
1245 3828 1545 3884 sententias
1602 3827 1818 3881 Patrum

227 3926 881 3998 Ecclesimqueju‘dicium.
898 3923 991 3979 Sin
1010 3931 1188 3977 autem
1207 3920 1465 3974 alterutra
1478 3931 1664 3972 eorum
1683 3916 1820 3970 beati

225 4020 417 4090 Cyrilli
466 4034 588 4073 esse
629 4019 900 4083 dicentur,
935 4013 1197 4069 laudanda
1241 4023 1323 4066 est
1364 4019 1551 4065 sancta
1584 4009 1823 4080 synodus

226 4111 375 4183 quod
394 4111 481 4165 illa
503 4109 623 4180 ejus
651 4123 772 4164 csse
794 4106 1044 4170 ert-didit,
1069 4120 1189 4174 quae
1212 4119 1316 4156 non
1344 4101 1656 4169 impugnant
1684 4099 1821 4152 alio-

229 4220 355 4259 rum
396 4201 693 4257 sententias
716 4198 933 4254 Patrum
969 4197 1334 4262 Eccleslreque
1358 4192 1639 4262 judicium.
1673 4189 1821 4256 Quod

227 4296 279 4351 si
307 4293 469 4351 etiam
494 4293 673 4363 aliquo
703 4299 853 4346 certo
884 4298 939 4344 et
969 4287 1251 4343 manifesto
1284 4285 1482 4339 iudicio
1508 4283 1826 4352 probaretur

229 4386 378 4457 quod
409 4386 496 4440 illa
522 4394 711 4440 contra
741 4382 1083 4437 'l‘licodorutn
1115 4378 1292 4447 potius
1318 4391 1477 4445 quam
1511 4390 1606 4443 pro
1641 4372 1724 4427 Th
1762 4389 1821 4426 o-

225 4484 363 4536 doro
421 4480 617 4547 scripta
670 4476 809 4531 beati
850 4472 1041 4544 Cyrilli
1068 4471 1198 4535 sint,
1242 4469 1404 4538 idque
1448 4465 1827 4522 ostenderetur

1914 3257 2216 3323 scripsisse,
2270 3264 2328 3308 ut
2356 3270 2421 3308 ex
2483 3253 2726 3323 catalogo
2756 3254 3131 3323 episcoporum
3165 3268 3359 3307 nomen
3381 3253 3498 3318 ejus

1917 3352 2123 3406 Atticus
2151 3351 2437 3419 episcopus
2458 3347 2675 3416 juberet
2700 3345 2921 3411 auferri,
2947 3345 3098 3415 quasi
3130 3342 3335 3413 profani
3357 3346 3500 3399 etab

1917 3440 2303 3497 ecclesiasticis
2353 3439 2519 3492 muris
2554 3437 2777 3501 exclusi,
2810 3451 2875 3491 eo
2916 3435 3059 3505 quod
3092 3451 3197 3489 non
3226 3446 3503 3505 oporteret

1920 3534 2231 3589 traditorem
2278 3533 2470 3587 ludam
2524 3532 2723 3587 ascribi
2747 3546 2867 3585 cum
2906 3530 3186 3601 apostolis,
3214 3544 3388 3600 neque
3413 3530 3504 3585 Je-

1919 3628 2169 3683 clioniam
2225 3625 2505 3694 expulsum
2557 3623 2934 3678 conuumerari
2980 3637 3099 3677 cum
3135 3621 3302 3677 David
3327 3630 3383 3689 et
3410 3623 3506 3677 Sa-

1924 3723 2101 3777 muele
2130 3730 2187 3776 ct
2236 3717 2559 3790 prophetis?
2588 3732 2750 3788 quem
2799 3725 3023 3771 noverat
3052 3716 3214 3770 etiam
3254 3715 3510 3785 prmdicto

1923 3812 2211 3869 Theodoro
2231 3811 2675 3875 communicasse,
2701 3808 2875 3863 donec
2899 3816 3244 3877 superesset,
3285 3822 3386 3863 nec
3413 3825 3508 3861 IIII-

1924 3922 2082 3977 quam
2135 3905 2465 3974 corripuisse
2510 3902 2804 3966 viventem,
2852 3900 3066 3970 quando
3093 3910 3148 3956 et
3202 3900 3509 3968 ipseinter-

1930 3998 2126 4064 pretari
2159 3995 2508 4063 semetipsum
2554 4002 2759 4063 posset,
2790 4001 2842 4047 et
2876 4000 3083 4047 certum
3111 3990 3290 4047 facere
3318 3992 3363 4045 si
3388 3992 3517 4060 quid

1929 4096 1979 4147 in
2014 4092 2108 4146 illo
2136 4091 2360 4145 dubiutn
2409 4088 2724 4144 videretur?
2753 4088 3022 4158 Religiose
3053 4089 3232 4159 itaque
3276 4088 3515 4159 synodus

1930 4193 2131 4256 ageset,
2161 4186 2226 4248 si,
2253 4184 2412 4239 tidem
2440 4182 2623 4255 Cyrilli
2648 4182 2951 4251 approbans
2973 4182 3027 4237 in
3048 4197 3151 4253 qua
3184 4197 3289 4236 non
3311 4182 3511 4238 disseu.

1930 4282 1999 4331 sit
2030 4292 2060 4330 a
2089 4276 2356 4341 Patribus,
2407 4275 2772 4341 suspicionem
2802 4274 2919 4343 ejus
2945 4290 3104 4342 quam
3134 4273 3202 4328 de
3229 4275 3519 4330 Theodoro

1929 4376 2115 4421 contra
2148 4374 2417 4418 tantorum
2454 4363 2672 4416 Pati-um
2713 4363 3006 4417 sententias
3038 4363 3241 4429 habuit,
3269 4378 3371 4417 uon
3399 4379 3516 4432 pro-

1938 4463 2118 4523 baret;
2152 4458 2293 4511 sicut
2341 4458 2502 4511 etiam
2537 4456 2695 4510 ﬁdem
2725 4454 2946 4509 Joannis
2979 4455 3297 4509 Antioclieui
3336 4463 3389 4509 et
3414 4470 3517 4509 cae.-

222 4570 373 4641 quod
410 4540 651 4624 eamdem
680 4540 947 4638 synodum
977 4564 1198 4618 minime
1224 4563 1391 4614 latcre
1412 4556 1640 4627 potuerit
1670 4557 1823 4625 :quis
1854 4540 1905 4598 Ι)
1933 4562 2167 4604 teroruin
2217 4546 2577 4609 orientalium,
2651 4557 2812 4613 atque
2865 4543 3097 4598 aliorum
3137 4544 3224 4612 qui
3267 4559 3387 4598 cum
3436 4547 3517 4599 eis

218 4679 350 4720 eam
409 4664 488 4716 sic
527 4674 741 4729 quoque
781 4658 1045 4726 culparet,
1085 4654 1226 4724 quod
1258 4651 1603 4705 Theodorum
1636 4664 1739 4700 non
1771 4655 1825 4699 et

220 4760 342 4826 ipsa
395 4754 672 4822 culpavit?
704 4752 850 4825 Nam
891 4750 1069 4805 credis
1112 4746 1301 4818 Cyrilli
1348 4759 1466 4800 esse
1499 4744 1587 4797 illa
1639 4752 1823 4796 contra

218 4846 583 4901 'lheodorum
638 4843 859 4911 scripta,
918 4843 971 4894 in
1003 4839 1196 4909 quibus
1245 4846 1423 4891 tamen
1472 4837 1673 4890 dictum
1700 4842 1823 4885 est:

223 4958 251 4989 ι
293 4935 496 5005 Scripli
526 4942 653 4988 sunt
680 4948 707 4986 ιι
739 4947 931 5003 magno
960 4928 1247 4984 ’Πιθυόοιό
1275 4925 1535 4979 adversus
1594 4924 1826 4977 Ariano-

220 5044 354 5084 rum
387 5039 442 5082 et
498 5023 959 5095 Eunomianorum
1002 5022 1237 5075 haereses
1284 5018 1355 5073 20
1388 5016 1521 5071 forte
1570 5024 1627 5070 et
1656 5017 1827 5068 adhuc

1934 4645 2198 4710 liphesum
2224 4656 2288 4693 ex
2316 4636 2544 4692 diversis
2573 4636 2858 4705 provinciis
2881 4643 3245 4689 convenerant
3267 4635 3519 4689 sacerdo-

1934 4746 2044 4790 tum
2071 4732 2399 4804 approbans,
2431 4729 2485 4784 in
2516 4744 2617 4798 qua
2654 4742 2759 4781 non
2787 4726 3159 4781 dissenserunt
3185 4741 3214 4779 a
3248 4726 3517 4793 Patribus,

1936 4829 2297 4898 suspicionem
2335 4838 2522 4879 eorum
2570 4836 2729 4891 quam
2770 4820 2839 4876 de
2869 4821 2984 4887 ipso
3011 4819 3168 4876 beato
3192 4818 3393 4891 Cyrillo
3426 4820 3522 4875 lia-

1939 4925 2168 4977 liueraut
2217 4916 2543 4989 improbavit
2582 4933 2594 4968 :
2637 4913 2933 4982 prmsertim
2983 4913 3105 4982 quia
3133 4914 3176 4966 si
3229 4913 3523 4973 credidisse

1936 5014 2146 5069 dicatur
2191 5012 2279 5067 illa
2326 5008 2564 5081 synodus
2633 5007 3067 5075 ltlopsucsteuum
3098 5005 3442 5061 Theodorum
3496 5020 3525 5055 η

1938 5107 2094 5161 beato
2115 5104 2316 5176 (lyrillo
2340 5103 2635 5171 culpatum,
2668 5100 2847 5169 negari
2874 5112 2978 5151 non
3012 5097 3180 5165 possit
3203 5098 3343 5167 quod
3362 5097 3529 5153 etiam

1938 5210 2183 5251 sanciunt
2237 5195 2524 5249 Diodorum
2573 5191 2731 5246 simul
2762 5191 2829 5245 ab
2872 5205 2937 5243 eo
2988 5191 3375 5257 reprehensum
3412 5202 3531 5241 ρδεσι

1941 5288 2248 5343 crediderit.
2303 5286 2457 5350 Nam,
2515 5285 2654 5339 sicut
2705 5292 2896 5351 quarto
2928 5281 3067 5335 libro
3088 5280 3528 5337 memoraviuun,

1948 5396 2083 5434 unus
2114 5392 2196 5433 est
2220 5379 2525 5449 quicunque
2552 5377 2802 5430 credatur
2833 5371 3193 5441 reprehensor
3221 5370 3527 5427 amborum,

1951 5470 2219 5523 incudem
2250 5484 2416 5539 opere
2460 5476 2515 5522 et
2546 5466 2598 5520 in
2653 5466 2837 5519 eadem
2903 5462 3023 5515 ﬁdei
3054 5475 3211 5514 causa
3248 5456 3531 5521 utriusque

1953 5563 2149 5631 pariter
2202 5561 2474 5631 culpatis:
2508 5570 2562 5614 et
2604 5557 2801 5611 idcirco
2855 5554 2899 5606 si
2950 5552 3110 5606 nulla:
3167 5549 3395 5603 fuissent
3438 5563 3531 5613 pro

216 5119 468 5185 amplius
505 5114 657 5179 libri;
697 5126 750 5169 et
777 5114 884 5167 alia
923 5123 1114 5182 pra-ter
1146 5111 1263 5164 ιιωο
1292 5107 1597 5176 evangelica
1624 5118 1673 5161 et
1699 5123 1831 5174 apo-

214 5213 427 5266 stolica
455 5210 654 5280 scripta
712 5210 1095 5275 interpretatus
1126 5212 1230 5258 est.
1266 5202 1334 5255 Et
1383 5200 1482 5253 hos
1510 5199 1724 5266 quidem
1755 5199 1830 5249 la-

218 5311 271 5363 ι›
292 5320 400 5361 .res
431 5303 609 5359 nullus
633 5317 797 5357 ausus
830 5310 912 5355 est
939 5301 1241 5365 increpare,
1274 5293 1367 5348 sed
1396 5293 1588 5347 dextro
1618 5290 1839 5344 decreto

218 5403 519 5453 honorare
545 5393 782 5449 studium
826 5400 1099 5446 rectorum
1141 5388 1450 5456 dugmatum
1502 5383 1640 5451 quod
1677 5382 1728 5434 in
1758 5380 1839 5433 eis

209 5500 337 5544 cst.
390 5505 412 5539 ›
444 5484 725 5554 Quomodo
755 5483 1099 5537 Theodorum
1133 5484 1398 5547 culparet,
1454 5478 1600 5529 velut
1650 5473 1843 5527 Nesto-

206 5595 414 5639 rtana:
448 5578 531 5632 vel
560 5575 851 5646 cujuslibet
883 5571 1106 5627 luercsis
1127 5572 1487 5633 inventorem,
1521 5584 1641 5620 cum
1670 5580 1844 5631 neque

1951 5736 2280 5798 ηισιίμιδηιιξδ.

324 5760 336 5787 '
365 5756 499 5806 (Iani.
532 5754 756 5815 Verum,
783 5766 977 5815 manum
1000 5746 1201 5815 synodi.
1951 5746 2280 5798 ειη-[νιυηιιξδ.
2556 5804 2557 5807 η
2802 5796 2808 5801 _

326 5829 348 5861 ι
381 5828 518 5861 LI”...
549 5825 643 5861 nm!
747 5840 804 5861 ιρι·
864 5808 1103 5861 Ῠιιιιιιιιιιιὶ
1142 5832 1367 5861 sr’rmmm
1400 5820 1459 5861 [Ῐή
1498 5815 1693 5861 talione
1724 5810 1845 5861 Ιξιέει
2024 5814 2042 5839 ⁸
2077 5810 2224 5861 idem
2255 5804 2349 5861 ινδ
2386 5842 2397 5857 .
2423 5804 2588 5854 ιοιιλὲὺ
2622 5796 2900 5854 σαέιιαίλῶιιά

2077 5822 2224 5863 idem
2255 5822 2349 5861 Lua
2386 5842 2397 5857 .
2423 5822 2588 5854 tanta
2622 5822 2929 5854 (auratum.
3007 5824 3013 5831 δ
3458 5842 3529 5859 ’,σε

326 5829 348 5861 ³
380 5828 519 5884 ldcni
549 5825 691 5883 cod..
746 5810 804 5877 uc
859 5810 1103 5892 [intutum
1142 5832 1367 5877 srrutouu
1400 5820 1459 5873 de
1498 5815 1693 5868 ιἰιίζυτιισ
1720 5810 1845 5871 ﬁdei
