3956 6352
457 318 553 376 731

1523 327 1816 383 ῈΛϐυΝυι
1861 324 2070 383 ιίΡΙΞΟ.
2113 325 2609 390 ΙΙΕῐιΜΙΑΝΕΝΞῐΒ

3603 349 3729 405 τεε-

455 441 740 499 Theodoro
770 442 983 498 Patrum
1033 444 1331 509 sententiae,
1364 459 1492 512 quas
1535 445 1716 513 procul
1747 444 1909 498 dubio
1937 458 2024 512 sy-
2055 440 2108 502 Δ
2135 441 2446 503 Ne~toriano
2467 452 2711 521 dogmate
2735 456 3045 513 criminari?
3071 459 3182 515 Non
3201 461 3585 535 arbitrorquod
3604 469 3711 524 hoc

459 532 631 586 nodus
655 534 1007 602 impugnaret,
1032 532 1075 586 si
1108 548 1228 587 eum
1268 532 1631 588 condemnare
1654 536 2026 603 prtesumcret;

456 624 796 691 perspicuum
841 634 923 677 est
965 625 1105 692 quod
1151 624 1294 690 jnstc
1345 642 1450 679 nou
1487 635 1665 693 posset
1693 625 1893 694 absque
1918 640 2028 678 ma-

455 713 624 781 gistro
672 729 768 767 suo
796 713 1029 769 Diodoro
1074 714 1388 770 Theodorus
1430 715 1721 784 discipulus
1750 730 1811 769 ex
1843 714 2027 785 Cyrilli

453 805 767 858 auctoritate
820 803 1084 861 damnari.
1138 805 1424 861 Diodorum
1455 821 1588 861 vero
1630 807 1881 858 damnare
1921 819 2024 857 non

451 905 633 961 posset
659 909 688 947 a
719 895 924 963 magnis
956 893 1208 949 Ecclesia:
1261 897 1566 961 luminibus,
1618 895 1759 949 sient
1788 893 2025 948 ostendi-

450 998 592 1048 mus,
622 983 989 1053 praedicatum,
1022 985 1073 1039 id
1105 992 1188 1040 est
1216 988 1281 1042 ab
1315 987 1626 1051 Athanasio,
1660 984 1818 1040 Petro
1847 996 1900 1038 et
1939 983 2028 1038 'l‘i-

452 1078 670 1132 mothen
719 1079 1095 1135 AleXandrinis
1151 1081 1436 1148 episcopis,
1488 1095 1514 1132 a
1544 1079 1741 1134 Basilio
1763 1078 2024 1132 Caesarea:

447 1169 822 1238 Cappadocite,
853 1185 882 1222 a
917 1169 1122 1225 Joanne
1163 1170 1774 1237 ConstantinOpolitano,
1805 1171 1871 1223 ab
1904 1167 2029 1234 Epi-

449 1256 650 1326 phanio
679 1259 893 1328 Cyprio,
931 1258 998 1314 ab
1037 1260 1302 1328 episcopis
1344 1259 1581 1330 Egyptiis
1631 1257 2024 1313 confessoribns

447 1345 550 1400 sub
581 1346 801 1401 Valente
850 1347 1172 1413 imperatore
1204 1348 1255 1401 in
1285 1349 1529 1403 exsilium
1580 1347 1790 1412 missis;
1824 1345 2024 1399 haben-

446 1442 550 1488 tem
579 1432 738 1488 etiam
774 1449 1022 1504 magnum
1053 1435 1415 1491 testimonium
1443 1433 2020 1503 Constantinopo‘itani

446 1526 703 1583 adversus
749 1529 1114 1585 Macedoniam
1167 1533 1471 1602 congregati
1500 1532 1746 1598 concilii,
1779 1532 1864 1586 cui
1896 1546 2017 1586 eum

445 1617 756 1673 interfuisse
795 1621 1130 1676 manifestum
1179 1631 1295 1687 est;
1333 1632 1385 1675 et
1415 1622 1783 1690 religiosorum
1818 1621 2016 1690 princi-

443 1723 567 1778 pum
613 1711 876 1778 Gratiani,
931 1712 1287 1768 Valentiniani
1330 1726 1381 1768 et
1425 1714 1642 1783 majoris
1694 1713 2017 1778 Theodosii;

2135 548 2316 603 aperte
2348 542 2628 611 palamque
2678 559 3022 613 prtesuniant.
3050 552 3199 606 Sicut
3231 569 3358 622 ergo
3387 557 3467 612 lex
3493 569 3706 614 natura-

2134 627 2198 680 lis
2227 646 2326 683 nna
2351 640 2406 684 et
2442 645 2567 695 tota
2609 635 2659 688 in
2713 637 2942 694 hominis
2975 651 3151 696 mente
3181 645 3374 710 defixa,
3405 649 3560 716 cujus
3589 668 3706 705 me-

2133 717 2287 772 minit
2316 720 2568 776 Dominus
2600 724 2649 778 in
2682 725 2968 795 Evangelio
2991 729 3174 786 dicens
3207 752 3218 785 :
3249 734 3432 789 Omnia
3457 755 3706 807 qutecun-

2128 823 2224 875 que
2253 809 2404 863 vultis
2437 821 2490 863 ut
2533 815 2726 880 fac'ant
2765 816 2899 869 vobis
2927 818 3174 881 homines.
3211 832 3256 874 et
3277 840 3360 877 vos
3409 827 3563 892 facile
3590 833 3662 882 eis
3688 845 3706 882 :

2129 896 2235 950 Iuro
2264 911 2335 952 est
2366 903 2498 955 enim
2540 905 2621 957 (ea:
2645 915 2691 958 et
2731 907 2990 976 prOpItcttc
3013 910 3222 976 (Matth.
3257 929 3348 977 vlt,
3377 914 3496 983 19.);
3531 920 3705 973 multo

2130 990 2322 1045 fortior
2345 993 2612 1048 invenitur
2633 1012 2788 1064 quam
2837 1014 2902 1054 ea
2931 1015 3048 1068 qua:
3079 999 3210 1056 foris
3264 1005 3490 1061 habetur
3521 1009 3573 1062 in
3607 1011 3700 1066 lit-

2131 1082 2258 1136 teris
2292 1101 2302 1136 :
2338 1083 2403 1138 ab
2429 1085 2517 1139 illa
2546 1089 2742 1157 quippe
2783 1089 3040 1146 interiore
3071 1095 3251 1163 regula
3279 1096 3696 1164 de-ceuderunt,

2127 1181 2179 1225 ct
2207 1174 2346 1227 illius
2381 1187 2558 1243 partes
2580 1187 2704 1230 sunt
2728 1178 2936 1248 singula
2961 1198 3184 1252 qumque
3210 1186 3360 1240 nobis
3391 1187 3694 1246 forinsecus

2126 1264 2400 1333 inscripto
2449 1267 2568 1319 data
2623 1283 2718 1333 pro
2749 1271 2890 1338 lege;
2923 1287 3021 1329 nec
3056 1275 3231 1328 omnia
3257 1278 3474 1332 colleCta
3505 1282 3693 1348 simul,

2125 1356 2206 1410 vel
2231 1357 2389 1410 etiam
2425 1359 2794 1428 multiplicata,
2825 1374 3046 1429 possunt
3093 1382 3397 1423 mensuram
3437 1371 3580 1428 illius
3609 1377 3691 1429 itt-

2125 1449 2340 1503 terioris
2369 1451 2645 1506 excedere.
2677 1453 2750 1507 lta
2781 1455 2965 1509 fortius
2988 1465 3070 1510 est
3092 1477 3251 1514 nmnu
3275 1462 3404 1516 illud
3431 1469 3689 1533 generale

2125 1541 2486 1594 testimonium
2516 1542 2792 1608 Ecclexia‘,
2820 1561 2941 1614 qua:
2970 1547 3236 1603 neminem
3260 1567 3489 1622 unquam
3520 1570 3689 1624 expu-

2126 1631 2183 1684 lit
2211 1640 2300 1683 aut
2315 1629 2576 1699 judicavit
2606 1633 2940 1700 haereticum,
2967 1637 3068 1691 nisi
3097 1641 3420 1708 correptioni
3449 1647 3691 1712 pertina-

2122 1725 2259 1778 citer
2289 1725 2659 1792 resistentem;
2691 1744 2848 1796 quant
2884 1731 3046 1785 multa
3096 1747 3215 1800 qua:
3243 1745 3446 1791 setnote
3472 1753 3535 1792 ac
3577 1743 3687 1806 pri-

443 1803 639 1859 Juliani
668 1805 899 1876 denique
927 1807 1269 1879 imperatoris
1307 1819 1584 1878 apostatm,
1617 1807 2014 1876 reprehenden-
2046 1791 2091 1850 Β
2123 1816 2281 1868 vatim
2311 1823 2580 1870 certarum
2612 1834 2959 1887 personarum
2987 1837 3081 1892 pro
3115 1823 3344 1881 Diodoro
3371 1791 3683 1882 Theodoro.

441 1895 510 1948 tis
532 1895 670 1964 quod
706 1896 871 1950 Deum
921 1909 1102 1952 natum
1147 1897 1213 1952 de
1245 1898 1446 1967 virgine
1493 1896 1774 1960 fateretur,
1799 1899 2014 1968 etquod

439 1986 621 2041 .lesum
655 1988 930 2042 Galilazum
983 2002 1036 2044 et
1077 1991 1239 2043 Deum
1294 2000 1552 2044 mternum
1610 1991 1921 2060 praedicaret
1960 2000 2016 2045 et

439 2088 727 2132 mortuum.
758 2079 986 2136 Proinde
1011 2097 1132 2135 eum
1156 2093 1336 2137 sancta
1368 2085 1602 2154 synodus
1623 2092 1802 2138 contra
1827 2084 2014 2139 horum

439 2169 742 2222 testimonia
773 2171 1060 2225 Diodorum
1094 2175 1454 2228 tondctnnare
1483 2175 1786 2229 nullatenus
1810 2183 2011 2243 posset,

438 2261 706 2327 quomodo
729 2261 1070 2316 Theodorum
1098 2264 1213 2331 ejus
1242 2265 1579 2332 discipulum,
1613 2266 1696 2319 vel
1726 2267 1795 2334 si,
1826 2277 1881 2320 ut
1901 2265 2016 2320 dic-

441 2363 553 2405 tum
577 2361 681 2418 est,
711 2355 872 2408 nullis
921 2354 1200 2409 fulciretnr
1248 2356 1461 2409 Patrum
1507 2357 1849 2421 testimoniis,
1880 2373 2009 2413 con-

436 2443 735 2507 demnaret,
769 2460 926 2514 quem
958 2445 1073 2500 sine
1105 2449 1358 2516 magistro
1391 2447 1506 2501 hac
1534 2449 1722 2503 eadem
1743 2449 2013 2505 sentiente

435 2536 576 2604 ju-te
606 2536 964 2591 t-ondetnnare
996 2553 1098 2590 non
1152 2537 1372 2606 posset?
1415 2538 1599 2608 Itaque
1646 2540 1778 2594 nihil
1811 2549 1892 2595 est
1917 2555 2012 2596 cur

435 2642 501 2679 ex
535 2625 616 2680 his
658 2641 776 2696 quae
811 2626 1006 2681 dicitur
1026 2628 1214 2682 beatus
1241 2628 1472 2698 Cyrillus
1515 2631 1794 2698 scripsisse
1825 2641 2010 2687 contra

434 2715 775 2786 Theodorum
816 2719 1049 2789 synodus
1094 2719 1534 2789 reprehendatur,
1591 2722 1730 2790 quod
1765 2722 1866 2777 Iba:
1897 2725 2011 2792 epi-

434 2807 630 2861 stolam
674 2808 860 2864 laudes
905 2809 1025 2877 ejus
1051 2811 1416 2864 continentem
1445 2811 1802 2878 pronuntiavit
1828 2814 2012 2866 ortho-

431 2897 620 2953 doxam
655 2916 666 2952 :
698 2901 910 2970 quando
935 2901 977 2953 si
1007 2901 1166 2954 etiam
1189 2911 1373 2955 contra
1405 2900 1742 2956 Theodorum
1766 2903 2008 2958 scribens

429 2988 664 3059 Cyrillus
691 2988 822 3042 mhil
855 3003 949 3058 pro
973 2988 1256 3044 Theodoro
1278 2988 1558 3054 scriberet,
1583 2991 1842 3045 laudanda
1864 3003 2007 3047 esset

433 3095 562 3134 sana
593 3081 728 3135 ratio
764 3080 1086 3147 libertasque
1114 3079 1326 3136 concilii
1355 3080 1829 3150 Chalcedonensis,
1859 3086 1998 3152 quod

2118 1919 2219 1974 que
2269 1907 2586 1973 protulimus
2626 1927 2638 1961 :
2682 1919 2862 1978 partes
2913 1914 3210 1968 enimsunt
3257 1923 3313 1968 et
3359 1917 3472 1983 ipsa
3529 1919 3698 1972 unius

2121 1997 2408 2052 testimonii
2431 2001 2696 2065 generalis
2731 2002 3004 2068 Ecclesite,
3035 2011 3090 2058 et
3129 2008 3520 2075 quantumlibet
3549 2016 3687 2066 Inul-

2118 2086 2444 2156 tiplicentnr,
2495 2088 2610 2157 ejus
2639 2093 3009 2147 auctoritatem
3039 2110 3100 2149 ac
3125 2097 3407 2152 terminum
3457 2116 3562 2153 non
3595 2118 3691 2155 ex-

2116 2180 2328 2234 cedent.
2357 2181 2462 2236 Scd
2505 2183 2972 2251 quemadmodum,
3003 2201 3123 2241 enm
3154 2188 3294 2242 illam
3323 2201 3563 2246 naturam
3592 2196 3605 2223 ¹
3635 2207 3690 2246 rt

2118 2271 2428 2326 interiorem
2479 2272 2674 2342 legem,
2704 2291 2820 2345 quae
2849 2285 2959 2331 tota
2990 2280 3149 2333 simul
3199 2293 3298 2346 est,
3333 2283 3493 2337 homo
3520 2285 3679 2338 dese-

2115 2371 2260 2415 reret
2313 2362 2364 2416 in
2395 2365 2659 2419 exteriora
2711 2365 3000 2436 delapsus;
3054 2385 3187 2440 opus
3225 2382 3341 2426 erat
3371 2374 3680 2430 intimorum

2114 2464 2538 2524 eontemptorcm
2583 2458 2939 2526 particulatim
2972 2463 2991 2492 '
3020 2464 3223 2532 privata
3252 2467 3574 2534 scriptorum
3604 2478 3680 2522 te—

2108 2545 2435 2602 stificatione
2489 2550 2808 2606 convincere
2847 2568 2860 2605 :
2895 2568 2998 2607 non
3050 2555 3190 2623 quod
3238 2572 3415 2625 partes
3443 2568 3577 2623 toto,
3627 2573 3681 2614 ct

2114 2639 2355 2692 membra
2385 2639 2635 2695 universo
2666 2657 2764 2696 suo
2790 2644 3000 2712 corpori
3025 2646 3402 2715 praeferamus;
3435 2651 3527 2703 sed
3558 2652 3681 2720 quia

2113 2729 2516 2784 convenientius
2559 2729 2660 2785 hoc
2711 2733 2869 2788 modo
2923 2735 3330 2793 calumnittores
3360 2755 3564 2809 magna:
3595 2758 3682 2813 sy-

2112 2819 2234 2874 nodi
2249 2819 2604 2890 judicavitnns
2622 2823 2945 2881 refellendos
2966 2843 2980 2880 :
3005 2828 3081 2881 sic
3099 2844 3197 2883 nec
3219 2829 3240 2860 ³
3270 2833 3504 2900 generali
3533 2849 3683 2904 sym-

2112 2912 2238 2966 bolo
2271 2912 2392 2968 fidei
2425 2914 2747 2971 Christiana:
2779 2916 2934 2987 qua.‘
2959 2918 3254 2987 iniliamur,
3283 2923 3570 2994 quidquam
3601 2936 3683 2982 est

2113 3005 2322 3069 fortius,
2350 3008 2597 3077 quamvis
2628 3010 2826 3078 scripto
2849 3026 2951 3066 non
2986 3011 3224 3066 tradatur
3250 3031 3264 3080 ;
3307 3025 3676 3072 verumtamen

2112 3101 2368 3155 adversus
2440 3112 2783 3171 corruptores
2856 3105 3216 3174 intelligentiae
3277 3118 3329 3162 et
3395 3111 3610 3164 virtutis
3663 3117 3680 3138 '

430 3188 534 3228 non
558 3173 607 3225 in
635 3181 744 3228 toto
769 3171 1024 3244 Cyrillum
1043 3171 1391 3242 approbaret;
1421 3188 1540 3227 cum
1573 3175 1818 3229 laudetur
1837 3179 1996 3231 etiam

2112 3194 2246 3261 ejus,
2277 3194 2477 3248 utimur
2513 3195 2673 3248 etiam
2707 3195 2925 3263 privatis
2965 3197 3285 3253 testimoniis
3316 3199 3528 3254 Patrum
3554 3218 3684 3272 qure-

433 3262 580 3316 Pauli
600 3261 822 3318 minimi
853 3262 1218 3332 apostolorum
1244 3277 1370 3316 sana
1401 3265 1533 3316 ratio
1563 3273 1721 3332 atque
1756 3265 1994 3333 libertas,

379 3407 381 3409 ,
430 3355 574 3424 quod
609 3354 824 3410 Petrum
856 3354 1218 3422 apostolorum
1252 3355 1478 3422 primtmt
1510 3355 1796 3410 adductum
1823 3358 1874 3409 in
1907 3360 2002 3427 Ity-

429 3445 676 3514 pocrisim
701 3454 753 3500 ct
785 3461 888 3499 non
933 3455 1078 3501 recta
1105 3445 1186 3499 via
1241 3445 1577 3501 incedentem
1629 3447 1692 3499 ad
1721 3448 1997 3503 veritatem

434 3535 706 3604 Evangelii
738 3535 962 3590 fidenter
991 3535 1320 3604 improbans,
1348 3537 1398 3590 in
1447 3537 1637 3592 faciem
1670 3538 1745 3592 illi
1773 3540 1995 3608 restitit,

428 3640 659 3694 cumque
688 3640 866 3680 coram
899 3627 1145 3681 omnibus
1173 3642 1350 3681 coram
1381 3626 1699 3696 objurgavit.
1729 3629 1842 3684 Non
1874 3646 2002 3701 ergo

428 3732 622 3772 novum
669 3717 956 3783 videretur,
1007 3733 1104 3772 nec
1151 3719 1390 3789 religioni
1438 3720 1754 3777 Christiana:
1782 3734 1995 3778 contra-

426 3810 586 3872 rium,
618 3815 888 3864 utcontra
935 3820 1196 3864 tantorum
1245 3812 1456 3866 Patrum
1503 3817 1795 3870 sententias
1823 3815 1999 3888 Cyril-

425 3898 535 3953 lum
568 3909 750 3953 sancta
781 3910 834 3953 et
884 3915 1074 3969 magna
1109 3901 1196 3954 illa
1224 3903 1461 3972 synodus
1501 3919 1608 3958 non
1659 3908 1925 3973 acciperet
1948 3909 1998 3962 in

425 4011 588 4050 causa
619 3992 913 4061 Theodori,
947 3995 1086 4050 sient
1130 4011 1300 4066 neque
1327 3995 1381 4050 in
1427 4011 1586 4052 causa
1617 3995 1999 4059 Conslant‘no-

425 4088 646 4157 politani
673 4087 894 4143 Joannis
923 4089 1288 4155 accipiendum
1313 4103 1432 4143 esse
1462 4090 1579 4157 quis
1609 4089 1757 4144 dicit.

1023 4198 1248 4252 CAPUT
1293 4198 1400 4252 VII.

423 4286 576 4354 Quod
603 4289 645 4341 si
670 4298 928 4365 suspectus
969 4290 1028 4365 de
1069 4288 1249 4365 literesi
1304 4290 1481 4365 fuisse!
1525 4288 1844 4365 Theodorus,
1891 4298 2003 4365 ejus

490 4359 728 4434 temporis
761 4357 941 4434 Patres
970 4359 1021 4410 id
1051 4360 1283 4434 minime
1307 4357 1313 4358 ⁷
1335 4359 1761 4434 dissimulassent,
1795 4357 1841 4415 et
1862 4357 1999 4434 quod

491 4430 695 4482 illorum
723 4431 890 4498 potius
919 4445 1073 4495 quant
1103 4427 1284 4499 Cyrilli
1313 4431 1463 4484 unius
1499 4431 1562 4485 de
1586 4429 1860 4488 Theodoro
1874 4427 2001 4489 ἐρη-

487 4504 657 4583 latitia:
681 4501 986 4554 credendum
1015 4501 1100 4552 sit.

487 4609 636 4676 Quod
667 4609 710 4664 si
742 4610 896 4664 nobis
920 4609 971 4664 in
996 4609 1550 4681 defensioncmipsius
1574 4629 1778 4683 magna:
1801 4617 1989 4686 synodi

411 4702 575 4756 etiam
607 4702 818 4757 illorum
842 4701 1052 4756 Patrum
1083 4701 1134 4755 in
1166 4703 1366 4771 sctipto
1386 4704 1686 4759 tcSIitnonia
1715 4705 1987 4772 deessent,

415 4791 604 4860 quibus
638 4793 1044 4846 commendatur
1076 4793 1206 4846 fides
1261 4803 1418 4862 atque
1448 4795 1690 4848 doctrina
1744 4781 1984 4863 Diodori,

412 4883 528 4936 sine
549 4895 654 4949 quo
692 4880 1028 4936 Theodorum
1059 4882 1336 4936 docuimus
1357 4882 1502 4953 juste
1525 4900 1629 4939 non
1657 4901 1812 4954 posse
1836 4886 1986 4942 dam-

414 4973 528 5026 nari
560 4989 571 5022 ε
602 4972 834 5038 nunquid
864 4974 1714 5046 culpabilisjudicaridehetquod
1732 4980 1985 5036 Ecclesiae

413 5062 771 5116 tcstimonimn
787 5077 888 5116 non
905 5064 1243 5132 contempsit,
1261 5066 1310 5118 in
1323 5065 1470 5133 cujus
1483 5078 1730 5136 perpetua
1748 5083 1877 5136 pace
1894 5085 1986 5123 ex-

412 5152 623 5208 cellenti
639 5153 837 5207 honore
851 5152 1524 5225 DiodorusTheodorusque
1548 5159 1989 5214 manserunt?aut

413 5243 554 5298 illius
575 5243 831 5311 temporis
847 5244 1157 5312 Ecclesiam,
1187 5261 1306 5300 cum
1323 5261 1491 5315 neque
1507 5248 1682 5304 adhuc
1697 5249 1983 5320 Eutyches,

408 5350 585 5406 neque
598 5335 872 5390 Nestorius
884 5346 1271 5402 essetexortus,
1290 5339 1601 5410 Eutychiaui
1629 5343 1896 5396 audebunt
1919 5344 1986 5398 de

483 5490 496 5519 '
529 5489 661 5542 Cod.
688 5489 908 5549 ναΐου..
935 5493 1235 5545 naturalem.

480 5557 503 5588 ⁸
524 5559 663 5611 idem
695 5561 838 5624 βοά..
870 5563 1213 5627 particulatim
1241 5563 1520 5629 {orinuecus
1569 5568 1831 5620 admoueri
1862 5586 1879 5621 :
1904 5573 1972 5621 ita

406 5643 500 5705 nos
523 5643 717 5705 quoque
741 5634 1079 5685 necessarium
1105 5635 1342 5705 dua-imus
1371 5647 1733 5701 contemptores
1765 5655 1974 5705 genera-

407 5698 470 5749 lia
497 5701 779 5766 etpublit‘a:
827 5705 1138 5758 auctoritatis
1185 5702 1424 5758 It'rt'lt'sitc
1470 5698 1814 5773 particulatim
1865 5711 1970 5778 pri-

407 5776 541 5830 vata,
568 5779 671 5822 etc.

2103 3284 2446 3340 continentur
2477 3286 2526 3340 in
2556 3287 2905 3356 scripto,cum
2933 3291 3175 3344 etomnia
3198 3291 3283 3344 illa
3315 3291 3404 3346 uni
3431 3297 3666 3362 generali

2103 3377 2349 3445 symbolo
2397 3378 2651 3444 serviant,
2683 3395 2781 3435 nec
2825 3382 3069 3450 praefixos
3094 3383 3351 3439 terminos
3373 3385 3487 3455 ejus
3509 3402 3669 3441 extre-

2103 3471 2250 3524 dant.
2283 3471 2352 3524 Et
2377 3470 2514 3534 ideo,
2547 3472 2685 3526 sicut
2707 3472 2906 3528 dictum
2938 3483 3041 3539 est,
3073 3477 3155 3531 vel
3188 3479 3231 3531 si
3258 3478 3409 3532 nobis
3428 3479 3678 3535 deessent

2105 3561 2222 3618 haec
2247 3564 2550 3618 testimonia
2601 3565 2813 3620 Patrum
2843 3566 3034 3622 litteris
3055 3569 3440 3635 commendata,
3473 3587 3592 3640 qua:
3623 3574 3675 3628 in

2107 3659 2580 3727 propugnationem
2605 3660 2626 3691 ⁵
2645 3659 2832 3731 synodi
2860 3660 3309 3718 Chalcedonensis
3329 3679 3422 3732 pro
3440 3663 3674 3718 Diodoro

2104 3751 2491 3822 Thcodoroque
2518 3752 2855 3822 protulimus,
2879 3769 3035 3809 nemo
3055 3755 3268 3824 sapiens
3290 3755 3507 3823 diceret,
3528 3759 3686 3826 qttod'

2103 3851 2196 3894 aut
2219 3843 2610 3914 religiosiorem
2633 3859 2692 3899 se
2719 3853 2812 3898 aut
2841 3845 3221 3914 sapientiorem
3249 3846 3450 3902 eisdem
3475 3851 3676 3904 sanctis

2107 3934 2350 3994 Patrihus
2379 3945 2432 3993 et
2476 3937 2657 3994 multis
2686 3937 2806 3990 aliis
2835 3938 3058 3992 credere
3097 3938 3392 4008 debuisset,
3420 3941 3509 4012 qui
3544 3951 3674 3994 ten:-

2106 4031 2320 4098 poribus
2365 4030 2576 4086 Diodori
2618 4041 2775 4100 atque
2801 4025 3071 4086 Theodori
3111 4032 3364 4088 Ecclesia:
3390 4035 3480 4088 Dei
3513 4035 3669 4089 lumi-

2107 4123 2312 4177 narium
2341 4123 2457 4177 vice
2499 4124 2784 4189 fulserunt;
2819 4131 2877 4177 ttt
2905 4138 3038 4192 quos
3085 4124 3159 4179 illi
3186 4126 3424 4181 viventes
3452 4143 3555 4180 non
3584 4142 3679 4182 ex-

2103 4215 2395 4280 cluserunt,
2429 4214 2641 4283 quando
2671 4214 2835 4282 magis
2863 4224 3080 4282 possent
3108 4214 3239 4271 alios
3265 4232 3613 4285 corrumpere
3631 4220 3674 4275 si

2104 4306 2329 4360 fuissent
2357 4305 2617 4370 ltzeretici,
2652 4305 2736 4373 pia
2764 4305 3002 4376 synodus
3054 4321 3117 4362 ac
3157 4307 3404 4375 religiosa
3433 4319 3674 4363 mortuos

2104 4397 2346 4452 crederet
2375 4396 2740 4451 excludendos
2774 4412 2934 4452 :cutn
2965 4397 3012 4451 si
3041 4397 3238 4466 aliquid
3262 4397 3312 4451 itt
3336 4413 3521 4453 eorum
3552 4415 3673 4453 ver-

2028 4530 2078 4591 ι)
2105 4489 2184 4543 bis
2223 4488 2481 4558 quosdam
2529 4489 2801 4543 videretur
2849 4487 3143 4555 offendere,
3201 4490 3304 4542 alia
3362 4489 3538 4558 potius
3580 4507 3610 4544 c
3647 4505 3670 4544 ε

2100 4580 2323 4636 credere
2347 4579 2592 4635 debuerit
2635 4579 2930 4634 intentione
2951 4580 3172 4645 dixisse,
3213 4590 3304 4633 aut
3332 4579 3672 4636 familiariter

2095 4670 2395 4724 admonitos
2428 4671 2479 4722 in
2502 4670 2618 4738 ipso
2649 4681 2886 4738 tempore
2921 4672 3254 4731 correxisse;
3285 4685 3444 4738 quam
3470 4682 3673 4725 seret-

2097 4766 2270 4830 ipsutn
2297 4763 2319 4794 ‘
2346 4763 2603 4833 religione
2652 4763 2737 4817 vel
2765 4761 3020 4830 sapientia
3057 4772 3161 4815 tam
3194 4763 3374 4816 tnultis
3406 4778 3672 4817 veneran-

2093 4852 2174 4907 dis
2207 4852 2450 4906 Patribus
2491 4849 2782 4907 anteferre.
2813 4851 3093 4927 Nunquam
3123 4853 3284 4914 enim,
3314 4855 3450 4906 sicut
3479 4854 3673 4908 didici-

2093 4959 2231 5012 mus,
2266 4953 2438 4998 tantos
2465 4959 2526 4997 ac
2557 4944 2690 4997 tales
2721 4943 2878 4996 simul
2914 4943 3099 4996 habuit
3127 4943 3378 4998 doctores
3406 4944 3669 5008 Ecclesia,

2094 5052 2319 5112 quantos
2342 5050 2392 5096 et
2424 5043 2609 5110 quales
2639 5038 2856 5092 Diodori
2901 5037 3278 5106 Theodoriqne
3313 5040 3665 5104 temporibus.

2096 5134 2160 5189 Ut
2193 5134 2332 5187 enim
2377 5139 2592 5201 propter
2638 5131 2828 5195 lingua:
2882 5127 3242 5181 diversitatem
3279 5129 3668 5184 scientissimus

2093 5223 2237 5277 viros
2309 5220 2558 5276 Ecclesiae
2625 5217 2970 5272 occidentalis
3024 5218 3303 5281 omittam,
3362 5233 3668 5287 quamquam

2095 5314 2246 5369 multi
2278 5329 2339 5366 ex
2369 5313 2472 5366 illis
2500 5312 2658 5365 etiam
2693 5309 2743 5362 in
2776 5307 2962 5363 Grteco
2988 5308 3182 5363 eruditi
3213 5319 3393 5364 essent
3421 5310 3672 5380 eloquio,

2157 5495 2175 5526 ³
2207 5494 2348 5547 ltlom
2382 5491 2525 5553 cod.,
2558 5490 2688 5542 sicut
2711 5506 2818 5542 iter.

2157 5566 2172 5594 δ
2205 5567 2218 5618 I
2245 5569 2343 5616 lem
2373 5562 2518 5624 cod.,
2546 5577 2643 5622 quo
2666 5560 2976 5628 (symbolo).

2156 5637 2176 5667 ⁵
2206 5635 2343 5686 ldt-m
2374 5631 2518 5692 end.,
2557 5632 2929 5698 purgationem.

2158 5707 2178 5737 ⁵
2204 5707 2341 5757 ltIt-tll
2367 5703 2511 5760 t'ttti.,
2541 5703 2880 5766 δρηιειὸμδαιη.

2154 5783 2168 5796 ⁸
2204 5783 2280 5828 Att
2315 5774 2573 5825 veritatis."
