3978 6350
171 408 273 464 737

990 452 993 453 ,
1073 400 1203 457 PRO
1252 397 1684 454 DEFENSIONE
1725 394 2291 451 TRIUM'CANTUL.
2336 398 2463 453 LIB.
2508 398 2597 453 IX.

3356 399 3460 453 758

170 536 233 578 ac
288 534 382 591 per
427 525 527 573 hoc
572 517 783 588 utrique
820 515 1031 571 diversa
1073 516 1139 571 de
1189 515 1473 571 Theodoro
1530 514 1767 570 sentien-
1800 512 1847 572 Α
1874 520 1926 563 ct
1950 509 2121 579 ipsum
2152 511 2364 565 beatum
2393 511 2653 581 Cyrillum
2685 510 3025 566 afﬁrmabant
3051 527 3155 568 non
3183 513 3341 568 aliter
3362 514 3459 568 do-

170 624 286 680 tes,
332 610 561 667 Nestorii
619 609 1121 664 condemnationem
1189 609 1307 663 sine
1363 607 1470 661 ulla
1533 605 1760 660 diversi.

170 713 282 760 tate
310 704 616 758 ﬁrmabant.
659 701 794 769 Quid
835 714 963 770 ergo
1005 700 1351 756 Nestorianos
1388 700 1627 769 adjuvet,
1673 700 1761 767 qui

168 794 443 851 Theodori
483 792 664 855 dictis,
715 793 853 848 sicut
900 804 957 848 et
1000 793 1229 848 aliorum
1284 794 1372 863 qui
1426 793 1478 848 in
1527 791 1765 847 Ecclesia

169 886 507 951 claruerunt,
559 884 701 939 male
752 884 828 938 uti
871 884 1144 947 dicuntur,
1193 885 1238 938 si
1287 898 1389 953 qua
1430 883 1497 938 de
1536 883 1629 938 illo
1669 881 1768 936 fuit

169 975 389 1031 diversa
424 975 640 1029 Patrum
672 974 937 1029 sententia
966 991 978 1026 :
1010 989 1131 1029 cum
1160 984 1216 1031 et
1256 974 1377 1030 ideo
1410 974 1567 1029 fuerit
1612 988 1769 1028 accu-

172 1075 351 1129 satus,
397 1065 522 1135 quia
561 1063 755 1119 similia
788 1064 1076 1133 putabatur
1122 1065 1365 1134 sapuisse
1409 1064 1679 1132 Nestorio,
1712 1075 1767 1119 et

172 1155 333 1209 aliter
364 1169 469 1209 non
511 1155 747 1225 potuerit
772 1154 1038 1216 excusari,
1083 1155 1183 1209 nisi
1217 1155 1534 1224 probaretur
1558 1157 1767 1210 alienus

173 1247 246 1304 ab
291 1263 476 1304 errore
524 1246 802 1304 Nestorii?
848 1246 961 1302 Hoc
989 1262 1207 1318 quoque
1255 1249 1567 1304 meminisse
1606 1248 1765 1303 iidem

174 1337 481 1394 Nestoriani
525 1338 758 1405 debent,
804 1338 1058 1407 quoniam
1091 1340 1147 1394 in
1186 1340 1265 1393 eis
1295 1338 1492 1395 litteris
1530 1342 1769 1395 orienta-

177 1430 311 1485 lium
344 1429 559 1485 Patrum
592 1431 749 1486 beato
782 1430 974 1485 Proclo
1002 1431 1414 1486 rescribentium
1449 1430 1768 1485 Theodorus

175 1532 488 1586 excusatur,
539 1523 593 1576 in
647 1522 842 1593 quibus
897 1522 1171 1587 ﬁrmatur,
1220 1522 1359 1577 sicut
1411 1522 1768 1584 ostendimus,

178 1629 343 1667 unum
388 1613 455 1670 de
486 1613 749 1669 Trinitate
776 1630 874 1682 pro
904 1615 1058 1670 nobis
1098 1614 1444 1681 cruciﬁxum;
1497 1615 1550 1670 in
1576 1616 1769 1685 quibus

177 1704 422 1760 dicitur:
470 1723 491 1757 ι
526 1705 679 1772 Quod
735 1717 913 1761 autem
953 1720 1114 1762 omne
1162 1706 1427 1763 orientale
1474 1706 1764 1761 concilium

177 1794 413 1850 Nestorii
462 1797 730 1850 novitates
755 1796 1049 1863 abdicavit,
1093 1796 1245 1852 novit
1271 1807 1325 1854 et
1354 1806 1442 1853 tua
1474 1799 1763 1861 sanctitas,

1870 604 2067 667 cuisse,
2109 602 2349 659 dicentes
2372 605 2443 668 ei,
2476 604 2614 657 sicut
2641 618 2797 672 supra
2831 608 3250 660 memoravimus
3283 623 3296 657 :
3329 605 3463 660 Sunt

1868 692 2011 749 enim
2027 696 2187 748 etiam
2208 710 2325 763 qua:
2341 704 2395 749 et
2418 703 2504 748 tua
2527 697 2783 749 sanctitas
2809 696 2877 750 ita
2895 696 3198 765 conﬁtetur,
3220 708 3275 753 et
3310 713 3463 751 eutnr

1870 784 1992 840 dem
2026 784 2095 841 de
2134 786 2238 841 illis
2274 785 2435 841 habet
2480 786 2833 841 intellectum.
2880 788 2996 852 Qua
3037 789 3105 842 de
3153 803 3214 845 re
3254 789 3298 844 si
3353 789 3463 842 lltl'v

1869 877 1977 932 resi
2032 877 2366 934 Nestorianzc
2408 879 2570 936 debet
2624 878 2817 934 ascribi
2875 879 3007 935 duas
3063 881 3261 948 Christi
3319 899 3459 951 pne—

1872 969 2052 1026 dicare
2096 981 2341 1037 naturas,
2393 972 2579 1028 beatus
2626 972 2892 1045 Cyrillus,
2953 975 3043 1042 qui
3101 976 3233 1031 nihil
3273 989 3461 1032 contra

1872 1065 2077 1133 retulit,
2123 1080 2375 1131 magnum
2415 1066 2467 1121 in
2503 1081 2562 1122 se
2588 1072 2792 1121 crimen
2824 1083 2919 1122 sua
2955 1068 3323 1124 taciturnitate
3372 1072 3463 1123 ﬁr-

1872 1155 2038 1210 mavit
2066 1174 2079 1220 ;
2111 1172 2143 1211 a
2174 1174 2279 1227 quo
2307 1160 2519 1227 purgari
2564 1174 2670 1213 non
2721 1162 2945 1229 poterit,
2990 1160 3092 1214 nisi
3137 1162 3485 1217 catltolictnn‘

1867 1246 2136 1314 iudicetur
2186 1248 2317 1303 duas
2363 1250 2561 1306 Christi
2614 1260 2832 1306 naturas
2883 1265 3150 1307 asserere.
3204 1251 3465 1320 Intelligis

1873 1340 2054 1407 igitur,
2089 1342 2395 1409 imperator,
2426 1342 2567 1412 quod
2597 1343 2640 1396 si
2671 1358 2772 1411 qua
2798 1341 3015 1397 Patrum
3042 1344 3366 1413 disceptatio
3393 1345 3466 1398 de

1871 1432 2163 1489 Theodoro
2189 1432 2354 1488 fuisse
2383 1434 2614 1498 dicatur,
2656 1434 3003 1488 Nestorianos
3033 1436 3235 1504 pariter
3263 1444 3319 1491 et
3350 1436 3465 1490 Eu-

1874 1524 2153 1595 tychianos
2183 1525 2495 1581 confundat.
2549 1527 2742 1582 Sancta
2770 1542 2900 1581 vero
2937 1528 3176 1598 synodus
3211 1542 3369 1583 unam
3409 1538 3464 1583 et

1874 1630 2215 1672 communem
2248 1618 2573 1683 accusantis,
2606 1620 2648 1673 si
2679 1626 2855 1673 tamen
2884 1633 3011 1674 vere
3040 1620 3255 1684 dicitur,
3282 1636 3345 1673 ac
3369 1622 3464 1675 de-

1876 1706 2205 1764 fendentium
2255 1710 2544 1764 Diodorum
2574 1712 2595 1741 ¹
2631 1710 2789 1765 tidem
2823 1718 3035 1778 tenens,
3067 1711 3189 1767 illos
3223 1726 3463 1782 sequen-

1876 1799 1974 1853 dos
2006 1800 2059 1853 in
2092 1815 2320 1868 persona
2354 1800 2626 1855 Theodori
2651 1800 2931 1869 judicavit,
2963 1816 3190 1870 quorum
3216 1813 3264 1857 et
3294 1804 3465 1869 major

178 1905 304 1958 qua:
344 1899 557 1944 nostras
587 1905 751 1961 super
791 1892 892 1947 hoc
921 1893 1128 1948 litteras
1166 1894 1403 1950 secundo
1440 1892 1552 1963 jam
1586 1896 1769 1950 lertio—
1802 1894 1847 1954 B
1877 1893 1976 1947 fuit
2002 1894 2311 1957 auctoritas,
2334 1903 2389 1949 et
2410 1895 2499 1963 qui
2540 1909 2658 1948 cum
2684 1894 2779 1948 illo
2797 1893 3073 1964 degentes,
3094 1894 3342 1949 diuturna
3385 1894 3466 1949 i‘a-

178 1994 286 2048 que
327 1982 583 2052 suscepit.
616 2000 634 2033 ι
683 1982 789 2038 Sed
836 1998 935 2039 nec
983 1982 1301 2056 Eutychiani
1343 1984 1426 2040 vel
1472 1986 1775 2056 Semieuty-

180 2073 367 2129 cbiani
436 2074 776 2131 dissimulent
840 2077 982 2148 quod
1041 2078 1255 2132 interim
1323 2077 1455 2131 nihil
1515 2077 1776 2133 adversus

181 2162 531 2218 Theodorum
570 2180 640 2219 ex
678 2167 895 2221 nomine
926 2165 1067 2223 beati
1096 2167 1319 2238 Cyrilli,
1356 2182 1517 2237 quem
1544 2168 1695 2238 sequi
1718 2183 1777 2223 se

179 2255 388 2323 dicunt,
423 2258 669 2324 proferre
699 2260 937 2329 potuerit
968 2260 1018 2315 in
1045 2274 1152 2329 quo
1190 2260 1440 2331 culpetur
1471 2260 1524 2314 in
1561 2260 1773 2314 duabus

179 2350 459 2406 Christum
504 2352 822 2419 przcdicasse
864 2352 1091 2408 naturis.
1133 2352 1263 2409 Sive
1303 2353 1447 2408 cnim
1472 2367 1626 2418 vere,
1663 2352 1778 2407 sive

185 2442 325 2500 false
372 2445 719 2514 perhibeatur
769 2446 1088 2503 Theodorus
1129 2447 1197 2503 ab
1237 2462 1302 2504 eo
1341 2446 1586 2517 culpatus
1635 2447 1776 2517 quod

182 2532 323 2589 duos
362 2536 657 2592 crediderit
687 2536 847 2605 ﬁlios,
885 2538 1144 2594 hactenus
1175 2539 1356 2593 ﬁctum
1407 2554 1511 2594 non
1556 2548 1640 2593 est
1677 2538 1779 2594 hoc

184 2641 310 2680 eum
364 2628 781 2697 reprehendisse
836 2630 890 2685 in
944 2631 1101 2685 dictis
1156 2629 1467 2694 Theodori,
1518 2631 1771 2699 quoniam

184 2718 321 2773 duas
369 2720 679 2787 pricdicavit
733 2720 933 2778 Christi
981 2738 1103 2779 esse
1154 2732 1410 2789 naturas;
1457 2722 1600 2792 quod
1651 2738 1775 2778 eum

189 2813 513 2883 Eutychiani
571 2815 893 2883 praedicasse
950 2831 1055 2872 non
1116 2824 1349 2886 negant,
1396 2829 1557 2885 quem
1610 2816 1771 2871 etiam

185 2903 320 2958 duas
342 2904 673 2962 mentiuntur
712 2918 928 2977 putasse
968 2922 1249 2978 personas.
1290 2908 1401 2961 Cur
1450 2908 1609 2977 igitur
1654 2923 1778 2963 eum

188 2996 378 3052 beatus
408 2996 638 3070 Cyrillus
660 3015 764 3055 non
797 2998 955 3053 simul
982 2998 1050 3053 de
1071 2999 1296 3053 duarum
1319 3013 1535 3071 quoque
1564 3008 1780 3053 natura-

187 3103 305 3143 rum
358 3089 737 3157 praadicatione
786 3090 1041 3160 culpavit,
1093 3091 1139 3145 si
1193 3090 1387 3146 haeresi
1437 3090 1773 3146 Nestoriana:

186 3179 553 3248 deputandum
586 3190 669 3237 est
698 3181 830 3236 duas
856 3182 1053 3237 Christi
1094 3181 1319 3237 credere
1352 3195 1415 3237 ac
1449 3180 1648 3237 docere
1680 3197 1775 3236 na-

1881 1984 2191 2039 miliaritate
2221 1984 2356 2039 bene
2384 1995 2745 2054 cognoverant
2772 1999 2877 2054 qua
2907 1985 3205 2040 intentione
3229 1987 3466 2054 scripse-

1880 2075 1952 2129 rit
1979 2075 2033 2129 in
2079 2075 2276 2145 quibus
2322 2076 2612 2145 putabatur
2640 2075 2709 2129 ab
2738 2076 3109 2145 ignorantibus
3139 2079 3464 2148 arguendos.

1881 2166 1993 2221 lloc
2008 2166 2228 2234 justitite
2252 2166 2607 2235 congruebat,
2626 2167 2729 2223 hoc
2750 2168 2912 2223 etiam
2937 2169 3145 2238 pietati,
3166 2185 3284 2240 quae
3300 2186 3463 2239 quan-

1881 2266 1992 2312 tum
2017 2258 2155 2313 ratio
2187 2258 2384 2325 patitur
2413 2258 2574 2313 debet
2601 2260 2936 2314 excusationi
2983 2260 3152 2330 magis
3178 2276 3338 2331 quam
3371 2276 3466 2315 ac-

1879 2348 2142 2405 cusationi
2175 2348 2356 2405 favere
2385 2364 2649 2419 personae.
2681 2351 2795 2406 Hoc
2823 2353 2985 2407 etiam
3016 2355 3343 2408 conveniens
3372 2354 3469 2410 fuit

1879 2439 2167 2494 assertioui
2197 2455 2338 2495 vera:
2368 2440 2511 2505 ﬁdei,
2537 2434 2707 2510 quam'
2721 2450 2907 2497 contra
2934 2441 3239 2497 Nestorium
3267 2454 3324 2499 et
3364 2445 3470 2499 Eu-

1883 2530 2096 2599 tychem
2144 2533 2386 2602 synodus
2433 2532 2524 2586 illa
2556 2543 2890 2601 susceperat,
2940 2550 3009 2589 ne
3060 2543 3153 2589 aut
3198 2534 3470 2590 diceretur

1883 2620 2156 2677 Nestorius
2180 2622 2374 2677 similia
2403 2624 2647 2691 sapuisse
2669 2624 2953 2681 Theodoro
2977 2639 3006 2679 a
3037 2629 3201 2680 tantis
3225 2626 3469 2680 Patrihus

1887 2715 2198 2785 praedicam,
2228 2725 2318 2769 aut
2348 2731 2442 2785 per
2469 2696 2571 2771 lioc
2595 2715 2710 2785 ejus
2727 2718 2898 2772 errori
2919 2717 3135 2773 daretur
3156 2717 3471 2784 auctoritas,

1884 2815 1978 2859 aut
2027 2806 2506 2876 Apolinaristarum
2550 2808 2949 2878 progenitorum
2991 2809 3334 2879 Eutychianze
3377 2809 3471 2863 de-

1885 2898 2120 2962 mentizn,
2152 2898 2236 2953 vel
2287 2898 2454 2967 ipsius
2499 2899 2759 2969 Eutychis
2802 2901 2852 2954 in
2884 2899 3171 2955 Theodoro
3200 2902 3472 2956 videretur

1886 3001 2068 3045 secuta
2093 2991 2379 3060 judicium,
2418 3000 2475 3045 ut
2504 2991 2573 3047 de
2612 2992 2723 3061 ipsa
2768 3006 2981 3062 quoque
3010 2993 3304 3048 secundum
3348 3009 3473 3049 scn-

1888 3084 2105 3139 tentiam
2135 3084 2275 3139 beati
2304 3082 2488 3156 Cyrilli
2521 3086 2715 3138 merito
2737 3084 3026 3155 diceretur,
3060 3086 3203 3155 quod
3234 3096 3471 3156 propter-

1888 3191 1949 3230 ea
1980 3191 2038 3231 se
2068 3176 2213 3229 circa
2229 3174 2597 3237 Theodorum,
2622 3176 2795 3230 virum
2825 3175 3196 3231 admirabilem
3227 3186 3283 3231 ct
3305 3178 3474 3231 maxi~

189 3272 373 3327 tutas?
423 3273 562 3341 Quin
609 3274 787 3343 potius
828 3274 953 3329 hinc
998 3273 1431 3343 sapientissimus
1460 3272 1695 3329 Joannes
1726 3283 1779 3329 et
1809 3266 1851 3328 C
1892 3278 2030 3320 mam
2062 3266 2285 3334 gloriam
2315 3274 2629 3330 merentem,
2652 3265 2858 3321 infense
2881 3266 3123 3332 haberet,
3150 3277 3208 3322 ut
3236 3270 3474 3323 occasio-

187 3364 457 3419 orientale
490 3365 801 3431 conc-ilium,
828 3366 1130 3421 scribentes
1157 3366 1332 3422 eidem
1369 3366 1527 3421 beato
1554 3365 1780 3436 Cyrillo,

188 3454 533 3510 Theodorum
566 3465 813 3527 purgant,
852 3456 992 3526 quod
1019 3457 1278 3513 adversus
1314 3456 1598 3511 haereticos
1627 3466 1779 3510 natu-

190 3558 376 3598 rarum
422 3545 777 3614 proprietates
843 3547 1076 3613 atnplius
1144 3545 1431 3609 dividens,
1500 3555 1780 3614 putaretur

191 3637 355 3690 etiam
400 3635 533 3691 duas
568 3634 767 3692 Christi
813 3638 1113 3695 asseruisse
1164 3653 1443 3708 personas.
1498 3640 1781 3706 Quomodo

190 3726 354 3794 igitur
394 3727 479 3782 vel
525 3729 812 3785 orientales
854 3729 1043 3785 Patres
1086 3745 1154 3784 ex
1195 3744 1261 3785 eo
1298 3730 1469 3801 magis
1516 3745 1779 3785 excusan-

190 3816 320 3868 dum
354 3816 692 3874 Theodorum
751 3834 780 3874 a
821 3820 1143 3877 Nestoriano
1181 3822 1410 3876 crimine
1454 3821 1782 3891 iudicarent,

191 3905 337 3973 quod
396 3916 702 3963 naturarum
755 3910 1111 3978 proprietates
1140 3912 1369 3980 amplius
1420 3910 1706 3979 divideret,
1739 3914 1783 3969 si

188 3996 496 4052 Nestoriani
538 4008 622 4054 est
663 4000 905 4056 criminis
946 4002 1080 4056 duas
1118 4000 1320 4057 Christi
1368 4011 1590 4057 naturas
1634 4018 1787 4059 asse-

192 4088 354 4144 rere?
377 4091 457 4145 vel
486 4092 755 4161 quomodo
784 4092 897 4163 ipse
934 4108 1145 4165 quoque
1174 4094 1359 4149 beatus
1387 4090 1619 4164 Cyrillus
1669 4111 1779 4151 non

192 4182 417 4239 eosdem
472 4186 761 4242 orientales
792 4188 806 4218 ¹
843 4186 1134 4242 haereticos
1183 4200 1237 4243 et
1292 4188 1514 4243 nimium
1567 4189 1783 4253 stultos,

193 4274 288 4343 qui
320 4273 663 4331 Theodorum
712 4279 976 4333 incertum
1006 4282 1210 4334 crimen
1243 4281 1593 4335 suSIiucntcm
1636 4291 1785 4336 certo

192 4363 424 4419 crimine
455 4364 743 4422 tlel'cndete
786 4367 1137 4428 nitebantur?
1184 4367 1490 4424 Prmsertim
1531 4371 1781 4439 quoniam

270 4498 287 4527 ¹
318 4496 451 4551 Cod.
490 4498 712 4561 Veram,
735 4501 988 4566 iudicaret
1015 4500 1305 4553 orientales.

1893 3374 2011 3416 nent
2044 3360 2242 3414 iaceret
2270 3360 2540 3413 contrario
2569 3358 2804 3429 dogmati
2845 3375 2953 3429 quo
2988 3362 3287 3427 tenebatur,
3321 3378 3473 3430 qure-

1892 3468 2016 3508 rens
2044 3450 2276 3520 capitula
2302 3450 2546 3521 quaedam
2589 3450 2706 3520 ejus
2743 3465 2847 3504 non
2878 3468 2942 3504 ex
2974 3452 3284 3506 melioribus
3316 3454 3473 3507 intel-

1890 3544 2025 3599 lecta
2052 3543 2317 3597 damnari.
2351 3542 2555 3607 Quibus
2584 3542 2653 3596 ita
2688 3542 2990 3597 constitutis
3031 3553 3191 3609 atque
3225 3543 3472 3607 ﬁrmatis,

1887 3636 2028 3703 quod
2064 3648 2233 3703 nuper
2259 3648 2288 3687 a
2321 3632 2637 3703 quibusdam
2668 3633 3060 3688 condemnatus
3091 3644 3193 3699 i-st,
3219 3636 3470 3690 cohibeo.

1899 3726 1983 3778 tite
2013 3739 2170 3794 quam
2202 3723 2441 3792 prasbent
2474 3722 2842 3793 Eutycliianis,
2869 3733 2922 3778 et
2944 3723 3315 3779 abominanda:
3341 3742 3475 3794 prata

1894 3815 2181 3886 sumptioni
2212 3816 2377 3870 debet
2404 3815 2596 3868 ascribi
2621 3831 2637 3880 ;
2666 3826 2720 3870 et
2765 3814 2883 3869 ideo
2928 3816 3067 3871 sicut
3116 3818 3212 3870 hos
3244 3827 3476 3872 temera-

1896 3909 2005 3963 rios
2034 3919 2217 3963 contra
2246 3915 2554 3962 sanctorum
2585 3905 2800 3960 Patrum
2837 3906 3202 3976 Ecclesiazque
3228 3910 3475 3963 testimo-

1896 4000 2040 4055 nium
2071 3998 2373 4055 nullatenus
2397 3999 2696 4067 appiobare
2721 3997 3002 4069 quisquam
3028 4001 3243 4069 sapiens
3278 4009 3474 4070 potest,

1896 4092 1965 4146 ita
2000 4105 2243 4160 magnam
2287 4091 2555 4161 synodum
2582 4090 3073 4146 Chalcedonensem
3122 4107 3242 4146 cum
3287 4093 3475 4148 iisdem

1894 4184 2142 4240 Patribus
2172 4192 2227 4239 et
2261 4184 2503 4239 Ecclesia
2546 4185 2596 4238 in
2627 4200 2728 4255 qua
2759 4184 3074 4240 Theodotus
3102 4187 3317 4251 mansit,
3370 4204 3476 4243 non

1896 4287 2068 4347 potest
2098 4279 2426 4345 improbare.
3402 4286 3405 4291 ’

1972 4504 1991 4533 ²
2025 4502 2166 4556 Idem
2194 4500 2338 4568 cod.,
2367 4499 2649 4555 Diodorum
2675 4513 2722 4555 ct
2749 4500 3069 4555 Theodorum
3094 4502 3265 4568 ﬁdem.

1406 4754 1744 4836 LIBER
1818 4752 2248 4836 NONUS.

1722 4891 2122 4906 _

722 4991 947 5047 CAPUT
989 4990 1276 5049 PRIMUM.

192 5132 351 5203 Quod
381 5147 448 5206 α
471 5132 675 5199 scriptis
712 5132 972 5187 Theodori
1002 5136 1241 5202 probetur
1286 5137 1456 5204 ipsum
1502 5137 1663 5206 fuisse
1709 5155 1797 5193 ca-

268 5205 524 5278 u'rolicum
545 5241 559 5263 ,
592 5213 638 5255 et
666 5206 820 5257 unius
848 5206 1031 5272 psalmi
1062 5222 1184 5260 XLIV
1216 5210 1533 5278 crpositionc
1552 5211 1795 5275 refellan-
1815 5258 1831 5266 -

265 5295 353 5330 ηπ
378 5274 553 5331 omnia
578 5290 691 5341 qum
717 5287 895 5327 contra
922 5278 1034 5347 ejus
1066 5274 1352 5331 doctrinam
1376 5279 1575 5350 objecta
1600 5291 1736 5334 sunt.

272 5434 663 5493 ProniissiOnis
696 5449 986 5501 memores,
1017 5439 1340 5508 competenti
1373 5440 1488 5495 loco
1514 5440 1625 5511 jam
1673 5455 1795 5509 pro-

194 5531 507 5600 ponamus‘
556 5526 620 5584 u'e
681 5525 953 5581 Theodori
1002 5530 1214 5598 scriptis
1265 5545 1367 5585 non
1414 5545 1601 5600 pauca,
1659 5530 1797 5585 sicut

196 5622 362 5675 tertio
391 5621 527 5674 libro
557 5637 621 5675 ex
656 5620 943 5673 occasione
986 5620 1365 5677 convincenda:
1417 5623 1662 5679 falsitatis
1694 5622 1797 5676 ad-

192 5710 560 5765 versariorum
588 5713 844 5773 fecimus;
877 5710 969 5763 sed
994 5711 1161 5767 multo
1186 5713 1355 5783 plura,
1375 5716 1567 5788 quibus
1590 5715 1799 5771 abunde

274 5824 292 5856 '
323 5823 456 5879 Cod.
493 5824 710 5893 Verum,
748 5822 1090 5893 proferamus.

1824 4977 1878 5037 D
1906 4986 2239 5031 monstretur
2268 4984 2523 5045 quantum
2554 4974 2623 5029 ab
2650 4974 2714 5028 iis
2746 4989 2865 5045 quae
2894 4974 2945 5030 in
2976 4974 3339 5045 prmjudicium
3372 4992 3486 5034 ma-

1899 5086 2018 5141 gna:
2047 5070 2237 5141 synodi
2282 5068 2739 5124 Chalcedonensis
2786 5068 2853 5125 de
2908 5069 3001 5125 illo
3057 5072 3283 5126 conﬁcta
3336 5085 3486 5141 sunt,

1902 5162 2061 5217 fuerit
2088 5162 2414 5217 alienuszut
2446 5163 2557 5231 jam
2609 5176 2714 5217 non
2756 5161 2974 5217 Patrum
3016 5164 3345 5228 testimonio,
3392 5167 3486 5221 sed

1902 5255 2032 5325 ipsis
2062 5254 2221 5309 rebus
2252 5253 2569 5309 ostendatur
2595 5254 2740 5324 quod
2770 5254 3180 5311 conturbatores
3211 5256 3487 5326 Ecclesiae,

1902 5348 1992 5417 qui
2022 5347 2303 5417 epistolam
2334 5348 2655 5402 venerabilis
2687 5347 2792 5402 lbm
2818 5347 2885 5403 de
2909 5349 3150 5403 laudibus
3170 5350 3287 5420 ejus
3310 5350 3486 5407 Thom

1907 5439 2021 5493 duri
2049 5440 2284 5509 culpint,
2320 5455 2425 5495 non
2456 5439 2607 5510 Quasi
2658 5439 2912 5495 latentem
2944 5440 3193 5495 invenire
3240 5455 3344 5494 non
3394 5456 3488 5510 po-

1908 5536 2129 5600 tuerint,
2158 5533 2255 5588 sed
2302 5531 2635 5588 manifestam
2665 5531 2850 5586 videre
2896 5530 3354 5585 dissimulaverint
3394 5547 3488 5585 ve.

1908 5628 2140 5683 ritatcm.
2178 5625 2343 5696 Igitur
2374 5626 2472 5679 tria
2504 5632 2627 5678 sunt
2671 5622 2721 5677 in
2750 5622 2942 5691 quibus
2966 5623 3082 5690 ejus
3109 5621 3247 5674 dicta
3284 5621 3489 5677 calum-

1908 5719 2145 5782 niantur,
2203 5718 2341 5773 sicut
2393 5716 2499 5784 iam
2529 5715 2788 5770 diximus.
2822 5709 2998 5767 Unum
3039 5721 3141 5778 est,
3172 5710 3312 5781 quod
3362 5728 3486 5771 cum
