3978 6350
486 338 590 397 739

1588 336 1876 391 FACUNDI
1922 334 2134 390 EPISC.
2181 335 2693 393 llEIlMIANENSIS

3651 333 3760 389 740

485 454 835 509 criminantur
863 455 1093 519 unicam,
1139 449 1546 520 juxtaSabellii
1598 451 1946 515 dementiam,
1980 449 2143 509 di—A
2170 464 2359 505 sancto
2402 452 2625 519 Spiritui
2677 447 2995 517 condignam
3047 447 3436 501 adorationem.
3492 445 3762 515 QUOcirca

487 547 624 599 vium
652 546 927 599 Trinitatis
957 546 1252 601 credidisse
1278 558 1587 612 personam.
1622 542 1895 608 Alterum,
1927 541 2068 610 quod

486 637 801 703 semetipsos
842 636 1184 690 destruentes
1230 634 1538 688 econtrario
1576 647 1761 686 rursus
1799 631 2074 687 afﬁrmant

484 728 624 795 quod
672 727 1083 795 quaternitatem
1116 725 1508 787 introduxerit,
1532 723 1667 777 duos
1698 722 1837 777 filios
1883 723 2074 790 prmdi-

486 818 657 870 cando
682 826 729 883 ι,
767 818 818 871 id
849 828 931 873 est
958 820 1115 872 aliam
1145 818 1238 872 Dei
1275 818 1432 872 Verbi
1461 826 1515 871 et
1545 816 1706 869 aliam
1735 814 1937 869 Christi
1981 829 2074 867 as—

486 908 713 963 serendo
740 912 1150 981 personam,qui
1174 910 1335 966 homo
1362 919 1565 963 tantum
1587 909 1887 973 fuerit,n0n
1910 908 2071 961 etiam

490 1000 648 1065 Deus,
680 1002 819 1054 sicut
849 1010 1104 1069 putavere
1139 1001 1330 1056 Judazi.
1365 1002 1603 1057 Tertium
1652 1014 1781 1053 vero
1807 1008 1910 1063 est,
1934 997 2075 1067 quod

470 1099 610 1144 'eum
657 1090 842 1146 dicunt
896 1107 1195 1147 evacuasse
1250 1108 1440 1148 omnes
1494 1092 1549 1145 in
1602 1092 1870 1145 Christum
1912 1092 2077 1143 laetas

490 1179 831 1249 prophetias;
878 1182 1021 1251 quod
1068 1181 1482 1236 Manichaeorum
1536 1181 1737 1236 erroris
1781 1189 1884 1245 est,
1941 1194 2078 1248 quos

488 1271 732 1324 novimus
770 1272 1004 1327 Judaicze
1046 1274 1346 1328 iufidelitati
1387 1273 1528 1328 male
1566 1272 1883 1326 contrarios.
1943 1269 2077 1323 Nam

487 1361 564 1415 illi
613 1378 811 1417 novum
861 1365 1211 1431 detestantes,
1266 1377 1422 1421 vetus
1468 1381 1527 1419 se
1558 1365 1746 1420 dicunt
1789 1363 2075 1432 accipere;

490 1452 575 1506 isti
606 1464 759 1508 vetus
789 1455 1137 1523 detestantes,
1162 1472 1358 1511 novum
1389 1472 1448 1511 se
1474 1457 1660 1511 dicunt
1704 1456 1947 1524 accipere
1972 1454 2078 1508 Te-

489 1553 831 1597 stamentum.
876 1552 1004 1609 Qua:
1042 1548 1279 1615 quidem,
1313 1559 1367 1599 ut
1399 1557 1673 1601 ostensum
1722 1555 1826 1609 est,
1873 1546 1951 1599 sic
1988 1544 2081 1597 ab-

480 1633 647 1686 Btlrdzt
691 1646 813 1689 sunt
860 1637 1070 1705 sibique
1101 1638 1393 1702 contraria,
1428 1650 1485 1691 ut
1518 1638 1694 1690 nullus
1736 1652 1801 1692 ea
1833 1636 2081 1690 refellere

493 1724 576 1776 vrl
610 1726 888 1782 attendere
938 1728 1267 1797 dignaretur.
1322 1728 1676 1795 Despicieuda
1724 1729 1868 1783 enim
1913 1727 2081 1795 magis

491 1816 605 1865 hzrc
655 1826 809 1869 erant
858 1827 912 1871 et
960 1818 1171 1872 silentio
1202 1820 1616 1884 contemnenda,
1664 1819 1767 1871 nisi
1798 1828 2064 1871 tantorum
2103 1808 2148 1863 Β

491 1908 863 1976 episcoporum
892 1921 1073 1964 coacta
1098 1913 1417 1981 subscriptio
1442 1914 1596 1982 nugis
1618 1912 1813 1967 talibus
1843 1927 1939 1967 nos
1982 1928 2067 1965 re-

491 1997 757 2063 spondere
785 2002 1153 2068 compelleret.
1186 2003 1315 2056 Nam
1351 2003 1480 2073 quid
1518 2004 1640 2057 hinc
1667 2004 2071 2057 metueremus?

491 2106 559 2142 an
594 2091 734 2144 forte
762 2094 1090 2147 credendum
1121 2105 1203 2149 est
1235 2095 1376 2164 quod
1404 2096 1485 2148 his
1517 2096 1780 2160 ridiculis,
1811 2105 1995 2150 mutuo
2015 2110 2073 2148 se

491 2174 893 2239 destruentibus
934 2188 1151 2243 nemine
1182 2190 1195 2219 ¹
1227 2190 1523 2253 refellente,
1558 2189 1837 2259 quisquam
1866 2189 1953 2244 vel
1984 2205 2075 2257 pa-

490 2287 609 2325 rum
642 2274 893 2329 cordatus
922 2279 1187 2345 prteberet
1211 2280 1527 2334 assensum?
1574 2279 1855 2346 Quomodo
1894 2291 2071 2335 autem

491 2377 672 2433 possm
699 2369 999 2424 evidentius
1040 2372 1290 2426 omnibus
1318 2388 1601 2441 apparere,
1633 2372 1818 2443 quales
1850 2374 1957 2426 sint
1986 2388 2073 2426 re-

492 2464 848 2528 prehensores
888 2464 1081 2533 synodi
1122 2464 1609 2528 Chalcedonensis,
1651 2465 1740 2532 qui
1789 2478 1846 2517 se
1880 2462 2073 2517 Joanni

492 2554 1105 2625 Constantitmpolitano,
1141 2559 1399 2631 Gregorio
1423 2561 1776 2623 Nazianzeno,
1802 2558 1995 2615 Jonnui
2024 2567 2077 2610 ct

493 2647 700 2702 Domno
727 2650 1072 2705 Autiochenis
1103 2662 1261 2721 atque
1291 2654 1538 2707 orientali
1562 2652 1816 2715 concilio,
1842 2666 1939 2705 nec
1970 2666 2075 2703 non

491 2744 545 2789 et
600 2736 794 2791 I’roclo
851 2740 980 2794 item
1050 2741 1690 2811 Constantinopolitano,
1748 2751 1801 2796 et
1877 2740 2078 2811 Cyrillo

492 2824 855 2883 Alexandrino
901 2831 1160 2901 religione
1190 2841 1347 2902 atque
1377 2835 1601 2887 scientia
1633 2832 1947 2902 praaferunt,
1975 2832 2077 2885 n'si

492 2918 850 2985 probarentur
882 2933 936 2977 et
964 2923 1125 2978 nimis
1170 2926 1469 2995 irreligioso
1509 2942 1693 2981 amare
1722 2925 2078 2986 mendacium,

494 3019 547 3062 et
580 3026 752 3079 neque
778 3014 877 3067 hoc
902 3016 1091 3068 saltem
1121 3017 1258 3070 scire
1287 3016 1558 3091 quomodo
1586 3016 1949 3070 mentiantur?
1977 3020 2078 3069 Ac-

493 3103 609 3171 cipe
666 3120 797 3158 vero
838 3106 971 3175 jam,
1022 3110 1366 3163 serenissime
1418 3110 1731 3178 imperator,
1770 3109 1900 3179 quid
1938 3108 2079 3162 idem

2175 552 2282 594 tres
2324 542 2636 596 Theodorus
2690 541 2919 595 credidit
2967 549 3021 592 et
3074 538 3255 591 docuit
3305 552 3425 591 esse
3472 553 3761 607 personas,

2175 637 2336 688 alium
2384 635 2570 689 dicens
2617 635 2852 697 l’atrem,
2886 632 3043 700 cujus
3075 632 3144 683 sit
3175 631 3315 683 filius
3344 644 3500 699 quem
3553 631 3767 684 vocavit

2178 726 2543 795 Uuigenitum,
2567 735 2621 781 et
2649 727 2812 780 alium
2844 724 3103 792 Spiritum
3145 734 3387 777 sanctum
3418 725 3461 787 ³,
3490 721 3577 776 cui
3627 738 3767 777 con-

2175 820 2411 887 dignam,
2441 818 2492 870 id
2519 827 2600 871 est
2632 818 2795 870 talem
2849 815 3059 884 qualem
3102 814 3263 869 etiam
3311 812 3467 877 Filio,
3493 814 3769 867 adoratio-

2185 925 2307 963 nem
2332 908 2623 963 exhibeant
2642 910 2731 978 qui
2762 908 2973 977 pietatis
3002 917 3162 977 atque
3194 907 3405 960 virtutis
3431 906 3767 977 diligentiam

2180 1000 2379 1055 habere
2435 1000 2704 1055 festinam.
2765 999 2873 1055 Sed
2932 1013 3106 1067 neque
3159 997 3434 1051 Christum
3491 997 3765 1056 hominem

2180 1092 2549 1146 tantummodo
2582 1090 2917 1160 prtedicavit,
2947 1088 3101 1158 cujus
3134 1087 3384 1157 operibus
3423 1089 3555 1143 nihil
3595 1092 3771 1159 majus

2180 1198 2299 1238 esse
2329 1183 2596 1252 perhibet,
2636 1181 2900 1237 confitens
2931 1196 3053 1235 eum
3098 1180 3267 1233 Deum
3308 1180 3704 1248 universorum,
3739 1199 3769 1235 a

2180 1290 2286 1343 quo
2305 1282 2447 1327 tanta
2479 1273 2662 1327 mundi
2700 1273 3051 1328 commutatio
3092 1270 3227 1325 facta
3269 1273 3359 1323 sit.
3388 1271 3539 1337 Quod
3589 1283 3769 1327 autem

2181 1381 2281 1422 nec
2308 1376 2531 1420 evacuet
2578 1378 2769 1419 omnes
2808 1365 2858 1418 in
2907 1364 3180 1420 Christum
3226 1366 3393 1421 factas
3436 1368 3769 1437 prophetias,

2184 1460 2358 1527 palam
2389 1468 2496 1522 est,
2537 1458 2659 1525 quia
2710 1470 2898 1509 rursus
2952 1456 3002 1509 in
3042 1457 3283 1525 ejusdem
3313 1458 3504 1524 psalmi
3558 1460 3774 1527 exposio

2184 1552 2327 1603 tione
2376 1550 2511 1602 dixit
2554 1566 2568 1601 :
2627 1567 2643 1599 ι
2676 1547 2940 1614 Quoniam
2980 1549 3197 1618 quidem
3263 1550 3411 1619 prius
3463 1551 3540 1603 ait
3585 1566 3769 1619 regna,

2185 1653 2369 1714 postea
2383 1654 2561 1699 autem
2583 1652 2908 1697 memoratus
2930 1652 3011 1695 est
3036 1643 3369 1697 inimicorum
3395 1645 3768 1711 perditionem,

2185 1748 2241 1792 et
2286 1738 2617 1806 reliquorum
2672 1733 3063 1803 subjectiouem
3091 1776 3106 1799 ,
3153 1751 3221 1789 ne
3258 1735 3451 1804 aliquis
3503 1735 3773 1790 existimet

2180 1844 2351 1899 nuper
2378 1830 2429 1883 ei
2459 1827 2757 1882 accessisse
2788 1840 3031 1895 regnum,
3064 1827 3146 1881 vel
3178 1838 3323 1882 certe
3354 1843 3509 1897 posse
3535 1843 3661 1883 eum
3685 1829 3772 1880 de-

2181 1937 2287 1975 nuo
2319 1919 2516 1985 privari
2540 1917 2725 1972 eadem
2753 1925 3045 1986 potestate.
3083 1918 3205 1971 Post
3240 1918 3352 1972 lucc
3381 1919 3580 1973 infert:
3616 1919 3776 1974 Sedes

2178 2022 2287 2077 tua,
2322 2011 2480 2077 Deus,
2515 2010 2567 2063 in
2596 2009 2841 2063 strculunt
2872 2009 3054 2062 saeculi
3088 2008 3275 2081 (Ibid.,
3302 2012 3382 2075 7),
3414 2013 3516 2067 hoc
3535 2023 3621 2068 est
3649 2029 3776 2068 Cott-

2178 2115 2469 2175 sequentcr
2544 2102 2757 2171 quidn-m
2835 2101 3211 2157 interimentur
3281 2104 3522 2168 inimici,
3585 2108 3775 2178 reliqui

2178 2210 2307 2249 vero
2335 2209 2523 2248 omnes
2554 2192 2926 2259 subjicientur.
2954 2194 3219 2259 Quoniam
3250 2196 3464 2263 quidem
3499 2213 3606 2252 non
3652 2201 3775 2252 Sub-

2180 2288 2547 2341 iutromissum
2607 2285 2775 2340 babes
2841 2301 3108 2355 regnum,
3158 2287 3251 2341 sed
3325 2304 3389 2342 ex
3447 2291 3775 2359 sempiterno

2182 2380 2422 2435 omnium
2456 2392 2667 2447 regnas,
2698 2386 2751 2431 et
2783 2377 2832 2429 in
2887 2386 3142 2431 :eternum
3188 2393 3400 2448 regnas,
3446 2390 3499 2434 et
3553 2395 3774 2450 regnum

2181 2482 2327 2526 tuum
2361 2478 2540 2523 manet
2568 2470 2618 2522 iu
2660 2476 2939 2523 aeternum.
2977 2469 3099 2523 Ilaec
3126 2468 3295 2524 1υάιεί
3330 2479 3387 2523 ut
3416 2469 3632 2525 fabulas
3661 2473 3775 2524 ina-

2181 2580 2275 2618 nes
2321 2562 2642 2629 intelligunt,
2687 2560 3051 2613 existimantes
3098 2560 3164 2614 de
3207 2562 3420 2615 homine
3448 2578 3576 2631 rege
3605 2563 3777 2618 diota.

2180 2656 2275 2708 Cui
2304 2653 2445 2708 enim
2479 2652 2751 2705 hominum
2780 2659 2981 2703 tantum
3015 2651 3115 2704 hoc
3147 2653 3350 2721 insigne
3380 2654 3662 2717 virtutum,
3688 2660 3778 2707 aut

2182 2748 2369 2799 talium
2400 2742 2707 2812 magnitudo
2752 2740 3059 2794 dictorum“!
3104 2742 3188 2794 cui
3218 2757 3343 2795 vero
3387 2747 3700 2810 conveniet,
3730 2754 3776 2797 et

2182 2838 2397 2890 deducet
2431 2847 2477 2889 te
2508 2834 2805 2887 mirabiliter
2847 2834 3058 2887 dextera
3100 2844 3188 2886 tua
3238 2834 3424 2902 (llud,
3451 2835 3507 2904 5}
3545 2836 3568 2888 τ
3597 2836 3778 2890 divina

2182 2934 2457 3001 Scriptura
2495 2932 2565 2985 de
2609 2931 2859 2985 omnibus
2905 2932 3067 3002 justis
3118 2948 3325 3000 semper
3376 2932 3444 2985 ita
3495 2932 3771 3002 loquente,

2183 3027 2307 3095 quia
2335 3042 2398 3080 ex
2446 3026 2631 3079 divino
2659 3026 2928 3095 adjutorio
2956 3028 3202 3080 virtuvem
3245 3026 3576 3095 possideant.
3610 3028 3779 3081 Mani-

2188 3118 2380 3171 festum
2414 3125 2589 3170 autem
2625 3118 2709 3169 hic
2737 3127 2788 3169 et
2831 3117 2957 3170 illud
3004 3126 3104 3179 est,
3151 3117 3275 3186 quia
3327 3133 3431 3171 non
3482 3117 3551 3172 de
3600 3120 3779 3188 aliquo

495 3194 811 3254 Theodorus
842 3200 908 3253 de
935 3201 1343 3270 quadragesimo
1366 3213 1422 3255 et
1457 3214 1649 3271 quarto
1674 3202 1878 3272 psalmo
1901 3202 2086 3271 dispu-
2116 3193 2158 3252 C
2194 3210 2356 3278 impio
2385 3209 2631 3276 loquatur
2661 3209 2711 3261 in
2746 3209 2953 3277 propria
2984 3209 3179 3261 virtute
3230 3207 3447 3263 ﬁdente.
3499 3210 3582 3263 Ad
3624 3225 3779 3277 quem

496 3298 613 3343 tans
641 3291 785 3345 dicat
816 3310 828 3345 :
866 3312 883 3344 ι
913 3294 1051 3360 Quid
1092 3292 1271 3365 itaque
1316 3297 1619 3351 invenietur
1648 3297 1818 3365 majus
1849 3296 1931 3350 his
1960 3312 2078 3364 qua:

495 3400 522 3437 a
560 3387 770 3442 Christo
820 3391 954 3443 facta
982 3400 1107 3445 sunt
1146 3392 1198 3445 in
1246 3403 1388 3446 tanta
1433 3394 1616 3448 mundi
1664 3395 2079 3449 commutatione

496 3479 742 3534 «uultibus
769 3485 1201 3551 agnoscentibus,
1230 3486 1396 3540 Deum
1434 3488 1805 3541 universorum
1831 3496 1884 3541 et
1913 3488 2079 3553 pieta-

497 3569 562 3619 tis
604 3578 765 3638 atque
824 3572 1038 3627 virtutis
1081 3574 1408 3641 diligentiam
1449 3576 1648 3630 habere
1687 3574 2074 3638 festinantium,

496 3660 984 3726 etgloriftcantium
1036 3663 1253 3733 quidem
1302 3665 1393 3718 Dei
1425 3666 1787 3737 lluigenitum,
1819 3665 2081 3719 exhiben-

496 3750 624 3803 tium
660 3767 788 3806 vero
816 3762 1002 3806 sancto
1040 3754 1264 3823 Spiritui
1309 3758 1625 3825 condignam
1671 3757 2077 3810 adorationum:

496 3860 593 3915 pro
633 3847 825 3916 quibus
874 3850 1057 3903 beatus
1113 3850 1276 3903 David
1326 3852 1435 3903 ait:
1472 3851 1735 3904 Eructavit
1780 3866 1867 3903 cor
1914 3866 2081 3903 meum

498 3939 698 3993 verbum
728 3942 913 3993 bonum
936 3941 1108 4010 (Paul.
1145 3958 1286 4007 λων,
1316 3943 1444 4009 1)?»
1478 3943 1661 3997 Cernit
1694 3944 1779 3996 hic
1802 3954 1887 3995 tua
1914 3943 2082 4008 pietas

499 4046 686 4083 otnnes
716 4031 879 4084 simul
904 4031 1275 4085 haereticorum
1308 4032 1600 4086 calumnias
1624 4047 1743 4086 esse
1760 4034 2077 4087 destructas.

499 4119 627 4170 Nam
663 4119 783 4187 quis
811 4134 967 4172 unam
1001 4119 1174 4173 Patris
1204 4131 1255 4175 et
1284 4121 1404 4175 Filii
1434 4134 1486 4174 et
1518 4124 1746 4191 Spiritus
1772 4126 1938 4177 sancti
1967 4140 2084 4177 cre-

500 4209 631 4261 dens
664 4225 781 4263 esse
808 4224 1117 4278 personam,
1147 4212 1352 4267 diceret
1378 4216 1517 4283 quod
1552 4216 1763 4283 pietatis
1792 4226 1951 4285 atque
1978 4219 2085 4270 vir-

504 4303 631 4353 tutis
684 4302 1014 4371 diligentiam
1064 4304 1381 4360 festinantes
1424 4306 1622 4362 habere
1672 4310 1749 4363 sic
1786 4310 2087 4379 gloriﬁcent

509 4393 843 4462 Unigenitutu
879 4396 994 4459 Dei,
1039 4407 1096 4451 ut
1128 4396 1283 4451 simul
1327 4400 1489 4453 etiam
1518 4401 1840 4469 condignam
1889 4402 2082 4457 adora-

507 4488 705 4541 tionem
749 4484 1043 4543 exhibeant
1098 4490 1321 4559 Spiritui
1370 4496 1597 4547 sancto?
1645 4494 1698 4549 Si
1738 4496 1879 4550 enim
1910 4497 2080 4565 ipsum

2187 3304 2366 3369 itaque
2397 3302 2669 3353 hominum
2702 3303 2924 3369 loquens
2955 3299 3135 3365 infert,
3168 3300 3327 3355 Sedes
3375 3310 3483 3367 tua,
3538 3301 3696 3363 Deus,
3731 3304 3780 3353 in

2186 3391 2429 3447 swculum
2458 3392 2677 3444 sa‘cuc’i?
2720 3392 2773 3442 Si
2813 3402 2987 3444 autem
3034 3389 3099 3444 de
3143 3405 3268 3459 rege
3298 3391 3404 3445 Deo
3430 3392 3586 3455 dicit,
3615 3395 3781 3446 matu-

2188 3487 2382 3539 festum
2413 3484 2669 3548 quoniam
2710 3493 2763 3536 et
2797 3482 2862 3536 de
2890 3483 3069 3551 regina
3103 3498 3207 3537 non
3252 3483 3497 3547 muliere,
3540 3485 3637 3538 sed
3685 3487 3781 3538 Fc-

2187 3577 2373 3640 clesia,
2423 3591 2582 3643 quam
2636 3574 2883 3628 Christus
2929 3575 3029 3628 sibi
3065 3590 3160 3642 per
3211 3576 3363 3629 fidem
3414 3575 3777 3644 desponsavit,

2191 3682 2285 3733 per
2313 3664 2563 3719 affectum
2588 3664 2778 3718 anima:
2810 3665 3012 3718 scilicet
3042 3666 3142 3718 sibi
3170 3665 3518 3733 jungendum.
3572 3667 3776 3721 Etenim

2191 3758 2353 3811 moris
2394 3766 2476 3810 est
2528 3758 2824 3825 Scriptum
2871 3756 3087 3820 divinae,
3116 3772 3211 3810 eos
3260 3757 3347 3824 qui
3379 3772 3473 3825 per
3501 3758 3781 3813 scientiam

2190 3850 2551 3918 adjungontnr
2574 3848 2700 3911 Deo,
2720 3846 3001 3916 conjugem
3033 3847 3150 3913 ejus
3168 3861 3385 3913 vocare,
3400 3847 3469 3899 ad
3488 3848 3776 3902 ostenden-

2188 3941 2310 3993 dam
2344 3954 2527 3994 eorum
2558 3927 2678 3992 cum
2722 3938 2830 3991 Deo
2879 3938 3235 4003 plenissimam
3290 3938 3689 4007 capulationem
3729 3950 3781 3994 ct

2194 4037 2471 4089 unitatem.
2506 4053 2522 4085 ι
2554 4032 2619 4085 Et
2653 4032 2807 4099 paulo
2835 4042 2983 4100 post:
3008 4050 3025 4081 ι
3052 4033 3200 4086 S?cut
3221 4042 3269 4085 et
3293 4031 3528 4087 Joannes
3553 4033 3780 4103 Baptista

2195 4129 2362 4181 dicit:
2402 4126 2501 4191 Qui
2530 4125 2679 4178 habet
2703 4142 2940 4191 sponsum
2972 4141 3187 4189 sponsus
3214 4137 3287 4178 est
3328 4124 3507 4197 (Joan.
3542 4142 3621 4196 ttt,
3665 4126 3779 4195 29).

2189 4220 2448 4286 Quoniam
2485 4218 2645 4286 igitur
2670 4231 2883 4283 semper
2915 4215 3003 4269 Dei
3029 4216 3222 4284 conjux
3264 4217 3456 4270 dicitur
3488 4234 3781 4289 congrega-

2190 4312 2263 4364 tio
2294 4310 2568 4361 hominum
2597 4306 2686 4375 qui
2718 4308 2766 4360 ei
2802 4320 2893 4372 per
2922 4307 3199 4358 scTentiam
3225 4307 3567 4371 conulantur,
3601 4326 3777 4379 regem

2189 4412 2363 4456 autem
2389 4400 2656 4455 Christum
2702 4398 3083 4453 convenienter
3124 4400 3445 4467 appellavit:
3480 4405 3779 4457 necessario

2188 4509 2315 4561 ergo
2344 4503 2423 4547 est
2455 4492 2658 4559 regina,
2688 4506 2806 4559 qua:
2836 4490 2977 4558 regia
3013 4506 3146 4543 uxor
3174 4500 3274 4553 est,
3298 4506 3401 4545 non
3431 4494 3532 4545 alia
3569 4510 3779 4561 promo-

502 4596 621 4635 esse
648 4583 893 4637 crederet
924 4581 1018 4637 Dei
1068 4582 1430 4653 Unigenitum,
1478 4602 1637 4655 quem
1662 4587 1917 4655 Spiritum
1954 4604 2082 4643 san-
2116 4603 2165 4661 ι)
2191 4586 2333 4637 tione
2363 4582 2505 4635 circa
2538 4581 2624 4634 illa
2674 4580 3016 4649 procedente,
3062 4594 3220 4649 quam
3259 4596 3320 4634 ea
3370 4598 3531 4650 quam
3568 4585 3634 4640 de
3687 4588 3779 4638 \tiri

499 4684 639 4725 ctum
663 4714 676 4735 ,
712 4673 990 4729 suffecerat
1028 4675 1251 4743 tileSSt',
1286 4677 1695 4746 glurdicantitun
1741 4679 1955 4747 quidem
2000 4680 2091 4733 Dei

500 4764 860 4831 Unigenitum,
891 4783 990 4820 nec
1019 4780 1132 4821 erat
1163 4784 1298 4837 Opus
1327 4771 1528 4833 dicere,
1554 4771 1924 4825 exlubentinut
1961 4786 2089 4825 vero

574 4911 598 4938 κ
628 4902 739 4955 Hoc
770 4902 1092 4967 praecipuum
1136 4902 1231 4957 fuit
1260 4913 1419 4971 caput
1444 4903 1827 4958 'fheodorianre
1863 4919 2092 4957 accusa-

506 4973 667 5025 tionis
696 4988 711 5024 :
736 4971 874 5038 quod
905 4972 986 5024 his
1015 4973 1190 5026 verbis
1213 4973 1476 5039 designat,
1504 4986 1553 5028 et
1577 4975 1919 5027 anathemate
1942 4975 2093 5027 dam-

502 5052 592 5095 ttat
616 5042 943 5119 Justitiiauus
970 5045 1019 5095 in
1046 5043 1261 5119 edicto:
1288 5046 1350 5100 Εἴ
1368 5066 1446 5119 τις
1472 5045 2087 5119 ἀντιποιεῖταιθεοδὼρου

501 5119 590 5165 τοῦ
622 5113 993 5181 Μοψουεστὶας.
1015 5120 1104 5167 τοῦ
1132 5116 1360 5175 εἰπόντος
1390 5113 1534 5169 ἄλλον
1562 5112 1688 5170 εἶναι
1717 5119 1801 5171 τὸν
1832 5118 1953 5171 θεὸν
1987 5112 2088 5170 λό-

498 5180 718 5254 γωνκαὶ
744 5180 884 5259 ἄλλον
906 5185 1270 5259 τόιι-ξίριςζτὸιι,Δ
1304 5188 1528 5259 ἀνάθεμα
1574 5186 1737 5241 ἔστω.
1768 5187 2086 5259 Theodorus

501 5253 628 5307 sane
674 5254 953 5323 presbyter
998 5253 1327 5321 ltaitbensis,
1362 5253 1792 5324 Mopsuestenum
1847 5258 2002 5312 docet
2033 5275 2082 5308 ιιι

503 5326 600 5379 hac
657 5324 844 5377 Ita-rest
895 5324 1078 5389 fuisse,
1131 5338 1182 5379 ut
1235 5326 1504 5381 Christum
1553 5328 1757 5382 diceret
1813 5328 2080 5381 hominem

499 5396 752 5449 unmude
778 5396 975 5458 inultis,
1007 5396 1096 5461 qui
1146 5397 1475 5452 inhabitante
1522 5399 1573 5451 in
1620 5413 1684 5451 eo
1714 5400 1823 5452 κατ’
1852 5398 2080 5452 εὐδοκίαν

502 5468 593 5519 tlei
630 5466 799 5519 Verbo
819 5470 981 5527 eam;
1011 5469 1153 5530 ἀξίας
1186 5469 1451 5537 particeps
1474 5469 1642 5522 factus
1670 5470 1759 5522 sit.
1796 5468 1935 5521 Duas
1962 5486 2081 5533 pro-

502 5540 621 5590 inde
654 5540 705 5590 iu
728 5552 793 5590 eo
825 5550 1045 5591 naturas
1078 5538 1240 5591 fuisse
1269 5539 1547 5602 discretas,
1579 5549 1740 5606 atque
1773 5538 2081 5592 habitudine

502 5608 611 5659 sola
645 5608 780 5661 inter
803 5623 859 5662 sc
880 5612 1206 5676 cunjuuctas.
1239 5612 1335 5663 Δύο
1357 5608 1551 5680 φύσεις,
1589 5610 1774 5681 inquit,
1807 5609 2079 5685 ἰδιοπεριο-

575 5722 589 5750 ¹
624 5722 747 5774 (Iod.
780 5722 999 5785 \'.eron.,
1034 5723 1185 5775 etiam
1212 5725 1409 5777 nemine

2200 4678 2453 4743 dignitate
2520 4673 2901 4729 communicat.
2972 4673 3376 4743 Consequenter
3442 4692 3572 4742 ergo
3646 4684 3778 4749 regi.

2204 4786 2323 4822 nam
2380 4778 2537 4819 vocat
2598 4766 2936 4828 Ecclesiam,
3004 4766 3294 4819 ostendens
3352 4780 3608 4836 quautam
3670 4788 3780 4827 sor-

2196 4907 2406 4975 pio'rw;
2433 4906 2581 4974 φησὶν
2632 4901 2804 4956 εἰδέναι
2833 4904 2883 4978 ξν
2909 4909 3133 4975 Χριστῷ,
3156 4904 3366 4978 ’σχέσει
3393 4925 3489 4978 ’ςινι
3514 4910 3602 4961 καὶ
3636 4911 3777 4978 plus:

2197 4972 2786 5044 ἀλλήλαιςᾠκειωμένοις.
2816 4972 2967 5037 Quod
2999 4981 3113 5024 erat
3137 4972 3268 5025 duas
3305 4974 3356 5025 itt
3390 4974 3606 5029 Christo
3630 4972 3777 5032 flatu-

2198 5060 2284 5097 tas
2313 5047 2496 5107 verho,
2550 5044 2788 5116 regduas
2823 5056 3075 5116 personas
3106 5045 3364 5116 profiteri.
3417 5047 3483 5099 Et
3523 5050 3645 5116 quia
3684 5056 3777 5101 hoe

2197 5116 2367 5183 ipsum
2402 5124 2582 5181 postea
2616 5114 2711 5166 fuit
2761 5114 2952 5180 dogma
2986 5112 3236 5176 No'storti,
3287 5114 3411 5169 ideo
3440 5112 3775 5172 Theodorum

2199 5182 2354 5259 vocat
2401 5187 2651 5259 «Far/om
2685 5187 2969 5259 Νεστρεὶον.
2996 5182 3140 5259 llasc
3167 5200 3329 5248 porro
3376 5196 3540 5257 atque
3570 5192 3669 5241 alia
3703 5192 3777 5243 his

2193 5256 2372 5307 aftinia
2407 5254 2596 5329 placita
2627 5254 2791 5307 fuis‘e
2821 5254 3111 5329 'l‘heolori,
3143 5258 3427 5329 confirmat
3452 5254 3699 5329 synodus
3726 5277 3774 5321 ιο,

2194 5329 2403 5378 aetione
2435 5327 2487 5386 4,
2522 5336 2630 5377 tum
2662 5341 2726 5379 ex
2782 5327 2947 5377 variis
2976 5325 3231 5377 librorum
3265 5327 3430 5391 ipsius
3482 5325 3628 5393 locis,
3674 5341 3773 5383 tum

2192 5412 2259 5449 ex
2287 5398 2469 5466 Cyrtii
2493 5396 2823 5462 aliorumque
2855 5396 3180 5449 testimonio.
3213 5399 3281 5447 At
3308 5396 3590 5454 Facundos
3611 5401 3774 5454 Theo-

2192 5468 2381 5520 dorum
2407 5473 2480 5519 Slt'.
2506 5466 2762 5529 defendit,
2796 5474 2853 5517 ut
2890 5476 3088 5519 rectam
3116 5477 3302 5519 contra
3334 5472 3493 5522 tldem
3519 5474 3568 5522 in
3600 5473 3774 5525 multis

2192 5538 2308 5605 ejus
2333 5539 2481 5591 libris
2513 5537 2718 5589 ostend.
2741 5553 2795 5588 re
2826 5537 3067 5600 studeat;
3100 5548 3153 5589 et
3181 5538 3225 5589 si
3255 5540 3379 5604 quid
3416 5556 3572 5594 secus
3616 5544 3771 5597 inte:-

2191 5615 2315 5661 dum
2350 5609 2569 5671 θιιςιιιιι,
2605 5608 2884 5675 benigmus
2907 5608 3367 5675 interpretandum
3396 5612 3708 5668 contendat.

573 5792 591 5821 ’
620 5794 757 5845 idem
784 5793 929 5855 eod.,
973 5804 1018 5847 et
1051 5795 1211 5848 alium
1240 5792 1433 5848 Filium
1466 5797 1625 5857 ipsum
1668 5796 2003 5865 unigenitum,
2030 5806 2073 5850 ει
2098 5797 2253 5849 alium
2288 5794 2537 5862 Spiritum
2568 5802 2819 5847 sanctum.
