3978 6350
204 378 301 431 741

1071 395 1204 450 PRO
1245 395 1675 456 DEFENSIONE
1711 402 1920 458 'flllUll
1961 405 2275 463 CAPITUL.
2319 411 2444 466 LIB.
2482 415 2571 470 IX.

3381 438 3484 494 7‘42

201 494 297 548 tita
350 494 420 548 sit
478 511 543 550 ex
617 498 811 556 Christi
879 505 1200 565 adiuratione
1266 513 1618 583 dignitatem,
1675 535 1792 587 qua:
1823 533 1869 594 Α
1902 523 2276 588 ti-rpretatione
2309 540 2403 594 pro
2434 528 2653 584 istorum
2683 534 2963 592 calumniis
3006 542 3226 599 forsitan
3279 550 3477 607 videre-

199 584 247 636 ei
315 588 540 640 accessit
619 603 682 644 ex
757 592 881 649 fide.
935 597 1197 664 Quoniam
1274 616 1363 657 aut
1429 606 1498 660 de
1579 609 1686 661 lico
1739 623 1792 666 ct

198 669 358 728 Patre
410 674 525 731 hare
596 678 702 734 dici
777 699 882 738 non
942 701 1169 756 possunt
1223 694 1272 760 ³,
1323 711 1444 764 qua:
1496 713 1792 768 sequumur

194 773 441 818 astruunt
468 769 772 828 manifeste.
801 792 819 824 ι
854 775 990 843 Quid
1014 780 1172 835 etiam
1201 783 1252 837 in
1281 790 1529 854 prmsenti
1552 791 1789 858 capitulo

199 869 397 925 nempe
443 859 697 914 videntur
745 865 979 923 haeretici
1031 875 1389 946 nequidquam
1418 878 1485 933 de
1517 879 1787 937 Theodori

192 960 420 1013 persona
496 952 892 1018 reprehendere
964 961 1405 1024 Chalcedonense
1456 972 1787 1028 concilium?

188 1036 324 1091 Nam
355 1055 546 1096 omnes
583 1059 770 1100 eorum
812 1050 1106 1111 calumnias
1134 1074 1286 1129 irque
1326 1061 1376 1114 in
1423 1063 1510 1116 ilio
1545 1066 1786 1122 videmus

188 1128 461 1186 esclusas.
497 1133 612 1189 Non
658 1139 802 1193 enim
835 1145 1081 1202 eumdem
1123 1128 1351 1207 credidit
1381 1153 1594 1212 Patrem
1625 1175 1783 1229 quem

192 1218 412 1287 Filium,
445 1227 535 1291 qui
563 1227 676 1281 ait:
716 1231 976 1298 Quoniam
1003 1237 1102 1294 hoc
1137 1245 1279 1306 quod
1317 1245 1385 1301 de
1419 1247 1556 1303 Filio
1584 1251 1782 1307 dictum

187 1319 294 1374 est,
327 1311 395 1367 de
439 1314 546 1369 Deo
573 1329 626 1371 et
674 1320 831 1379 Patre
862 1326 964 1380 dici
1012 1345 1116 1385 non
1167 1335 1351 1401 possit.
1401 1336 1585 1408 Neque
1618 1341 1780 1397 Deum

194 1401 426 1457 Verbum
459 1407 678 1465 alierins
716 1417 945 1471 credidit
996 1435 1116 1476 esse
1162 1439 1428 1495 personae,
1480 1441 1534 1484 et
1564 1435 1782 1489 alterius

184 1491 483 1563 Christum,
508 1501 593 1554 cui
624 1503 826 1560 dictum
880 1524 908 1561 a
965 1491 1222 1580 propheta
1256 1491 1538 1574 confitetir
1573 1542 1588 1578 :
1623 1525 1783 1580 Sedes

185 1593 299 1649 tua,
334 1586 492 1654 Deus,
527 1591 580 1645 in
628 1597 874 1651 :a’culum
924 1603 1101 1656 saculi
1155 1605 1326 1676 (l’sal.
1376 1627 1524 1675 κων,
1581 1615 1674 1684 7);
1729 1630 1782 1672 et

181 1688 344 1742 qnem
380 1692 537 1750 negat
558 1685 1024 1746 subintromissum
1050 1711 1270 1766 regnum
1299 1700 1514 1768 habere,
1540 1714 1592 1758 et
1621 1707 1779 1764 docet

182 1781 247 1818 ex
274 1772 604 1838 sempiterno
628 1791 872 1846 regnare.
903 1781 1016 1837 Non
1043 1800 1171 1855 ergo
1204 1789 1517 1847 Theodorus
1541 1794 1776 1852 Judaica:

1898 618 2004 678 tur,
2027 613 2146 680 quia
2167 615 2321 682 dixit,
2345 629 2398 671 et
2421 632 2639 678 naturas
2668 625 2846 681 divisit
2877 639 2932 683 et
2954 647 3197 699 persona:
3222 639 3485 698 unitatem

1893 700 2300 771 demonstravit,
2335 709 2436 762 nisi
2470 711 2584 780 ipse
2617 716 2970 787 interpretans
3000 728 3347 797 semetipsum
3380 736 3484 789 do-

1891 802 2036 847 ceret
2061 804 2321 864 quatenus
2355 802 2551 858 diserit
2578 819 2697 860 esse
2741 809 2961 879 divisas,
2995 829 3116 870 cum
3160 822 3481 880 subsecutus

1890 884 2085 950 adjecit
2116 903 2130 941 :
2169 905 2187 938 t
2237 888 2303 944 Et
2331 903 2547 948 naturas
2577 897 2788 965 quidem
2820 901 2999 957 divisit
3025 907 3076 959 in
3117 923 3204 975 eo,
3233 915 3372 981 quod
3399 915 3482 969 di-

1891 988 2163 1032 versarum
2196 981 2670 1054 intelligentiarum
2701 989 3051 1052 declamtivas
3095 1015 3250 1057 voces
3275 1016 3476 1060 emisit.

1888 1065 2107 1122 Multum
2139 1072 2280 1126 enim
2311 1075 2484 1131 differt
2513 1080 2580 1132 ab
2624 1080 2875 1148 invicem,
2911 1085 3070 1142 Sedes
3091 1099 3202 1158 tua,
3233 1093 3390 1164 Deus,
3424 1101 3478 1153 in

1886 1159 2131 1212 uetulum
2178 1166 2375 1231 seculi,
2428 1177 2502 1233 et,
2537 1169 2816 1240 Propterea
2848 1180 2994 1231 unxit
3042 1193 3090 1234 te
3143 1183 3300 1250 Deus,
3338 1188 3475 1245 Deus

1886 1256 2022 1300 tuus.
2060 1269 2076 1299 υ
2119 1254 2354 1310 Eatenus
2384 1258 2544 1326 igitur
2568 1264 2802 1317 asseruit
2823 1281 2941 1321 ease
2963 1270 3182 1337 divisas,
3213 1290 3477 1344 quatenus

1889 1338 2233 1410 intelligentia
2267 1346 2358 1401 Dei
2391 1351 2490 1402 vivi
2521 1351 2852 1410 dividuntur.
2906 1359 2976 1412 Et
3018 1364 3185 1418 claret
3230 1338 3377 1436 quod
3406 1372 3476 1427 ab

1889 1431 2114 1488 invicem
2145 1437 2396 1493 dill'erant
2422 1459 2435 1495 :
2471 1460 2574 1496 non
2604 1447 2743 1514 quod
2775 1448 2906 1504 duas
2933 1465 3191 1520 personas
3216 1431 3472 1530 ellieant,

1885 1521 2024 1576 sicut
2049 1525 2209 1580 etiam
2239 1533 2396 1597 paulo
2425 1533 2651 1589 inferius
2681 1538 3033 1610 Ostendimus,
3091 1547 3248 1602 etiam
3291 1552 3342 1604 in
3373 1555 3472 1606 hu-

1885 1615 2027 1669 inine
2058 1633 2162 1672 uno
2196 1621 2395 1677 dixisse
2424 1641 2655 1681 annnam
2683 1642 2713 1682 a
2762 1645 2861 1685 suo
2888 1648 3111 1704 corpore
3156 1646 3470 1698 naturaliter

1881 1722 2000 1763 esse
2031 1709 2274 1767 divisam.
2297 1701 2461 1772 lude
2488 1719 2646 1774 simul
2696 1723 2814 1778 haec
2843 1742 3053 1797 quoque
3095 1733 3387 1802 subjumit,
3418 1747 3472 1792 ct

1884 1800 1994 1852 ait:
2035 1820 2051 1852 ι
2104 1803 2369 1860 Unitatcm
2400 1823 2528 1864 vero
2554 1815 2786 1868 ostendit
2813 1833 3080 1886 personat,
3135 1800 3205 1876 ear
3245 1840 3363 1892 qua:
3389 1828 3472 1881 di-

2296 1858 2368 1860 -η-
2413 1858 2420 1862 γ
2440 1858 2523 1864 --ν
2558 1858 2786 1868 --.ιι-υ..-
2813 1858 2896 1885 γυ.
2911 1858 3080 1886 υνιιω,
3135 1858 3195 1876 υἱ.
3245 1858 3363 1892 qua.
3389 1858 3468 1881 UI-

181 1858 477 1928 impietatis
507 1871 810 1935 arguendos
841 1883 943 1942 est,
972 1885 1218 1946 tanquam
1249 1882 1520 1939 hominem
1546 1896 1774 1943 tantum-
1810 1903 1854 1960 Β
1883 1909 2035 1949 versa
2065 1908 2188 1952 sunt
2214 1899 2470 1970 colligens
2511 1905 2562 1957 in
2613 1906 2869 1961 unitatem
2904 1925 3168 1978 personte.
3205 1933 3223 1966 ι
3255 1916 3468 1986 Cogno-

181 1968 272 1986 Iun
296 1956 345 1986 In
378 1960 640 1986 n..|........:s
687 1959 956 1986 Dt-_:-.__,.-
1025 1983 1074 1986 ,η
1401 1977 1420 1986 -
1482 1977 1492 1986 ·
1658 1982 1668 1986 -
1738 1983 1746 1986 -

181 1956 345 2008 modo
377 1960 643 2023 putaverit
687 1959 983 2033 Christum,
1016 1983 1136 2023 cum
1169 1972 1343 2038 potus
1391 1977 1607 2033 Judaaos
1656 1982 1777 2038 irri-.

178 2046 308 2098 deat
337 2049 520 2104 dicens
553 2069 568 2105 ε
606 2053 727 2110 ΙΙωο
774 2056 945 2113 ,Ιυάωί
990 2069 1045 2114 ut
1091 2063 1294 2120 fabulas
1344 2068 1528 2124 inanes
1573 2071 1770 2125 intelli-

177 2149 334 2205 gunt,
371 2141 740 2200 existimantes
794 2149 861 2203 de
912 2151 1127 2208 homine
1174 2171 1298 2227 rege
1342 2158 1510 2226 dicta;
1564 2166 1772 2234 etquid

177 2243 299 2296 ipse
355 2235 541 2286 credat
597 2237 874 2295 insinuans
919 2243 1072 2310 dicit,
1111 2249 1252 2316 quod
1307 2253 1439 2306 nulli
1493 2254 1770 2310 hominum

175 2324 463 2375 conveniat
507 2334 708 2380 tantum
759 2329 860 2386 hcc
908 2333 1112 2403 insigne
1168 2338 1440 2408 virtutum,
1496 2353 1548 2398 et
1591 2347 1770 2402 talium

178 2412 490 2479 magnitudo
520 2417 806 2500 dictorum,
859 2425 1051 2494 quibus
1100 2428 1295 2484 dicitur
1342 2433 1555 2490 Christo
1600 2454 1613 2489 :
1673 2438 1772 2492 De-

177 2505 329 2560 duin
360 2518 406 2561 te
431 2512 731 2570 mirabiliter
751 2519 958 2574 dextera
981 2532 1069 2576 tua
1094 2524 1285 2594 (Ιὺὶί1.,
1316 2527 1371 2600 5)
1395 2549 1407 2583 :
1440 2535 1772 2605 quandoqui-

174 2596 302 2652 drm
350 2601 524 2656 divina
555 2606 830 2677 Scriptura
865 2627 1054 2670 omnes
1105 2617 1350 2675 homines
1389 2623 1565 2692 justos
1594 2644 1657 2682 ex
1691 2630 1768 2683 di-

174 2689 304 2742 vino
351 2691 618 2763 adjutorio
648 2700 788 2756 dicat
845 2704 1121 2772 possidere
1164 2709 1455 2780 virtutem;
1497 2715 1767 2774 Christum

174 2797 328 2846 vero,
364 2794 613 2856 tanquam
641 2791 805 2847 Deum
837 2809 1110 2854 asseverat
1140 2801 1322 2857 divino
1359 2806 1628 2875 adjutorio
1661 2826 1766 2865 non

173 2887 353 2939 egi-re.
381 2874 616 2948 Itemque
649 2882 871 2939 inferius
900 2887 976 2940 ait
1009 2904 1022 2941 :
1072 2889 1126 2944 Si
1157 2905 1334 2947 autem
1387 2874 1454 2950 de
1505 2913 1630 2968 rege
1658 2900 1768 2956 Deo

169 2964 328 3031 dicit,
359 2972 701 3028 manifestum
731 2979 978 3045 quoniam
1003 2990 1054 3036 et
1086 2982 1150 3036 de
1184 2987 1362 3051 regina
1389 3005 1493 3042 non
1519 2993 1762 3058 muliere,

170 3054 266 3107 sed
300 3057 564 3127 Ecclesia,
592 3081 751 3132 quam
789 3069 889 3123 sibi
934 3072 1181 3127 Chrisms
1215 3091 1307 3142 per
1346 3079 1503 3132 fidem
1535 3081 1766 3151 deSpon-

170 3145 332 3208 savit,
384 3163 479 3216 per
518 3152 765 3209 affectum
796 3159 988 3215 anima:
1030 3164 1236 3219 scilicet
1280 3167 1382 3221 sibi
1416 3145 1763 3241 jungeodam.

172 3233 347 3304 thue
378 3253 702 3300 monstraret
744 3248 935 3305 iterum
963 3255 1105 3322 quod
1143 3256 1414 3314 Christum
1446 3263 1608 3318 Deum
1639 3282 1762 3323 ere-
1794 3271 1838 3332 C

169 3327 358 3382 deret:
399 3330 631 3401 Etenim,
665 3339 852 3408 inquit,
894 3347 1058 3400 moris
1085 3360 1166 3401 est
1211 3349 1501 3419 Scriptura:
1542 3357 1755 3422 divinae.

167 3433 266 3472 cos
297 3423 390 3489 qni
421 3439 516 3490 per
555 3429 833 3485 scientiam
878 3434 1245 3507 adjunguntur
1302 3440 1431 3508 Deo,
1477 3447 1758 3517 c0njugem

168 3516 288 3583 rjus
329 3533 549 3585 vocare,
587 3524 651 3576 ad
699 3528 1086 3584 ostendendam
1137 3547 1322 3587 eorum
1354 3551 1474 3591 cum
1509 3539 1617 3594 Deo
1649 3543 1761 3611 ple—

174 3609 458 3665 nissimam
507 3616 949 3683 copulationem:
990 3622 1152 3678 Deum
1203 3631 1554 3696 pro:.untiaus
1599 3649 1759 3703 quem

167 3703 426 3770 Superius
452 3704 720 3763 Christum
746 3712 898 3767 dixit.
943 3715 1068 3770 Ideo
1114 3718 1186 3771 ait
1235 3730 1288 3773 et
1339 3722 1582 3788 inferius,
1619 3727 1758 3794 quod

165 3811 388 3862 semper
437 3798 528 3854 Dei
575 3804 769 3871 ronjux
821 3803 1028 3862 dicatur
1087 3815 1428 3882 congregatio
1460 3816 1754 3887 hominum,

165 3884 258 3950 qui
285 3889 334 3937 ei
367 3885 420 3937 in
447 3889 667 3944 srientia
690 3895 1033 3963 copulantur.
1069 3899 1202 3966 Quia
1237 3918 1365 3956 vero
1391 3920 1494 3958 non
1537 3917 1760 3962 evacuat

165 3991 361 4030 ennius
405 3979 456 4032 in
505 3982 775 4039 Christum
819 3986 984 4044 factas
1036 3993 1366 4060 prophetias,
1412 4012 1479 4051 ex
1521 4013 1587 4053 eo
1645 4015 1757 4053 ma-

166 4067 428 4123 nifestum
462 4082 544 4125 cst
573 4077 715 4142 quod
748 4077 883 4133 hanc
931 4079 1098 4149 ipsimi
1146 4085 1478 4152 irophetiam
1515 4089 1565 4143 in
1607 4090 1758 4143 Citri-

161 4170 308 4215 stum
358 4178 479 4220 case
530 4167 726 4222 dietam
780 4181 834 4225 et
891 4173 941 4227 in
1005 4175 1289 4247 conjugem
1339 4181 1456 4248 ejtzs
1508 4183 1528 4212 ⁸
1590 4187 1758 4236 conli-

163 4260 334 4306 tetur.
363 4255 548 4311 Denuo
597 4276 807 4330 quoque
849 4268 1125 4334 sequentia
1168 4269 1407 4336 ejusdem
1439 4271 1626 4338 psalmi
1675 4275 1758 4328 in-

159 4358 313 4416 terpr
351 4359 465 4402 tans
521 4351 688 4406 dicit:
751 4353 1027 4427 Propterea
1081 4361 1227 4413 unxit
1275 4371 1324 4416 te
1389 4360 1569 4430 Deus,
1620 4364 1759 4421 Deus

159 4448 284 4488 inus
315 4438 488 4503 (ibid,
517 4438 594 4510 8).
658 4443 731 4498 De
760 4445 870 4501 Deo
907 4461 1035 4503 vero
1083 4448 1197 4504 haec
1227 4450 1404 4507 denuo
1430 4455 1535 4508 dici
1589 4459 1758 4510 inani-

160 4528 360 4584 festum
398 4543 477 4587 est
512 4551 527 4589 :
560 4555 577 4586 ι
603 4536 706 4592 Sed
748 4541 870 4607 quia
930 4543 1044 4598 haec
1090 4542 1202 4598 Deo
1254 4545 1397 4600 Patri
1457 4563 1563 4602 non
1623 4565 1754 4604 cou-

1880 1988 1990 2042 scis
2011 2005 2159 2059 ergo,
2206 1992 2519 2062 imperatur,
2562 2001 2814 2067 quoniam
2850 2005 3111 2058 veraciter
3138 2010 3469 2077 sapientissi-

1880 2096 2000 2134 mus
2029 2083 2264 2140 Joannes
2294 2103 2413 2141 cum
2437 2093 2684 2146 orientali
2715 2095 2966 2164 concilio,
3012 2098 3077 2152 ad
3105 2091 3325 2155 beatum
3356 2105 3464 2174 Cy-

1878 2173 2056 2225 rillum
2087 2176 2154 2230 de
2183 2175 2338 2230 beato
2384 2180 2666 2237 'lheodoro
2712 2188 2974 2253 scribens,
3009 2189 3199 2244 diacrit
3231 2209 3245 2245 :
3281 2211 3300 2243 ι
3338 2173 3465 2249 Pro-

1878 2266 2111 2330 ponebat
2137 2268 2275 2320 enim
2305 2284 2424 2322 eum
2457 2281 2597 2326 totus
2627 2274 2680 2326 in
2728 2289 3012 2332 commune
3060 2282 3272 2347 Oriens,
3325 2297 3464 2340 scut

1879 2356 2125 2430 virtutem
2158 2360 2377 2414 multum
2404 2363 2664 2419 doctrina".
2693 2365 2974 2425 habentem
3007 2373 3264 2430 adVersiis
3293 2380 3463 2432 lui-re-

1875 2461 1982 2514 ses,
2006 2464 2189 2506 contra
2217 2468 2348 2522 quas
2379 2473 2620 2526 pugnans
2644 2469 2698 2515 et
2722 2447 3004 2529 dimicans,
3036 2469 3200 2520 multa
3232 2475 3462 2538 quadam

1873 2542 2138 2599 divisione
2166 2561 2291 2600 usus
2322 2559 2423 2616 est,
2457 2567 2561 2605 non
2585 2569 2649 2607 ex
2697 2571 2864 2624 pravo
2913 2558 3186 2614 intellectu
3215 2565 3462 2632 veniens,

1872 2635 1967 2688 sed
1997 2636 2266 2693 efficacius
2297 2642 2554 2697 adversus
2583 2647 2862 2701 haereticos
2886 2651 2979 2703 illo
3002 2655 3160 2707 modo
3191 2659 3265 2706 uti
3291 2671 3351 2710 se
3374 2655 3462 2725 ju-

1871 2727 2077 2782 dicans.
2123 2729 2304 2802 Neque
2337 2735 2593 2791 unitatem
2639 2753 2903 2794 summam
2955 2743 3205 2813 ignorans
3237 2749 3316 2802 vel
3364 2765 3460 2803 ne.

1870 2833 2024 2888 gans,
2057 2821 2214 2888 absit,
2252 2826 2390 2892 pieni
2421 2830 2563 2882 enim
2594 2830 2897 2899 hujusmodi
2949 2848 3072 2890 sunt
3127 2854 3314 2894 omnes
3342 2843 3460 2912 ejus

1872 2911 2027 2978 libri;
2060 2913 2155 2968 sed
2180 2924 2491 2974 naturarum
2525 2925 2903 2991 proprietatem
2933 2930 3158 2997 amplius
3185 2911 3452 2998 dividens,

1870 3005 2009 3060 sicut
2053 3009 2101 3062 ei
2130 3024 2304 3080 pugna
2333 3029 2490 3081 quam
2519 3017 2776 3072 adversus
2806 3019 3090 3076 haereticos
3121 3025 3322 3090 habuit,
3375 3029 3457 3080 fa-

1869 3097 2115 3152 ciendum
2139 3099 2392 3158 dictabat.
2428 3122 2446 3155 ι
2478 3105 2605 3171 Quis
2630 3108 2770 3160 enim
2798 3123 2860 3161 ex
2887 3108 2969 3164 his
2995 3126 3114 3178 quae
3138 3119 3458 3170 memoravi-

1875 3204 1992 3244 mus
2023 3206 2126 3246 non
2155 3205 2464 3262 cognoscat,
2497 3197 2640 3264 quod
2670 3213 2857 3253 omnes
2884 3200 3008 3254 libri
3050 3202 3317 3259 Theodori
3358 3208 3456 3262 hu-

1869 3281 2102 3348 jusmodi
2135 3285 2414 3339 sententiis
2441 3286 2582 3354 pleni
2612 3289 2740 3355 sint,
2771 3305 2890 3344 cum
2912 3305 2976 3346 ex
3008 3308 3114 3347 uno
3137 3297 3456 3365 scriptorum

1867 3373 1984 3442 ejus
2015 3375 2157 3440 loco,
2193 3378 2294 3431 hoc
2323 3388 2405 3432 est
2437 3395 2502 3434 ex
2537 3380 2702 3446 prima
2727 3393 2874 3450 parte
2904 3383 3359 3454 interpretatiOuis
3387 3406 3454 3448 ιι.

1863 3475 1918 3520 et
1947 3466 1995 3519 iv
2024 3467 2211 3536 psalmi
2239 3470 2418 3524 omnia
2449 3471 2608 3526 simul
2655 3473 2776 3540 tria,
2807 3490 2924 3542 qua:
2956 3476 3200 3544 improbe
3248 3479 3315 3533 de
3360 3481 3452 3538 illo

1859 3557 2055 3625 jactata
2085 3568 2232 3624 sunt,
2256 3548 2386 3614 falsa
2417 3576 2536 3616 esse
2563 3565 2716 3617 tertio
2745 3565 3134 3632 probavimus?
3157 3569 3242 3624 Sic
3271 3569 3291 3600 ³
3321 3585 3451 3641 ergo

1863 3651 2074 3718 sapiens
2105 3652 2271 3706 lector
2317 3652 2574 3724 intelligat
2613 3669 2816 3725 quanta
2859 3659 3069 3726 possint
3119 3662 3168 3715 in
3202 3666 3452 3720 omnibus

1858 3729 1977 3809 ejus
2009 3743 2158 3797 libris
2183 3743 2378 3798 similia
2411 3745 2629 3801 binatiui
2660 3763 2722 3802 ac
2744 3749 3050 3819 singillatim
3087 3759 3256 3822 posita
3291 3773 3449 3826 repe-

1865 3850 1977 3886 fill.

2483 3952 2708 4009 CAPUT
2749 3945 2828 4010 ll.-

1867 4085 2015 4154 Quod
2044 4086 2340 4142 Theodorus
2371 4103 2483 4169 vere
2520 4086 2778 4142 Christum
2828 4107 2925 4143 non
2943 4094 3212 4169 hominem
3254 4107 3472 4169 tanttmt,

2081 4162 2168 4213 sed
2197 4163 2351 4212 etiam
2381 4159 2548 4213 Deum
2579 4170 2762 4213 natura
2793 4178 2898 4215 esse
2926 4167 3093 4232 [assus
3122 4169 3207 4222 sit.

1931 4287 2129 4342 Verum
2163 4289 2316 4343 nobis
2347 4289 2564 4344 videtur
2594 4291 2734 4361 quod
2775 4307 2836 4346 ea
2861 4293 2980 4361 plus
3023 4311 3088 4348 ex
3138 4297 3291 4353 diit's
3333 4287 3451 4370 ejus

1861 4381 2100 4452 proferre
2144 4382 2455 4448 debeamus,
2492 4385 2544 4436 in
2576 4385 2769 4452 quibus
2811 4385 3008 4440 fatetur
3029 4389 3296 4444 Christum
3338 4410 3446 4448 non

1860 4475 2131 4528 hominem
2191 4481 2421 4538 tantum,
2472 4475 2567 4529 sed
2621 4477 2782 4529 etiam
2842 4480 3135 4534 secundum
3204 4495 3446 4540 naturam

1863 4569 2026 4623 Deum
2059 4580 2111 4622 et
2151 4569 2513 4621 essentialiter
2545 4577 2846 4624 exstantem
2891 4587 3074 4625 verum
3109 4574 3295 4628 Filium
3327 4577 3446 4644 Dei,

162 4632 402 4697 veniant,
445 4645 593 4703 prapt
623 4653 709 4689 rea
763 4640 907 4692 unxit
953 4651 1001 4695 te
1047 4641 1203 4710 Deus,
1257 4643 1397 4700 Deus
1454 4658 1596 4713 tuus,
1644 4650 1754 4704 cla-

1872 4663 2206 4730 amniumque
2243 4659 2500 4714 factorem
2535 4678 2548 4712 :
2581 4661 2722 4729 quod
2767 4677 2890 4714 eum
2940 4678 3165 4730 negasse
3210 4670 3447 4724 maxime

157 4731 244 4773 ret
297 4721 364 4774 de
428 4725 634 4794 reliquo
697 4729 841 4798 quod
894 4729 1008 4787 hare
1072 4734 1140 4788 de
1208 4733 1422 4799 Christo
1481 4739 1746 4796 dicantur.

153 4822 218 4876 in
274 4838 386 4893 quo
437 4827 756 4883 mirabiliter
819 4841 871 4884 et
922 4842 1142 4887 naturas
1209 4834 1408 4902 divisit,
1457 4845 1512 4892 et
1567 4853 1748 4908 perso-

151 4928 248 4970 na:
305 4917 564 4972 unitatem
639 4919 1024 4978 demonstravit
1075 4941 1089 4978 :
1149 4936 1202 4980 et
1255 4939 1473 4984 naturas
1534 4931 1746 5000 quidem

146 5005 339 5059 divisit
369 5006 418 5060 in
449 5022 535 5074 eo,
591 5010 734 5079 quod
779 5012 1113 5068 diversarum
1146 5016 1617 5086 intelligentiarum
1649 5020 1746 5074 de-
1780 5008 1785 5013 ’

146 5099 440 5152 clarativas
470 5116 624 5158 voces
645 5105 854 5172 emisit;
888 5107 1110 5162 multum
1143 5110 1284 5163 enim
1317 5109 1492 5166 differt
1518 5114 1586 5166 ab
1616 5114 1749 5167 invi-

147 5203 301 5253 cem,
330 5188 486 5244 Sedes
511 5204 619 5258 tua,
649 5194 805 5260 Deus,
829 5198 882 5248 in
909 5198 1150 5252 sertulam
1169 5201 1366 5266 saeculi,
1395 5211 1446 5255 et
1473 5200 1752 5272 Drapterea

147 5282 310 5332 unxit
354 5291 400 5333 te
443 5283 608 5348 Deus,
654 5283 792 5338 Deus
842 5296 980 5341 tuus.
1015 5287 1283 5343 Unitatem
1339 5305 1464 5346 vero
1515 5295 1751 5348 ostendit

147 5387 424 5440 personae.
453 5388 513 5428 ea
547 5390 664 5444 quae
695 5375 905 5431 diversa
952 5389 1076 5432 sunt
1120 5381 1375 5450 colligens
1407 5382 1459 5436 in
1492 5385 1747 5438 unitatem

141 5480 426 5535 terserim.
459 5486 478 5520 ι
511 5469 609 5522 llic
632 5481 808 5524 autem
834 5472 1067 5542 noujam
1095 5489 1313 5530 necesse
1337 5485 1418 5529 est
1447 5477 1744 5542 immorari,

141 5568 206 5610 (-l
236 5559 524 5614 ostendere
555 5562 674 5628 quia
718 5563 963 5617 similiter
1014 5563 1248 5618 omnium
1298 5567 1684 5620 calumniarum
1713 5585 1740 5623 a

136 5664 212 5704 se
245 5655 471 5707 remmit
494 5655 762 5709 invidiam.
795 5655 967 5710 Unum
1000 5669 1080 5712 est
1107 5658 1246 5727 quod
1271 5659 1448 5730 aliqua
1478 5661 1742 5731 ego-rein-

231 5819 244 5844 ‘
274 5817 408 5863 (Ind,
450 5817 670 5882 verum,
705 5839 734 5885 ρ
757 5823 914 5872 τδδὶηι.

215 5889 238 5918 ⁸
261 5885 412 5942 idem
437 5892 555 5945 cod.
569 5932 580 5958 ,
621 5898 724 5964 πέρι.)
762 5891 1058 5948 Erclesimn.

1858 4755 2234 4811 criminantur.
2267 4756 2398 4808 Nam
2423 4754 2702 4822 disputans
2729 4755 2794 4808 de
2822 4769 2888 4809 eo
2914 4757 3057 4825 quod
3083 4758 3339 4828 scriptum
3362 4775 3446 4816 est

1860 4846 1912 4900 in
1958 4843 2246 4916 Evangelia
2290 4847 2582 4900 secundum
2636 4847 2979 4900 Mattha‘um:
3023 4847 3240 4904 Veniens
3274 4865 3446 4908 autem

1857 4937 2009 4991 Jesus
2036 4938 2087 4989 in
2111 4946 2279 5004 partes
2307 4937 2550 4991 Ctesarea:
2575 4936 2823 5006 Philippi,
2849 4948 2895 4990 et
2923 4938 3266 5011 interrogabat
3292 4945 3446 5000 disci-

1858 5031 2004 5097 pulos
2029 5045 2149 5080 suos
2169 5029 2342 5081 dicens
2368 5043 2385 5080 :
2417 5032 2572 5091 (Quem
2600 5045 2678 5081 me
2702 5030 2873 5082 dicunt
2901 5029 3128 5086 hommes
3149 5050 3251 5088 esse
3276 5038 3445 5104 ﬁlium

1857 5117 2076 5172 hominis
2103 5117 2314 5189 (Matth.
2342 5134 2448 5186 xw,
2485 5117 2614 5188 15)?
2645 5120 2715 5173 ita
2743 5119 2953 5176 locutus
2973 5134 3055 5177 est
3081 5142 3092 5175 :
3129 5143 3147 5176 ι
3190 5127 3444 5186 Dominus

1855 5210 1996 5262 enim
2026 5209 2268 5262 Christus
2290 5220 2403 5263 erat
2425 5210 2637 5277 quidem
2676 5219 2731 5264 et
2762 5212 2902 5266 Deus
2925 5227 2976 5268 et
3007 5218 3190 5281 homo,
3234 5229 3439 5276 utrum.

1855 5317 1958 5371 que
1983 5301 2278 5357 secundum
2320 5308 2560 5356 naturam
2608 5301 2856 5359 similiter
2883 5321 2896 5357 :
2929 5320 2995 5360 ex
3025 5309 3195 5363 altero
3224 5313 3442 5379 quidem

1851 5407 2136 5462 apparens,
2172 5407 2238 5446 ex
2261 5391 2430 5447 altero
2460 5407 2605 5456 vero,
2643 5404 2841 5462 utpote
2876 5398 3166 5450 secundum
3197 5410 3438 5454 naturam

1852 5483 2108 5552 divinam,
2139 5485 2421 5540 invisibilis
2451 5496 2691 5540 exstans.
2729 5487 2854 5540 Erat
2904 5502 3078 5541 autem
3109 5503 3270 5541 unum
3318 5494 3436 5556 qui—

1851 5576 1974 5630 dem
2005 5577 2253 5631 ommhus
2297 5576 2659 5639 manifestum,
2692 5585 2747 5630 ut
2776 5585 2895 5644 pote
2937 5578 3076 5644 quod
3105 5579 3396 5645 apparebat
3423 5598 3437 5633 :

1853 5669 2118 5722 hominem
2145 5669 2286 5722 enim
2321 5682 2440 5721 cum
2463 5683 2652 5722 clunes
2674 5679 2794 5721 tunc
2819 5677 3077 5736 tempore
3103 5668 3442 5726 aestimabant

1921 5828 1938 5859 ³
1973 5827 2113 5881 idem
2147 5825 2298 5891 cod.,
2334 5821 2469 5875 Hinc
2499 5840 2638 5891 ergo.
