3978 6350
463 331 568 389 τ’ιὸ

1542 295 1839 353 ΡΑΟΙῘΧῘῊ
1886 290 2105 346 EPlSC.
2155 284 2665 342 liERMlANENSlS

3666 292 3779 346 ’ΤΗ

457 461 604 510 psse,
635 451 689 497 ει
710 438 938 508 amplius
968 432 1121 488 nihil.
1154 425 1302 494 Quod
1329 423 1470 480 enim
1494 423 1545 475 in
1574 420 1666 475 illo
1698 418 1919 477 latebat,
1945 428 2064 466 om-
2093 412 2137 468 Α
2174 428 2193 461 t
2234 410 2512 464 Proximus
2546 411 2711 464 etiam
2760 409 2995 479 passioui
3052 408 3117 462 ad
3163 407 3465 477 discipulos
3513 405 3782 467 Dominus

465 537 630 593 nibus
658 541 776 589 erat
804 504 1121 584 incredibile
1142 519 1317 588 priore
1346 526 1616 587 tempore;
1644 509 1739 565 sed
1767 523 1831 562 ex
1861 504 2068 575 magni-

466 630 654 686 tudine
682 632 867 678 eorum
895 630 1020 686 qua:
1042 613 1186 667 circa
1216 608 1360 661 illurn
1394 604 1711 675 agebantur,
1739 608 1794 654 et
1838 596 2075 649 novitate

474 684 887 776 miraculorum,
913 684 1271 776 quiecnnque
1324 697 1390 751 ad
1430 695 1733 750 doctrinam
1780 684 2074 742 videntium

476 807 767 871 efﬁciebat,
804 810 857 856 et
880 814 946 854 ex
978 796 1146 869 gratia
1180 792 1349 848 sancti
1377 790 1608 857 Spiritus
1629 783 1717 854 qui
1749 793 1913 850 super
1945 791 2075 846 apo-

471 902 646 955 stolos
670 895 847 957 venit,
880 890 1192 946 intellectus
1219 893 1301 939 est
1331 898 1378 952 pi
1403 890 1516 935 stea
1555 887 1611 932 et
1645 872 1882 930 creditus
1922 882 2085 924 verus

480 995 649 1049 licus,
676 982 1040 1043 cssentialiter
1069 986 1288 1034 exstaus
1336 975 1499 1028 Filius
1541 982 1700 1025 verus
1733 964 1827 1020 Dei
1869 960 2080 1017 talenti.

483 1081 751 1150 Quoniam
802 1089 929 1131 vero
976 1074 1029 1127 in
1074 1071 1256 1142 priore
1295 1074 1539 1133 tempore
1590 1056 1937 1130 ignorabatur
1982 1054 2087 1106 hoc

490 1171 792 1227 secundum
821 1164 1111 1221 essentiam
1137 1167 1371 1222 exstare,
1398 1169 1464 1209 ex
1510 1167 1575 1206 cn
1606 1158 1781 1203 autem
1819 1145 1959 1217 quod
1997 1160 2089 1212 ap-

488 1264 716 1336 parebat
744 1258 1048 1313 videntibus
1077 1254 1238 1306 homo
1268 1261 1431 1319 purus
1458 1244 1763 1316 putabatur,
1796 1238 2089 1294 secundum

494 1330 765 1411 hominem
796 1351 1072 1420 pleraque,
1101 1355 1155 1400 et
1182 1341 1477 1398 secundum
1500 1351 1615 1391 eam
1646 1349 1762 1405 quae
1796 1330 2097 1401 apparebat

495 1458 749 1503 naturam
779 1443 1121 1511 lotjuehatur.
1157 1436 1224 1490 Et
1252 1434 1368 1488 hare
1398 1447 1462 1484 ex
1494 1429 1576 1483 his
1608 1441 1727 1495 qua:
1760 1425 1812 1477 in
1855 1423 2096 1489 Evgtnge-

505 1542 577 1595 lio
613 1539 811 1606 scripta
845 1543 969 1588 sunt
998 1529 1173 1601 quivis
1205 1523 1442 1581 inveniet
1467 1516 1899 1575 animadverteris
1924 1519 2098 1566 atten-

504 1636 632 1688 tius.
671 1650 691 1683 »
730 1630 963 1683 Putasne
989 1624 1123 1695 jam,
1149 1616 1571 1676 clementissime
1604 1613 1919 1680 imperator,
1970 1606 2100 1662 sub-

506 1734 715 1794 reptum
745 1721 882 1776 sibi‘
906 1723 1256 1789 cegnoscunt,
1290 1712 1378 1782 qui
1403 1708 1604 1764 dolosis
1637 1700 2099 1775 impugnatmibus

2178 504 2350 558 dixit:
2386 502 2445 557 Si
2474 517 2554 555 me
2582 502 2799 564 sciretis,
2834 502 3004 570 utique
3030 511 3073 552 et
3108 498 3313 553 Patrem
3359 515 3527 552 meum
3575 500 3785 554 sciretis

2183 596 2362 667 (Jotm.
2396 611 2509 656 vttt,
2541 594 2624 662 i9)
2647 611 2660 653 ;
2684 603 2734 647 et
2762 592 2828 647 ad
2855 592 3186 660 Philippum:
3223 591 3390 645 Tanto
3420 601 3644 661 tempore
3690 607 3787 646 ro-

2184 690 2375 741 biscum
2403 703 2538 747 sum,
2569 694 2615 738 et
2639 700 2741 737 non
2770 684 3076 753 cognovistis
3099 684 3217 737 me?
3249 683 3513 752 Philippe,
3539 685 3625 753 qui
3645 684 3790 739 videt

2185 797 2284 841 nte,
2310 770 2447 833 ridet
2472 793 2517 834 et
2545 776 2752 831 Patrem
2794 792 2959 829 meum
2984 775 3163 846 (Joan.
3206 791 3315 841 xiv,
3358 776 3435 846 9).
3477 775 3791 833 Ostendens

2187 873 2435 941 quoniam
2470 887 2641 941 neque
2667 868 2903 923 divinam
2932 866 3173 922 naturam
3205 867 3448 923 sciebant
3479 867 3783 936 Unigeniti,

2191 980 2363 1031 neque
2392 964 2559 1017 Detuu
2614 961 2855 1015 sciebant
2896 975 3079 1014 verum
3119 958 3359 1014 Patrem.
3412 959 3565 1015 Unde
3613 975 3792 1029 neque

2190 1056 2461 1110 dicentem
2494 1052 2560 1108 de
2594 1053 2811 1122 proprio
2852 1051 3009 1106 Patre
3037 1052 3203 1105 velu;i
3250 1052 3317 1106 de
3356 1050 3467 1105 Deo
3517 1051 3792 1107 dicentem

2195 1150 2537 1218 aliquatenus
2564 1145 2937 1211 advertebant,
2972 1144 3064 1198 sed
3095 1143 3265 1198 divisa
3297 1142 3655 1211 intelligentia
3703 1159 3797 1196 ea-

2195 1242 2316 1294 dem
2362 1242 2476 1309 ipsa
2510 1238 2763 1308 putabant
2809 1238 2967 1290 etiam
3002 1236 3113 1291 illa.
3147 1234 3286 1289 llinc
3323 1234 3487 1289 etiam
3528 1233 3795 1288 adductus

2197 1345 2281 1388 est
2310 1333 2587 1402 Philippus
2609 1332 2675 1385 ad
2701 1329 2982 1386 dicendum
3010 1346 3022 1381 :
3056 1329 3281 1382 Ostende
3310 1327 3452 1381 nobis
3486 1327 3719 1387 Patrem,
3751 1336 3796 1380 et

2198 1429 2377 1498 stt/ficit
2408 1427 2550 1480 nobis
2578 1425 2769 1494 (lbid.,
2802 1422 2876 1494 8).
2921 1423 2975 1478 Si
3017 1421 3162 1477 enim
3198 1422 3361 1476 sciret
3412 1420 3621 1489 integre
3675 1422 3798 1488 quia

2204 1523 2414 1577 Patrem
2444 1534 2599 1576 suum
2622 1520 2642 1549 ¹
2664 1516 2876 1572 dicebat
2899 1530 3019 1570 cum
3048 1514 3139 1584 qui
3169 1528 3352 1568 revera
3384 1511 3503 1581 ejus
3532 1521 3683 1565 esset
3707 1512 3797 1565 Pa-

2207 1622 2308 1676 ter,
2342 1626 2405 1665 ex
2438 1624 2545 1678 quo
2574 1616 2690 1662 erat
2715 1621 2843 1661 vere
2883 1607 3019 1659 sicut
3068 1606 3207 1659 Deus
3234 1618 3299 1658 ex
3338 1601 3469 1665 Deo,
3523 1616 3800 1669 nunquam

2203 1704 2430 1759 dixisset
2449 1719 2463 1756 :
2487 1700 2723 1756 Ostende
2745 1698 2898 1753 nobis
2912 1697 3124 1753 Patrem
3141 1708 3311 1759 tuum.
3330 1698 3467 1752 bene
3479 1695 3660 1751 sciens
3680 1695 3799 1763 quia

504 1787 961 1872 Chalcedonensis
980 1787 1203 1881 “synodi
1274 1802 1652 1862 crediderunt,
1705 1807 1761 1851 ut
1831 1795 1896 1849 ad
1981 1791 2100 1861 ejus
2130 1802 2175 1862 lt
2205 1795 2491 1851 invisibilis
2513 1802 2597 1849 est
2621 1790 2929 1846 hominibus
2953 1790 3133 1844 divina
3158 1799 3367 1844 natura.
3393 1787 3801 1859 Consequenter

511 1907 932 1963 destructionem
964 1902 1336 1964 Theodorum,
1373 1896 1523 1954 velut
1558 1890 1862 1949 Nestoriani
1905 1887 2111 1944 erroris

508 2008 808 2062 auctorem,
854 2002 1108 2064 putarent
1164 2007 1285 2045 esse
1333 1984 1730 2043 damnandum?
1778 1980 1914 2048 Quid
1964 1979 2109 2033 enim

515 2089 896 2153 examinatius,
928 2088 1014 2141 vel
1062 2083 1191 2152 quid
1236 2081 1488 2137 subtilius
1531 2086 1717 2132 contra
1763 2071 2110 2128 Nesmrianos

521 2182 746 2236 inveniri
775 2196 803 2233 a
832 2177 1108 2232 catholicis
1137 2180 1334 2246 pote~t,
1367 2185 1523 2240 quam
1554 2177 1612 2222 ut
1638 2167 1845 2221 dicatur
1865 2162 2111 2217 Christus

525 2279 665 2347 quod
698 2277 836 2331 Deus
865 2282 979 2327 erat
1009 2279 1064 2325 et
1094 2270 1276 2334 homo,
1309 2276 1362 2322 et
1384 2275 1671 2334 utrumque
1700 2257 1993 2315 secundum
2020 2270 2111 2309 na-

519 2382 697 2428 turam
740 2364 1022 2422 similiter?
1056 2361 1171 2418 Non
1200 2359 1351 2431 quasi
1380 2358 1543 2413 homo
1572 2362 1772 2409 tantum
1817 2349 2109 2406 secundum

519 2476 788 2523 naturam,
820 2460 960 2511 licus
983 2470 1114 2510 vero
1144 2452 1236 2507 Dei
1260 2451 1473 2513 similis,
1505 2448 1557 2503 id
1581 2454 1664 2502 est
1689 2443 1982 2501 secundum
2021 2458 2109 2496 re-

519 2554 776 2610 lationem
821 2547 1117 2618 dignitatis,
1168 2544 1249 2598 vel
1297 2541 1672 2595 auctoritatem
1710 2551 1978 2607 personat.
2026 2534 2110 2590 vel

530 2644 713 2713 gratia:
761 2637 1244 2706 nuncupationem,
1305 2632 1444 2703 quod
1492 2632 1664 2685 solum
1719 2628 1898 2683 dicere
1951 2626 2110 2680 iidem

521 2731 826 2791 Nestoriani
857 2729 1063 2792 solent;
1092 2725 1187 2779 sed
1212 2733 1499 2791 utrumque
1523 2719 1816 2774 secundum
1866 2725 2113 2770 naturam

525 2836 583 2882 et
611 2823 860 2880 similiter
892 2828 974 2875 cst
1004 2835 1140 2872 nnns
1162 2815 1405 2871 Christus
1447 2815 1497 2868 in
1548 2821 1776 2880 utroque
1803 2831 1814 2865 :
1850 2826 1915 2865 ex
1946 2808 2115 2864 altero

528 2930 815 2987 apparens,
841 2928 907 2967 ex
937 2911 1107 2965 altero
1137 2923 1287 2971 vero,
1323 2916 1379 2961 ut
1408 2914 1531 2976 pote
1553 2902 1846 2958 secundum
1872 2901 2111 2956 divinam

527 3021 809 3070 naturam,
863 2996 1149 3059 invisibilis
1198 3009 1439 3056 exstaus.
1496 2998 1756 3051 Eumdem
1804 3010 1971 3067 ergo,
2027 2992 2112 3063 qui

526 3110 817 3168 utrumque
884 3104 1004 3160 est,
1053 3104 1103 3149 et
1158 3091 1421 3147 visibilem
1479 3101 1532 3145 et
1573 3088 1893 3143 invisibilcm
1937 3087 2115 3142 Theo-

2214 1890 2393 1957 itaque
2418 1895 2473 1941 et
2501 1885 2757 1939 Dominus
2783 1883 2921 1937 dixit
2946 1882 3013 1937 ad
3042 1883 3190 1937 illum
3215 1897 3231 1936 :
3263 1880 3432 1936 Tanto
3465 1892 3698 1949 tempore
3723 1896 3803 1935 ro-

2218 1981 2408 2034 biscum
2435 1994 2567 2037 sum,
2604 1976 2843 2044 Philippe
2861 1974 2902 2039 ³,
2944 1985 2989 2028 et
3040 1991 3145 2028 non
3186 1975 3487 2045 cognovisti:
3528 1990 3631 2039 me,
3682 1971 3804 2026 Phi-

2214 2073 2385 2142 lippe?
2414 2070 2566 2125 Velle
2591 2052 2990 2125 enimiPatretn
3029 2066 3232 2129 videre,
3266 2066 3522 2118 indicium
3564 2074 3686 2118 erat
3737 2078 3801 2117 eo

2214 2165 2557 2234 quodneque
2584 2162 2756 2230 ipsum
2788 2162 2950 2215 sciret
2979 2159 3100 2229 quis
3122 2171 3266 2213 esset
3306 2158 3607 2211 secundum
3656 2167 3807 2209 natu-

2217 2271 2355 2319 ram,
2389 2267 2563 2323 neque
2591 2266 2748 2321 quem
2778 2250 2980 2305 diceret
3018 2250 3229 2303 Patrem
3258 2260 3399 2311 che,
3426 2245 3595 2300 Filius
3632 2261 3700 2301 ex
3744 2262 3806 2300 eo

2214 2357 2457 2422 exstans.
2488 2346 2554 2400 Et
2597 2344 2844 2413 aperiens
2889 2343 2990 2398 hoc
3037 2343 3212 2411 ipsum
3265 2340 3502 2395 addidit:
3535 2339 3637 2407 Qui
3678 2340 3808 2394 videt

2217 2456 2316 2509 me,
2349 2440 2483 2493 videt
2514 2447 2561 2491 et
2590 2436 2824 2492 Patrem.
2855 2435 2909 2491 Si
2932 2435 3073 2490 enim
3097 2433 3440 2503 cognoveris,
3466 2432 3664 2501 inquit,
3694 2431 3808 2499 quis

2216 2533 2341 2601 sim,
2383 2544 2679 2602 cognosces
2707 2538 2763 2585 et
2791 2528 2971 2591 illum,
3018 2527 3313 2583 secundum
3354 2524 3495 2595 quod
3552 2520 3810 2593 possibile

2216 2636 2319 2689 est,
2352 2638 2447 2692 per
2470 2637 2555 2676 me
2583 2621 2951 2689 contemplans
2991 2617 3168 2672 Patris
3201 2627 3467 2678 naturam,
3504 2613 3667 2682 cujus
3697 2628 3811 2666 sunt

2218 2715 2387 2770 Filius
2413 2729 2485 2768 ex
2519 2712 2636 2781 ipso
2666 2720 2882 2766 exslans
2912 2707 3204 2763 secundum
3235 2705 3555 2770 essentiam,
3582 2714 3643 2758 et
3668 2705 3814 2772 ejus.

2216 2810 2339 2864 dem
2370 2823 2492 2863 cum
2525 2807 2615 2862 illo
2641 2815 2858 2861 exslans
2880 2803 3151 2859 cssentim.
3176 2800 3439 2870 Quoniam
3462 2811 3596 2853 vero
3641 2797 3817 2853 nescis

2222 2919 2331 2969 me,
2388 2917 2564 2972 neque
2609 2901 2819 2955 Patrem
2864 2912 3042 2951 meum
3085 2895 3191 2950 scis
3233 2908 3390 2965 quem
3422 2892 3573 2955 dteo;
3620 2905 3819 2961 cogno-

2219 3011 2382 3052 scens
2418 3004 2596 3049 autem
2628 3008 2732 3059 me,
2767 3004 3064 3059 cognosces
3104 2999 3157 3044 et
3204 2987 3415 3042 Patrem
3466 3002 3629 3055 quem
3679 2984 3817 3039 dixi:

2226 3109 2313 3147 me
2345 3089 2539 3143 videns
2572 3086 3027 3154 contemplatione
3059 3081 3443 3151 intelligenti:--,
3477 3095 3575 3150 per
3609 3096 3701 3135 me
3747 3080 3819 3132 vi-

530 3193 692 3247 dorus
724 3188 1027 3251 conﬁtetur,
1052 3189 1153 3241 hoc
1174 3198 1385 3255 quoque
1410 3181 1708 3253 adjicicns:
1742 3197 1761 3231 r
1791 3179 1917 3234 Erat
1938 3190 2113 3234 autem
2147 3193 2191 3254 ρ
2227 3183 2378 3239 debis
2436 3182 2655 3237 omnino
2710 3178 2875 3233 etiam
2920 3176 3091 3230 illum.
3143 3173 3363 3229 Addidit
3408 3172 3572 3229 etiam
3603 3189 3618 3225 :
3656 3171 3819 3241 Usque

530 3302 693 3341 unum
725 3284 973 3338 omnibus
1002 3280 1364 3344 manilestum,
1392 3287 1447 3333 ut
1471 3286 1592 3345 pote
1614 3275 1753 3345 quod
1785 3274 2077 3342 apparebat
2105 3291 2117 3326 :

541 3378 813 3432 hominem
855 3381 997 3429 enim
1031 3388 1151 3428 eum
1190 3386 1376 3425 omnes
1420 3379 1543 3425 tunc
1584 3367 1844 3435 temporis
1892 3366 2125 3418 aestima-

532 3472 664 3527 bant
693 3484 833 3533 csse,
860 3476 910 3523 et
938 3466 1167 3536 amplius
1190 3463 1344 3517 nihil.
1378 3462 1526 3528 Quod
1552 3461 1690 3515 cnim
1712 3458 1763 3515 in
1789 3457 1881 3512 illo
1904 3457 2123 3520 latebat,

534 3550 781 3616 omnibus
803 3568 919 3615 erat
945 3556 1258 3613 incredibile
1290 3548 1468 3625 priore
1499 3565 1758 3622 tempore.
1794 3572 1812 3604 ι
1845 3551 2127 3617 Quomodo

536 3657 714 3725 itaque
744 3654 943 3707 dicitur
970 3653 1071 3706 iste
1100 3650 1242 3720 quod
1272 3650 1543 3703 hominem
1572 3644 1941 3701 tantummodo
1972 3653 2127 3712 puta-

536 3749 675 3803 verit
704 3747 996 3807 Christum,
1030 3753 1086 3798 et
1118 3742 1348 3813 amplius
1378 3740 1530 3803 nihLl,
1562 3755 1683 3795 cum
1709 3738 1824 3807 ipse
1852 3738 1955 3792 hoc
1980 3739 2129 3804 igno-

538 3840 727 3893 rantite
767 3838 1008 3907 deputet,
1052 3833 1195 3903 quod
1244 3832 1347 3886 hoc
1385 3830 1529 3886 illius
1576 3828 1834 3897 temporis
1883 3826 2131 3881 homines

539 3930 894 3992 aestimarent,
927 3936 983 3982 et
1012 3925 1091 3979 eis
1127 3932 1274 3977 esset
1309 3921 1622 3976 incredibile
1647 3919 1789 3988 quod
1824 3920 1875 3972 in
1909 3933 1974 3973 eo
2000 3917 2133 3971 late-

541 4019 667 4075 bat?
697 4018 785 4086 qui
817 4018 977 4072 etiam
1012 4030 1076 4069 ex
1110 4010 1475 4080 magnitudine
1520 4009 1925 4071 miraculorum,
1963 4017 2015 4064 et
2064 4022 2130 4061 ev

545 4111 716 4178 gratia
749 4110 919 4162 sancti
953 4106 1185 4174 Spiritus
1227 4118 1389 4172 super
1423 4105 1693 4171 aposto‘os
1732 4101 2128 4167 descendentis,

545 4201 873 4254 intellectum
901 4214 1021 4252 cum
1046 4212 1163 4251 esse
1184 4205 1364 4266 postea
1397 4204 1453 4249 et
1472 4194 1732 4250 creditum
1756 4209 1938 4248 verum
1963 4194 2129 4249 Deum

546 4290 899 4344 essentialitvr
954 4294 1250 4341 exstantem
1296 4287 1491 4340 Filium
1558 4301 1740 4339 verum
1801 4286 1890 4340 Dei
1942 4283 2134 4340 :rtcrni

546 4383 763 4438 fatetur.
793 4380 927 4448 Quid
957 4375 1365 4450 rrgn'dicimus?
1395 4377 1628 4447 nunquid
1674 4374 1885 4433 videtur
1930 4378 2132 4431 intelli-

549 4474 798 4544 gentibus
857 4472 1132 4537 credibile,
1187 4479 1245 4525 nt
1291 4470 1432 4541 quod
1481 4470 1810 4525 intellectum
1855 4479 2035 4539 postea
2082 4478 2137 4524 ct

2232 3292 2365 3330 nunc
2390 3274 2519 3327 nihil
2547 3272 2739 3342 petistis
2781 3270 2830 3322 in
2876 3270 3081 3323 nomine
3116 3283 3226 3321 meo
3255 3266 3435 3337 (Joan.
3467 3282 3580 3329 xvt,
3614 3264 3729 3333 ες).
3759 3266 3819 3320 Et

2230 3369 2478 3436 aperiens
2508 3366 2757 3436 quoniam
2795 3361 3020 3416 necdum
3052 3361 3289 3416 divinam
3320 3370 3567 3415 naturam
3597 3360 3718 3429 eius
3741 3362 3817 3413 iu-

2234 3460 2557 3528 tclligentes,
2604 3470 2775 3525 neque
2829 3454 3103 3508 orationes
3141 3453 3191 3507 ei
3239 3451 3542 3509 offerebant
3579 3463 3644 3507 ut
3693 3453 3819 3519 Deo,

2233 3566 2406 3620 neque
2446 3549 2730 3622 petitiones
2771 3546 2976 3616 aliquas
3029 3547 3079 3600 in
3120 3545 3239 3613 ejus
3275 3544 3493 3599 nomine
3532 3543 3818 3604 iaciebant.

2232 3642 2367 3696 sicut
2414 3639 2697 3708 oportebat
2740 3637 2917 3692 facere
2959 3639 3011 3690 in
3051 3635 3267 3691 nomine
3315 3634 3412 3691 Dei
3454 3635 3728 3690 exstantis
3772 3641 3824 3688 et

2237 3733 2353 3787 Filii
2387 3732 2479 3786 Dei
2514 3729 2787 3784 omnium:
2820 3737 2871 3783 et
2893 3728 3010 3797 quit
3042 3738 3266 3797 propter
3286 3726 3423 3781 hanc
3449 3740 3647 3784 eorum
3682 3728 3825 3781 inlir-

2236 3827 2475 3882 mitatem
2523 3824 2576 3879 in
2620 3821 3061 3879 similitudinibus
3098 3802 3167 3877 de
3205 3821 3361 3876 Patre
3388 3820 3733 3892 loquebatur,
3764 3836 3826 3876 eo

2234 3919 2373 3985 quod
2401 3931 2574 3987 neque
2607 3916 2680 3970 illi
2713 3923 3002 3985 potuerunt
3032 3914 3237 3984 integre
3271 3915 3412 3969 scire
3438 3929 3503 3968 ea
3531 3929 3656 3983 qua:
3681 3913 3821 3968 diec—

2236 4020 2445 4074 rentur,
2490 4008 2575 4062 vel
2617 4007 2687 4061 de
2724 4022 2831 4077 quo
2859 4007 3064 4061 diceret
3109 4017 3279 4074 patre,
3329 4006 3413 4061 vel
3453 4005 3689 4076 qualiter
3731 4021 3823 4061 ex-

2237 4110 2435 4165 stante,
2466 4101 2642 4154 adhuc
2683 4098 2923 4168 apertius
2970 4097 3258 4152 indicatur.
3312 4097 3452 4153 Dixit
3482 4099 3668 4153 enim:
3704 4096 3828 4151 "(1'6

2234 4199 2288 4250 in
2321 4191 2577 4263 parabolis
2603 4193 2803 4247 locutus
2824 4206 2937 4244 sum
2966 4191 3105 4244 vobis
3129 4206 3148 4243 :
3177 4190 3310 4244 venit
3340 4189 3469 4245 liora
3498 4189 3711 4259 quando
3737 4205 3827 4241 non

2228 4292 2344 4361 jam
2367 4288 2419 4340 in
2447 4284 2707 4355 p:rabolis
2739 4284 2916 4351 loquar
2940 4283 3095 4346 vobis,
3130 4283 3221 4335 sed
3264 4281 3537 4349 manifeste
3573 4282 3639 4334 de
3678 4281 3831 4333 Patre

2237 4380 2552 4435 annuntiabo
2573 4376 2710 4433 vobis
2740 4376 2926 4447 (Ibid.,
2955 4375 3071 4445 23).
3101 4374 3237 4441 Quid
3260 4387 3437 4429 autem
3459 4384 3576 4429 erat
3604 4374 3747 4443 quod
3771 4374 3829 4427 de

2242 4472 2398 4529 Patre
2430 4486 2535 4526 non
2569 4469 2854 4524 manifeste
2881 4468 3115 4530 dixerat,
3166 4467 3269 4522 nisi
3303 4468 3424 4537 quia
3467 4481 3656 4521 revera
3698 4467 3824 4520 diri.

546 4568 809 4624 creditum
840 4581 959 4620 esse
990 4565 1191 4628 docuit,
1224 4565 1336 4633 ipse
1374 4579 1472 4617 nec
1500 4563 1844 4627 intellexerit,
1872 4576 1971 4617 nec
2016 4578 2132 4617 ere-
2161 4578 2211 4635 ι)
2238 4582 2358 4624 nam
2406 4573 2652 4619 naturam
2693 4560 2963 4631 Unigenui
3011 4559 3346 4623 nesciebam,
3377 4574 3442 4614 εχ
3475 4573 3583 4627 quo
3613 4566 3823 4626 posse":

548 4659 779 4716 diderit?
806 4659 871 4713 Et
900 4657 1131 4727 amplius
1164 4656 1263 4711 hoc
1294 4658 1465 4725 ipsum
1501 4654 1651 4724 quasi
1701 4664 1887 4709 contra
1928 4654 2133 4708 calum-

550 4756 790 4807 uiatores
822 4766 958 4820 quos
984 4750 1205 4820 patitur,
1238 4760 1487 4819 repetens
1509 4759 1565 4805 et
1588 4749 1896 4803 inculcans:
1935 4766 1955 4801 ι
1993 4748 2137 4815 Quo-

552 4846 693 4900 niam
717 4858 862 4907 vero,
894 4844 1087 4912 inquit,
1120 4843 1173 4896 in
1204 4842 1383 4912 priore
1407 4853 1648 4912 tempore
1670 4841 2014 4913 ignorabatur
2037 4842 2136 4893 hoc

553 4936 847 4991 secundum
879 4938 1166 4990 essentiam
1197 4942 1446 5001 exstare;
1475 4951 1543 4991 ex
1583 4950 1647 4990 eo
1676 4944 1851 4990 autem
1881 4934 2019 5004 quod
2046 4949 2139 5004 ap-

556 5027 779 5096 parebat
808 5025 1135 5091 videntibus,
1187 5026 1347 5081 homo
1389 5042 1553 5097 purus
1595 5027 1915 5096 putabatur:
1946 5040 2139 5081 secun-

555 5116 683 5171 dum
715 5116 985 5171 hominem
1028 5116 1303 5186 pleraque,
1336 5126 1387 5171 et
1425 5117 1716 5171 secundum
1756 5132 1875 5171 eam
1914 5132 2017 5186 qua
2048 5132 2140 5186 ap-

556 5208 779 5279 parebat
829 5219 1073 5263 naturam
1126 5209 1479 5279 loquebatur?
1533 5227 1550 5259 ι
1610 5209 1928 5279 Ignorantia:
1979 5208 2143 5263 luisse

560 5304 754 5358 iterum
788 5302 995 5372 dicens,
1026 5302 1168 5372 quod
1196 5317 1301 5356 non
1347 5302 1739 5372 intelligebatur
1768 5303 2013 5357 Christus
2059 5317 2143 5357 se-

555 5398 791 5451 cundum
842 5396 1127 5451 essentiam
1175 5395 1358 5462 Dens,
1414 5397 1507 5452 sed
1566 5399 1727 5452 homo
1774 5397 2145 5451 tantummodo

557 5505 742 5560 purus,
769 5491 857 5559 qtti
881 5504 986 5544 non
1015 5491 1175 5545 etiam
1207 5498 1349 5545 esset
1380 5490 1541 5555 Deus,
1572 5500 1623 5543 et
1658 5488 1759 5544 hoc
1790 5488 1903 5557 ipse
1926 5487 2139 5558 tingitur

558 5581 864 5649 ignorasse?
921 5581 1020 5648 Qui
1083 5591 1199 5650 post
1257 5582 1522 5649 aliquanta
1579 5582 1656 5634 sic
1720 5582 1908 5636 itcrnm
1971 5581 2135 5634 dicit:

634 5714 650 5785 ξ
681 5713 814 5785 Cod.
849 5713 1070 5775 Verum,
1104 5715 1195 5766 sibi
1222 5716 1375 5775 fuisse
1405 5728 1735 5785 cognosrttrzt.

630 5781 654 5812 ‘
682 5783 824 5837 idetn
852 5789 1000 5852 co.,t.,
1034 5802 1179 5838 suum
1210 5784 1393 5841 Deum.

2242 4662 2451 4716 discere
2482 4658 2647 4711 Deum
2675 4654 2915 4721 Patrem,
2946 4650 3036 4721 qui
3063 4666 3128 4708 ex
3158 4659 3309 4707 certo
3336 4650 3451 4719 ejus
3479 4663 3627 4705 esset
3660 4650 3825 4705 Pater.

2246 4761 2303 4807 nt
2328 4754 2467 4808 Dens
2493 4749 2586 4804 Dei
2614 4763 2681 4803 ex
2726 4761 2794 4801 eo
2836 4746 2944 4800 nati
2984 4744 3283 4822 secundum
3314 4744 3645 4798 essentiam?
3672 4742 3825 4811 Οιῲςε

2246 4846 2321 4900 rei
2353 4842 2528 4914 gratia
2555 4854 2649 4908 per
2677 4836 3056 4893 similitudines
3083 4834 3163 4891 eis
3192 4836 3260 4890 de
3290 4833 3450 4889 Patre
3478 4834 3827 4902 loquebatur;

2246 4951 2390 4991 nunc
2434 4934 2651 5007 quidem
2685 4930 2905 4986 nomine
2950 4936 3160 4982 tantum
3196 4926 3335 4997 apud
3377 4941 3475 4982 eos
3511 4937 3692 4990 utens.
3721 4926 3831 4993 ejus

2245 5038 2423 5083 autem
2455 5040 2640 5081 veram
2682 5022 3087 5093 intelligentiam
3132 5022 3185 5075 in
3214 5028 3490 5090 posterum
3526 5020 3633 5075 iliis
3662 5035 3827 5075 reser-

2248 5133 2377 5176 vans
2407 5118 2637 5177 edicere,
2671 5113 2884 5185 quando
2911 5127 3005 5166 eos
3050 5111 3219 5183 gratia
3251 5110 3485 5180 Spiritus
3520 5113 3688 5166 sancti
3720 5125 3827 5179 quae

2248 5230 2409 5282 super
2450 5227 2543 5268 eos
2585 5209 2753 5277 venit,
2789 5207 3077 5265 instituens
3110 5205 3489 5277 perceptibiles
3539 5215 3700 5260 tantae
3729 5204 3821 5258 ds-

2249 5307 2435 5361 ctrinm
2462 5302 2762 5374 perliceret.
2798 5300 3022 5369 Propter
3057 5298 3160 5354 hoc
3204 5298 3367 5354 etiam
3418 5296 3533 5367 ipse
3578 5295 3829 5352 Dominus

2253 5400 2305 5453 in
2336 5398 2524 5453 eodem
2556 5396 2673 5464 ipso
2704 5407 2954 5449 sermone
2987 5392 3261 5460 proximus
3293 5388 3553 5458 paSs-ioni,
3589 5398 3645 5441 ut
3691 5384 3830 5438 inﬁr-

2250 5490 2492 5543 mitatem
2523 5500 2710 5541 eorum
2733 5483 3061 5549 ostenderet,
3093 5481 3234 5535 unde
3277 5490 3498 5547 possent
3538 5478 3829 5532 doctrinam

2252 5581 2625 5651 perii-ctiorem
2671 5589 2972 5639 assumere,
3021 5574 3272 5628 dicebat:
3301 5571 3471 5625 Multa
3512 5569 3669 5623 habeo
3703 5568 3833 5621 vobis

2325 5718 2344 5747 ³
2378 5716 2432 5768 lu
2462 5716 2648 5768 eodem
2691 5712 2810 5767 rod.
2856 5711 3003 5766 deest
3052 5706 3323 5779 Philippe;
3377 5707 3532 5760 deest
3578 5702 3737 5759 etiam
3785 5700 3832 5752 in

2258 5799 2403 5844 testu
2436 5785 2654 5841 Jsattnis
2680 5799 2799 5853 Cap.
2834 5797 2940 5841 xrv,
2976 5795 3116 5835 vers.
3151 5783 3202 5833 υ.
