3956 6352
303 315 409 372 745

301 431 473 485 dicere
500 429 682 503 (Joan.
705 444 813 496 xvt,
834 429 945 498 l2).
976 426 1143 500 Cujus
1169 443 1299 500 ergo
1320 428 1394 484 rei
1417 429 1584 498 gratia
1605 429 1764 484 modo
1788 444 1892 484 non
1923 431 1973 489 Α

297 521 609 591 dicisiquia
638 535 745 577 non
774 521 1000 590 potestis
1024 520 1181 577 modo
1204 530 1419 590 portare
1445 536 1461 575 :
1495 535 1601 575 non
1630 520 1895 586 invidens,

300 614 394 667 sed
422 612 683 683 quia-non
715 612 964 667 suiﬁcitis
995 612 1060 665 ad
1089 611 1349 681 majorem
1380 626 1559 666 rerum
1595 613 1897 681 perceptio-

306 721 447 770 nem,
483 705 751 761 inﬁrmius
779 707 954 761 adhuc
984 704 1180 768 affecti,
1206 720 1363 773 quam
1386 713 1443 758 ttt
1463 704 1895 775 horumdogma-

307 808 418 854 tum
451 798 811 868 integritatem
845 799 1058 867 possitis
1088 797 1320 853 edoceri.
1366 797 1589 863 Quando
1630 801 1759 869 ergo
1805 814 1898 867 po-

304 901 503 955 terunt,
523 892 603 945 vel
630 892 806 947 unde?
833 891 1051 959 Quando
1077 891 1266 946 venerit
1286 891 1376 944 ille
1396 890 1623 961 Spiritus
1646 894 1893 960 veritatis,

300 983 504 1036 inducet
532 999 619 1037 vos
645 983 699 1036 in
740 999 942 1036 omnem
966 982 1228 1036 veritatem
1268 980 1455 1052 (lbid.,
1490 981 1601 1053 l3).
1636 983 1899 1051 Superve-

306 1074 416 1128 niet
443 1073 587 1127 enim
624 1087 791 1143 super
827 1088 923 1128 vos
968 1072 1201 1142 Spiritus
1227 1074 1396 1128 sancti
1443 1074 1638 1147 gratia,
1686 1089 1752 1128 ex
1794 1077 1933 1145 qua‘

307 1172 558 1218 cunctam
600 1163 909 1232 dogmatum
950 1163 1298 1217 subtilitatem
1334 1164 1726 1233 cognoscitis".
1762 1165 1895 1219 Pro-

314 1252 441 1313 inde
471 1254 516 1307 si
546 1253 882 1308 divinitatem
921 1253 1188 1324 Uttigeniti
1224 1255 1566 1319 docerentur,
1596 1265 1649 1309 et
1683 1256 1895 1311 Patrem

309 1346 473 1400 Deum
506 1346 691 1415 utique
726 1347 1073 1415 docerentur,
1117 1357 1172 1403 ut
1215 1357 1338 1417 pote
1368 1349 1460 1403 Dei
1501 1350 1623 1405 Filii
1654 1350 1892 1419 Patrem,

310 1446 364 1490 ct
391 1437 516 1507 quid
552 1436 847 1505 perfectius
877 1438 943 1492 ad
967 1438 1287 1510 dogntatum
1312 1441 1591 1495 scientiam
1614 1441 1694 1496 eis
1724 1456 1898 1495 rema-

312 1528 500 1583 net-et?
533 1546 552 1579 ι
582 1528 687 1584 Sed
739 1528 819 1584 Itis
869 1507 1327 1597 commemoratis,
1386 1546 1494 1585 non
1546 1538 1750 1586 tantum
1801 1547 1897 1601 pro

311 1631 578 1691 susceptae
622 1636 800 1676 causae
855 1621 1069 1688 merito,
1118 1637 1277 1692 quam
1323 1622 1481 1693 longe
1523 1622 1781 1679 distentus
1828 1627 1896 1679 ab

311 1717 718 1772 accusatoribus
746 1716 1036 1787 Theodori,
1066 1718 1191 1787 quin
1225 1719 1403 1787 potius
1439 1718 1895 1775 Chalcedonensis

1194 312 1325 368 PRO
1366 310 1796 369 DEFENSIONE
1834 309 2049 367 TRIUM
2090 310 2405 368 CAPITUL.
2448 311 2574 368 LIB.
2622 312 2712 368 IX.

3481 312 3581 368 746

2005 499 2154 564 Quod
2202 496 2503 551 Theodorus
2556 423 2851 550 ἱηϐιῖιιῐιέιέιῖς
2883 424 3088 549 Ιὲίπὶείὶ
3130 494 3329 551 naturis
3378 497 3582 551 animm

2072 570 2185 639 ejus
2214 585 2483 648 personam
2513 568 2797 648 agnoverit,
2826 568 3124 648 alienasque
3145 567 3299 637 fuerit
3323 567 3384 621 ab
3411 583 3584 622 errore

2071 636 2179 711 tum
2206 637 2532 703 Judwarum,
2548 636 2673 692 'tum
2701 636 3126 690 Manichaeorum.

2076 730 2287 798 Ergone
2317 734 2436 796 iste,
2469 730 2557 800 qui
2590 745 2714 787 vere
2742 728 2909 784 Deum
2939 746 3004 784 ex
3037 727 3167 797 Dco,
3219 738 3273 785 et
3304 728 3587 785 invisibilis

1999 839 2063 879 ac
2084 825 2274 879 divinas
2317 833 2521 879 natura:
2565 816 2759 877 Filium
2793 837 2889 890 pro
2915 822 3072 875 nobis
3112 824 3306 877 asserit
3347 838 3584 893 passum,

2000 912 2135 966 duos
2182 910 2319 966 ﬁlios
2368 910 2581 965 volebat
2628 910 2867 978 intelligi,
2904 920 3153 978 tanquam
3197 911 3418 967 alterius
3461 912 3587 966 sub-

1999 1001 2256 1056 sistentia:
2283 1000 2352 1055 sit
2379 1000 2467 1070 qui
2498 1013 2592 1068 pro
2617 998 2769 1053 nobis
2801 1011 2987 1067 passus
3015 1007 3117 1064 est,
3147 1010 3201 1053 et
3220 999 3442 1055 alterius
3464 1000 3585 1054 uni-

1984 1091 2230 1159 .genitus,
2258 1090 2346 1160 qui
2375 1104 2502 1144 vere
2526 1090 2665 1144 sicut
2696 1088 2836 1143 Deus
2877 1104 2944 1143 ex
2976 1087 3086 1143 Deo
3131 1088 3410 1144 invisibilis
3449 1091 3586 1144 divi-

2002 1194 2189 1247 naeque
2226 1188 2433 1233 naturae
2472 1177 2581 1232 sit?
2612 1186 2704 1231 aut
2736 1185 2922 1246 posset
2969 1177 3036 1231 de
3080 1192 3144 1233 eo
3192 1194 3350 1248 quem
3396 1196 3585 1248 purum

1999 1268 2253 1323 credebat
2283 1267 2578 1335 hominem,
2608 1268 2789 1322 dicere
2824 1284 2838 1319 :
2892 1286 2909 1319 ι
2950 1267 3006 1322 Si
3056 1269 3199 1323 enim
3247 1272 3583 1339 cognoveris,

2001 1360 2190 1430 inquit,
2231 1360 2355 1429 quis
2381 1362 2505 1427 sim,
2538 1374 2833 1429 cognosces
2867 1368 2921 1414 et
2952 1360 3100 1415 illum
3129 1362 3422 1416 secundum
3444 1365 3586 1433 quod

2001 1453 2258 1521 possibile
2298 1462 2403 1519 est,
2432 1469 2528 1523 per
2565 1467 2653 1508 me
2697 1453 3068 1521 contemplans
3097 1452 3270 1508 Patris
3319 1465 3583 1521 naturam,

1999 1546 2150 1615 cujus
2180 1561 2300 1601 sum
2333 1546 2497 1610 ﬁlius,
2536 1560 2602 1601 ex
2645 1545 2762 1615 ipso
2806 1554 3025 1599 exstans
3068 1546 3361 1600 secundum
3401 1561 3588 1601 essen-

2001 1638 2149 1701 tiam,
2183 1646 2237 1692 et
2262 1637 2504 1707 ejusdem
2538 1652 2658 1691 cum
2690 1636 2785 1707 illo
2822 1651 3040 1692 chtans
3068 1639 3347 1692 essentiaz?
3378 1658 3396 1690 ι
3434 1640 3499 1693 Et
3530 1647 3609 1693 ut

2001 1746 2107 1785 non
2150 1731 2337 1795 alium,
2383 1730 2480 1785 sed
2533 1730 2708 1796 ipsum
2740 1729 2884 1784 Patri
2926 1731 3438 1785 consubstantialem
3490 1748 3587 1802 pro

312 1810 550 1876 concilii,
584 1809 794 1865 debetis
823 1810 1144 1868 attendere:
1180 1824 1363 1866 verum
1398 1810 1557 1864 etiam
1585 1826 1742 1881 quam
1766 1811 1897 1866 sim-

2015 1824 2154 1879 tobis
2184 1824 2488 1894 passionem
2529 1822 2829 1891 suscepisse
2875 1832 3225 1892 monstraret,
3269 1824 3370 1879 hoc
3414 1825 3587 1894 ipsutn

318 1902 533 1971 pliciter
586 1915 685 1956 nos
734 1915 797 1955 ac
858 1896 1097 1956 ﬁdeliter
1151 1916 1265 1957 rem
1315 1916 1585 1971 geramus.
1651 1902 1901 1958 llaeretici

317 1992 485 2056 enim,
510 1991 656 2047 velut
682 1992 828 2047 fures
857 2000 912 2047 et
938 2008 1121 2058 canes,
1146 2007 1251 2048 non
1276 1993 1509 2063 integras
1534 1993 1672 2049 sicut
1700 1994 1900 2050 haben-

314 2095 401 2139 tur
445 2083 613 2153 ipsius
660 2083 929 2139 Theodori
969 2086 1261 2138 sententias
1286 2093 1312 2121 ﬂ
1342 2084 1552 2140 sincere
1581 2085 1902 2156 depromunt

313 2188 475 2248 atque
503 2177 853 2246 simpliciter;
882 2176 975 2232 sed
1006 2177 1451 2247 quemadmodum
1496 2177 1563 2232 de
1608 2178 1736 2247 ipsis
1765 2193 1899 2247 quo-

314 2285 421 2339 que
452 2269 741 2339 Scripturis
769 2269 1042 2324 canonicis
1073 2268 1249 2324 iacere
1278 2270 1474 2335 solent,
1501 2284 1667 2339 pauca
1692 2285 1756 2324 ex
1787 2271 1904 2339 ejus

314 2368 472 2423 dictis
498 2367 725 2421 obscura
756 2365 918 2422 verba
950 2366 1278 2435 subripiunt,
1322 2375 1380 2422 et
1429 2366 1541 2421 haec
1579 2369 1691 2436 ipsa
1740 2368 1905 2423 malc-

314 2460 433 2516 dico
460 2460 620 2515 dente
647 2459 959 2515 concidunt.
991 2459 1097 2515 Nos
1131 2471 1333 2524 autem,
1364 2459 1500 2515 sicut
1538 2460 1755 2524 videtis,
1788 2474 1903 2514 ma-

314 2552 396 2619 gis
416 2552 662 2620 eligimus
694 2549 966 2605 fastidium
997 2550 1064 2605 de
1096 2550 1447 2618 longitudine,
1481 2566 1639 2620 quam
1674 2550 1744 2606 de
1783 2551 1905 2606 bre-

320 2641 480 2695 vitate
506 2650 664 2721 atque
702 2639 1035 2695 obscuritate
1080 2639 1442 2709 suspicionem
1478 2639 1679 2695 fraudis
1723 2641 1905 2695 incur-

320 2748 459 2787 rere.
484 2732 600 2787 Non
623 2741 707 2787 est
733 2746 898 2801 quare
928 2731 981 2785 in
1013 2730 1095 2785 his
1115 2743 1232 2801 qua:
1268 2745 1366 2786 nos
1393 2729 1713 2800 proferimus
1738 2731 1908 2787 lector

263 2856 277 2865 ς
316 2832 543 2890 quierat,
576 2821 661 2877 vel
686 2821 812 2893 quid
843 2820 1090 2890 superius
1112 2834 1143 2875 a
1172 2819 1459 2875 Theodoro
1490 2819 1651 2875 fuerit
1677 2820 1902 2890 dictum,

320 2914 402 2969 vel
436 2913 687 2968 inferius‘
719 2912 1107 2982 subsequatur,
1143 2911 1227 2966 vel
1262 2926 1367 2983 qua
1390 2913 1597 2968 ratione
1629 2911 1785 2968 fuerit
1830 2914 1909 2969 sic

320 3006 565 3062 locutus:
595 3016 759 3061 totam
789 3006 835 3060 si
858 3020 1075 3061 causam
1103 3004 1125 3037 ³
1155 3014 1279 3061 ante
1322 3006 1510 3061 oculos
1553 3004 1907 3076 iudicantium

318 3096 705 3167 inspiciendam
761 3097 1140 3151 constituimus
1182 3112 1197 3149 :
1240 3110 1347 3151 non
1388 3109 1457 3152 ex
1501 3096 1684 3152 multis
1746 3105 1909 3169 atque

2005 1922 2258 1984 repetens
2308 1915 2501 1969 iterum
2551 1914 2729 1968 dicit:
2783 1931 2801 1964 ι
2839 1913 3066 1982 Propter
3115 1913 3216 1969 hoc
3264 1916 3423 1970 etiam
3474 1917 3589 1986 ipse

2007 2006 2264 2061 Dominus
2291 2006 2346 2060 in
2371 2007 2559 2061 eodem
2594 2007 2710 2075 ipso
2741 2020 2995 2061 sermone
3025 2007 3300 2076 proximus
3331 2008 3588 2077 passioni,

2004 2110 2062 2152 ut
2090 2100 2451 2155 inﬁrmitatem
2479 2114 2664 2155 eorum
2699 2099 3029 2165 05tenderet,
3061 2101 3204 2156 unde
3252 2110 3469 2170 possent
3492 2102 3590 2156 do~

2004 2190 2231 2246 ctrinam
2265 2193 2635 2260 periectiorem
2669 2207 2972 2261 assumere,
2995 2193 3205 2247 dicebat
3240 2212 3251 2247 :
3298 2192 3466 2248 Multa
3492 2194 3593 2248 Ita-

2007 2280 2095 2335 beo
2121 2284 2259 2337 vobis
2297 2284 2481 2337 dicere.
2517 2299 2537 2335 ι
2587 2282 2704 2351 Ipse
2754 2300 2883 2352 ergo
2932 2285 3207 2348 Dominus,
3248 2285 3335 2354 qui
3369 2287 3605 2341 consub-

2006 2374 2269 2429 stantialis
2312 2384 2397 2429 est
2442 2373 2609 2438 Patri,
2649 2384 2703 2429 et
2756 2392 2862 2429 non
2905 2376 3059 2442 alius,
3108 2392 3136 2431 a
3167 2377 3452 2432 Theodoro
3495 2393 3591 2447 pro

2008 2466 2163 2520 nobis
2187 2465 2383 2519 dicitur
2410 2479 2621 2534 passus.
2663 2465 2859 2521 Verum
2907 2482 3081 2535 neque
3124 2468 3237 2535 ipse
3272 2468 3339 2521 ab
3368 2484 3433 2523 eo
3464 2484 3591 2534 pro-

2009 2558 2283 2612 nuntiatur
2310 2557 2468 2612 Patcr
2496 2572 2616 2613 esse
2647 2559 2734 2628 qui
2767 2558 2935 2612 Filius
2968 2559 3241 2628 :‘aiioquin
3276 2559 3500 2630 loquens
3527 2561 3594 2617 de

2011 2649 2256 2720 Philippo
2295 2663 2403 2703 non
2432 2649 2660 2714 diceret,
2719 2666 2737 2701 ‹
2768 2648 2921 2704 Velle
2954 2651 3095 2704 enim
3126 2651 3338 2705 Patrem
3387 2652 3590 2719 videre,

2010 2741 2265 2796 indicium
2314 2750 2432 2796 erat
2465 2755 2530 2796 eo
2559 2741 2701 2812 quod
2747 2756 2922 2811 neque
2967 2742 3142 2810 ipsum
3185 2745 3370 2809 sciret,
3420 2744 3472 2798 id
3513 2759 3597 2799 est

2009 2831 2315 2897 Christum;
2345 2832 2430 2888 vel
2478 2832 2619 2901 quod
2660 2833 2732 2887 ibi
2774 2834 3093 2888 subsecutus
3134 2834 3205 2888 ait
3252 2849 3318 2889 ex
3368 2849 3597 2904 persona

2012 2922 2224 2978 Domini
2252 2940 2265 2977 :
2299 2924 2355 2981 Si
2398 2927 2542 2980 enim
2573 2925 2912 2995 cognoveris,
2944 2925 3137 2996 inquit,
3165 2929 3294 2996 ,quis
3337 2929 3459 2995 sim,
3506 2943 3598 2983 co-

2011 3028 2237 3084 gnosces
2265 3024 2320 3070 et
2345 3014 2493 3069 illum
2538 3015 2833 3071 secundum
2865 3017 3008 3086 quod
3055 3018 3308 3086 possibile
3352 3028 3456 3087 est,
3503 3035 3600 3090 per

2013 3122 2103 3164 me
2125 3107 2500 3175 contemplans
2532 3107 2706 3163 Patris
2737 3117 2983 3163 naturam
3010 3127 3021 3162 :
3064 3127 3083 3162 ι
3117 3120 3171 3166 et
3199 3127 3424 3183 qumque
3449 3114 3600 3168 simi-

319 3191 522 3261 IPeﬂiS
555 3204 746 3259 Pauca.
772 3188 1221 3257 Quemadmodum
1261 3188 1361 3255 illi,
1393 3196 1449 3243 et
1467 3189 1694 3245 obscura
1724 3190 1905 3246 verbis
1920 3174 1975 3261 ,ο
2015 3197 2085 3253 lia
2122 3199 2195 3252 ibi
2225 3174 2597 3263 continentur,
2627 3214 2746 3270 qua:
2772 3203 2840 3255 de
2888 3200 3045 3256 Patre
3084 3216 3148 3256 ac
3176 3174 3352 3270 Filio;
3373 3221 3597 3275 quorum

322 3299 427 3337 non
450 3282 471 3313 ³
498 3298 563 3338 ex
595 3281 816 3353 integris
837 3290 892 3337 et
919 3280 1170 3351 perfectis
1192 3281 1480 3353 particulas
1508 3280 1909 3340 demordemus.

318 3376 470 3432 Sicut
496 3384 675 3431 autem
708 3384 884 3445 potest
911 3389 976 3430 ex
1007 3374 1088 3428 his
1115 3388 1235 3443 quae
1268 3383 1562 3429 memorata
1595 3382 1720 3429 sunt
1749 3390 1914 3430 unus-

319 3469 547 3538 quisque
572 3482 924 3537 cognoscere,
961 3480 1068 3521 non
1100 3466 1371 3521 hominem
1396 3481 1609 3537 purum,
1639 3467 1691 3522 id
1719 3468 1913 3537 estqui

324 3575 434 3615 non
465 3561 534 3613 sit
554 3560 716 3614 etiam
750 3558 915 3624 Deus,
943 3558 1038 3614 sed
1077 3558 1407 3629 unigenitum
1439 3558 1530 3613 Dei
1562 3558 1753 3613 Filium
1792 3572 1916 3613 con-

320 3649 725 3704 substantialem
756 3649 924 3715 Patri,
955 3663 1051 3717 pro
1072 3648 1227 3704 nobis
1248 3648 1442 3703 asserit
1472 3662 1689 3717 passum
1716 3666 1730 3703 :
1755 3664 1912 3720 quem

320 3743 449 3798 dicit
478 3743 778 3813 proximum
824 3743 1062 3813 passioni
1102 3757 1217 3799 sua":
1264 3742 1469 3797 dixisse
1506 3740 1783 3810 discipulis
1810 3758 1823 3795 :
1854 3740 1917 3798 Si

321 3852 401 3890 me
427 3836 646 3900 sciretis,
670 3836 842 3899 utique
860 3834 917 3890 'et
941 3834 1152 3889 Patrem
1176 3850 1342 3888 meum
1367 3832 1564 3887 sciretis
1592 3832 1774 3903 (Joan.
1800 3849 1914 3900 Vill,

324 3927 437 3996 l9).
462 3926 529 3981 Et
555 3926 619 3981 ad
662 3926 964 3993 Philippum
991 3943 1005 3983 :
1040 3926 1203 3979 Tanto
1231 3935 1455 3996 tempore
1481 3924 1740 3978 vobiscum
1779 3942 1916 3992 sum,

321 4026 368 4071 et
392 4035 493 4071 non
529 4018 834 4087 coghovistis
863 4018 978 4071 me?
1002 4015 1266 4087 Philippe,
1296 4017 1383 4086 qui
1421 4016 1551 4069 videt
1579 4030 1680 4081 me,
1711 4016 1845 4069 ridet
1874 4026 1919 4069 et

328 4110 541 4167 Patrem
564 4112 743 4180 (Joan.
776 4130 885 4179 xtv,
913 4114 1012 4183 9):
1046 4113 1419 4169 ostendentem
1461 4112 1714 4181 quoniam
1746 4126 1921 4179 neque

324 4202 564 4257 divinam
596 4214 840 4258 naturam
870 4204 1073 4259 sciebat
1097 4202 1400 4274 Unigeniti;
1436 4201 1577 4275 quod
1607 4200 1923 4256 Theodorus

324 4312 432 4351 non
457 4296 681 4363 diceret,
708 4298 811 4351 nisi
835 4296 1081 4353 crederet
1114 4295 1455 4365 Unigenitum
1499 4293 1694 4348 divina:
1717 4301 1922 4346 naturae

328 4403 425 4458 pro
454 4389 608 4443 nobis
637 4404 875 4459 passum.
912 4388 1111 4443 Verum
1146 4401 1246 4441 nec
1276 4384 1407 4440 illud
1434 4383 1507 4438 ibi
1534 4391 1757 4451 poneret
1781 4384 1921 4452 quod

326 4483 401 4535 ait
424 4498 439 4534 :
474 4481 613 4537 lliuc
637 4483 798 4536 etiam
820 4481 1082 4536 adductus
1106 4489 1190 4534 est
1212 4477 1493 4546 Philippus
1510 4476 1575 4530 ad
1600 4475 1919 4530 dicendum:

2015 3306 2119 3346 una
2144 3302 2331 3346 natura
2356 3301 2459 3358 est,
2489 3308 2594 3347 non
2625 3293 2726 3347 nisi
2755 3308 2852 3363 pro
2881 3294 3208 3352 discretione
3249 3312 3599 3367 personarum

2015 3382 2155 3439 dicta
2181 3392 2386 3454 queunt
2426 3384 2668 3456 intelligi.
2701 3385 2757 3441 ln
2806 3383 2912 3441 ﬁne
2942 3402 3072 3443 vero
3113 3388 3279 3457 ipsius
3322 3392 3602 3446 sententim

2016 3491 2207 3533 omnes
2229 3485 2339 3532 tres
2364 3490 2623 3547 personas
2648 3477 2820 3532 Patris
2849 3486 2903 3532 et
2929 3477 3047 3532 Filii
3076 3487 3130 3533 et
3169 3478 3403 3546 Spiritus
3430 3484 3601 3535 sancti

2017 3570 2179 3625 simul
2247 3569 2522 3637 insinuat,
2578 3581 2697 3623 cum
2748 3582 2815 3623 ex
2880 3582 3111 3639 persona
3170 3569 3382 3625 Domini
3434 3571 3601 3627 dicit:

2025 3679 2043 3712 ‹
2080 3661 2306 3727 Quando
2334 3662 2543 3716 venerit
2572 3661 2663 3716 ille
2690 3660 2922 3729 Spiritus
2959 3661 3232 3727 veritatis,
3264 3662 3481 3721 inducet
3510 3680 3605 3720 vos

2022 3751 2076 3806 in
2112 3766 2329 3806 omnem
2360 3752 2665 3807 veritatem.
2711 3751 3066 3822 Superveniet
3112 3753 3254 3808 enim
3299 3769 3464 3823 super
3509 3773 3605 3811 vos

2021 3845 2253 3914 Spiritus
2290 3844 2462 3900 sancti
2509 3846 2704 3915 gratia,
2742 3860 2808 3899 ex
2854 3860 2957 3915 qua
3000 3859 3248 3901 cunctam
3295 3847 3604 3918 dogmatnm

2023 3936 2372 3993 subtilitatem
2433 3937 2794 4006 cognoscetis.
2848 3957 2866 3990 ι
2946 3938 3178 3994 Proinde
3242 3940 3286 3994 si
3351 3941 3605 3996 divinita-

2024 4039 2133 4086 tem
2186 4030 2458 4102 Unigeniti
2511 4031 2858 4097 docerentur,
2908 4043 2962 4087 et
3012 4032 3225 4089 Patrem
3286 4034 3453 4089 Deum
3509 4038 3609 4091 uti~

2023 4137 2127 4192 que
2156 4121 2497 4178 docerentur.
2532 4123 2669 4200 Quid
2700 4123 2859 4193 igitur
2902 4123 3275 4179 haereticorum
3305 4124 3601 4196 contplices

2026 4214 2081 4268 itt
2113 4215 2478 4284 praeiudicium
2508 4213 2711 4271 sancta:
2739 4213 2933 4286 synodi
2966 4224 3164 4270 tantam
3189 4232 3369 4272 rerum
3392 4219 3611 4273 eviden-

2029 4304 2151 4360 tiam
2188 4308 2477 4362 obscurare
2522 4307 2699 4362 conati
2729 4319 2875 4373 sunt,
2909 4306 3059 4377 quasi
3100 4307 3348 4364 omnibus
3379 4309 3457 4366 sic
3485 4326 3612 4381 pos-

2028 4408 2147 4453 sent
2178 4401 2366 4453 oculos
2393 4399 2663 4463 claudere,
2697 4400 2835 4453 sicut
2863 4398 2964 4454 sibi
2996 4399 3337 4455 clauserunt?
3367 4401 3498 4455 Nam
3526 4417 3614 4456 se-

2030 4489 2259 4544 cundum
2277 4490 2538 4545 Joannem
2561 4490 2906 4558 Evangelium
2930 4489 3287 4559 interpretans
3309 4491 3435 4545 dicit
3460 4509 3472 4545 :
3505 4512 3523 4542 ι
3547 4490 3613 4546 In

331 4578 554 4633 Ostende
583 4580 729 4634 nobis
758 4578 991 4645 Patrem,
1025 4589 1073 4633 et
1104 4576 1289 4647 suﬂicit
1318 4575 1463 4630 nobis
1486 4572 1527 4627 ’⁵.
1574 4572 1629 4629 Si
1661 4574 1802 4627 enim
1834 4574 1914 4627 in-
1948 4556 2001 4615 D
2027 4581 2217 4634 mundo
2245 4589 2373 4645 erat,
2401 4587 2447 4632 et
2475 4582 2696 4633 mundus
2716 4556 2818 4648 per
2846 4597 2960 4634 eum
2991 4556 3158 4647 factus
3185 4589 3279 4649 est,
3313 4592 3360 4635 et
3383 4584 3610 4639 mundus

328 4680 481 4741 tegrc
504 4672 667 4727 sciret
688 4672 810 4741 quia
835 4671 1044 4726 Patrem
1068 4684 1225 4725 suum
1247 4666 1272 4701 ⁸
1298 4666 1511 4721 dicebat
1542 4680 1662 4720 eum
1689 4665 1779 4735 qui
1832 4680 1889 4718 re
1909 4694 1921 4705 -

328 4780 459 4821 vera
486 4764 601 4834 ejus
624 4774 770 4821 esset
811 4764 993 4831 Pater,
1026 4780 1092 4817 ex
1143 4776 1249 4830 quo
1278 4770 1394 4817 erat
1423 4775 1549 4816 vere
1594 4759 1734 4814 sicut
1782 4758 1922 4813 Deus

331 4871 398 4912 ex
444 4856 574 4921 Deo,
624 4872 894 4927 nunquam
939 4856 1195 4911 dixisset:
1246 4853 1469 4908 Ostende
1521 4852 1667 4906 nobis
1711 4851 1922 4905 Patrem

337 4958 503 5012 tuum,
527 4948 665 5003 bene
694 4950 870 5003 sciens
902 4946 1024 5019 quia
1056 4945 1344 5002 invisibilis
1374 4954 1459 4998 est
1488 4943 1793 4997 hominibus
1843 4942 1922 4996 di-

336 5041 459 5093 vina
482 5051 691 5095 natura.

411 5188 436 5215 ε
466 5178 556 5232 Sic
600 5178 890 5249 Dionysius
948 5175 1552 5250 Alexandrinus,_teste
1602 5169 1920 5250 Athanasio,

336 5252 659 5319 querebatur
686 5242 792 5303 non
824 5250 1099 5319 integras,
1114 5246 1209 5301 sed
1242 5244 1483 5319 concisas
1505 5242 1573 5295 ab
1593 5242 1923 5319 adversariis

336 5314 630 5393 sententias
653 5334 777 5373 suas
802 5314 1049 5393 proferri.
1068 5317 1291 5393 _"Errs¢rat
1316 5314 1712 5393 _airta'trat_'_r?1:)s
1763 5331 1927 5393 κατεξ·

336 5392 526 5453 “dum:
554 5393 736 5456 αὐτοῦ,
766 5384 833 5450 cii;
860 5396 929 5463 μὴ
958 5389 1251 5462 ὁλοκλήρους
1276 5388 1527 5459 λέγοντας,
1561 5384 1682 5439 ἀλλὰ
1720 5384 1925 5453 περικό-

413 5525 431 5556 ¹
463 5492 596 5579 Cod.
629 5523 847 5587 Verum,
883 5522 959 5576 vel
984 5512 1110 5591 quid
1141 5520 1380 5589 inferius.

411 5597 433 5666 ξ
466 5596 605 5649 Idem
635 5595 785 5666 cod.,
817 5604 974 5666 totum
994 5593 1123 5666 sicut
1148 5605 1217 5644 est
1248 5604 1474 5643 causam.
1504 5661 1516 5666 _
1583 5631 1589 5637 .
1674 5656 1684 5666 ι

414 5665 436 5696 ³
459 5666 599 5720 idem
621 5664 765 5728 cod.,
795 5664 945 5717 verba
968 5663 1244 5733 elegimus;
1278 5676 1376 5714 non
1410 5674 1471 5712 ex
1499 5661 1731 5716 intentis.

421 5775 440 5803 ³
466 5777 626 5833 Forte
656 5786 987 5847 cognoscetis.

588 5894 861 5955 Γιτιιοι.
938 5887 1102 5949 LXV
1121 5886 1188 5947 ll.

2026 4689 2138 4726 eum
2167 4690 2266 4727 non
2305 4672 2541 4744 cognouit
2567 4671 2748 4743 (Joan.
2781 4688 2826 4735 t,
2862 4671 2979 4741 10),
3010 4672 3196 4728 dicens
3225 4673 3527 4730 venientem
3558 4675 3615 4730 in

2029 4766 2166 4817 hunc
2212 4762 2467 4818 mundum
2500 4760 2568 4816 de
2617 4763 2843 4816 Domino
2878 4763 3096 4817 Christo
3146 4764 3283 4819 bene
3324 4764 3526 4830 intttiit,
3560 4767 3613 4819 io

2026 4854 2225 4909 mundo
2253 4864 2385 4922 erat,
2418 4864 2477 4911 ut
2511 4854 2824 4909 ostenderet
2858 4856 2978 4923 quia
3010 4854 3313 4911 venientem
3350 4858 3415 4911 ad
3448 4857 3615 4911 mani-

2025 4946 2361 5002 festationcm
2392 4946 2594 5003 retulit.
2627 4944 2935 5002 SubStantia
2965 4948 3107 5001 enim
3132 4955 3184 5002 et
3208 4957 3396 5003 natura
3424 4960 3537 5003 erat
3559 4948 3615 5005 in

2028 5036 2253 5102 mundo,
2286 5034 2480 5106 inquit,
2504 5049 2560 5093 et
2592 5045 2769 5091 antea.
2803 5035 2869 5088 Et
2902 5036 3069 5091 veiuti
3100 5036 3201 5091 hoc
3231 5052 3417 5106 parum
3447 5048 3615 5102 esset,

2029 5195 2250 5233 πτοντας
2278 5175 2430 5228 αὐτοῦ
2461 5176 2551 5235 τὰς
2581 5176 2754 5238 λέξεις.
2792 5174 2854 5228 Et
2910 5174 2976 5228 tle
3019 5174 3331 5237 Apolinario
3372 5176 3615 5245 Apostuli

2032 5244 2192 5315 verba
2225 5253 2503 5298 truncante
2532 5246 2819 5315 Gregorius
2862 5245 3229 5301 Nazianzenus
3257 5244 3499 5301 oratione
3548 5249 3616 5298 ait

2033 5314 2331 5390 [Sectarium
2362 5331 2376 5367 :
2409 5318 2553 5385 Λέγω,
2573 5314 2672 5390 7ὰρ
2695 5318 2843 5370 πάλιν
2869 5318 3204 5375 arcersitan
3227 5340 3339 5373 τινα
3359 5320 3509 5389 ῥῆσιν
3529 5322 3617 5372 τοῦ
3690 5338 3708 5360 ι

2036 5384 2151 5441 ὅλου
2178 5387 2415 5456 σώματος
2443 5396 2532 5446 τῆς
2559 5384 2905 5459 άυίὶφράσεως
2935 5391 3235 5447 ἀποκνίσας.

2104 5524 2125 5551 ⁸
2152 5523 2290 5577 Idem
2318 5522 2468 5585 cod.,
2501 5522 2674 5585 nobis;
2706 5523 2799 5574 hoc
2823 5522 2973 5574 etiam
3004 5520 3252 5590 adjiciens
3280 5533 3298 5570 :
3324 5516 3368 5571 si
3391 5516 3544 5570 enim.

2108 5596 2129 5625 '
2159 5597 2301 5652 ldeut
2328 5596 2476 5659 eod.,
2507 5609 2653 5646 suum
2680 5592 2864 5646 Deum.

3098 5871 3132 5901 ςὶ

3100 5890 3174 5929 τι
