3978 6350
330 362 434 421 749

1168 428 1177 435 ν
1218 362 1353 419 PRO
1398 359 1825 418 DEFENSIONE
1863 359 2077 415 TBtUH
2111 358 2419 430 CAPITUL.
2455 359 2583 415 LIB.
2630 360 2719 415 IX.

3502 362 3613 418 750

336 476 569 530 \‘erbum
604 485 813 541 natura,
863 477 1001 532 sicut
1034 477 1119 533 hic
1169 479 1573 534 evidentissime
1612 476 1798 541 docet;
1841 475 1923 529 al-
1957 476 2003 535 A
2033 472 2189 527 cendi
2219 472 2378 529 modo
2401 473 2783 530 commendet?
2808 473 3072 532 Prodesse
3094 475 3275 547 itaque
3313 476 3470 535 nobis
3493 480 3609 537 hate

332 578 508 624 terum
541 577 723 622 autem
757 567 898 637 quod
941 577 1274 639 aSsumptum
1313 580 1429 635 est,
1468 568 1557 637 qui
1589 577 1768 621 tamen
1800 581 1918 634 pcr-

334 675 463 716 sona
508 659 651 723 idem
695 659 808 727 ipse
845 657 1132 713 invenitur.
1173 658 1282 715 Nec
1310 674 1453 723 mea,
1504 657 1598 713 sed
1645 655 1763 728 ejus
1807 657 1920 709 brec

336 751 499 807 verba
530 757 674 818 sunt,
705 749 1022 818 exponentis
1046 751 1418 819 semetipsum,
1446 756 1503 804 et
1527 746 1770 804 docentis
1790 762 1926 817 quo-

337 842 496 897 modo
520 838 744 912 intelligi
764 842 1021 897 debeatin
1042 842 1273 907 caeteris,
1299 842 1385 896 ubi
1417 844 1494 896 sic
1524 839 1761 911 loquitur
1793 857 1805 891 :
1833 839 1922 905 qui

338 936 442 992 hoc
468 937 639 1006 ipsum
669 945 950 1005 rcpetens,
982 944 1042 991 ut
1077 936 1338 1000 decebat,
1364 933 1540 990 sicubi
1582 934 1690 989 tale
1727 931 1925 1002 aliquid

337 1031 533 1086 dicitur
555 1032 598 1097 ¹,
620 1046 724 1087 non
751 1029 907 1085 aliter
932 1030 1086 1085 nobis
1108 1030 1477 1100 accipiendum
1503 1043 1623 1085 esse
1649 1040 1929 1085 commen-

341 1123 454 1177 dat.
486 1139 506 1173 ι
541 1118 596 1175 Si
625 1121 767 1175 enim
810 1120 1013 1190 integre
1051 1121 1383 1184 conceditur,
1410 1120 1613 1189 inquit,
1660 1119 1762 1173 hoc
1793 1118 1929 1172 alte-

340 1229 456 1268 rum
489 1226 610 1266 esse
638 1210 706 1264 ab
734 1210 830 1264 illo
862 1218 1073 1273 natura,
1105 1220 1158 1264 et
1185 1209 1553 1274 manifestum,
1579 1210 1703 1280 quia
1722 1209 1927 1278 aequale

340 1319 447 1359 non
470 1301 706 1371 estquod
733 1311 1064 1369 assumptum
1089 1310 1171 1355 est
1198 1299 1525 1364 assumenti,
1557 1313 1729 1375 neque
1755 1299 1929 1366 simile

347 1395 450 1449 hoc
482 1394 591 1458 illi,
620 1406 791 1460 neque
818 1392 961 1446 idem
983 1391 1124 1461 quod
1151 1400 1483 1461 assumptum
1506 1400 1588 1445 est
1610 1388 1927 1455 assumenti,

345 1484 684 1539 manifestum
707 1483 827 1549 quia
848 1482 985 1536 idem
1010 1484 1122 1551 ipse
1143 1483 1443 1536 invenietur
1462 1480 1789 1535 adunatione
1810 1493 1930 1548 per-

340 1590 509 1630 sonat.
538 1592 556 1623 ι
585 1573 866 1642 Perspicis,
886 1574 1141 1641 Auguste,
1161 1573 1300 1643 quod
1322 1587 1427 1627 non
1449 1585 1699 1643 persona,
1723 1569 1816 1624 sed
1835 1584 1931 1624 na-

343 1674 466 1719 tura
496 1667 694 1732 potius,
720 1674 1085 1719 assumentem
1116 1665 1183 1719 ab
1211 1674 1487 1733 assumpto
1517 1655 1741 1719 alterum
1764 1663 1927 1729 dicat,

338 1754 485 1808 etde
515 1754 722 1807 naturis
752 1752 854 1807 hoc
897 1753 1030 1808 velit
1073 1753 1331 1823 intelligi,
1368 1769 1597 1824 quarum
1634 1763 1718 1808 est
1762 1753 1928 1808 multa

2023 563 2138 631 ejus
2170 563 2305 617 ratio
2332 561 2495 619 debet
2533 564 2598 619 ad
2629 564 2717 618 illa
2742 580 2864 634 quae
2894 565 3144 622 videntur
3170 570 3418 633 obscura,
3465 577 3523 624 ut
3546 585 3618 627 ex

2024 655 2109 712 his
2155 656 2470 712 certissimis
2521 658 2629 711 alia
2687 673 2807 726 quae
2858 658 2995 714 forte
3024 669 3149 714 sunt
3198 660 3358 717 dubia
3402 659 3617 731 judice-

2009 763 2164 802 vmus.
2194 746 2310 803 Non
2348 748 2677 817 aspiciamus
2708 747 2761 801 in
2803 746 3026 803 inrtivas
3064 751 3450 806 sententiarum
3500 750 3619 822 ejus

2026 838 2312 907 particulas
2335 880 2348 900 ,
2374 852 2509 907 quas
2556 836 2680 892 ideo
2720 826 3018 907 praecidunt
3048 839 3283 894 lizcretici
3306 880 3322 906 ,
3349 849 3411 896 ut
3455 840 3510 897 in
3539 841 3617 895 eis

2026 946 2134 984 non
2165 940 2426 1001 appareat
2458 929 2685 985 dicentis
2717 930 2963 986 intentio.
2996 931 3149 999 Quod
3197 948 3326 1004 ergo
3357 934 3509 991 nobis
3537 934 3620 989 di-

2025 1029 2172 1086 cunt,
2205 1022 2570 1091 disputantem
2598 1021 2666 1077 de
2690 1020 2889 1077 Christi
2938 1022 3306 1079 incarnatione
3339 1026 3620 1096 scripsisse

2027 1096 2369 1167 Theodorum
2419 1127 2527 1168 non
2562 1113 2700 1168 idem
2746 1128 2867 1169 esse
2914 1125 3248 1184 assumptum
3286 1119 3616 1187 assumenti,

2027 1203 2119 1258 sed
2150 1204 2378 1258 alterum
2410 1218 2533 1259 esse
2560 1214 2616 1258 et
2646 1205 2903 1269 alterum,
2938 1205 3040 1259 hoc
3067 1215 3121 1260 et
3151 1221 3249 1259 nos
3276 1222 3396 1262 eum
3420 1207 3620 1265 dixisse

2030 1293 2343 1347 testimonio
2372 1294 2624 1362 praesenti
2656 1295 3096 1361 monstravimus,
3127 1294 3222 1350 sed
3269 1310 3377 1365 pm
3393 1296 3617 1352 duarum

2028 1382 2345 1438 diversitate
2388 1394 2722 1447 naturarum,
2757 1399 2865 1463 non
2902 1399 2998 1453 pro
3034 1385 3188 1440 unius
3214 1386 3473 1443 divisione
3500 1401 3620 1457 per-

2029 1488 2176 1530 sona:
2203 1493 2214 1527 :
2239 1475 2377 1531 sicut
2410 1476 2659 1542 dicimus,
2690 1476 2920 1532 alterum
2948 1492 3069 1532 esse
3096 1478 3411 1533 interiorem
3447 1477 3620 1534 homi-

2031 1581 2155 1622 nem
2183 1568 2248 1621 ad
2278 1566 2568 1637 imaginem
2609 1576 2663 1621 et
2690 1567 3096 1624 similitudinem
3147 1568 3239 1623 Dei
3289 1568 3523 1633 faetum,
3560 1575 3622 1624 et

2035 1658 2264 1713 alterum
2294 1660 2619 1715 exteriorem
2658 1658 2973 1716 similiorem
3010 1660 3181 1731 magis
3219 1658 3500 1729 pecoribus
3531 1660 3616 1715 fae-

2032 1760 2181 1805 ctum
2212 1768 2225 1803 :
2253 1764 2357 1805 non
2382 1750 2523 1820 quod
2548 1752 2666 1805 duae
2695 1766 2958 1820 personae,
2983 1751 3075 1807 sed
3103 1751 3244 1822 quod
3272 1757 3391 1806 duae
3416 1760 3620 1808 natura

338 1842 645 1909 diversitas,
692 1852 745 1898 et
791 1843 858 1898 de
898 1858 1119 1913 quarum
1170 1844 1378 1900 ratione
1415 1844 1668 1901 convenit
1710 1845 1919 1913 dicere,
1954 1835 1999 1896 Β
2026 1841 2156 1898 sint.
2184 1841 2333 1909 Quod
2363 1843 2523 1898 etiam
2549 1841 2704 1912 hujus
2736 1841 3014 1916 manifesta
3046 1842 3209 1898 verba
3238 1842 3532 1908 declarant,
3559 1850 3617 1900 et

339 1936 461 2006 quia
496 1950 600 1990 non
629 1943 714 1990 est
746 1935 887 1990 idem
930 1936 1070 2006 quod
1116 1945 1449 2006 assumptum
1474 1945 1561 1993 est
1589 1936 1923 1993 assumenti:

339 2032 409 2085 de
443 2043 671 2097 persona
695 2043 825 2083 vero
854 2027 998 2083 dicat
1025 2030 1165 2099 quod
1191 2028 1333 2085 idem
1361 2030 1432 2085 sit
1461 2043 1743 2085 assumens
1768 2039 1929 2101 atque

340 2128 675 2187 assumptus.
731 2119 930 2175 Plusne
955 2120 1149 2190 aliquis
1177 2121 1357 2177 dicere
1388 2123 1559 2191 potuit
1583 2137 1739 2193 quam
1788 2123 1925 2177 idem

341 2209 494 2280 ipse?
525 2209 666 2279 quod
693 2210 746 2264 in
771 2209 871 2263 hac
898 2211 1188 2278 sententia,
1227 2228 1331 2268 non
1365 2221 1568 2267 tantum
1600 2212 1768 2268 semei
1789 2258 1803 2282 ,
1835 2213 1929 2268 sed

340 2300 539 2357 iterum
580 2302 711 2356 dicit
739 2302 1003 2373 :ideoque
1032 2303 1295 2373 Sequitur,
1324 2304 1510 2362 dicens
1555 2307 1665 2361 sic:
1698 2324 1717 2360 ‹
1749 2305 1931 2377 Neque

344 2404 659 2449 naturarum
711 2395 801 2450 [let
850 2386 1139 2463 conlusio,
1182 2412 1357 2465 neque
1414 2411 1659 2468 persona:
1685 2397 1928 2467 quaedam

342 2499 505 2557 prava
557 2484 779 2539 divisio.
812 2504 832 2537 ι
862 2485 1002 2553 Quid
1031 2486 1333 2542 evidrntius
1378 2502 1641 2556 quaerere,
1672 2485 1758 2541 vel
1802 2485 1928 2555 quid

344 2575 581 2647 amplius
606 2577 673 2631 de
713 2578 807 2631 illo
845 2587 1158 2645 exspectare
1189 2577 1504 2647 possemus?
1533 2587 1587 2635 et
1626 2587 1801 2631 tamen
1833 2574 1932 2630 ille

345 2668 528 2721 adhuc
568 2666 715 2721 addit
753 2676 808 2722 et
852 2667 1020 2723 dicit:
1052 2686 1071 2720 ι
1108 2669 1319 2724 Maneat
1356 2670 1498 2725 enim
1530 2677 1584 2725 et
1619 2679 1929 2725 naturarum

348 2758 490 2812 ratio
535 2758 835 2825 iucouiusa,
881 2767 937 2813 et
976 2759 1203 2815 indivisa
1249 2771 1606 2831 cognoscatur
1647 2776 1767 2816 esse
1811 2774 1934 2830 per-

346 2865 501 2905 sona.
532 2868 552 2902 ι
598 2849 665 2904 Et
687 2850 878 2903 iterum
904 2852 1195 2917 cumulata,
1220 2852 1264 2907 si
1294 2853 1577 2908 dicendunt
1608 2860 1709 2921 est,
1744 2866 1933 2923 super-

346 2940 716 3005 accumulans,
741 2940 817 2994 ait
844 2956 856 2993 :
891 2959 910 2993 ι
941 2941 1074 2997 illud
1102 2944 1317 3013 quidem
1345 2944 1671 3015 proprietate
1702 2956 1928 3011 natum,

348 3033 522 3087 diVi>0
551 3033 692 3102 quod
724 3043 1057 3105 assumptum
1091 3045 1175 3090 est
1205 3036 1272 3092 ab
1304 3047 1632 3092 assumente.
1658 3037 1794 3092 lllmi
1834 3052 1931 3091 au-

278 3172 281 3175 ,
350 3135 457 3181 tem
486 3126 811 3182 adunatione
839 3142 1107 3197 personae,
1137 3129 1188 3183 in
1234 3144 1337 3183 una
1369 3130 1725 3200 appellatione
1767 3128 1930 3184 totius

351 3217 693 3273 considerata
727 3219 846 3274 sive
872 3222 1202 3276 assumentis
1231 3222 1345 3276 sive
1372 3221 1531 3276 etiam
1555 3222 1814 3290 assumpti
1840 3237 1931 3275 na-
1958 3197 2005 3257 Ο

354 3319 498 3374 tura,
529 3320 583 3363 et
606 3309 768 3364 veluti
799 3311 876 3366 sic
912 3312 1083 3365 dicam
1122 3313 1173 3366 in
1203 3311 1324 3367 Filii
1360 3313 1744 3384 appellatione,
1776 3312 1934 3366 simul

354 3411 409 3456 et
436 3400 601 3456 Deum
651 3401 885 3457 Verbum
926 3405 1278 3473 appellamus,
1305 3415 1360 3461 et
1406 3413 1735 3475 assumptam
1782 3415 1937 3460 natu-

353 3508 511 3563 ram,
559 3510 894 3567 quaecunque
936 3499 1023 3553 illa
1072 3498 1177 3565 sit,
1225 3500 1712 3574 co‘nsigniﬁcamus.
1759 3520 1777 3552 ι
1814 3499 1939 3554 Ideo

353 3598 483 3641 vero
524 3587 686 3655 dicit,
738 3606 1070 3662 quaecunque
1119 3592 1208 3647 illa
1256 3591 1346 3657 sit,
1396 3592 1649 3662 quoniam
1699 3590 1937 3647 hzeretici

354 3686 544 3731 contra
570 3694 706 3748 quos
754 3679 895 3750 agit,
920 3684 1082 3737 etiam
1111 3699 1138 3737 a
1176 3698 1235 3738 se
1271 3684 1492 3739 diverso
1526 3698 1711 3740 errore
1743 3684 1811 3740 de
1856 3685 1938 3740 in-

356 3770 666 3826 carnatione
720 3773 1060 3830 dissentiunt.
1109 3775 1241 3831 Nam
1302 3777 1677 3848 Apolinaristat
1721 3778 1936 3850 quidem

355 3860 532 3914 carnis
552 3871 605 3917 et
631 3866 824 3919 animae
867 3874 1111 3921 naturam
1141 3878 1166 3906 α
1211 3870 1327 3925 sine
1363 3879 1543 3925 mente
1574 3872 1934 3939 assumpsisse

363 3948 649 4004 Dominum
682 3954 938 4020 credunt;
971 3956 1153 4011 Ariani
1190 3973 1317 4013 vero
1344 3958 1521 4013 carnis
1546 3963 1934 4016 tantummodo.

361 4039 563 4096 Idcirco
615 4045 772 4099 ctiam
824 4049 1070 4115 superius
1111 4048 1224 4104 ait:
1258 4051 1487 4106 alterum
1526 4051 1664 4106 Deus
1709 4053 1936 4108 Verbum

358 4140 572 4197 natura,
594 4135 823 4188 alterum
847 4147 1023 4192 autem
1047 4140 1187 4209 quod
1210 4152 1539 4209 assumptum
1564 4153 1663 4210 est,
1684 4143 1938 4215 quidquid

357 4222 486 4276 illud
514 4224 604 4277 sit.
639 4225 744 4281 Sed
778 4229 1019 4296 nunquid
1068 4238 1186 4298 post
1232 4231 1371 4287 hanc
1414 4234 1753 4289 manifestam
1785 4236 1939 4291 nobis

358 4316 428 4367 ab
458 4329 524 4369 eo
550 4320 785 4386 regulam
814 4320 1189 4387 constitutam,
1218 4334 1398 4380 etnon
1421 4329 1586 4383 semel
1609 4339 1699 4383 aut
1722 4329 1937 4396 iterum,

358 4406 451 4459 sed
491 4409 685 4475 sacpius
716 4410 1104 4479 conculcatatn,
1151 4415 1456 4487 ubicunque
1489 4418 1752 4474 dictorum
1815 4434 1939 4477 suo-

358 4508 475 4549 rum
506 4497 771 4552 invenitur
791 4499 858 4554 de
894 4500 1105 4557 Citii-to
1149 4504 1376 4575 loquens
1406 4508 1645 4564 alterum
1668 4510 1735 4565 ab
1765 4512 1936 4568 altero

356 4601 666 4654 secernere,
690 4598 745 4644 et
774 4603 1141 4649 assumentem
1166 4594 1238 4651 ita
1278 4596 1610 4670 distinguere
1636 4601 1705 4655 ab
1731 4615 1941 4658 assum-

357 4686 469 4745 pto,
498 4688 554 4733 ut
574 4688 631 4734 et
658 4680 761 4736 hoc
786 4691 841 4737 et
873 4681 1002 4740 illud
1035 4686 1175 4742 idem
1204 4702 1308 4743 non
1337 4703 1456 4745 esse
1495 4692 1800 4759 conﬁrmet,
1843 4709 1941 4765 pro

356 4768 617 4827 divisione
660 4775 819 4829 unius
860 4791 1106 4845 personre
1130 4782 1355 4849 dictum,
1400 4790 1457 4837 et
1492 4796 1598 4837 non
1640 4786 1816 4854 potius
1846 4802 1941 4855 pro

355 4862 669 4922 diversitate
710 4867 936 4923 duarum
988 4882 1297 4927 naturarum
1350 4873 1613 4931 debemus
1652 4879 1937 4945 accipere,

355 4966 480 5007 cum
528 4955 671 5010 dicat
713 4958 835 5028 quia
892 4975 1119 5029 persona
1177 4962 1320 5017 idem
1367 4964 1482 5033 ipse
1526 4975 1613 5020 est
1655 4980 1942 5025 assumens

354 5052 518 5115 atque
543 5059 871 5118 assumptus,
901 5061 956 5107 et
996 5052 1099 5107 hoc
1121 5053 1298 5124 ipsum
1322 5062 1553 5123 repetat,
1594 5063 1646 5110 et
1676 5056 1823 5112 vario
1860 5058 1937 5113 di-

393 5189 457 5261 os
500 5180 609 5237 Hoc
649 5197 859 5261 quoque
906 5185 1192 5261 discrimen
1224 5197 1653 5261 Arianorumet
1687 5191 1939 5260 Apolina-

361 5257 614 5329 ristarum
638 5257 1283 5329 observat_Theodoretus
1304 5259 1515 5329 dialogo
1544 5259 1598 5312 2.
1628 5258 1698 5315 At
1718 5257 1935 5319 sanctus

360 5322 685 5401 Augustinus
722 5326 913 5401 itast-esi
960 5327 1028 5381 55
1055 5328 1317 5401 signiﬁcat
1349 5322 1740 5399 Apolinaristas
1791 5336 1938 5401 prin-

358 5396 501 5471 cipio
546 5406 670 5447 cum
705 5396 916 5471 Arianis
965 5411 1199 5453 sensisse
1242 5396 1514 5471 Christum
1559 5396 1940 5461 carnem'sine

360 5466 904 5543 annuit-suscepisse:
944 5477 1123 5535 postea
1136 5470 1480 5543 _e_vang_elicis
1511 5472 1830 5529 testimoniis
1857 5478 1939 5529 vi-

358 5530 704 5609 ctos_dixi_sse
728 5530 967 5609 mentem
996 5554 1099 5592 non
1132 5530 1366 5609 fuisse'in
1392 5542 1568 5596 anima
1597 5543 1818 5609 Christi,
1843 5546 1939 5601 sed

363 5614 461 5669 pro
489 5598 588 5655 hac
615 5602 788 5670 ipsum
814 5605 1042 5661 Verbum
1066 5610 1117 5663 in
1138 5621 1206 5664 ea
1232 5608 1412 5669 fuisse.
1436 5612 1605 5682 Quam
1628 5612 1697 5669 ob
1722 5598 1936 5673 causam

434 5710 456 5743 ⁸
491 5712 623 5782 Cod.
650 5712 878 5782 Verum,
904 5718 1046 5774 dicit.

435 5782 456 5811 '
490 5780 636 5840 idem
662 5788 805 5856 cod.,
833 5780 1063 5861 cognata.

2030 1933 2348 1989 inconcusse
2400 1934 2689 1989 tenendum
2738 1933 3021 2002 multiplici
3073 1935 3230 2015 nobis
3282 1935 3610 2003 repetitione

2027 2023 2429 2081 commendant.
2460 2023 2597 2079 lllud
2626 2038 2756 2095 ergo
2782 2024 2939 2081 nobis
2968 2026 3145 2094 potius
3173 2025 3399 2095 probent
3428 2032 3471 2082 si
3495 2042 3619 2096 pos-

2030 2126 2181 2181 sunt,
2216 2119 2309 2174 ubi
2359 2117 2655 2173 secundum
2709 2132 2994 2189 personam
3044 2132 3150 2173 non
3177 2119 3427 2175 eumdem
3474 2135 3617 2188 esse,

2030 2210 2113 2267 vel
2140 2209 2370 2266 alterum
2393 2224 2514 2265 esse
2540 2210 2753 2274 dixerit,
2780 2218 2837 2266 ut
2856 2224 2978 2265 eum
3007 2226 3105 2265 nos
3126 2226 3336 2281 quoque
3360 2213 3619 2267 fateamur

2030 2287 2259 2359 errasse.
2294 2302 2516 2358 Probari
2548 2312 2724 2359 autem
2771 2302 2871 2357 hoc
2900 2304 3224 2372 expetimus,
3257 2320 3362 2358 non
3393 2319 3489 2374 pro
3519 2319 3618 2359 nc-

2032 2394 2148 2449 scio
2184 2394 2338 2462 cujus
2367 2393 2674 2462 suspicione
2720 2403 2812 2450 aut
2858 2395 3131 2449 voluntate
3165 2394 3392 2465 jactari,
3427 2404 3485 2450 ut
3511 2411 3620 2454 non

2029 2501 2094 2539 ex
2122 2485 2347 2541 aiiorum
2395 2485 2709 2555 conjectura
2757 2486 2871 2539 sive
2917 2485 3185 2541 calumnia
3211 2526 3227 2553 ,
3259 2488 3354 2543 sed
3402 2502 3473 2543 ex
3505 2489 3620 2545 suis

2032 2578 2210 2634 verbis
2242 2580 2435 2633 merito
2470 2577 2763 2649 judicetur.
2795 2559 2853 2633 Si
2897 2593 3028 2634 vero
3074 2580 3206 2635 nihil
3256 2581 3311 2636 in
3361 2595 3482 2637 eum
3513 2583 3622 2637 tale

2034 2669 2250 2740 probari
2283 2679 2480 2739 potest,
2514 2670 2786 2740 quomodo
2813 2685 2934 2725 eum
2967 2670 3153 2726 dicunt
3175 2686 3205 2725 a
3235 2671 3443 2743 synodo
3464 2670 3623 2728 Chal-

2034 2759 2324 2815 cedonensi
2355 2768 2603 2829 tanquam
2645 2759 2947 2815 Nestoriani
2984 2759 3251 2830 dogmatis
3292 2761 3623 2817 inventorem

2032 2850 2284 2905 debuisse
2303 2849 2588 2904 damnari?
2616 2849 2713 2916 Qui
2744 2864 2931 2905 rursus
2969 2858 3124 2905 sexto
3155 2850 3396 2920 ejusdem
3443 2853 3621 2922 Operis

2033 2943 2202 3007 libro,
2235 2942 2468 3011 capitulo
2525 2941 2594 2997 54
2636 2941 2895 2997 adversus
2935 2942 3158 2998 eosdem
3190 2943 3617 3013 Apolinaristas,

2033 3038 2123 3109 qui
2157 3053 2255 3093 nos
2281 3038 2455 3093 videri
2494 3038 2677 3093 volunt
2726 3037 3080 3093 hominicolas
3109 3037 3156 3103 δ,
3185 3038 3264 3094 sic
3302 3037 3619 3109 respondit:

2041 3154 2059 3186 ι
2096 3133 2155 3190 Si
2199 3148 2326 3200 ergo
2356 3132 2627 3187 hominem
2676 3131 2920 3187 dicentes
2964 3131 3235 3186 Christum
3279 3132 3619 3188 hominicolm

2040 3204 2216 3278 vo'cari
2241 3220 2389 3290 juste
2418 3221 2497 3276 eis
2526 3221 2794 3287 videmur,
2830 3221 2929 3275 hoc
2967 3230 3252 3291 antequam
3284 3236 3382 3277 nos
3415 3229 3627 3279 dicere-

2041 3327 2159 3368 mus
2188 3310 2472 3381 Scriptura
2505 3310 2689 3365 docuit
2716 3325 2907 3365 omnes
2938 3311 3183 3366 homines
3216 3327 3309 3382 per
3336 3328 3399 3369 ea
3435 3313 3626 3384 quibus

2042 3402 2312 3456 hominem
2343 3414 2539 3477 vocare
2568 3416 2673 3455 non
2704 3409 2940 3463 recu~at,
2971 3402 3107 3456 sicut
3137 3403 3385 3471 superius
3414 3404 3467 3457 in
3510 3404 3625 3473 ple-

2039 3492 2219 3563 risque
2247 3493 2381 3548 locis
2401 3493 2581 3549 vocari
2609 3495 2707 3546 hoc
2731 3492 2949 3548 nomine
2976 3493 3245 3548 Christum
3266 3495 3619 3550 ostendimus.

2040 3586 2146 3642 Sed
2176 3587 2443 3642 hominem
2462 3624 2478 3653 ,
2513 3585 2794 3656 inquiunt,
2829 3600 3018 3653 purum
3053 3585 3293 3640 dicentes
3320 3601 3441 3642 esse
3467 3587 3624 3643 Chri-

2041 3686 2182 3731 stum
2212 3676 2560 3731 hominicolas
2598 3684 2812 3744 opn'tet
2839 3675 3019 3728 vocari
3050 3692 3063 3727 :
3098 3675 3198 3729 hoc
3233 3674 3344 3746 jam
3378 3688 3619 3745 apertum

2041 3768 2375 3823 mendacium
2434 3776 2558 3834 est,
2604 3767 2866 3836 siquidem
2926 3768 3027 3823 huc
3069 3769 3249 3825 dicere
3314 3771 3619 3843 volui-runt.

2040 3859 2228 3915 Nullus
2258 3861 2402 3915 enim
2446 3859 2731 3927 aliquando
2776 3858 2891 3914 haec
2938 3874 3036 3913 nos
3081 3860 3262 3915 dicere
3292 3862 3531 3926 audivit;
3563 3873 3620 3917 et

2044 3962 2170 4025 puto
2202 3968 2377 4023 neque
2406 3954 2537 4007 istos
2561 3952 2843 4021 suscipere
2866 3967 3023 4022 posse
3047 3954 3261 4008 mentiri
3286 3954 3624 4012 mendacium

2044 4057 2150 4101 tam
2180 4054 2423 4114 apertum
2453 4062 2465 4097 :
2494 4060 2598 4100 non
2630 4044 2754 4114 quia
2785 4059 2891 4100 non
2921 4046 3137 4115 cognite
3159 4047 3179 4077 '
3217 4060 3275 4101 se
3304 4046 3531 4101 habeant
3555 4046 3623 4102 ad

2041 4136 2402 4203 mendacium,
2443 4136 2537 4192 sed
2566 4136 2686 4205 quia
2718 4137 2966 4207 redargui
2995 4151 3054 4192 se
3084 4152 3243 4208 posse
3270 4137 3521 4194 facillime
3543 4139 3621 4194 vi-
3661 4128 3669 4135 ’

2041 4229 2171 4285 dent
2193 4247 2206 4283 :
2231 4243 2532 4300 quanquam
2562 4229 2607 4283 si
2638 4228 2816 4282 minus
2845 4228 2961 4298 ejus
2982 4228 3002 4259 ³
3029 4238 3201 4294 curet,
3232 4239 3287 4286 et
3324 4229 3427 4286 huc
3456 4228 3614 4285 forsi-

2043 4341 2131 4386 tan
2162 4329 2449 4400 contingat.
2475 4329 2582 4383 Nos
2604 4329 2746 4384 enim
2776 4328 2891 4385 haec
2918 4328 3119 4398 dicere,
3156 4329 3205 4384 id
3232 4339 3313 4385 est
3348 4328 3617 4403 Unigt'niti

2043 4437 2239 4493 negaro
2280 4421 2646 4485 divinitatem,
2676 4435 2905 4476 summa:
2934 4421 3083 4475 furia:
3114 4434 3239 4475 esse
3268 4421 3616 4488 arbitramur,

2042 4525 2134 4567 aut
2183 4510 2307 4581 quid
2352 4510 2459 4578 jam
2508 4519 2675 4565 restat
2720 4525 2817 4563 cur
2846 4509 2914 4563 ab
2946 4508 3218 4563 haereticis
3263 4512 3623 4579 separemur?

1966 4575 2014 4633 D
2041 4575 2297 4672 cujus'rei
2321 4575 2487 4670 gratia
2512 4609 2565 4653 et
2596 4599 2728 4653 tales
2753 4606 2806 4651 et
2836 4604 3011 4652 tantas
3039 4575 3440 4667 persecutiones
3462 4599 3626 4653 susti-

2044 4687 2312 4746 nemus‘?
2340 4698 2432 4743 aut
2461 4690 2580 4759 quis
2618 4688 2829 4758 ignorat
2857 4702 3075 4755 semper
3114 4686 3399 4743 adversum
3430 4704 3529 4745 nos
3553 4691 3623 4746 ab

2044 4782 2308 4837 bmreticis
2358 4781 2555 4836 bellum
2610 4778 2733 4849 agi?
2789 4791 2949 4832 omne
2996 4777 3306 4844 metallum,
3356 4789 3414 4836 et
3464 4794 3627 4839 omne

2046 4876 2218 4931 locum
2250 4873 2525 4929 desertum
2554 4872 2814 4941 repletum
2844 4878 2925 4925 est
2953 4884 3019 4926 ex
3063 4871 3267 4926 nostris
3309 4870 3623 4931 hominibus

2046 4979 2262 5039 propter
2309 4965 2606 5022 doctrinam
2675 4964 2907 5035 pictatis.
2964 4982 2983 5017 ι
3030 4963 3099 5020 Et
3148 4973 3269 5034 post
3313 4966 3625 5038 aliquanta:

2049 5079 2069 5111 ι
2106 5061 2232 5115 [1ch
2256 5066 2459 5122 autem,
2491 5056 2682 5127 inquit,
2706 5056 2886 5112 omnia
2914 5055 3129 5128 quando
3158 5056 3349 5115 beatus
3378 5059 3626 5117 Meletius

2048 5214 2076 5249 ει
2110 5193 2400 5256 nonnullis,
2424 5192 2547 5262 quia
2572 5206 2675 5245 non
2698 5198 2867 5245 totum
2890 5190 3162 5248 hominem
3190 5208 3221 5249 a
3248 5193 3425 5251 Verbo
3442 5208 3626 5251 susce-

2049 5274 2199 5338 ptum
2217 5263 2492 5338 dicebant,
2516 5271 2799 5338 Διμοιρῖτᾳι
2818 5263 3070 5338 appellati
3097 5273 3245 5338 sunt.

2118 5333 2146 5373 δ
2186 5333 3008 5419 'Avdporrroiérpgrt'Athanasius
3052 5336 3156 5389 sub
3198 5336 3358 5419 linem
3407 5334 3526 5419 1η]ζὶ
3554 5334 3624 5389 de

2049 5404 2417 5477 incarnatione
2442 5404 2647 5458 Domini
2674 5421 2688 5457 :
2717 5406 2807 5459 Καὶ
2826 5406 2977 5476 ὑμεῖς
3000 5413 3431 5477 συκᾳφαντοῦντις
3457 5405 3623 5477 λέγετι

2047 5480 2181 5561 ᾖμᾷς
2210 5474 2301 5557 δὺς
2339 5475 2497 5558 λέσχην
2532 5477 2709 5541 υἱοὺς,
2756 5478 2839 5528 καὶ
2860 5474 3307 5561 ήᾶνρρωπξξᾶτρῇς
3336 5474 3623 5561 ﬁniuit—trs.

2048 5544 2376 5601 Calumniaut
2399 5544 2458 5598 in
2488 5561 2580 5600 nos
2608 5554 2876 5613 struentes,
2918 5544 3046 5597 duo:
3071 5544 3401 5613 ﬁlios'dicere
3424 5560 3516 5599 nos
3540 5546 3624 5598 di-

2049 5619 2188 5682 citis,
2219 5629 2265 5671 st
2305 5616 2640 5669 hominicolas
2670 5612 2961 5683 appellatis.

2118 5728 2138 5761 ³
2178 5728 2322 5786 Idem
2344 5728 2491 5792 cod.,
2518 5730 2612 5784 eis.

2117 5798 2138 5827 ‘
2179 5800 2324 5857 idem
2352 5800 2495 5861 cod.,
2526 5799 2877 5854 sustinuimus.
