3978 6350
351 367 443 422 751

1441 352 1731 409 FAC‘UNDI
1773 349 1983 406 EPISC.
2030 349 2540 406 HERMIANENSIS

3514 355 3620 410 752

349 476 596 532 sustinuit
625 475 846 546 primus,
881 483 932 530 et
962 486 1081 527 cum
1125 469 1216 524 illo
1245 466 1442 524 deinde
1473 466 1626 520 multi
1672 480 1766 535 per
1795 479 1925 533 pro-

2045 458 2136 496 .em
2179 444 2514 513 rediguntur,
2575 445 2909 502 manifestam
2963 443 3295 515 suspicimus
3338 444 3622 500 adunatio-

349 571 551 624 vincias
595 578 649 624 et
695 570 935 623 civitates
979 573 1034 620 et
1065 562 1178 618 loca
1226 561 1294 616 ab
1325 560 1595 616 haereticis
1619 599 1634 626 ,
1669 559 1824 628 cujus
1852 557 1929 611 rei

351 665 557 735 gratia?
583 678 757 717 nonne
783 661 907 730 quia
929 657 1212 712 Dominum
1236 655 1514 710 Christum
1551 668 1734 707 verum
1758 651 1928 706 confi—

353 755 636 813 tebantur?
663 766 838 808 nonne
854 750 975 820 quia
1001 762 1185 802 verum
1209 745 1568 818 praedicabant
1595 743 1784 798 Filium
1814 743 1930 807 Dei,

352 850 420 901 de
449 847 679 903 essentia
723 852 943 914 paterna
972 841 1231 910 genitum,
1261 853 1475 906 semper
1513 836 1673 890 simul
1712 845 1931 890 exstan-

353 952 456 994 tem
480 954 599 994 cum
627 946 918 1007 generante
950 934 1129 1000 Patre,
1154 931 1414 987 addentes
1445 930 1604 985 etiam
1628 927 1696 983 de
1719 927 1929 996 Spiritu

353 1044 537 1086 sancto
559 1032 700 1102 piam
723 1028 1149 1084 confessionem?
1172 1025 1417 1094 Qualiter
1445 1024 1644 1093 itaque,
1670 1022 1756 1092 qui
1786 1030 1932 1092 tanta

354 1135 570 1194 propter
601 1123 738 1177 hanc
778 1121 1167 1176 confessionem
1205 1117 1346 1187 passi
1382 1131 1586 1179 sumus,
1611 1113 1932 1168 calumniam

355 1220 457 1284 pati
489 1215 556 1270 ab
587 1213 716 1282 ipsis
749 1225 1062 1280 possumus,
1095 1209 1257 1263 veluti
1302 1205 1573 1260 hominem
1615 1217 1804 1273 purum
1856 1202 1937 1255 di-

355 1317 572 1369 centes,.
594 1305 765 1358 rebus
787 1302 918 1370 ipsis
956 1301 1090 1353 hanc
1116 1298 1437 1353 calumniam
1489 1294 1821 1348 manifestam
1851 1308 1937 1346 re-

354 1395 770 1469 dargucntibus?
809 1413 826 1446 ι
864 1391 1141 1459 Quomodo
1190 1390 1292 1444 iste
1337 1388 1704 1457 imprudenter
1735 1383 1932 1446 solum,

355 1503 417 1543 ac
440 1504 543 1542 non
569 1487 726 1541 etiam
752 1484 1088 1552 impudenter
1113 1488 1416 1542 accusetur,
1443 1477 1582 1548 quuid
1606 1493 1676 1545 qu
1696 1478 1757 1530 isi
1782 1475 1938 1530 Chri-

356 1594 494 1634 stum
520 1580 788 1634 hominem
813 1591 1002 1647 purum
1020 1575 1182 1638 dicat,
1209 1573 1395 1642 ignoro
1416 1586 1430 1627 :
1451 1571 1572 1638 quia
1594 1569 1702 1638 jam
1731 1567 1934 1636 pridem

357 1671 748 1741 Apolinaristis,
799 1666 1250 1736 Eutychianorum
1289 1661 1615 1726 auctoribus,
1663 1659 1798 1713 ddas
1840 1673 1936 1711 na-

359 1775 505 1818 turas
549 1761 744 1816 Christi
791 1758 1134 1829 negantibus,
1168 1765 1222 1811 et
1260 1765 1542 1824 propterea
1581 1753 1726 1806 velut
1764 1751 1933 1804 homi-

360 1855 564 1908 nicolas
606 1851 932 1906 orthodoxos
985 1847 1433 1904 calumniantibus
1465 1886 1480 1910 ,
1522 1845 1612 1907 qui
1661 1841 1878 1897 Christtt

359 1957 411 2002 et
449 1945 720 2000 hominem
784 1942 1163 1997 confiterentur
1203 1950 1258 1995 et
1315 1939 1522 2003 Deum,
1579 1936 1768 1990 falsam
1821 1948 1941 1989 esse

360 2037 634 2106 respondit
679 2037 818 2107 quod
866 2036 1135 2091 Christum
1181 2049 1371 2103 purum
1436 2031 1702 2086 hominem
1761 2030 1942 2083 dicere

361 2131 704 2198 putabantur,
736 2129 1009 2184 affirmans
1038 2128 1178 2198 quod
1213 2129 1312 2182 hoc
1341 2127 1409 2179 ab
1437 2127 1515 2180 eis
1545 2125 1722 2178 nullus
1760 2122 1942 2176 audie-

359 2224 451 2291 rit,
501 2231 557 2276 et
608 2221 711 2275 hoc
761 2221 940 2274 dicere
977 2234 1199 2273 summae
1245 2218 1398 2272 furia:
1435 2232 1556 2272 esse
1609 2224 1941 2279 contestans.

361 2315 615 2370 Sanctum
681 2312 950 2367 Meletium
1025 2310 1418 2364 Antiochenam
1490 2307 1825 2371 antistitem,
1892 2314 1945 2358 ct

361 2405 521 2461 alios”
542 2406 842 2484 catholicos
880 2402 1218 2459 confessores
1281 2415 1402 2456 cum
1466 2400 1561 2454 illo
1593 2442 1608 2466 ,
1663 2408 1942 2474 propterea

359 2501 488 2554 dicit
530 2499 746 2554 metalla
779 2506 832 2552 et
873 2512 1034 2552 omne
1078 2497 1255 2552 locum
1315 2495 1585 2549 desertum
1630 2493 1943 2562 replevisse,

359 2595 478 2660 qui.
512 2593 676 2647 Deum
706 2606 890 2644 verum
937 2588 1208 2644 Christum
1251 2587 1682 2651 confitebantur,
1738 2601 1804 2640 ex
1853 2600 1945 2655 pa-

361 2693 508 2736 terna
569 2681 802 2739 essentia
845 2681 1124 2751 genitum,
1173 2688 1227 2734 ct
1268 2694 1388 2734 cum
1441 2685 1732 2747 generante
1779 2675 1938 2731 Patre

359 2789 573 2843 semper
614 2782 944 2839 exstantem,
975 2772 1235 2826 addentes
1275 2771 1433 2825 etiam
1478 2770 1617 2837 piam
1648 2769 1713 2822 de
1743 2767 1945 2837 Spiritu

358 2874 546 2918 sancto
567 2863 978 2918 cou‘chioncm.
1012 2861 1242 2917 Proinde
1270 2876 1388 2915 cum
1423 2860 1682 2914 Dominus
1705 2861 1756 2913 in
1772 2859 1947 2913 Evan-

358 2956 496 3022 gelio
524 2955 662 3010 dicat
692 2973 705 3009 :
740 2955 1000 3009 [ἰαίνει-ωε
1041 2955 1137 3007 tuis
1165 2953 1527 3025 justi/icaberis
1550 2993 1566 3018 ,
1610 2961 1657 3005 et
1697 2968 1758 3005 ea:
1784 2951 1947 3005 verbis

363 3051 463 3102 tuis
485 3047 897 3102 condemnaberis
925 3039 1141 3117 (Manli.
1176 3060 1270 3112 xtl,
1300 3045 1390 3115 57)
1412 3085 1426 3109 ,
1455 3043 1723 3113 quomodo
1762 3052 1944 3097 sancta

361 3143 596 3213 synodus
629 3152 806 3211 posset
837 3141 979 3196 hunc
996 3140 1302 3204 hominem,
1335 3155 1401 3194 ex
1438 3137 1617 3193 verbis
1647 3137 1757 3190 suis
1783 3137 1943 3205 justi-

368 3236 579 3287 flratum
609 3276 624 3299 ,
675 3249 737 3286 cx
809 3232 988 3285 verbis
1037 3231 1517 3300 Apolin-ristarum
1582 3227 1948 3299 Eutychisqne

364 3326 656 3381 damnare?
697 3326 831 3380 Ecce
872 3325 1067 3379 clamat
1108 3335 1159 3377 et
1187 3323 1382 3391 saepius
1422 3323 1600 3388 iterat,
1633 3337 1737 3376 non
1783 3336 1842 3375 se
1871 3321 1947 3374 di-

363 3432 488 3474 cere
515 3419 782 3473 Chris:um
818 3416 1086 3470 hamincm
1120 3430 1334 3484 purum,
1363 3414 1455 3468 sed
1488 3429 1670 3468 verum
1703 3414 1866 3467 Deum
1893 3421 1949 3468 ct

364 3528 548 3567 verum
599 3511 694 3566 Dei
740 3511 949 3575 Filium,
988 3509 1054 3565 de
1086 3518 1305 3578 paterna
1345 3507 1644 3562 substantia
1683 3507 1944 3576 genitum,

361 3614 416 3657 et
445 3619 657 3671 semper
688 3618 808 3655 cum
837 3611 1130 3671 generante
1156 3601 1316 3654 Patre
1349 3600 1509 3653 simul
1537 3607 1868 3663 exstantem;
1891 3606 1948 3653 et

360 3697 540 3752 nescio
569 3698 656 3767 qui
685 3697 891 3762 dicunt,
919 3696 1059 3765 quod
1101 3712 1220 3749 cum
1265 3704 1384 3764 post
1428 3707 1656 3750 mortem
1709 3694 1946 3765 synodus

359 3789 818 3844 anathematizare
846 3789 1114 3854 debuerit,
1158 3797 1410 3858 tanquam
1455 3789 1725 3843 Christum
1767 3788 1941 3842 homi-

361 3895 484 3937 nem
517 3896 729 3952 purum,
758 3890 810 3936 et
837 3896 941 3936 non
967 3882 1143 3948 ipsum
1175 3896 1293 3936 esse
1319 3882 1608 3950 dicentem,
1642 3882 1731 3950 qui
1757 3897 1946 3935 secun-

358 3973 481 4025 dum
514 3973 802 4027 essentiam
831 3972 997 4026 Filius
1030 3973 1121 4026 Dei
1170 3974 1258 4025 sit.
1289 3971 1387 4025 Ubi
1433 3973 1591 4025 simul
1638 3975 1939 4036 advertant,

360 4079 458 4118 nec
487 4065 668 4119 videre
694 4064 1055 4127 dissimulent,
1088 4063 1209 4131 quia
1239 4063 1399 4117 etiam
1434 4077 1554 4117 cum
1594 4064 1723 4118 dicit
1749 4064 1941 4118 Filium

361 4158 454 4211 Dei
484 4157 755 4211 Christum
780 4156 847 4209 de
869 4156 1102 4210 essentia
1135 4164 1354 4224 paterna
1393 4155 1630 4226 genitum
1656 4196 1670 4221 ,
1709 4163 1766 4211 et
1809 4172 1944 4212 sem-

358 4262 454 4314 per
482 4261 600 4298 cum
630 4254 924 4315 generante
959 4244 1116 4299 Patre
1142 4246 1302 4299 simul
1331 4253 1661 4313 exstantem,
1688 4256 1743 4300 et
1767 4246 1942 4303 adhuc

358 4339 601 4394 referens
637 4338 916 4406 sequitur:
951 4337 1222 4392 Addentes
1273 4341 1432 4392 etiam
1477 4339 1544 4393 de
1591 4340 1790 4409 Spiritu
1819 4355 1943 4395 san-

355 4441 444 4485 cto
486 4432 625 4500 piam
671 4430 1094 4500 confessionem,
1133 4429 1451 4485 Trinitatem
1491 4447 1704 4502 quoque
1749 4433 1942 4502 prtedi-

355 4534 459 4588 iat,
492 4539 649 4591 quam
699 4538 921 4593 negasse
972 4524 1222 4578 similiter
1250 4525 1482 4594 fingitur.
1533 4526 1940 4594 Recognoscant
1969 4560 2020 4622 υ
2048 4551 2114 4621 pi,

356 4618 536 4684 itaque
559 4614 866 4669 facilitatem
895 4631 1072 4681 suam,
1105 4626 1157 4670 et
1181 4619 1574 4672 circumventos
1620 4633 1678 4672 se
1727 4619 1938 4673 tandem

355 4707 676 4776 intelligant,
708 4709 795 4776 qui
824 4708 991 4776 magis
1017 4708 1281 4763 litereticis
1308 4711 1391 4762 vel
1420 4709 1790 4764 haireticorum
1823 4709 1941 4764 fau-

354 4799 588 4865 toribus,
620 4813 777 4867 quam
809 4802 1007 4854 sanctis
1047 4800 1293 4854 Patribus
1321 4801 1590 4855 Ecclesia:
1637 4801 1939 4868 catholicze,

352 4890 422 4942 de
451 4889 736 4943 Theodoro
762 4889 1125 4944 crediderunt.
1156 4890 1376 4946 Decimo
1415 4893 1575 4946 etiam
1620 4892 1756 4946 libro
1794 4895 1939 4960 ejus-

353 4980 474 5032 dem
507 4978 706 5046 operis,
746 4978 980 5047 capitulo
1011 4980 1106 5046 70,
1142 4981 1221 5035 sic
1248 4981 1320 5034 ait
1350 4999 1365 5037 :
1401 5001 1419 5032 ‹
1466 4983 1613 5037 Sicut
1650 4985 1791 5039 enim
1845 4999 1939 5054 per

355 5073 492 5123 tales
519 5082 678 5124 voces
705 5085 768 5124 ex
800 5071 1077 5140 Scriptura
1106 5073 1282 5127 divina
1326 5085 1636 5131 naturarum
1682 5077 1936 5132 difTeren-

354 5161 456 5213 tias
483 5161 499 5190 ¹
528 5151 836 5226 edocémur,
869 5163 946 5216 sic
975 5171 1028 5218 et
1055 5162 1433 5220 adunationem
1471 5168 1758 5235 discimus,
1806 5187 1937 5239 quo-

353 5253 458 5307 ties
485 5253 764 5308 ambarum
790 5265 1097 5310 naturarum
1125 5260 1476 5326 preprietates
1509 5264 1560 5315 in
1598 5280 1758 5317 unum
1807 5280 1938 5319 con-

350 5344 520 5412 ducit,
551 5355 603 5398 et
630 5346 767 5400 sicut
793 5346 862 5401 de
909 5362 1014 5401 uno
1043 5350 1272 5418 quodam
1309 5351 1593 5423 eloquitur.
1636 5355 1746 5410 Hoc
1790 5358 1934 5411 enim

351 5443 434 5487 est
462 5434 620 5488 simul
649 5436 936 5492 ostendere
960 5445 1015 5491 et
1037 5448 1251 5494 naturas
1277 5441 1584 5499 differentes
1607 5485 1640 5511 ,_
1668 5456 1722 5500 et
1750 5463 1934 5516 perso-

351 5539 434 5578 na:
461 5526 837 5584 adunationem
863 5547 876 5582 :
907 5543 969 5584 ex
1004 5530 1304 5587 differentia
1354 5535 1569 5604 quidem
1601 5553 1785 5592 eorum
1815 5555 1935 5608 quae

344 5621 616 5691 dicuntur,
644 5623 945 5680 differentia
973 5626 1288 5698 intelligitur
1315 5641 1658 5698 naturarum;
1689 5647 1811 5690 cum
1843 5648 1934 5690 au-

421 5760 441 5786 ³
465 5758 594 5812 Cod.
624 5757 816 5817 Veron.
828 5803 843 5830 ,
875 5761 1238 5829 differentiam.

2035 549 2176 587 nem.
2205 535 2398 588 Beatus
2430 535 2608 604 itaque
2635 535 2867 591 Joannes
2887 536 3210 607 evangelista
3241 536 3373 591 dicit
3399 554 3412 589 :
3446 536 3624 590 Altera

2033 626 2113 678 die
2137 625 2261 679 vidit
2284 626 2464 681 Iesum
2495 630 2772 682 venientem
2808 629 2876 681 ad
2910 645 2962 683 se
2997 640 3044 682 et
3071 629 3198 682 dicit
3229 645 3246 682 :
3277 628 3407 683 Ecce
3449 632 3627 699 Agnus

2035 717 2151 783 Dei,
2179 735 2290 772 cccc
2317 721 2405 788 qui
2431 721 2563 774 tollit
2603 731 2809 791 peccata
2834 723 3030 774 mundi.
3055 721 3162 776 Iste
3189 731 3261 775 est
3305 723 3369 775 de
3408 740 3510 792 quo
3532 741 3627 795 ego

2033 810 2163 873 diri,
2208 812 2325 878 quia
2374 819 2486 878 post
2538 829 2616 866 me
2669 815 2800 866 venit
2847 814 2921 866 rir
2957 814 3044 880 qui
3085 823 3204 866 ante
3229 830 3307 866 me
3337 815 3500 883 factus
3528 826 3624 881 est,

2033 902 2152 964 quia
2181 901 2324 969 prior
2361 919 2440 956 me
2474 913 2603 968 erat,
2653 913 2700 956 et
2744 921 2836 972 ego
2877 905 3158 958 nesciebam
3203 922 3318 958 eum
3365 905 3547 975 (Joan.
3587 926 3626 974 t,

2034 989 2144 1057 ‘20).
2173 991 2268 1045 llic
2299 993 2440 1045 enim
2473 993 2720 1060 dicendo,
2757 994 2898 1050 Vidit
2919 996 3100 1072 Jesum
3115 997 3415 1052 venientem
3448 1000 3514 1053 ad
3546 1017 3628 1064 se,

2035 1091 2088 1134 et
2115 1082 2244 1134 dit‘ll
2275 1101 2286 1133 :
2319 1084 2455 1138 Ecce
2504 1087 2684 1155 Agnus
2727 1085 2861 1150 Dei,
2909 1087 3191 1143 manifeste
3243 1090 3626 1147 humanitatem

2036 1171 2336 1239 significare
2373 1175 2502 1229 mihi
2538 1176 2768 1230 videtur.
2805 1177 2916 1232 Hoc
2945 1179 3086 1233 enim
3132 1180 3347 1235 videbat
3394 1183 3628 1252 Bapt'sta

2037 1262 2294 1334 Joannes,
2322 1265 2422 1320 hoc
2451 1276 2568 1322 erat
2607 1269 2746 1337 quod
2779 1281 3088 1336 susceperat
3130 1284 3392 1344 mortem,
3433 1291 3630 1345 carpus

2038 1355 2284 1410 videlicet
2331 1357 2472 1426 quod
2522 1373 2616 1426 pro
2669 1361 2812 1412 omni
2845 1361 3083 1415 oblatum
3125 1373 3207 1416 est
3233 1366 3450 1419 mundo.
3475 1367 3630 1434 Quod

2038 1461 2168 1499 vero
2197 1447 2458 1516 sequitur,
2491 1448 2592 1515 Qui
2619 1450 2756 1504 tollit
2791 1463 3004 1520 peccata
3041 1455 3260 1520 mundi,
3292 1472 3629 1527 nequaquam

2035 1534 2144 1604 jam
2175 1540 2424 1592 convenit
2455 1540 2624 1593 carni.
2652 1540 2764 1594 Non
2793 1543 2935 1596 enim
2967 1544 3106 1597 illius
3133 1556 3246 1599 erat
3272 1550 3432 1602 totius
3473 1567 3629 1606 mun-

2040 1628 2092 1680 di
2120 1616 2659 1695 peccat'um'auferre,
2691 1631 2784 1685 sed
2816 1642 2931 1686 erat
2956 1633 3054 1688 hoc
3086 1651 3178 1704 pro
3201 1648 3349 1691 certo
3379 1639 3631 1695 divinita-

2044 1718 2110 1771 tis
2131 1733 2286 1786 opus.
2323 1738 2340 1770 ›
2377 1720 2506 1785 Quis
2551 1721 2673 1774 talia
2724 1738 2828 1776 non
2876 1713 3212 1782 existimaret
3258 1738 3378 1796 post
3417 1744 3633 1786 exortas

1885 1858 1934 1894 m
1968 1823 2018 1881 B
2045 1807 2481 1863 Nestorianorum
2513 1819 2566 1865 ct
2591 1811 3043 1881 Eutychianorum
3076 1815 3310 1872 haereses
3339 1819 3500 1885 dicta,
3532 1824 3632 1879 nisi

2047 1907 2316 1954 auctorem
2343 1900 2607 1956 dictorum
2637 1903 2820 1956 titulus
2843 1904 3136 1961 indicaret?
3167 1907 3255 1962 Sic
3285 1909 3424 1965 inter
3455 1923 3631 1968 utros-

2046 2005 2149 2061 que
2179 1993 2386 2049 medius
2416 2003 2469 2049 et
2498 2003 2677 2050 rectus
2707 1997 2924 2064 incedit,
2976 1999 3054 2054 sic
3097 2010 3351 2071 utrosque
3385 2003 3631 2074 Scriptu~

2046 2101 2122 2140 rae
2151 2085 2347 2142 divina:
2394 2090 2767 2146 testificatione
2813 2093 3054 2148 confutat
3105 2097 3204 2149 iste
3236 2137 3251 2162 ,
3299 2100 3387 2167 qui
3441 2101 3637 2157 dicitur

2046 2176 2310 2235 confutari
2360 2180 2611 2237 debuisse
2656 2198 2684 2236 a
2741 2185 2968 2240 concilio
3020 2185 3463 2258 Chalcedonensi,
3514 2205 3632 2248 tan~

2046 2282 2205 2336 quam
2245 2267 2546 2324 Nestoriani
2594 2281 2780 2326 auctor
2809 2275 3029 2340 erroris,
3073 2286 3128 2329 ut
3169 2278 3297 2332 nihil
3341 2282 3484 2335 aliud
3515 2299 3634 2338 esse

2046 2356 2320 2413 definitum
2352 2360 2434 2414 vel
2459 2361 2730 2428 Ephesino
2757 2366 2839 2418 vel
2870 2365 2988 2434 ipso
3027 2365 3450 2426 Chalcedonensi
3505 2390 3632 2429 con-

2047 2447 2173 2502 cilio
2205 2449 2369 2504 lector
2403 2449 2661 2507 inveniat.
2704 2453 2811 2509 Sed
2854 2457 3055 2511 utinam
3100 2459 3214 2513 haec
3242 2461 3542 2520 Nestoriani
3581 2479 3635 2523 et

2048 2537 2365 2608 Eutychiani
2397 2541 2672 2598 nobiscum
2714 2555 3101 2613 sequerentur,
3143 2553 3265 2619 quia
3311 2569 3414 2607 non
3454 2567 3635 2612 essent

2048 2629 2303 2686 hazretici.
2337 2631 2549 2688 Utinam
2599 2635 2715 2690 haec
2759 2638 3034 2693 nobiscum
3069 2643 3281 2698 tandem
3323 2644 3631 2703 Nestoriani

2048 2729 2103 2775 et
2134 2721 2453 2792 Eutychiani
2498 2736 2812 2794 sequantur,
2857 2739 2914 2783 ut
2966 2745 3071 2784 non
3113 2733 3219 2786 sint
3270 2735 3550 2792 haeretici:
3584 2740 3634 2793 iu

2049 2813 2245 2883 quibus
2268 2816 2344 2868 sic
2376 2815 2427 2869 in
2459 2813 2674 2872 Christo
2714 2819 2935 2876 duarum
2977 2830 3286 2880 naturarum
3333 2829 3633 2887 differentia

2051 2904 2398 2973 praedicatur,
2463 2917 2521 2962 ut
2577 2909 2738 2965 simul
2789 2912 2950 2967 etiam
2999 2917 3316 2982 praedicetur
3357 2924 3635 2991 utriusque

2048 3005 2252 3052 natura:
2278 3013 2438 3053 unam
2463 3014 2583 3054 esse
2613 3015 2916 3070 personam.
2943 3004 3059 3060 Non
3090 3023 3217 3077 ergo
3239 3010 3493 3068 simulent
3522 3016 3638 3069 Eu-

2049 3088 2282 3160 tychiani
2314 3102 2595 3160 propterea
2620 3109 2679 3147 se
2701 3089 2877 3150 odiSse
2901 3096 3241 3154 Theodorum
3270 3146 3282 3166 ,
3323 3107 3473 3172 quasi
3504 3107 3637 3162 duas

1973 3185 2022 3250 ο
2053 3196 2315 3251 personas
2355 3183 2477 3239 Filii
2503 3184 2594 3240 Dei
2617 3199 2679 3240 ac
2710 3184 2800 3239 filii
2830 3187 3061 3242 hominis
3088 3191 3487 3262 praedicantem,
3514 3212 3636 3251 cum

2050 3289 2116 3330 ex
2145 3274 2228 3330 his
2261 3291 2377 3344 quae
2401 3286 2695 3330 memorata
2718 3286 2842 3332 sunt
2865 3280 3215 3335 ostendantur
3241 3283 3310 3337 ob
3349 3285 3452 3340 hoc
3485 3289 3637 3342 illum

2051 3366 2226 3434 potius
2252 3367 2454 3435 odisse,
2489 3368 2632 3438 quod
2661 3368 2794 3424 duas
2825 3371 2982 3426 unius
3006 3375 3375 3443 przedicaverit
3399 3393 3520 3435 esse
3548 3396 3640 3434 na-

2052 3469 2222 3514 turas.
2255 3459 2368 3513 Non
2421 3460 2486 3513 ad
2534 3461 2650 3517 haec
2698 3461 3029 3530 ingeniosum
3076 3466 3500 3534 intellectoretn,
3547 3472 3640 3528 sed

2041 3549 2227 3616 potius
2258 3549 2510 3602 lectorem
2547 3566 2654 3604 non
2688 3551 3023 3608 faSLidiosum
3071 3559 3408 3623 requirimus.
3440 3564 3651 3629 Aperta‘

2049 3653 2136 3693 res
2164 3653 2228 3693 ac
2269 3640 2548 3696 manifesta
2597 3644 3042 3712 interpretatione
3085 3649 3190 3702 ulla
3234 3665 3338 3704 non
3391 3653 3635 3724 indiget:

2050 3739 2250 3784 tantum
2283 3740 2366 3786 est
2395 3741 2451 3785 ut
2494 3733 2675 3788 videre
2711 3735 2821 3804 jam
2860 3737 3058 3800 velint,
3102 3741 3187 3806 qui
3221 3741 3423 3795 clausis
3471 3747 3640 3799 oculis

2049 3823 2258 3876 veritati
2289 3823 2563 3878 resistunt.
2599 3825 2730 3879 Nam
2754 3828 2882 3881 etin
2910 3844 2985 3881 xu
3013 3832 3246 3897 pra-dicti
3269 3835 3450 3899 Operis
3480 3835 3640 3904 libro,

2055 3929 2072 3962 ι
2112 3912 2165 3966 Si
2197 3928 2324 3967 vero
2348 3914 2562 3981 aliquis,
2598 3917 2692 3984 ait,
2727 3919 3060 3989 interrogare
3088 3926 3334 3992 voluerit,
3365 3929 3494 3996 quid
3526 3940 3637 3984 tan-

2048 4001 2167 4055 dem
2199 4018 2320 4058 esse
2357 4006 2529 4059 dicam
2566 4006 2746 4062 Jesum
2778 4010 3071 4081 Christum,
3103 4014 3223 4069 dico
3265 4017 3434 4073 Deum
3459 4033 3513 4076 et
3546 4022 3640 4077 Fi-

2045 4093 2174 4149 lium
2208 4095 2324 4150 Dei.
2365 4114 2382 4146 »
2422 4096 2561 4152 Ecce
2591 4099 2763 4168 qualis
2791 4112 2906 4155 erat
2937 4103 3052 4171 ejus
3100 4106 3394 4173 cohfessio,
3429 4115 3514 4180 qui
3549 4129 3639 4182 pu-

2046 4199 2163 4238 rum
2193 4186 2468 4242 hominem
2503 4188 2776 4243 Christum
2808 4191 3009 4248 dixisse
3031 4198 3352 4267 confingitur
3385 4218 3397 4253 :
3430 4205 3513 4256 cui
3539 4221 3640 4258 me-

2047 4280 2298 4331 tuendum
2329 4287 2415 4333 est
2444 4294 2511 4333 ne
2546 4294 2666 4335 cum
2696 4297 2817 4336 eum
2845 4283 3083 4340 Judaicze
3110 4289 3400 4357 impietatis
3429 4295 3494 4347 ab
3523 4297 3640 4350 istis

2047 4369 2529 4425 calumniatoribus
2556 4375 2703 4442 argui
2736 4389 3082 4446 recusamus,
3114 4385 3423 4436 econtrario
3469 4385 3640 4440 Man;-

2045 4460 2319 4516 chzeorum
2349 4463 2396 4518 ei
2426 4463 2629 4518 crimen
2651 4473 2706 4518 et
2733 4466 2782 4519 in
2826 4469 3082 4536 mysterio
3123 4471 3506 4529 incarnationis
3538 4479 3640 4528 im-

2124 4562 2267 4622 igant
2309 4571 2321 4606 :
2370 4557 2622 4624 quoniam
2685 4557 2736 4610 in
2800 4559 2902 4612 hoc
2955 4560 3073 4614 loco
3124 4562 3308 4618 Jesum
3363 4566 3637 4623 Christum

2048 4643 2214 4697 Deum
2247 4645 2511 4699 confitens
2537 4655 2590 4700 et
2620 4645 2810 4700 Filium
2847 4649 2958 4714 Dei,
2985 4652 3111 4705 nihil
3143 4653 3208 4707 de
3240 4655 3356 4724 ejus
3397 4655 3640 4713 humaui-

2047 4743 2153 4789 tate
2185 4735 2394 4791 locutus
2425 4749 2526 4792 est.
2560 4739 2696 4803 Quid
2742 4742 2883 4794 enim
2929 4743 3145 4808 mirum,
3200 4746 3245 4799 si
3291 4747 3366 4801 illi
3400 4753 3488 4818 qui
3516 4768 3638 4807 eum

2044 4825 2243 4879 dudum
2291 4836 2346 4881 et
2394 4829 2692 4883 solitarium
2728 4832 2747 4861 ²
2784 4831 2948 4886 Deum
2993 4836 3312 4902 praedicasse
3360 4842 3479 4896 sine
3534 4847 3642 4898 filio

2044 4929 2099 4969 et
2129 4917 2331 4985 Spiritu
2364 4929 2570 4982 sancto,
2603 4931 2653 4973 et
2688 4922 2822 4976 duos
2849 4927 3153 4980 econtrario
3191 4927 3441 4986 docuisse
3473 4934 3637 5002 ﬁlios,

2048 5005 2148 5059 hoc
2177 5023 2387 5077 quoque
2427 5010 2585 5064 simili
2617 5016 2995 5071 contrarietate
3034 5021 3362 5090 confingant,
3417 5036 3477 5081 ut
3517 5046 3637 5083 cum

2045 5110 2166 5151 eum
2189 5096 2438 5164 dixerint,
2465 5100 2600 5154 sicut
2646 5101 2850 5168 Judtei,
2893 5120 3081 5174 purum
3128 5111 3397 5168 hominem
3453 5117 3636 5173 Jesum

2045 5188 2314 5243 Christum
2346 5191 2672 5258 credidisse,
2706 5205 2956 5265 tanquam
3008 5216 3113 5254 non
3161 5205 3232 5257 sit
3271 5209 3430 5263 etiam
3473 5210 3634 5277 Deus,

2046 5296 2232 5337 rursus
2266 5283 2412 5338 illum
2443 5324 2458 5350 ,
2507 5288 2644 5340 sicut
2672 5288 2997 5346 Manichaius
3022 5335 3036 5357 ,
3068 5295 3247 5351 dicant
3274 5303 3418 5369 quod
3452 5304 3638 5358 Domi-

2045 5385 2171 5424 num
2204 5373 2472 5428 Christum
2503 5375 2669 5430 Deum
2704 5390 2907 5434 tantum
2943 5392 2998 5437 et
3024 5383 3216 5441 Filium
3251 5374 3343 5442 Dei
3383 5396 3633 5462 credens,

2044 5461 2313 5518 hominem
2338 5466 2506 5521 fuisse
2538 5471 2812 5539 negaverit
2845 5491 2857 5523 :
2891 5474 3158 5545 siquidem
3190 5495 3310 5535 eum
3341 5483 3472 5552 jam,
3498 5461 3633 5544 sicut

2038 5570 2200 5625 supra
2252 5559 2574 5628 docuimus,
2630 5572 2683 5617 et
2748 5565 3058 5622 Iudaeorum
3111 5584 3163 5626 et
3201 5574 3632 5637 ,Manicbaiorutn

2039 5647 2290 5703 duxerint
2355 5666 2541 5707 errore
2597 5652 3014 5726 maculandqu,
3071 5665 3223 5731 quasi
3277 5681 3634 5729 evacuantetn

2115 5775 2134 5802 ²
2159 5781 2305 5838 idem
2327 5783 2472 5854 cod.,
2497 5787 2754 5854 dixerunt,
2785 5799 2831 5844 et
2862 5789 3171 5851 solitarium.
