3956 6352
372 364 482 423 755

1260 368 1389 426 PRO
1428 369 1855 429 DEFENSIONE
1893 370 2106 429 TRIUM
2146 373 2459 431 CAPITUL.
2504 375 2633 431 LIB.
2665 378 2757 433 lX.

3552 386 3659 441 73.5

378 496 566 536 omnes
597 481 647 535 iu
670 480 883 535 Christo
906 478 1073 535 factas
1102 483 1430 552 prophetiae.
1470 485 1661 539 Omnia
1692 486 1832 541 enim
1874 499 1964 541 eo-
1994 487 2047 547 Α
2072 485 2374 543 videbatur.
2403 486 2535 542 Nam
2571 489 2659 544 cui
2697 492 2833 546 bene
2879 490 3066 549 scienti
3093 490 3116 524 ⁸
3148 508 3253 551 non
3296 495 3566 552 sufﬁceret
3594 499 3661 553 ad

375 588 494 627 rum
526 571 810 641 sapientia:
849 571 1034 638 licent,
1063 582 1116 628 et
1138 572 1270 627 nihil
1299 583 1379 628 est
1404 574 1542 643 quod
1573 575 1765 640 libeat,
1790 585 1844 630 et
1867 576 1970 632 sibi

379 681 483 720 non
514 666 767 736 expedire
822 665 1063 719 credant.
1117 666 1267 721 Sicut
1314 675 1489 720 autem
1539 682 1644 721 non
1689 678 1969 737 pr0pterea

384 757 656 820 hominem
689 758 917 827 denegat
944 758 1123 813 Jesum
1154 758 1446 825 Christum,
1472 760 1591 829 quia
1631 760 1697 815 de
1722 760 1970 815 humani-

383 858 492 903 tate
522 849 640 918 ejus
674 860 854 904 tacens
900 850 1063 905 Deum
1092 849 1239 903 illum
1268 850 1633 905 tantummodo
1660 849 1749 904 hic
1779 851 1972 905 fatetur

380 950 434 995 et
465 939 660 994 Filium
698 940 790 995 Dei
824 958 837 993 :
868 940 940 994 ita
974 941 1137 996 etiam
1174 957 1278 995 non
1326 942 1491 996 Deum
1527 942 1754 1013 denegat
1790 941 1969 997 .lesum

382 1033 675 1099 Christum,
705 1034 793 1088 ubi
818 1035 885 1089 de
909 1034 1191 1090 divinitate
1219 1034 1336 1104 ejus
1367 1020 1571 1102 tacens,
1614 1044 1708 1090 aut
1754 1043 1971 1090 natura-

383 1140 501 1180 rum
552 1124 931 1180 discretionem
987 1125 1207 1193 faciens,
1263 1126 1455 1181 rcticet
1504 1126 1647 1195 quod
1704 1126 1845 1181 idem
1903 1127 1974 1181 sit

368 1216 542 1271 ’etiam
575 1215 718 1269 Deus
745 1225 798 1271 et
837 1216 1004 1270 Filius
1037 1216 1150 1271 Dei.
1182 1216 1296 1270 Non
1331 1217 1474 1273 enim
1525 1227 1580 1273 et
1628 1217 1817 1273 Petrus
1845 1232 1974 1287 apo-

384 1307 553 1361 stolus
600 1306 770 1361 Deum
812 1306 1109 1376 denegabat
1157 1307 1453 1372 Christum,
1484 1323 1604 1363 cum
1651 1307 1849 1364 Iudaeis
1895 1309 1973 1364 lo-

384 1407 554 1467 quen’s
582 1396 653 1453 de
691 1399 970 1454 divinitate
999 1400 1116 1468 ejus
1156 1401 1515 1470 dispensative
1564 1410 1785 1468 taceret,
1813 1417 1973 1473 quam

392 1492 472 1547 vel
505 1492 610 1547 levi
658 1493 842 1547 auditu
888 1493 965 1547 illi
1008 1495 1146 1549 ferre
1192 1511 1296 1550 non
1348 1505 1595 1564 possent;
1627 1506 1681 1552 et
1723 1498 1969 1554 diceret:

391 1579 506 1635 Viri
534 1580 807 1649 Israelitae,
842 1583 1016 1637 audite
1059 1585 1208 1638 verba
1246 1586 1372 1640 ha’c.
1415 1585 1593 1639 Jesum
1624 1585 1969 1653 Nazarenam,

387 1674 549 1727 virum
574 1674 911 1744 approbatum
941 1692 973 1728 a
1004 1674 1108 1730 Deo
1134 1676 1188 1730 in
1232 1677 1368 1731 vobis
1401 1678 1671 1733 uirtutibus
1712 1688 1760 1732 et
1799 1680 1976 1748 prodi-

386 1765 481 1835 giis
507 1774 556 1818 et
577 1765 761 1835 signis,
791 1781 907 1834 qua:
927 1767 1042 1836 fecit
1070 1784 1159 1837 per
1184 1767 1330 1820 illum
1360 1768 1497 1823 Deus
1527 1770 1581 1822 in
1610 1769 1773 1822 medio
1800 1770 1971 1835 vestri,

389 1856 523 1908 sicut
553 1872 641 1909 vos
666 1856 824 1920 scitis,
872 1857 1005 1909 hunc
1043 1856 1253 1925 deﬁnito
1300 1858 1515 1911 consilio
1546 1868 1605 1931 et
1656 1860 1975 1930 prwscientia
2009 1857 2051 1917 Β

387 1944 483 1998 Dei
512 1946 761 2000 traditum
787 1963 877 2015 per
898 1964 1075 2001 manus
1114 1949 1404 2017 iniquorum
1431 1950 1684 2020 aﬂigentes
1719 1951 1975 2005 interemi-

385 2037 510 2102 stis,
564 2052 712 2107 quem
758 2035 903 2092 Deus
949 2038 1201 2092 suscitavit
1247 2040 1431 2094 solutis
1470 2039 1733 2095 doloribus
1777 2039 1972 2111 inferni

395 2127 534 2199 (Act.
565 2142 626 2194 ιι,
649 2126 768 2198 22),
796 2138 849 2183 et
880 2128 1006 2183 talia
1047 2139 1263 2195 cat-tera,
1288 2144 1407 2199 quae
1435 2140 1748 2201 sequuntur.
1792 2131 1976 2202 Neque

390 2218 586 2273 Paulus
633 2218 750 2289 ejus
800 2220 1114 2289 apostolus‘
1167 2221 1331 2277 Deum
1381 2222 1605 2292 negabat
1663 2222 1970 2290 Christum,

385 2320 505 2362 cum
536 2308 777 2363 diceret:
806 2308 953 2364 Unus
985 2309 1142 2375 Deus,
1164 2328 1301 2366 unus
1325 2321 1372 2366 et
1396 2314 1647 2367 mediator
1678 2313 1773 2369 Dei
1802 2322 1849 2369 et
1879 2316 1967 2369 Ito-

386 2402 598 2470 minum,
632 2402 782 2456 homo
828 2400 1061 2457 Christus
1107 2403 1281 2470 Jesus,
1327 2405 1417 2474 qui
1471 2406 1613 2460 dedit
1648 2408 1970 2475 semetipsum

385 2492 777 2561 redemptionem
825 2508 921 2563 pro
968 2494 1218 2560 erunibus,
1273 2496 1614 2551 testimonium
1660 2500 1976 2566 temporibus

385 2582 490 2633 ruis
520 2578 575 2649 (1
602 2580 733 2637 Tim.
758 2597 817 2648 lt,
846 2581 905 2651 5)
938 2598 951 2634 :
988 2584 1138 2652 quasi
1182 2583 1428 2642 Christus
1467 2587 1608 2643 Deus
1651 2604 1756 2644 non
1799 2600 1964 2658 esset,

386 2670 481 2726 sed
512 2679 718 2726 tantum
753 2672 1015 2729 mediator
1038 2675 1132 2729 Dei
1166 2684 1221 2731 et
1257 2677 1555 2749 hominum,
1596 2688 1689 2735 aut
1726 2683 1974 2738 conditor

384 2776 489 2819 non
519 2774 664 2821 esset
690 2774 745 2823 et
774 2776 950 2821 rector
976 2770 1217 2823 omnium
1247 2777 1546 2840 temporum
1569 2811 1585 2838 ,
1620 2781 1676 2827 ut
1722 2774 1971 2843 quaedam

384 2856 534 2923 quasi
558 2856 674 2925 ejus
700 2865 940 2926 tempora
971 2860 1300 2926 dicerentur,
1330 2861 1470 2917 sicut
1500 2862 1566 2918 de
1596 2878 1703 2919 uno
1730 2866 1970 2935 quolibet

384 2946 559 3003 simile
590 2950 755 3004 nostri
784 2949 1001 3006 homine
1032 2951 1175 3021 loqui
1196 2952 1455 3020 solemus,
1485 2963 1539 3010 et
1563 2954 1742 3012 dicere
1762 2997 1778 3022 ,
1811 2958 1971 3013 Tem-

384 3038 604 3109 poribus
624 3041 736 3097 suis
772 3041 875 3098 hoc
912 3045 995 3098 vel
1046 3042 1176 3099 illud
1220 3044 1386 3112 dicit,
1434 3054 1529 3101 aut
1569 3045 1711 3102 facit.
1744 3047 1848 3105 Sed
1875 3063 1971 3119 pro

383 3130 696 3189 diversitate
724 3148 1004 3190 causarum
1031 3134 1242 3191 diversa
1275 3151 1490 3208 semper
1517 3149 1599 3195 est
1622 3140 1855 3197 dicentis
1889 3141 1969 3198 in-

2031 579 2501 647 'coguoscendam
2529 580 2800 637 Theodori
2850 581 3008 637 ﬁdem
3071 584 3185 653 ipse
3232 586 3380 641 solus
3419 588 3660 658 ejusdem

2074 674 2254 741 operis
2286 674 2504 729 titulus?
2535 674 2668 741 Quis
2720 675 2863 730 enim
2915 691 3036 731 eum
3085 679 3310 735 audiens
3357 682 3665 739 condidisse

2074 764 2242 823 libros
2288 767 2355 830 de
2406 768 2806 836 lncarnatione,
2844 780 2967 840 aut,
3001 781 3059 827 ut
3100 774 3314 844 proprie
3341 774 3442 831 hoc
3488 778 3665 845 eatpri-

2076 874 2233 925 mam,
2266 860 2443 915 minus
2493 861 2703 931 quidem
2746 862 2955 930 Latino,
3001 864 3093 920 sed
3124 869 3429 923 necessario
3472 870 3658 937 verbo,

2074 951 2213 1006 sicut
2240 967 2271 1007 a
2301 952 2503 1009 Graecis
2528 954 2745 1021 dicitur,
2774 954 2842 1010 de
2873 955 3314 1014 lnhumanatione
3344 968 3369 997 ι
3402 960 3518 1014 Filii
3544 960 3658 1025 Dei,

2075 1043 2208 1100 duos
2236 1059 2358 1099 eum
2390 1053 2539 1115 putet
2576 1046 2716 1101 ﬁlios
2764 1047 3123 1115 praedicasse?
3152 1048 3281 1103 Nam
3314 1051 3541 1118 qualiter
3578 1050 3663 1105 Fi-
3756 1091 3759 1095 -

2076 1135 2203 1190 lium
2226 1135 2345 1203 Dei,
2377 1136 2428 1192 id
2455 1147 2537 1193 est
2575 1137 2739 1192 Deum
2770 1137 3035 1205 Verbum,
3075 1155 3193 1194 non.
3216 1139 3488 1197 hominem
3532 1158 3665 1211 quo-

2076 1242 2180 1296 que
2204 1227 2430 1295 diceret,
2461 1244 2620 1299 quem
2650 1230 2852 1286 diceret
2884 1231 3332 1288 inhumanatum?
3362 1233 3476 1289 Non
3520 1235 3661 1288 enim

2075 1321 2280 1392 refugio
2324 1323 2577 1389 verbum,
2634 1325 2775 1395 quod
2818 1340 2848 1378 a
2879 1340 2964 1380 me
2996 1306 3119 1380 ﬁdei
3159 1327 3296 1382 ratio
3344 1336 3504 1396 atque
3556 1328 3662 1381 uti-

2076 1414 2199 1470 litas
2231 1416 2458 1487 ﬂagitat,
2488 1417 2749 1472 adversus
2780 1432 2876 1473 eos
2899 1419 2987 1488 qui
3023 1434 3129 1473 non
3161 1418 3433 1473 hominem
3466 1426 3662 1479 totum.

2078 1506 2130 1560 id
2179 1516 2262 1562 est
2314 1523 2532 1563 carnem
2593 1518 2645 1564 et
2683 1510 2915 1564 animam
2986 1509 3335 1574 rationalem,
3366 1510 3459 1565 sed
3491 1510 3657 1564 solam

2077 1610 2322 1662 carnem,
2377 1606 2468 1652 aut
2505 1613 2721 1653 carnem
2762 1608 2967 1654 tantum
3015 1607 3070 1655 et
3113 1600 3347 1653 animam
3398 1598 3516 1654 sine
3571 1615 3663 1653 ra—

2079 1688 2243 1751 tione.
2302 1691 2603 1759 suscepisse
2632 1690 2816 1745 dicunt
2863 1691 3055 1746 Filiutn
3087 1691 3205 1746 Dei.
3264 1690 3503 1758 Qualiter
3556 1690 3661 1744 ita~

2077 1795 2181 1847 que
2218 1780 2384 1835 Deum
2428 1782 2691 1850 Verbum,
2749 1797 2908 1852 quem
2955 1782 3180 1838 docebat
3231 1783 3660 1844 lnhumanatum,

2080 1888 2183 1926 non
2230 1871 2405 1943 ipsum
2432 1881 2488 1929 et
2534 1872 2805 1928 hominem
2836 1872 3075 1928 diceret?
3099 1881 3192 1927 aut
3234 1871 3503 1943 quomodo
3531 1871 3665 1927 duos

2080 1962 2221 2018 ﬁlios
2250 1963 2469 2031 docens,
2499 1972 2748 2035 tanquam
2779 1964 3005 2020 alterius
3044 1978 3286 2034 personat
3335 1964 3405 2018 sit
3434 1962 3664 2018 Verbum

2078 2054 2195 2122 Dei,
2220 2056 2441 2136 alterius
2470 2072 2601 2112 vero
2641 2058 2802 2112 homo
2856 2065 3160 2126 susceptus,
3190 2065 3244 2112 et
3286 2070 3394 2111 non
3435 2054 3577 2109 idem
3609 2053 3662 2109 iu

2079 2163 2307 2216 persona
2332 2149 2472 2205 Deus
2494 2148 2727 2205 Verbum
2758 2150 2848 2219 qui
2876 2149 3057 2215 homo,
3089 2149 3262 2218 ipsum
3304 2147 3396 2202 Dei
3425 2145 3660 2201 Verbum

2079 2239 2282 2295 diceret
2341 2240 2781 2295 inhumanatum?
2841 2241 3182 2296 Contrarium
3230 2240 3329 2294 sibi
3377 2246 3664 2307 utrumque

2077 2340 2182 2395 cst,
2214 2339 2270 2385 et
2317 2331 2520 2399 pudere
2575 2330 2761 2386 debuit
2814 2330 2940 2386 hinc
2983 2342 3266 2386 accusasse
3292 2329 3664 2384 doctissimum

2076 2423 2271 2486 virum,
2323 2433 2437 2488 aut,
2488 2422 2533 2478 si
2579 2423 2682 2478 hoc
2732 2422 2921 2478 nolunt
2972 2423 3181 2489 dicerg
3231 2420 3664 2477 doctissimorum

2076 2522 2225 2570 certe
2255 2515 2489 2569 virorum
2521 2514 2830 2570 teatimonio
2875 2514 3218 2585 prtedicatum
3252 2530 3263 2566 :
3293 2512 3446 2583 cujus
3486 2511 3663 2581 impu-

2075 2605 2271 2661 dentia:
2291 2620 2397 2661 non
2432 2606 2595 2661 fuisse
2635 2605 2903 2676 particeps
2938 2606 3178 2677 synodus
3204 2603 3664 2660 Chalcedonensis

2074 2699 2336 2768 arguitur,
2370 2714 2528 2769 quam
2582 2699 2881 2771 intelligere
2908 2700 3166 2768 oportuit,
3196 2699 3317 2769 quia
3366 2698 3460 2753 ubi
3487 2696 3664 2752 Theo-

2074 2790 2259 2857 dorus,
2288 2792 2595 2847 necessario
2632 2802 2819 2847 contra
2860 2791 3144 2847 haereticos
3184 2799 3493 2845 naturarum
3543 2804 3679 2859 ριὀο·

2074 2883 2329 2951 prietates
2357 2882 2584 2953 amplius
2608 2883 2873 2949 dividens,
2905 2892 3267 2939 assumentem
3301 2883 3368 2937 ab
3390 2891 3664 2950 assumpto

2073 2976 2304 3030 alterum
2329 2988 2453 3031 esse
2477 2983 2768 3042 assereret,
2798 2984 2985 3029 natura
3018 2990 3179 3038 eum~.
3211 2974 3351 3028 sicut
3381 2987 3537 3042 supra
3570 2971 3667 3025 do-

2074 3063 2302 3132 cuimus,
2334 3081 2442 3123 non
2464 3080 2694 3136 persona
2725 3060 2933 3121 diceret
2957 3065 3208 3121 alterum.
3250 3064 3419 3119 Porro
3465 3062 3665 3117 abhos

2074 3170 2239 3227 Opere
2264 3157 2332 3212 de
2361 3156 2731 3212 lncarnatione
2775 3157 2841 3211 ad
2893 3157 3038 3212 aliud
3078 3156 3221 3227 quod
3268 3166 3455 3211 contra
3491 3154 3663 3209 Euno-

385 3224 569 3279 tentio.
620 3224 754 3280 Nam
800 3233 857 3281 et
902 3226 1016 3296 ipse
1058 3227 1313 3284 Dominus
1356 3229 1410 3285 in
1451 3230 1744 3302 Evangelio
1770 3233 1969 3293 Judaais
1996 3230 2044 3296 C
2083 3224 2249 3304 mium
2304 3248 2474 3304 edidit
2532 3258 2869 3305 transeamus
2897 3290 2912 3314 ,
2957 3249 3045 3304 ubi
3094 3224 3305 3304 decimo
3352 3248 3490 3303 libro
3543 3247 3662 3301 ait:

382 3322 552 3376 dicit:
581 3322 737 3379 Nunc
773 3335 941 3380 autem
971 3328 1197 3396 quaeritis
1237 3344 1316 3382 me
1352 3328 1667 3399 interﬁcere,
1709 3331 1970 3388 hominem

380 3414 468 3481 qui
497 3415 752 3469 veritatem
786 3416 924 3469 vobis
972 3415 1169 3471 locutus
1214 3434 1348 3483 sum,
1389 3436 1545 3490 quam
1590 3422 1764 3476 audivi
1790 3440 1824 3477 a
1863 3422 1976 3481 Deo

382 3503 562 3575 (Joan.
595 3522 714 3571 rm,
744 3506 857 3563 40).
891 3507 1137 3576 Nunquid
1175 3508 1290 3563 haec
1329 3510 1515 3566 dicens
1552 3511 1721 3567 Deum
1765 3529 1823 3569 se
1852 3530 1976 3572 esse

382 3597 592 3666 negavit
618 3606 671 3653 et
697 3597 968 3653 Christum
998 3600 1058 3654 ’ἲ
1087 3599 1315 3657 Proinde
1356 3604 1650 3657 secundum
1691 3605 1830 3662 hanc
1867 3606 1975 3662 for-

384 3702 524 3740 mam
552 3697 605 3742 et
631 3689 900 3757 apostolos
943 3688 1095 3758 ejus,
1139 3699 1193 3745 et
1229 3691 1479 3746 doctores
1524 3692 1780 3750 Ecclesia:
1822 3711 1971 3767 qure—

383 3776 505 3830 dum
534 3776 741 3831 locutos
780 3790 901 3832 esse
945 3778 1245 3845 credamus,
1303 3789 1554 3850 tanquam
1585 3782 1750 3837 divini
1794 3799 1975 3840 sacra-

382 3867 545 3919 menti
592 3866 1011 3934 distaensatores,
1063 3884 1167 3922 non
1216 3868 1461 3925 omnibus
1491 3871 1699 3939 eadem,
1735 3889 1835 3930 nec
1877 3892 1973 3934 eo-

381 3958 500 4012 dem
534 3958 693 4012 modo
724 3960 1018 4015 tradentes.
1057 3960 1202 4026 Quos
1233 3961 1287 4016 in
1331 3961 1586 4018 Ecclesia:
1637 3980 1769 4035 pace
1790 3967 1974 4024 detun-

380 4057 493 4102 ctos
538 4052 620 4117 pie
650 4064 713 4105 ac
760 4050 1013 4119 religiose
1052 4052 1278 4108 facimus
1308 4053 1354 4108 si
1391 4055 1584 4112 melius
1628 4058 1973 4128 interpretari

380 4140 630 4206 velimus,
662 4140 740 4195 sic
762 4152 1082 4197 excusantes
1119 4142 1400 4211 homines,
1438 4154 1497 4201 ut
1532 4162 1847 4206 accusemus
1887 4165 1973 4208 er-

381 4244 552 4285 rores.
586 4230 692 4285 Nec
713 4246 817 4285 non
846 4240 901 4286 et
926 4247 992 4286 xv
1017 4231 1175 4299 libro,
1207 4248 1317 4304 quo
1344 4234 1520 4305 ipsum
1553 4246 1723 4294 totum
1749 4255 1885 4311 opus
1906 4240 1973 4297 de

381 4319 750 4376 lncarnatione
778 4322 1071 4389 conclusit,
1101 4333 1379 4393 utramque
1420 4337 1668 4384 naturam
1712 4330 1765 4385 in
1812 4334 1972 4388 unius

382 4410 501 4465 Filii
530 4426 810 4481 personam
842 4415 1154 4469 convenisse
1183 4406 1517 4484 testiﬁcaris,
1536 4420 1611 4473 ait
1637 4434 1654 4473 :
1692 4438 1711 4473 ι
1745 4420 1973 4492 Propter

378 4501 519 4568 quod
563 4510 846 4572 utrumque
890 4503 1032 4573 juste
1062 4505 1231 4559 Filius
1279 4516 1522 4573 vocatur,
1574 4525 1679 4564 una
1724 4522 1969 4570 exstante

2084 3356 2104 3389 ι
2142 3337 2341 3395 Omnes
2371 3340 2513 3394 enim
2536 3339 2707 3414 .ludmi
2731 3348 3012 3395 venturum
3042 3337 3313 3394 Christum
3345 3354 3407 3392 ex
3432 3337 3663 3408 prophe-

2080 3431 2199 3486 ticis
2243 3430 2462 3486 vocibus
2504 3430 2906 3501 exspectabant,
2964 3445 3219 3500 magnum
3270 3429 3555 3499 quemdam
3610 3438 3663 3484 et

2077 3523 2368 3577 multorum
2398 3524 2660 3577 bonorum
2703 3522 2783 3576 eis
2821 3530 3096 3576 auctorem
3128 3519 3387 3575 futurum.
3421 3520 3683 3590 Quapro-.

2076 3622 2197 3684 pter
2217 3616 2582 3684 interrogante
2614 3613 2826 3682 Herode
2856 3621 2980 3683 post
3006 3627 3283 3682 magorum
3325 3611 3662 3682 prmsentiant

2076 3704 2293 3761 Scribas
2321 3714 2375 3760 et
2404 3704 2730 3770 Pharisaaos,
2770 3704 2863 3760 ubi
2903 3705 3148 3759 Christus
3174 3712 3487 3760 nasceretur
3508 3746 3523 3770 ,
3576 3719 3663 3759 re-

2076 3795 2413 3866 sponderunt
2440 3795 2540 3862 illi,
2570 3806 2626 3852 et
2657 3796 2830 3851 locum
2859 3796 3126 3860 dixerunt,
3161 3796 3282 3867 quia
3308 3796 3359 3851 iu
3391 3796 3663 3851 Bethleem

2075 3885 2247 3942 ludas.
2302 3887 2409 3945 Sed
2460 3902 2567 3943 non
2634 3896 2920 3958 propterea
2984 3888 3254 3943 Christum
3323 3888 3512 3943 Filium
3570 3889 3662 3944 Dei

2076 3979 2243 4036 Deum
2291 3981 2569 4048 sciebant,
2622 3980 2895 4037 hominem
2951 3990 3128 4035 autem
3181 3996 3370 4050 purum
3425 3980 3663 4036 arbitrati

2074 4079 2209 4127 sunt
2245 4071 2520 4127 Christqu
2578 4072 2874 4129 secundum
2931 4071 3335 4142 probatissimos
3371 4070 3661 4141 propheta-

2074 4178 2192 4219 rum
2221 4162 2477 4228 futurum,
2502 4163 2630 4220 licet
2661 4177 2847 4232 parum
2879 4162 3078 4234 aliquid
3106 4162 3189 4217 his
3212 4160 3663 4231 meliorem,qund

2074 4253 2235 4309 etiam
2267 4266 2409 4308 nunc
2432 4260 2679 4323 putantes
2707 4251 2926 4308 Judaeos
2970 4251 3198 4323 quilibet
3242 4251 3464 4307 videbit.
3498 4268 3518 4301 ι
3544 4250 3663 4305 Jus-

2075 4350 2261 4399 tumne
2313 4343 2528 4399 videtur
2551 4342 2747 4411 adhuc,
2784 4350 2842 4397 ut
2871 4350 3056 4398 sancta
3095 4350 3151 4397 et
3192 4356 3382 4412 magna
3414 4339 3663 4412 synodus

2073 4444 2351 4505 arguatur,
2378 4433 2519 4504 quod
2543 4449 2648 4488 non
2670 4398 2867 4503 et'ipsa
2911 4431 3249 4487 Theodorum
3282 4398 3541 4485 simu'l'et
3569 4430 3662 4484 Ju-

2074 4524 2241 4580 daicte
2270 4522 2599 4578 inﬁdelitatis
2628 4533 2683 4578 et
2722 4522 3032 4578 Manichaee
3073 4520 3252 4591 pestis.
3275 4529 3556 4590 argueret,
3604 4533 3661 4575 ut

380 4605 626 4659 persona,
657 4608 817 4662 quam
845 4593 1101 4648 adunatio
1145 4602 1451 4659 naturarum
1482 4596 1676 4654 eﬁ'ecit.
1712 4618 1731 4653 ι
1761 4600 1958 4660 Verum
1994 4600 2043 4660 D
2068 4629 2189 4671 eum
2234 4623 2289 4669 ει
2332 4628 2454 4669 cum
2506 4612 2705 4667 Judaeis
2751 4611 3153 4675 condemnaret,
3209 4610 3358 4679 quasi
3391 4610 3659 4675 hominem

378 4698 478 4753 ego
508 4683 558 4738 in
588 4685 690 4740 hoc
732 4686 849 4755 ejus
877 4701 1039 4755 opere
1067 4688 1134 4743 de
1165 4689 1536 4748 lncarnatione
1564 4693 1766 4751 diutius
1790 4713 1965 4755 mora-

380 4782 464 4827 tus
493 4788 643 4839 sum,
673 4789 831 4843 quam
872 4776 993 4833 ﬁdei
1035 4786 1090 4833 et
1130 4780 1356 4848 rationi,
1400 4796 1462 4837 ac
1493 4785 1541 4839 si
1594 4802 1697 4841 non
1741 4788 1961 4859 diutius,

375 4876 533 4932 quam
572 4874 760 4918 contra
789 4865 1081 4922 calumnias
1122 4883 1183 4923 ac
1213 4871 1560 4940 pertinaciam
1601 4882 1962 4936 necessarium

444 5009 470 5037 ἰ
499 5004 615 5088 napi
644 5003 1085 5094 incisepmrrriesws.
1120 5004 1361 5091 Edictum
1393 5008 1697 5094 lustiniani,
1725 5015 1969 5094 Θερδῶρῳ

373 5071 571 5161 livor-5"
585 5072 633 5159 ἐγ
649 5080 755 5161 rei;
766 5071 918 5161 frspin
928 5077 1340 5161 ένανθρωπξξσεως
1358 5081 1509 5161 αιξτοᾷ
1534 5071 1787 5158 δωφόροις
1807 5071 1968 5161 λόγδιέ

372 5142 575 5223 ᾀσεϐὡς
600 5142 868 5223 ἐκτεθεῖσιῇ
887 5143 975 5197 Sic
998 5142 1344 5223 en'imGraaci
1382 5151 1450 5203 de
1488 5151 1588 5223 hoc
1615 5142 1881 5223 injsterio'
1902 5142 1963 5215 li:

376 5210 502 5286 bro‘s
539 5226 667 5265 su0s
690 5214 982 5286 inscribere
1026 5216 1302 5283 solebant,
1332 5234 1465 5286 quos
1495 5210 1757 5279 Latini'de
1787 5210 1963 5283 tuear-

374 5282 975 5360 nationeappellabant
1000 5303 1011 5333 τ
1040 5296 1096 5339 ut
1134 5282 1493 5356 Athanasius,
1532 5292 1685 5360 cujus
1725 5282 1962 5353 oratio?

373 5354 579 5441 titulum
612 5350 787 5441 habet,
818 5350 1489 5441 Depilrriguivxvepamriqswe
1512 5350 1750 5441 troia-9:03”;
1770 5350 1954 5441 Λόγξιυῖ

372 5422 891 5499 eoden_tque_mo_do'
930 5426 1158 5499 Cyrillus
1212 5422 1267 5483 et
1308 5431 1398 5483 alti
1450 5433 1756 5489 orthodoxi.
1822 5422 1952 5495 Nam

371 5491 555 5565 _Ariani
593 5503 648 5545 et
676 5491 1067 5561 Apolinaris'tte,
1100 5499 1220 5565 quia
1253 5507 1420 5553 totum
1445 5502 1717 5558 hominem
1761 5520 1792 5560 a
1824 5491 1952 5565 vari

373 5560 441 5614 bo
468 5570 773 5631 susceptum
803 5560 1086 5635 negabant,
1111 5560 1526 5645 ἓνωιθρωπήσεως
1566 5574 1775 5630 titulum
1812 5560 1951 5636 relu-

443 5698 468 5732 *
494 5698 623 5755 Cod.
656 5700 877 5764 Verum,
911 5706 1263 5768 conpostolus.

441 5770 464 5802 ³
492 5770 631 5826 Idem
661 5776 805 5840 cod.,
838 5775 1102 5829 Christus?

2071 4712 2275 4757 tantum
2336 4700 2630 4757 crediderit
2676 4701 2980 4767 Christum;
3036 4707 3099 4754 et.
3139 4714 3261 4754 cum
3313 4698 3658 4763 Manicbmis.

2069 4798 2222 4868 quasi
2264 4813 2372 4853 non
2420 4797 2689 4865 acceperit
2735 4794 3025 4866 prophetas
3070 4793 3139 4850 de
3172 4784 3387 4851 Christo
3413 4795 3660 4850 locutos?

2071 4905 2191 4946 cum
2220 4898 2275 4946 et
2300 4888 2421 4944 illos
2448 4895 2655 4957 arguat,
2680 4885 2821 4956 quod
2850 4887 2973 4942 licet
3000 4884 3392 4956 probatissimis
3424 4885 3659 4957 prophe-

2071 5022 2509 5096 gientes,‘altero
2554 5025 2677 5096 περὶ
2716 5024 3031 5096 ςαρκώσςως
3056 5021 3388 5096 _utebantur,
3439 5028 3497 5077 ut
3550 5024 3659 5080 Eu.

2071 5091 2262 5148 doxius
2290 5091 2907 5162 Constantinopolitanus
2952 5094 3005 5147 in
3055 5092 3249 5162 Ecloge
3279 5095 3571 5163 Anastasii,
3604 5107 3657 5151 et

2070 5163 2587 5239 Apolinariusipse,
2617 5163 2770 5232 cujus
2793 5166 2909 5239 napi
2933 5168 3245 5239 σαρκέισεῳς
3260 5162 3488 5239 ,λογίδιον
3511 5162 3655 5220 runt-

2068 5231 2331 5303 memurat
2384 5231 2758 5289 Theodoretus
2806 5231 3020 5303 dialogo
3072 5233 3123 5291 ’5.
3183 5236 3277 5291 Usi
3327 5231 3503 5290 tamen
3554 5240 3659 5289 hoc

2066 5306 2226 5358 etiam
2254 5302 2522 5361 interdum
2550 5305 2831 5368 catholici,
2856 5314 2919 5357 ut
2941 5302 3267 5361 Athanasius
3290 5307 3432 5363 idem
3463 5308 3515 5359 in
3536 5307 3653 5361 aliis

2063 5373 2214 5429 libris
2243 5391 2255 5426 :
2280 5375 2406 5443 quin
2453 5384 2506 5429 et
2544 5383 2730 5429 contra
2761 5375 3124 5443 Apolinarium
3168 5376 3407 5431 scribens
3449 5385 3651 5430 utram.

2064 5459 2170 5515 que
2190 5460 2379 5499 vocem
2409 5459 2510 5500 una
2539 5444 2837 5519 c0njunxit.
2864 5456 3148 5519 Μανιχαῐος
3173 5486 3188 5508 ,
3218 5447 3408 5513 inquit,
3440 5448 3654 5519 ἀπιστή-

2062 5536 2176 5591 σας.
2208 5524 2270 5591 τῇ
2317 5521 2574 5591 capiemus:
2620 5521 2708 5571 καὶ
2748 5518 3067 5588 ἀνθρωπήσει
3099 5523 3188 5571 τοῦ
3221 5522 3426 5589 κυρίου,
3458 5518 3647 5579 ἀσεϐὴς

2061 5588 2186 5643 κατὰ
2205 5588 2370 5642 πάντα
2386 5588 2599 5661 ίγέγονεν.

2139 5722 2157 5752 ³
2191 5722 2332 5777 Idem
2362 5724 2509 5788 cod.,
2533 5724 2785 5779 sentienti.
