3978 6350
352 379 458 434 755
1393 366 1687 425 FACUNDI
1729 362 1938 422 EPlSC.
1973 364 2486 426 HERMIANENSIS
3532 373 3637 430 755

353 502 523 544 tarum
552 503 738 559 parum
764 487 961 556 aliquid
991 485 1270 540 meliorem
1294 496 1416 536 eum
1452 482 1649 538 fuerint
1675 476 1938 543 arbitrati,
1975 478 2017 533 A
2051 475 2178 531 bent
2200 486 2460 542 mentem,
2517 485 2709 547 prmter
2759 491 2878 544 vos,
2907 479 2995 549 qui
3027 494 3121 549 per
3160 481 3341 537 omnia
3383 485 3514 540 estis
3546 486 3642 541 de-

353 583 520 637 Deum
548 590 724 635 tamen
771 592 889 634 esse
915 576 1259 642 nescierunt;
1292 584 1345 628 et
1372 583 1556 628 contra
1587 574 1723 628 istos
1766 573 1935 635 dicat,
1962 623 1970 629 ,
2043 578 2249 622 mentes
2278 584 2294 622 :
2327 570 2420 640 qui
2441 569 2899 640 dispensationem
2945 588 3065 642 qua:
3112 585 3333 644 propter
3360 591 3458 634 nos
3503 579 3638 634 facta

351 672 494 745 quod
526 688 646 729 eum
675 670 846 726 Judzei
891 677 1174 724 venturum
1221 683 1288 724 ex
1336 666 1665 738 propheticis
1712 664 1936 720 vocibus

349 769 738 834 exspectarent,
771 759 1065 816 secundum
1095 774 1232 829 quas
1259 759 1416 814 etiam
1460 756 1656 812 llerodi
1699 755 1934 810 interro.

349 853 495 923 εδειιὶ
522 852 932 920 responderunt,
961 851 1103 922 quod
1148 850 1202 904 in
1246 849 1521 904 Bethleem
1567 847 1717 903 Judre
1749 860 1937 902 nasce—

350 945 536 1001 retur?

970 1022 1194 1078 CAPUT
1235 1023 1323 1077 ιν.

352 1116 504 1185 Quod
559 1117 859 1171 Theodorus
910 1115 978 1168 ad
1030 1115 1390 1168 ostendendam
1444 1123 1637 1166 tantum
1692 1113 1936 1164 unitatem

420 1204 649 1255 persona:
673 1189 725 1239 in
754 1187 977 1249 Christo,
1012 1202 1111 1238 non
1135 1188 1200 1237 ad
1229 1185 1612 1252 confundendas
1641 1185 1752 1250 eius
1786 1192 1938 1234 natu-

415 1274 525 1321 ras,
552 1257 888 1311 similitudine
914 1273 1034 1310 usus
1061 1258 1127 1309 sit
1167 1257 1386 1309 hominis
1431 1271 1494 1309 ea:
1531 1255 1704 1307 anima
1743 1264 1790 1307 et
1825 1268 1938 1306 cor-

420 1345 542 1396 pore
577 1328 866 1396 compositi.
917 1323 930 1341 '

431 1419 582 1476 Unde
609 1420 731 1489 quia
758 1427 813 1473 et
853 1417 1164 1488 Eutychiani
1209 1432 1310 1473 nec
1351 1432 1474 1487 erga
1505 1430 1748 1487 magnam
1777 1427 1941 1486 sync-

343 1515 498 1578 dum,
530 1529 627 1568 nec
659 1528 785 1584 erga
812 1512 1153 1567 Theodorum
1187 1512 1384 1582 placari
1426 1520 1672 1581 possunt,
1714 1519 1936 1579 quanta-

345 1621 559 1675 cunque
589 1606 658 1660 de
688 1605 836 1659 libris
866 1606 983 1674 ejus
1009 1606 1204 1659 similia
1234 1603 1604 1673 proferantur,
1631 1602 1738 1656 tale
1759 1601 1936 1670 potius

345 1699 544 1768 aliquid
591 1714 711 1753 eum
753 1698 954 1752 dixisse
1007 1705 1391 1761 monstremus,
1420 1695 1558 1764 quod
1604 1708 1701 1747 suo
1748 1699 1938 1761 putent

346 1791 517 1846 errori
554 1805 869 1860 congruere.
915 1789 1045 1844 Nam
1094 1789 1173 1844 his
1219 1803 1339 1858 quae
1370 1797 1660 1843 memorata
1700 1794 1846 1852 sunt,
1876 1793 1930 1839 et

346 1881 464 1936 aliis
495 1880 706 1951 hujusm

343 1971 620 2037 simulant,
649 1972 734 2026 vel
766 1972 937 2040 ipsum
960 1972 1040 2026 vel
1063 1971 1499 2026 Chalcedonense
1535 1971 1820 2026 concilium
1860 1970 1929 2024 ob

346 2064 446 2118 hoc
475 2063 722 2129 oderunt,
757 2064 878 2133 quia
906 2063 1042 2118 duos
1065 2064 1435 2133 praedicaverit
1459 2063 1617 2126 ﬁlios,
1651 2063 1750 2117 hoc
1784 2064 1926 2117 enim

342 2163 530 2220 aperte
567 2155 760 2211 falsum
803 2165 914 2222 est;
967 2157 1060 2211 sed
1113 2157 1290 2226 potius
1333 2157 1476 2223 quod
1527 2155 1929 2210 evidentissime

341 2247 475 2302 duas
506 2248 662 2302 unius
709 2247 802 2300 lilii
850 2247 1046 2302 dixerit
1101 2262 1222 2302 esse
1269 2255 1507 2302 naturas.
1539 2247 1607 2302 Et
1644 2254 1926 2315 propterea

340 2340 613 2409 quoniam,
646 2338 787 2393 sicut
833 2339 1006 2406 primo
1063 2338 1199 2392 libro
1239 2339 1693 2403 memoravimus,
1749 2337 1929 2392 dicere

339 2427 521 2483 solent
539 2428 698 2482 iidem
723 2427 1037 2499 Eutychiani
1065 2427 1146 2480 Vel
1170 2427 1645 2499 Semieutychiani,
1667 2428 1745 2482 sic
1767 2443 1924 2482 unam

338 2516 538 2574 Christi
592 2533 712 2574 esse
756 2532 1001 2573 naturam
1047 2533 1112 2573 ex
1165 2518 1443 2575 divinitate
1489 2529 1544 2574 et
1594 2519 1929 2576 humanitate

341 2610 716 2678 compositam,
741 2612 1011 2678 quomodo
1038 2624 1142 2664 una
1169 2619 1252 2665 est
1276 2611 1436 2666 etiam
1477 2611 1707 2666 humana
1739 2621 1928 2667 natura

340 2716 408 2754 ex
441 2700 615 2754 anima
657 2715 991 2769 corporaque
1030 2701 1355 2770 composita;
1396 2703 1746 2758 ostendamus
1794 2704 1923 2770 illis,

339 2791 428 2845 ubi
457 2791 622 2844 etiam
654 2790 968 2846 Theodorus
989 2790 1138 2857 dicit,
1167 2792 1291 2861 quia
1319 2797 1458 2847 sicut
1483 2794 1656 2848 anima
1694 2793 1926 2850 adunata

335 2883 574 2953 corpori,
601 2884 762 2939 homo
785 2899 851 2940 ex
872 2883 1131 2939 ambobus
1170 2884 1426 2949 efllcitur,
1472 2885 1544 2940 ita
1587 2900 1654 2941 ex
1695 2887 1926 2942 adunata

337 2975 510 3031 forma
537 2976 630 3031 Dei
654 2985 708 3032 et
729 2977 896 3032 forma
925 2978 1090 3044 servi,
1121 2977 1173 3032 id
1209 2986 1293 3032 est
1320 2977 1596 3034 divinitate
1628 2988 1788 3048 atque
1829 2979 1928 3034 bu-

339 3067 618 3138 manitate,
642 3083 778 3123 unus
800 3077 885 3125 est
912 3069 1177 3127 Christus.
1224 3071 1314 3127 Sic
1364 3071 1508 3128 enim
1555 3072 1802 3139 fortasse,
1830 3073 1924 3144 qui

339 3171 400 3216 ut
424 3162 692 3218 catholico
733 3177 839 3218 non
873 3173 1257 3234 pepercerunt,
1289 3166 1376 3221 vel
1426 3165 1682 3237 tanquam‘
1704 3182 1834 3238 suo,
1871 3167 1922 3223 id

338 3263 420 3308 est
471 3255 805 3329 Eutychiano
854 3256 969 3312 sive
1013 3257 1504 3329 Semieutycbiauo,
1563 3271 1815 3331 parcent,
1871 3271 1929 3318 et

338 3361 587 3416 magnum
619 3347 931 3412 concilium,
955 3349 1096 3417 quod
1136 3365 1258 3404 eum
1295 3367 1402 3407 non
1431 3352 1801 3420 damnaverit,
1833 3355 1929 3409 de-

335 3432 512 3488 sinent
535 3433 830 3490 criminari.
863 3435 929 3489 Et
954 3434 1040 3489 ille
1062 3437 1276 3505 quidem
1303 3453 1411 3494 non
1440 3455 1538 3510 pro
1567 3450 1794 3506 naturae,
1829 3444 1925 3498 sed

338 3535 436 3587 pro
462 3536 708 3590 persona!
737 3524 939 3581 unitate
967 3526 1067 3581 hoc
1097 3528 1274 3596 posuit
1300 3569 1315 3594 ,
1347 3530 1487 3584 sicut
1515 3539 1571 3585 et
1596 3531 1684 3586 alii
1712 3531 1922 3600 Patres,

333 3628 558 3680 quorum
582 3615 668 3668 isti
697 3616 836 3672 male
879 3626 1098 3672 utuntur
1126 3619 1410 3689 exemplis.
1443 3621 1572 3675 Nam
1621 3622 1713 3677 Dei
1759 3623 1922 3679 Verbi

332 3714 541 3772 natura,
565 3722 686 3775 quae
721 3707 948 3777 simplex
993 3718 1077 3765 est
1123 3718 1179 3765 et
1223 3710 1767 3772 incontaminabiliter
1794 3718 1924 3772 sim-

334 3797 476 3864 plex,
504 3797 756 3865 componi
803 3814 910 3854 non
953 3801 1143 3868 potuit.
1200 3802 1337 3858 Dicit
1372 3819 1502 3876 ergo
1532 3807 1585 3860 in
1611 3816 1802 3876 quarto
1830 3809 1925 3862 ad-

333 3900 526 3942 versus
553 3887 897 3956 Apolinarem
929 3889 1066 3946 libro
1095 3908 1109 3944 :
1147 3910 1166 3944 ι
1198 3891 1460 3958 Quoniam
1482 3903 1659 3956 autem
1688 3907 1741 3951 et
1770 3897 1921 3966 juxta

333 3993 434 4035 nos
462 3980 624 4036 homo
652 3982 850 4038 dicitur
877 3999 942 4040 ex
967 3985 1142 4039 anima
1191 3993 1246 4040 ct
1280 4001 1506 4056 corpore
1548 3999 1826 4056 constare,
1869 4001 1925 4046 et

332 4069 467 4126 duas
496 4072 711 4141 quidem
740 4071 836 4126 has
858 4073 1082 4127 dicimus
1115 4084 1354 4141 naturas,
1380 4075 1612 4131 animam
1629 4087 1682 4133 et
1704 4093 1921 4148 corpus,

332 4173 497 4214 unum
529 4175 654 4216 vero
692 4162 965 4217 hominem
1009 4178 1074 4218 ex
1123 4164 1384 4219 ambobus
1423 4170 1817 4236 compositum;
1868 4181 1924 4225 ut

328 4265 710 4307 conservemus
739 4269 901 4308 unum
934 4268 1052 4309 esse
1079 4265 1384 4327 utrumque,
1434 4269 1647 4327 oportet
1689 4261 1922 4316 confun-

328 4342 458 4401 dere
484 4351 724 4412 naturas,
756 4354 810 4401 et
836 4356 1272 4415 reconvertentes
1302 4348 1503 4415 dicere,
1531 4353 1784 4422 quoniam
1806 4355 1921 4409 ani-

328 4451 415 4492 ma
435 4451 563 4493 caro
591 4446 694 4509 est,
729 4449 781 4495 ct
809 4455 938 4497 caro
958 4443 1159 4497 anima.
1191 4443 1258 4499 Et
1296 4447 1552 4513 quoniam
1581 4447 1673 4502 illa
1702 4449 1918 4517 quidem

328 4528 645 4610 immortalis
683 4541 766 4588 est
809 4543 864 4589 et
910 4535 1218 4601 rationalis,
1271 4551 1397 4592 caro
1426 4554 1554 4594 vero
1581 4541 1823 4596 mortalis
1868 4551 1920 4598 et
1951 4573 2001 4632 Β
2026 4528 2517 4636 ξξέᾈξηάἵιξοξξξξξ

329 4626 600 4681 rationalis
625 4628 664 4695 ⁸,
688 4637 1127 4684 reeonverteutes
1154 4630 1458 4687 diceremus
1475 4634 1518 4698 ',
1551 4634 1672 4703 quia
1696 4635 1912 4690 immor-
1951 4626 1966 4664 '-

324 4719 449 4773 talis
472 4728 556 4773 est
582 4722 844 4787 mortalis,
876 4730 931 4777 et
959 4722 1208 4778 mortalis
1229 4723 1576 4792 immortalis;
1601 4734 1655 4780 et
1681 4727 1912 4781 rationa-

324 4810 753 4877 lisirrationalis,
786 4805 838 4868 et
867 4815 1190 4873 irrationalis
1240 4817 1538 4872 rationalis.
1581 4818 1687 4874 Sed
1737 4835 1912 4888 neque

321 4916 386 4955 ex
421 4901 602 4954 divina
631 4902 900 4970 Scriptura
933 4907 1032 4961 hoc
1061 4909 1236 4965 edocti
1276 4924 1494 4976 sumus,
1517 4925 1550 4965 ο
1577 4911 1911 4980 sapientissi-

323 5007 410 5046 ma
438 4994 677 5046 omnium
697 5034 712 5059 ,
749 5009 919 5064 neque
947 4997 1083 5052 alius
1121 5002 1399 5070 quisquam
1433 4999 1534 5056 hoc
1556 5001 1705 5078 dicit,
1741 5019 1910 5071 usque

324 5082 375 5138 in
400 5083 715 5140 hodiernum
740 5086 878 5141 diem
897 5130 913 5154 ,
938 5104 1122 5145 eorum
1165 5096 1253 5161 qui
1280 5109 1464 5148 sanam
1496 5095 1780 5152 humanam
1816 5099 1908 5152 ha-

390 5197 632 5275 t_llnjus
660 5203 1093 5275 fomparntionis
1140 5205 1494 5275 discrepintia
1549 5209 1792 5266 undecim
1842 5228 1905 5267 ex

319 5269 585 5349 capitibus
607 5285 635 5322 a
660 5270 946 5349 Theodoro
979 5269 1385 5349 Hngiopoljiaim
1407 5279 1771 5337 denmnmam
1803 5294 1907 5349 es"

323 5341 514 5426 quibus
540 5343 677 5426 hun‘c
696 5341 916 5426 titulum
945 5341 1167 5412 prmligit
1194 5363 1204 5398 :
1229 5345 1441 5426 :Evdsna
1463 5354 1724 5426 κεφάλαια,
1759 5357 1806 5406 ἐν
1837 5341 1909 5416 of}

322 5408 567 5468 δείκνυται
602 5414 658 5467 τὸ
684 5415 917 5474 ἀπεοικὸς
944 5408 1032 5470 λινοῦ
1077 5408 1491 5493 τῖαραδείγματος
1522 5408 1612 5480 iob
1651 5408 1787 5486 uia;
1817 5408 1906 5480 ἀνί

393 5504 410 5535 ι
443 5503 574 5558 Cod.
601 5503 826 5566 \'eron.,
860 5507 1193 5562 irrationalis.

389 5575 409 5605 ¹
435 5574 576 5628 ldcm
606 5576 750 5641 cod.,
780 5579 1030 5631 dicamus.

391 5644 412 5674 ⁸
444 5648 584 5722 Idem
616 5647 759 5712 c0d.,
787 5653 923 5717 facta
950 5661 1021 5703 est
1060 5653 1368 5722 auferentes,
1407 5654 1664 5708 ablatione
1709 5672 1906 5709 assmu-

314 5716 523 5785 plionis.

390 5785 411 5819 ι
443 5785 587 5841 idem
639 5788 792 5859 cod.,
836 5808 1122 5864 qumquam
1175 5812 1276 5851 non
1327 5796 1478 5851 unius
1527 5808 1721 5854 natura:
1767 5798 1903 5867 sint,

2041 667 2143 724 est,
2167 660 2235 713 ab
2265 661 2513 716 oratione
2541 662 2922 730 assumptionis
2945 662 2965 692 ³
2983 664 3178 718 mentis
3210 664 3261 718 in
3286 666 3452 732 ipsam
3487 684 3642 723 men-

2042 759 2152 806 tem
2180 751 2442 821 judicium
2484 754 2766 823 recepistis
2807 755 2975 810 totius
3005 755 3328 824 insipientiae
3375 758 3529 826 plena
3561 761 3645 814 lo-

2040 841 2355 914 quentes,‘et
2368 861 2488 899 cum
2507 846 2672 900 multa
2686 845 3038 902 irreverentia
3053 848 3198 918 leges
3225 852 3634 918 constituentes.

2039 937 2380 1007 Qumcunque
2391 939 2533 993 enim
2551 942 2840 993 secundum
2856 940 3055 1009 aliquid
3073 941 3326 1008 discreta,
3342 945 3635 1000 secundum

2040 1029 2241 1098 aliquid
2271 1040 2594 1098 acceperunt
2617 1030 2900 1097 unitatem,
2925 1041 3146 1088 servant
3191 1048 3344 1087 suam
3386 1050 3490 1104 qua
3520 1036 3636 1089 dis-

2038 1129 2185 1173 creta
2206 1128 2330 1173 sunt
2352 1119 2677 1174 incolumem
2703 1120 2990 1187 rationem,
3015 1131 3064 1175 et
3090 1123 3352 1178 unitatem
3375 1123 3636 1191 integram

2040 1208 2260 1263 habent.
2285 1208 2459 1265 Unum
2475 1221 2556 1280 est
2580 1208 2777 1278 aliquid
2804 1222 3012 1278 natura,
3037 1213 3193 1268 sicuti
3215 1213 3356 1269 filius
3374 1225 3423 1268 et
3447 1224 3635 1285 pater;

2041 1309 2219 1355 manet
2247 1310 2423 1354 autem
2453 1316 2801 1370 personarum
2833 1303 3090 1358 discretio
3117 1322 3131 1357 :
3161 1306 3396 1360 essentia
3421 1306 3636 1374 quidem

2041 1391 2468 1466 inseparabiliter
2497 1393 2766 1448 existente
2796 1408 2923 1462 una,
2973 1410 3217 1463 persona:
3247 1398 3514 1465 propriam
3543 1397 3634 1450 ha-

2039 1482 2166 1536 bent
2195 1481 2606 1549 discretionem;
2641 1495 2696 1536 ut
2724 1499 2896 1554 neque
2927 1495 3079 1554 pater
3117 1486 3326 1540 dicatur
3355 1487 3508 1548 ﬁlius,
3542 1504 3636 1543 ue-

2037 1589 2143 1645 que
2172 1574 2312 1628 filius
2343 1585 2513 1643 pater.
2560 1575 2819 1630 Similiter
2845 1576 2950 1631 etsi
2979 1587 3163 1632 natura
3187 1579 3426 1647 quantum
3455 1579 3635 1634 diver-

2038 1682 2094 1722 sa
2117 1677 2262 1737 sunt,
2301 1668 2593 1722 secundum
2631 1666 2774 1722 aliud
2799 1684 2924 1723 vero
2963 1669 3188 1723 adunari
3239 1671 3522 1739 contigerit
3546 1687 3632 1741 ea,

2039 1775 2211 1828 neque
2255 1761 2552 1815 naturalem
2606 1760 2836 1829 perdunt
2885 1761 3226 1830 divisionem,
3273 1772 3328 1818 et
3380 1764 3634 1819 unitatem

711 1880 798 1934 odi
829 1880 1005 1934 sedari
1036 1895 1143 1933 mm
1172 1844 1459 1943 volucrum
1491 1893 1504 1930 ε
1535 1877 1658 1946 quia
1692 1844 1844 1941 non"
1872 1882 1929 1927 ιη
1965 1844 2006 1904 Β
2036 1853 2305 1919 propriam
2354 1851 2574 1919 habent,
2605 1852 2743 1906 sicut
2788 1851 2967 1906 anima
3004 1853 3234 1907 adunata
3266 1863 3348 1907 est
3399 1856 3633 1923 corpOri,

2034 1953 2088 1998 et
2116 1960 2252 1998 unus
2277 1959 2347 1999 ex
2377 1945 2639 2000 ambobus
2671 1945 2894 2002 ell'ectus
2925 1956 3008 2001 est
3039 1947 3221 2002 homo.
3253 1946 3430 2002 Manet
3474 1958 3634 2001 natu-

2033 2051 2213 2092 rarum
2235 2038 2464 2094 divisio:
2490 2039 2591 2094 alia
2617 2040 2832 2109 quidem
2857 2042 3036 2096 anima
3064 2051 3166 2108 est,
3189 2042 3292 2096 alia
3321 2059 3450 2098 vero
3473 2059 3634 2110 caro;

2032 2136 2081 2181 et
2113 2127 2240 2180 illud
2273 2128 2488 2196 quidem
2523 2130 2821 2184 immortale
2850 2139 2954 2195 est,
2984 2131 3117 2186 illud
3145 2143 3322 2188 autem
3373 2136 3633 2197 morwle;

2032 2227 2087 2271 et
2109 2217 2237 2272 illud
2262 2218 2478 2287 quidem
2504 2221 2764 2276 rationale
2794 2231 2896 2289 est,
2931 2224 3059 2279 illud
3090 2235 3267 2280 autem
3299 2227 3633 2283 irrationale.

2035 2307 2184 2364 Unus
2231 2319 2410 2364 autem
2461 2310 2625 2366 homo
2663 2321 2988 2383 utrumque:
3046 2316 3359 2372 alterutrum
3406 2333 3539 2373 vero
3583 2318 3632 2375 in

2033 2402 2213 2470 seipso
2251 2403 2413 2458 homo
2459 2421 2730 2475 nunquam
2759 2407 2955 2462 dicitur
2981 2409 3226 2465 absolute
3270 2419 3327 2465 et
3375 2413 3631 2479 prolirie:

2033 2492 2136 2547 nisi
2180 2492 2315 2550 forte
2370 2509 2492 2550 cum
2548 2496 2727 2566 aliquo
2773 2497 3176 2566 additamento,
3225 2501 3366 2557 sicut
3411 2501 3631 2560 interior

2034 2585 2196 2639 homo
2221 2594 2274 2641 et
2301 2587 2536 2641 exterior
2562 2586 2743 2653 homo,
2779 2603 2885 2642 non
2913 2589 3160 2647 absolute
3194 2590 3376 2655 homo,
3407 2593 3504 2647 sed
3546 2595 3630 2648 in-

2033 2676 2199 2730 terior
2225 2685 2279 2731 et
2306 2675 2542 2732 exterior
2570 2696 2583 2733 :
2620 2686 2679 2733 ut
2706 2691 2960 2749 appareat
2987 2682 3129 2736 aliud
3159 2683 3372 2752 quidem
3406 2687 3631 2741 interius

2032 2766 2288 2833 hominis,
2337 2769 2482 2824 aliud
2531 2786 2658 2826 vero
2714 2771 2972 2828 exterius.
3043 2774 3117 2829 lta
3171 2786 3226 2831 et
3279 2777 3333 2831 in
3406 2779 3630 2834 Domino

2031 2857 2252 2913 Christo
2275 2859 2527 2925 dicimus,
2554 2875 2587 2917 o
2617 2860 2875 2916 mirabilis
2897 2903 2912 2927 ,
2939 2864 3191 2932 quoniam
3235 2866 3290 2919 in
3319 2865 3487 2920 forma
3535 2867 3627 2922 Dei

2030 2957 2254 3005 exstaus
2302 2950 2473 3005 forma
2518 2952 2692 3019 servi,
2736 2967 2909 3021 neque
2931 2968 3214 3009 assumens
3249 2956 3391 3024 quod
3421 2970 3627 3010 assum-

2030 3049 2178 3112 ptum
2201 3050 2303 3107 est,
2327 3058 2501 3112 neque
2515 3045 2654 3113 quod
2670 3055 3003 3114 assumptum
3021 3056 3103 3101 est
3120 3063 3417 3102 assumens.
3441 3049 3629 3105 Unitaa

2029 3143 2208 3188 autem
2241 3136 2501 3204 assumpti
2540 3137 2682 3191 circa
2715 3146 3081 3194 assumentem
3113 3141 3484 3210 inseparabilis
3516 3151 3623 3204 est,

1954 3221 2002 3285 C
2035 3225 2328 3281 secundum
2360 3226 2561 3281 nullum
2592 3228 2813 3283 modum
2844 3229 3008 3284 incidi
3035 3231 3238 3285 valens.
3277 3249 3295 3283 ι
3324 3230 3440 3286 Jam
3473 3248 3626 3299 ergo,

2034 3317 2174 3371 sicut
2195 3317 2450 3385 diximus,
2477 3317 2559 3373 vel
2585 3327 2835 3390 tanquam
2851 3319 3321 3392 Setnieutychiauo
3343 3322 3626 3377 Theodoro

2033 3416 2275 3478 parcant,
2308 3417 2361 3462 et
2391 3409 2656 3480 synodum
2707 3425 2812 3464 non
2850 3418 3134 3478 accusent,
3163 3427 3281 3481 qua:
3313 3426 3412 3465 nec
3442 3422 3622 3480 antea,

2032 3514 2131 3554 nec
2178 3499 2318 3569 apud
2360 3514 2439 3555 se.
2476 3509 2785 3555 accusatum
2853 3499 3161 3570 adjudicare
3239 3517 3345 3554 non
3399 3513 3628 3570 posset:

2031 3593 2270 3647 maxime
2299 3608 2420 3648 cum
2452 3592 2616 3657 dicat,
2641 3593 2763 3662 quia
2795 3594 2934 3648 sicut
2959 3593 3184 3649 interior
3214 3594 3375 3647 homo
3397 3602 3450 3647 et
3480 3603 3628 3648 exte-

2033 3683 2145 3737 rior
2176 3682 2359 3749 homo,
2388 3682 2442 3737 id
2491 3691 2578 3738 est
2620 3683 2795 3737 anima
2825 3691 2878 3738 et
2919 3697 3144 3750 corpus,
3173 3697 3473 3751 quanquam
3514 3699 3622 3737 non

2030 3774 2186 3828 unius
2215 3781 2418 3828 naturae
2452 3773 2580 3840 sint,
2611 3789 2766 3828 unam
2807 3784 2983 3830 tamen
3015 3772 3212 3828 faciant
3258 3789 3542 3843 personam
3573 3775 3611 3830 ⁸.

2029 3862 2158 3928 Qua:
2184 3876 2347 3932 porro
2376 3862 2626 3917 subtilior
2654 3863 2870 3917 unitatis
2894 3862 3162 3918 confessio
3193 3863 3274 3917 vel
3303 3864 3617 3931 expressior

2032 3967 2152 4029 esse
2174 3962 2370 4024 potest,
2399 3967 2558 4022 quam
2607 3968 2668 4006 ea
2717 3969 2834 4023 qua:
2873 3965 3088 4024 putatur
3119 3969 3224 4008 non
3256 3955 3430 4009 solum
3479 3955 3619 4023 quod

2037 4031 2175 4098 unus
2197 4043 2267 4098 sit
2295 4041 2563 4106 Christus,
2599 4056 2783 4097 verum
2816 4043 2976 4097 etiam
3020 4044 3161 4112 quod
3194 4059 3294 4097 una
3336 4045 3408 4097 sit
3435 4056 3620 4098 natura

2041 4131 2178 4200 ejus,
2233 4131 2556 4187 ostendere?
2599 4133 2735 4184 lianc
2781 4143 2956 4185 autem
2990 4133 3224 4204 istepro
3269 4136 3620 4199 exprimenda

2037 4235 2283 4291 personae
2309 4223 2514 4277 unitate
2544 4237 2650 4276 non
2679 4220 2887 4290 refugit.
2917 4222 3023 4280 Sed
3069 4223 3206 4276 sicut
3255 4223 3354 4276 hoc
3390 4225 3620 4279 dicendo

2031 4325 2136 4365 non
2161 4320 2240 4366 est
2269 4311 2566 4366 credendus
2596 4311 2988 4382 Acephalorum
3020 4321 3198 4379 caput,
3228 4314 3479 4382 quoniam
3519 4317 3620 4368 hoc

2027 4415 2132 4455 non
2163 4415 2261 4471 pro
2292 4400 2647 4470 denegatione
2691 4402 2913 4456 duarum
2963 4410 3276 4455 naturarum
3323 4403 3474 4466 dicit,
3521 4405 3616 4458 sed

2027 4489 2205 4559 potius
2255 4504 2351 4558 pro
2398 4489 2552 4546 unius
2591 4491 2888 4545 assertione
2935 4506 3220 4561 personat;
3269 4492 3340 4545 ita
3388 4507 3493 4546 non
3541 4505 3618 4546 est

2551 4579 2849 4634 Nestoriani
2876 4590 3063 4636 auctor
3087 4581 3308 4648 erroris,
3350 4583 3437 4635 ubi
3468 4596 3619 4637 natu-

2021 4685 2200 4724 rarum
2231 4669 2600 4725 confusionem
2645 4671 2908 4738 repellens
2932 4671 2971 4734 ',
3003 4674 3231 4740 amplius
3260 4687 3444 4727 earum
3488 4691 3613 4738 prn-

2021 4761 2279 4827 prietates
2320 4759 2638 4814 necessitate
2676 4759 3032 4828 respondendi
3061 4761 3344 4815 .lttereticis
3389 4764 3614 4830 dividit;

2019 4849 2270 4920 quoniam
2322 4852 2423 4905 hoc
2471 4863 2576 4903 non
2617 4858 2803 4903 contra
2849 4865 3093 4918 personte
3150 4851 3410 4906 unitatem
3464 4853 3612 4908 facit.

2019 4941 2153 4994 lline
2174 4948 2350 4993 autem
2380 4947 2706 5008 cognoscant
2749 4938 3228 5008 Semieutychiani,
3277 4958 3380 5008 qua
3437 4942 3610 4997 inten-

2019 5028 2164 5085 tionc
2183 5029 2391 5083 dicatur
2423 5028 2490 5082 ab
2519 5027 2637 5082 aliis
2679 5027 2946 5094 Patribus,
2981 5044 3116 5097 quos
3166 5037 3352 5099 putant
3398 5032 3449 5083 in
3482 5033 3613 5085 dua-

2018 5115 2116 5174 bus
2141 5117 2414 5173 Christum
2445 5131 2670 5187 negasse
2695 5120 2929 5186 naturis,
2961 5121 3087 5188 quia
3115 5120 3252 5173 sicut
3294 5120 3472 5175 anima
3505 5133 3527 5157 η
3560 5131 3612 5176 ct

2015 5235 2218 5307 ᾷρὼπου
2241 5234 2464 5307 τῇ-κατᾲ
2487 5231 2705 5307 Χριστὸν
2741 5233 2917 5289 ένώσει
2949 5250 2963 5287 :
2999 5233 3245 5288 Undecim
3273 5235 3463 5299 capita,
3493 5238 3610 5304 qui-

2017 5290 2106 5355 b'ns
2130 5290 2409 5374 ostenditur
2435 5304 2487 5354 in
2526 5290 2624 5369 quo
2651 5304 2901 5371 diserepet
2941 5308 3228 5374 exentplum
3257 5290 3478 5360 hominis
3507 5290 3611 5360 ἰιι-

2016 5376 2199 5442 iusque
2227 5390 2257 5426 a
2287 5372 2488 5428 Christo
2513 5375 2801 5428 incantato.

2017 5543 2172 5580 unum
2204 5535 2368 5580 tamen
2400 5527 2656 5580 hominem
2689 5529 2904 5597 faciunt.
2932 5531 3002 5583 ita
3030 5538 3079 5584 et
3117 5532 3170 5585 in
3217 5531 3437 5588 Domino
3463 5535 3605 5588 Chri-

2015 5608 2091 5650 sto
2118 5601 2292 5672 forma
2325 5599 2440 5662 Dei,
2470 5609 2518 5651 et
2560 5603 2728 5666 forma
2775 5604 2927 5668 servi,
2974 5617 3265 5672 quanquam
3309 5623 3410 5658 non
3460 5610 3604 5660 unius

2016 5683 2214 5747 natura:
2249 5669 2371 5734 sint,
2395 5685 2570 5747 nnanr
2592 5677 2760 5747 tamen
2799 5672 2964 5742 fecere
3001 5669 3294 5744 personant.
3320 5676 3472 5747 Qua’,
3496 5688 3602 5733 etc.

2086 5739 2107 5770 ⁸
2135 5739 2278 5796 idem
2309 5739 2457 5810 cod.,
2487 5741 2740 5812 refellens.
