3978 6350
313 209 416 264 757

1211 208 1345 262 PRO
1385 205 1809 260 DEFENSIONE
1850 204 2062 261 TRIUM
2104 207 2409 264 CAPITUL.
2446 210 2575 264 LIB.
2619 208 2707 264 IX.

3482 212 3585 265 7353

314 338 512 392 corpus
561 337 724 377 unum
781 323 1050 377 hominem
1080 321 1299 387 faciunt,
1332 322 1404 375 ita
1442 336 1508 376 ex
1537 319 1816 375 divinitate
1844 326 1901 374 et
1927 319 1977 379 Α
2004 322 2440 379 Chalcedonense
2469 326 2774 392 concilium,
2807 327 2850 381 si
2873 338 2926 383 et
2951 326 3116 397 ipsos,
3141 335 3197 383 ut
3220 343 3329 383 non
3354 329 3585 397 amplius

314 411 646 466 humanitate
671 427 809 467 unus
847 421 929 467 est
964 412 1211 468 Christus
1235 429 1249 466 :
1272 411 1414 482 quod
1455 412 1557 466 hoc
1585 411 1652 466 ab
1681 410 1767 466 eis
1793 425 1901 463 non

313 505 381 559 ad
413 513 643 569 naturae,
668 503 766 559 sed
793 503 860 559 ad
892 519 1134 572 personae
1165 502 1341 574 potius
1365 503 1622 558 unitatem
1661 501 1901 567 dicatur;

314 596 528 665 quando
554 597 717 651 etiam
749 595 1084 662 Theodorus,
1110 611 1270 666 quem
1320 595 1693 651 Nestorianum
1727 595 1906 648 crimi-

314 699 526 755 nantes,
583 702 780 758 negare
837 704 940 743 non
993 696 1220 758 possunt
1273 692 1326 743 in
1379 688 1585 742 duabus
1625 685 1906 741 Christum

315 781 641 850 praedicasse
665 780 891 845 naturis,
915 780 1014 835 hac
1035 789 1213 836 utatur
1228 778 1601 846 similitudine,
1616 793 1776 848 quam
1795 792 1908 834 suae

317 881 503 941 putant
526 872 816 928 dementiae
865 872 1177 928 convenire.
1207 873 1446 943 Apparet
1474 885 1602 942 ergo
1650 869 1910 941 sapienti-

316 968 416 1021 bus
450 965 902 1035 quemadmodum
944 967 1141 1021 veritas
1187 965 1424 1034 undique
1468 963 1745 1033 fugacibus
1797 961 1909 1032 suis

315 1067 588 1126 occurrat,
620 1066 677 1113 et
699 1073 1126 1128 quaquaversum
1159 1057 1567 1126 declinaverint,
1616 1057 1673 1112 in
1717 1056 1909 1112 faciem

315 1149 417 1205 sibi
443 1163 562 1203 eam
603 1149 880 1204 inveniant
912 1150 1277 1205 resistentem.
1309 1148 1458 1204 Unde
1498 1148 1644 1203 enim
1685 1148 1765 1201 eis
1801 1163 1909 1201 non

317 1240 472 1294 obvia
497 1241 699 1306 veniat,
727 1255 865 1310 quos
885 1255 950 1296 ex
971 1253 1068 1294 sua
1089 1253 1301 1309 quoque
1328 1238 1664 1294 accusatione
1687 1237 1912 1293 confun-

317 1332 433 1386 dit?
462 1330 592 1386 Nam
616 1331 942 1403 refugientes
965 1331 1084 1402 ejus
1111 1331 1411 1386 doctrinam
1437 1345 1597 1400 quam
1629 1345 1723 1398 per
1750 1329 1914 1385 Chal-

317 1422 624 1479 cedonense
665 1423 956 1480 concilium
987 1423 1192 1487 docuit,
1232 1421 1364 1476 duas
1395 1422 1551 1476 unius
1582 1421 1674 1476 Dei
1713 1419 1912 1475 Christi

316 1527 440 1566 esse
467 1524 720 1579 naturas;
745 1513 861 1568 sive
888 1513 1061 1582 ipsum
1081 1555 1096 1576 ,
1126 1514 1242 1568 sive
1271 1511 1634 1577 Theodorum,
1657 1511 1811 1580 cujus
1840 1511 1911 1565 ibi

321 1607 506 1661 laudes
529 1608 766 1662 recitata)
818 1617 963 1671 sunt,
1013 1607 1082 1662 de
1123 1605 1441 1661 Nestoriana
1484 1604 1679 1659 haeresi
1729 1604 1914 1659 crimi-

2004 416 2197 482 dicam,
2225 417 2294 471 ita
2318 418 2598 487 loquentes
2623 419 2967 485 pronuntiare
2989 421 3258 475 audi-bunt
3280 421 3586 476 hmreticos.

2005 508 2095 562 Sic
2123 516 2300 563 autem
2329 509 2683 578 loquebantur
2706 511 2759 564 in
2796 511 3031 565 Ecclesia
3071 510 3303 575 Christi,
3338 522 3586 583 tanquam

2005 599 2152 654 nulla
2178 599 2408 655 Nestorii
2453 602 2748 668 quaestione
2797 602 3116 658 sollicitante
3145 604 3338 669 securi,
3374 620 3478 659 non
3535 612 3591 658 ut

2008 695 2263 750 unitatem
2292 708 2532 763 persona:
2557 692 2757 748 Christi
2781 693 3117 760 dividerent,
3151 711 3306 765 quam
3336 705 3388 750 et
3415 696 3590 750 Theo-

2008 788 2172 842 dorus
2202 787 2612 857 inseparabilem
2635 788 2943 856 proﬁtetur,
2977 801 3029 843 et
3062 789 3354 842 secundum
3389 789 3590 843 nullutn

2007 879 2226 934 modum
2255 879 2415 934 incidi
2443 879 2732 934 valentem.
2765 877 3063 932 Admodum
3093 893 3223 934 vero
3251 888 3455 949 gratum
3485 892 3587 944 est,

2010 972 2152 1042 quod
2181 985 2345 1026 vanas
2372 981 2426 1027 et.
2455 971 2680 1026 invicem
2712 985 2771 1025 se
2797 969 3136 1025 destruentes
3165 969 3354 1024 horum
3394 970 3590 1024 calum-

2012 1065 2150 1129 nias,
2182 1065 2272 1134 qui
2311 1079 2432 1119 eum
2461 1064 2645 1117 dicunt
2690 1073 2744 1118 et
2773 1077 2935 1117 unam
2981 1062 3261 1122 Trinitatis
3299 1063 3592 1116 credidisse

2013 1171 2323 1226 personam,
2362 1166 2416 1212 et
2461 1153 2874 1224 quaternitatem
2914 1153 3237 1224 praedicasse
3278 1154 3415 1208 duos
3458 1152 3592 1206 illius

2013 1247 2324 1313 asserendo,
2353 1247 2626 1316 reciproce
2653 1246 2810 1301 simul
2840 1254 2894 1301 et
2923 1246 3036 1313 ipse
3060 1261 3128 1301 ex
3164 1245 3381 1299 alterius
3416 1246 3593 1312 repul-

2015 1343 2164 1397 sione
2193 1343 2412 1396 alteram
2445 1354 2654 1411 quoque
2677 1339 2906 1409 repellit,
2924 1353 3043 1393 cum
3061 1353 3124 1392 ex
3147 1338 3366 1406 his-quae
3393 1351 3594 1390 memn-

2015 1435 2247 1490 ravimus
2275 1433 2452 1497 docet,
2497 1432 2771 1502 quoniam,
2803 1432 2939 1484 sicut
2970 1437 3119 1498 pater
3149 1440 3202 1483 et
3245 1427 3382 1482 filius
3440 1427 3594 1480 unius

2015 1524 2228 1594 quidem
2260 1532 2460 1578 naturae
2489 1533 2634 1586 sunt,
2683 1521 2776 1576 sed
2809 1521 2960 1575 unius
2991 1533 3235 1588 personte
3273 1533 3376 1572 non
3425 1527 3590 1580 sunt,

2017 1617 2088 1671 ita
2124 1617 2178 1672 in
2212 1618 2424 1672 homine
2458 1630 2558 1671 ttna
2598 1615 2769 1669 anima
2818 1622 2872 1668 et
2901 1627 3127 1680 corpus,
3167 1610 3250 1663 vel
3293 1610 3342 1662 in
3383 1606 3596 1663 Christo

323 1707 543 1764 nantur,
579 1707 825 1767 putantes
853 1697 993 1767 quod
1023 1713 1127 1752 una
1160 1697 1229 1752 sit
1258 1695 1458 1752 Christi
1485 1693 1786 1752 conﬁtenda
1817 1708 1912 1748 na-

2026 1710 2157 1764 Deus
2183 1719 2238 1765 et
2263 1709 2444 1773 homo,
2476 1709 2630 1763 unius
2652 1706 2865 1776 quidem
2891 1718 3130 1774 persona:
3155 1709 3298 1764 sunt,
3327 1702 3418 1755 sed
3442 1700 3598 1753 unius

323 1800 464 1846 tura.
501 1791 611 1846 Hoc
641 1803 818 1848 autem
861 1805 931 1847 ex
964 1807 1034 1847 eo
1063 1792 1308 1846 nituntur
1337 1799 1601 1858 astruere,
1661 1787 1914 1859 quoniam

325 1884 500 1937 sancti
531 1883 718 1939 Patres
740 1883 1016 1950 dixerunt,
1046 1883 1182 1938 sicut
1212 1897 1278 1939 ex
1301 1883 1476 1936 anima
1502 1889 1557 1938 et
1584 1894 1746 1936 carne
1776 1893 1914 1933 unus

319 1983 404 2028 est
439 1973 627 2036 homo,
666 1974 742 2029 ita
779 1975 836 2029 in
872 1975 1147 2030 divinitate
1173 1984 1229 2031 et
1263 1973 1593 2028 humanitate
1647 1986 1784 2027 unus
1832 1980 1917 2025 est

322 2064 596 2120 Christus.
629 2066 980 2136 Suspicantes
1005 2081 1155 2137 ergo,
1195 2065 1341 2136 quod
1385 2066 1486 2119 hoc
1517 2079 1612 2131 pro
1643 2065 1799 2118 unius
1823 2077 1919 2116 na-

332 2164 490 2220 turae,
524 2167 580 2211 et
611 2172 714 2212 non
766 2159 965 2224 potius,
997 2160 1139 2213 sicut
1168 2157 1365 2214 veritas
1396 2157 1576 2221 habet,
1628 2169 1728 2225 pro
1759 2156 1917 2209 unius

325 2259 570 2312 persona
597 2247 895 2302 assertione
921 2247 989 2301 ab
1012 2247 1090 2302 eis
1118 2246 1280 2302 fuerit
1305 2246 1543 2311 dictum;
1576 2259 1682 2299 non
1719 2253 1914 2313 negant

327 2336 493 2390 errori
518 2337 834 2393 Nestoriano
869 2337 1090 2392 omnino
1119 2353 1240 2394 esse
1292 2337 1622 2393 contrarium
1650 2378 1664 2400 ,
1697 2345 1749 2390 et
1795 2337 1917 2391 ideo

327 2427 457 2494 suis,
505 2428 646 2482 sicut
686 2428 940 2493 diximus,
994 2427 1312 2484 refutantur.
1368 2426 1496 2481 Nam
1542 2427 1598 2480 in
1641 2435 1844 2480 tantum
1887 2441 1916 2479 a

325 2520 526 2574 sanctis
568 2519 815 2575 Patribus
864 2521 952 2575 illa
984 2520 1274 2574 similitudo
1301 2519 1368 2573 de
1389 2519 1589 2572 anima:
1628 2517 1916 2585 carnisque

328 2609 680 2675 adunatione,
728 2625 836 2664 non
865 2611 930 2663 ad
965 2611 1120 2664 unius
1159 2617 1362 2664 natura
1391 2607 1594 2662 Christi
1629 2607 1918 2661 documen-

328 2710 438 2754 tum
479 2700 645 2754 relata
691 2709 799 2766 est,
849 2711 907 2755 ut
947 2701 1048 2756 hac
1086 2701 1246 2756 etiam
1291 2698 1612 2754 Theodorus-
1649 2704 1914 2763 uteretur,

327 2803 484 2858 quem
515 2803 622 2843 non
653 2790 824 2844 solum
853 2789 990 2844 duas
1020 2788 1424 2858 naturas,quod
1455 2802 1639 2846 verum
1661 2801 1724 2842 ac
1749 2787 1921 2841 mani-

330 2877 529 2934 festum
562 2889 668 2946 est,
699 2881 793 2935 sed
824 2880 1009 2947 etiam,
1033 2881 1172 2950 quod
1199 2880 1390 2936 falsum
1417 2889 1522 2942 est,
1555 2878 1688 2934 duas
1719 2876 1919 2932 Christi

329 2971 510 3027 dicunt
539 2973 832 3028 credidisse
855 2988 1112 3043 personas
1137 2991 1149 3027 :
1175 2983 1234 3029 ut
1257 2973 1358 3028 hac
1378 2971 1727 3028 similitudine
1750 2980 1921 3026 utere-

332 3071 415 3118 tur
437 3079 541 3135 qua
574 3074 787 3119 sanctos
812 3064 1000 3120 Patres
1027 3065 1339 3121 existimant
1379 3078 1486 3120 non
1534 3063 1707 3117 solum
1755 3075 1915 3116 unam
1945 3065 1992 3131 ο

331 3171 637 3224 personam,
671 3173 855 3212 verum
882 3158 1040 3212 etiam
1073 3171 1230 3211 unam
1258 3155 1455 3210 Christi
1483 3153 1733 3209 docuisse
1761 3162 1915 3208 natu-

333 3261 469 3300 ram.
516 3245 669 3304 Sicut
700 3254 880 3301 autem
905 3246 972 3302 de
1006 3244 1181 3300 anima
1209 3253 1266 3298 et
1301 3258 1464 3298 carne
1492 3242 1650 3297 unius
1689 3240 1920 3298 hominis

334 3338 527 3392 dicitur
555 3339 598 3404 ι,
621 3339 758 3408 quod
796 3353 893 3394 nos
938 3337 1358 3407 promiseramus
1387 3335 1697 3401 ostendere,
1740 3341 1920 3389 manet

335 3436 641 3482 naturarum
665 3429 873 3495 divisio,
897 3438 950 3484 et
971 3429 1073 3482 alia
1100 3426 1316 3498 quidem
1342 3426 1524 3480 anima
1543 3433 1646 3490 est,
1669 3424 1772 3478 alia
1794 3437 1921 3478 vero

336 3533 483 3584 raro,
540 3529 728 3572 natura
781 3519 986 3588 utique,
1042 3533 1148 3572 non
1191 3530 1441 3588 persona,
1489 3513 1740 3584 quoniam
1791 3511 1920 3568 illud

338 3609 551 3678 quidem
603 3609 885 3674 rationale,
917 3607 1042 3662 illud
1092 3615 1271 3662 autem
1314 3605 1623 3661 irrationale
1652 3612 1768 3668 est,
1801 3615 1922 3656 nam

339 3717 478 3755 unus
507 3701 667 3755 homo
691 3713 1011 3770 utrumque:
1045 3700 1115 3753 ita
1145 3699 1307 3754 etiam
1339 3697 1667 3765 ubicunque,
1699 3707 1925 3764 prmser-

339 3795 433 3847 tim
463 3802 587 3849 ante
617 3809 856 3848 errorem
905 3793 1134 3848 Nestorii
1174 3791 1524 3862 divulgatum,
1551 3789 1620 3844 ab
1657 3785 1926 3856 aliquibus

339 3883 590 3942 Ecclesia:
618 3885 898 3942 catholicae
928 3884 1240 3940 doctoribus
1272 3881 1577 3938 invenimus
1618 3880 1781 3935 alium
1820 3878 1925 3934 dici

339 3990 722 4046 assumentem,
752 3980 915 4034 alium
937 3992 1065 4033 vero
1084 3985 1442 4045 assumptum,
1471 3988 1578 4028 non
1599 3987 1826 4042 persona
1845 3969 1929 4025 vel

339 4070 687 4125 subsistentia
729 4071 748 4101 ²
802 4069 937 4136 alia,
989 4067 1084 4124 sed
1122 4077 1309 4122 natura
1349 4065 1609 4122 debemus
1655 4061 1928 4132 accipere,

341 4162 482 4215 sicut
507 4161 556 4214 in
583 4175 686 4214 uno
710 4161 925 4215 homine
946 4159 1084 4214 alius
1109 4158 1356 4222 interior,
1381 4157 1517 4212 alius
1540 4155 1774 4210 exterior
1801 4153 1933 4209 dici-

345 4262 431 4308 tur
460 4255 640 4321 homo,
670 4255 716 4308 si
747 4268 920 4324 neque
952 4267 1052 4307 nos
1079 4265 1266 4306 errare
1294 4249 1566 4312 volumus,
1597 4261 1772 4315 neque
1802 4245 1932 4314 ipsis

342 4345 679 4411 calumniari,
705 4360 874 4414 neque
888 4343 1144 4399 Ecclesia:
1164 4341 1363 4396 Christi
1383 4338 1687 4404 detrahere,
1714 4337 1766 4392 in
1782 4338 1934 4407 cujus

346 4451 476 4505 pace
499 4445 658 4505 atque
684 4434 887 4490 honore
914 4432 1147 4488 defuncti
1177 4441 1300 4486 sunt
1325 4447 1337 4483 :
1365 4442 1538 4498 neque
1561 4427 1930 4482 auctoritatem

344 4528 514 4580 errori
547 4525 862 4580 Nestoriano
890 4523 1153 4586 tribuere,
1187 4529 1244 4576 ut
1272 4520 1360 4575 his
1390 4521 1478 4590 qui
1507 4518 1792 4573 maximam
1819 4516 1932 4570 lau-

345 4617 466 4671 dem
500 4617 565 4672 de
589 4617 794 4687 judicio
829 4615 1081 4670 Ecclesia:
1122 4617 1468 4676 meruerunt,
1508 4609 1705 4664 similia
1743 4607 1932 4662 Nesto-

345 4711 456 4763 rius
505 4710 825 4777 praedicasse
887 4707 1113 4761 dicatur.
1156 4703 1306 4769 Quod
1347 4701 1560 4772 quidem
1611 4715 1639 4754 a
1690 4699 1934 4754 ﬁdelibus

344 4801 492 4856 credi
524 4802 719 4855 veritas
746 4800 1046 4854 nullatenus
1073 4797 1233 4862 sinit,
1265 4810 1384 4864 qua:
1406 4791 1806 4847 maledictorum
1841 4805 1933 4845 οε·-

349 4895 578 4948 lumnias
608 4906 674 4948 ex
705 4892 821 4946 aliis
851 4904 1034 4945 eorum
1065 4887 1255 4946 dictis,
1297 4883 1492 4954 quibus
1541 4881 1818 4936 evidenter
1868 4880 1935 4935 de

350 4987 554 5041 unitate
586 4997 832 5054 persona:
860 4980 1058 5036 Christi
1089 4976 1250 5033 locuti
1281 4982 1426 5040 sunt,
1459 4973 1576 5027 sine
1605 4971 1936 5026 dubitatione

349 5077 612 5134 confutat.
651 5077 765 5130 Non
792 5074 967 5142 enim,
997 5073 1136 5127 sicut
1164 5069 1334 5140 ignari
1371 5072 1594 5135 putant,
1627 5063 1708 5118 vel
1749 5063 1939 5117 adver-

350 5171 476 5225 sarii
507 5169 779 5233 simulant,
809 5167 956 5221 solus
987 5162 1304 5220 Theodorus
1345 5159 1419 5214 ita
1449 5157 1660 5212 locutus
1704 5161 1810 5219 est,
1842 5151 1936 5207 sed

355 5263 507 5317 multi
534 5261 619 5316 alii
645 5261 851 5320 Patres,
885 5271 1110 5327 quorum
1138 5249 1414 5322 sequentia
1436 5295 1451 5319 ,
1485 5255 1542 5301 ut
1573 5244 1930 5314 promisimus,

357 5353 674 5424 proferimus
712 5351 952 5418 exempla
988 5365 999 5400 :
1044 5347 1096 5400 iu
1137 5344 1330 5414 quibus
1359 5338 1816 5410 Eutychianorum
1854 5335 1938 5390 vel

358 5445 645 5499 satellitum
693 5455 880 5497 eorum
937 5439 1236 5493 libertatem
1285 5433 1536 5488 volumus
1583 5427 1836 5498 expiriri,
1886 5433 1942 5479 et

357 5536 532 5590 zelum
586 5533 707 5586 ﬁdei
758 5544 917 5600 quem
966 5535 1237 5584 ostentant
1285 5524 1338 5580 in
1405 5519 1687 5577 Theodoro
1754 5524 1938 5572 contra

327 5665 352 5686 ι

433 5716 448 5746 ¹
474 5711 588 5768 Cod
617 5709 836 5775 Veron,
859 5705 999 5759 dicit.

2017 1802 2263 1856 essentia:
2286 1815 2388 1854 non
2421 1808 2576 1863 sunt;
2598 1799 2722 1868 quia
2747 1813 2917 1867 neque
2943 1796 3110 1850 forma
3140 1793 3239 1849 Dei
3258 1793 3427 1848 forma
3454 1796 3595 1847 servi

2015 1902 2118 1956 est,
2150 1906 2321 1961 neque
2355 1893 2524 1947 forma
2579 1893 2719 1947 servi
2754 1889 2921 1945 forma
2957 1889 3049 1943 Dei
3081 1896 3180 1952 est,
3211 1888 3453 1956 quamvis
3486 1883 3597 1937 uni-

2019 1993 2099 2039 tas
2126 1999 2369 2054 persona:
2398 1992 2612 2039 maneat
2659 1980 3032 2052 inseparabilis
3067 1979 3360 2036 secundum
3392 1977 3595 2032 nullum

2019 2078 2235 2131 modum
2260 2076 2425 2131 incidi
2461 2077 2658 2131 valens.

2653 2226 2880 2284 CAPUT
2920 2227 2982 2282 V.

2023 2369 2175 2442 Quod
2203 2369 2414 2442 obscura
2444 2374 2491 2442 et
2513 2364 2763 2442 ambigua_
2782 2361 3001 2442 Patrum
3031 2357 3169 2442 dirta
3211 2373 3275 2442 eat
3298 2357 3490 2426 apertis
3518 2373 3602 2442 eo-

2088 2459 2201 2496 rum
2246 2441 2396 2494 dictis
2439 2428 2765 2503 interprétari
2815 2439 3084 2502 oporteat,
3137 2429 3275 2499 quod
3323 2428 3601 2500 propositis

2089 2515 2285 2583 aliquot
2315 2508 2559 2579 exemplis
2585 2505 2835 2559 declarat.

2033 2653 2042 2662 '
2094 2648 2169 2704 Ex
2202 2647 2285 2702 his
2314 2660 2441 2716 ergo
2459 2642 2620 2700 certis
2641 2649 2694 2698 et
2723 2638 3060 2698 evidentibus
3085 2637 3352 2694 Theodori
3384 2648 3602 2695 senten-

2022 2743 2134 2808 tiis,
2163 2737 2508 2806 intelligenda
2531 2735 2686 2790 nobis
2713 2741 2838 2788 sunt
2865 2732 2990 2798 alia,
3035 2747 3153 2800 quae
3185 2731 3237 2786 in
3287 2732 3404 2801 ejus
3451 2730 3604 2786 dictis

2023 2835 2271 2890 videntur
2304 2827 2620 2903 quibusdam
2670 2825 2830 2881 dubia
2879 2823 2963 2879 vel
3007 2823 3254 2890 obscura,
3301 2823 3346 2877 si
3377 2837 3497 2878 cum
3527 2823 3604 2877 eis

2024 2929 2196 2984 notari
2228 2927 2497 2988 nolumus,
2527 2921 2594 2976 de
2623 2920 2815 2991 quibus
2837 2917 2911 2972 ait
2951 2917 3139 2972 beatus
3167 2915 3431 2986 Cyrillus,
3464 2915 3605 2983 quod

2023 3037 2082 3078 se
2105 3019 2309 3076 infense
2335 3017 2598 3071 haberent
2623 3012 2763 3070 circa
2803 3009 3052 3066 eumdem
3089 3007 3263 3064 virum
3318 3006 3606 3063 admirabi-

2025 3117 2150 3181 lem,
2193 3121 2246 3168 et
2287 3109 2574 3166 maximam
2620 3105 2844 3178 gloriam
2897 3113 3196 3160 merentem
3236 3101 3605 3164 Theodorum,

2023 3207 2361 3264 occasionem
2392 3200 2652 3256 facientes
2692 3197 2967 3254 contrario
3013 3195 3248 3266 dogmati
3300 3208 3408 3264 quo
3459 3204 3608 3249 tene-

2023 3304 2236 3368 bantur,
2268 3308 2325 3354 ut
2355 3303 2659 3368 quaererent
2689 3291 2930 3363 qumdatn
2974 3289 3091 3359 ejus
3129 3287 3360 3358 capitula
3396 3303 3501 3341 non
3543 3303 3605 3340 ex

2025 3392 2335 3450 melioribus
2389 3389 2660 3444 intellecta
2726 3383 2991 3441 damnari.
3047 3381 3174 3436 llaec
3244 3395 3349 3435 vox
3412 3379 3611 3450 Cyrillo

2025 3485 2180 3557 digna
2212 3503 2224 3538 :
2259 3485 2335 3538 sic
2365 3483 2632 3550 integrum
2665 3476 2920 3532 Ecclesia:
2949 3474 3224 3530 doctorem
3257 3471 3402 3540 loqui
3452 3472 3612 3527 decc-

2025 3579 2135 3635 bat.
2176 3575 2308 3632 Nam
2353 3567 2800 3644 quemadmodum
2847 3565 3284 3622 calumniantium
3333 3563 3613 3618 haeretico-

2028 3685 2147 3726 rutn
2173 3675 2275 3730 est,
2304 3679 2369 3720 ex
2392 3661 2568 3719 dubiis
2591 3667 2648 3716 et
2671 3657 2913 3714 obscuris
2931 3671 3048 3726 quae
3075 3665 3222 3710 certa
3249 3666 3299 3710 et
3332 3653 3614 3708 manifesta

2028 3769 2156 3818 sunt
2184 3759 2322 3815 male
2348 3749 2725 3824 interpretari,
2772 3751 2843 3804 ita
2873 3747 3088 3802 solitum
3121 3755 3202 3800 est
3235 3744 3522 3814 prudentie
3550 3760 3613 3800 ac

2029 3852 2240 3924 pietatis
2284 3844 2582 3909 catholicae,
2615 3858 2679 3899 ex
2718 3837 3030 3896 indubitatis
3055 3847 3215 3906 atque
3244 3834 3588 3924 evidentibus

2030 3923 2085 4004 et
2114 3945 2330 4000 ﬁrmare
2370 3940 2637 4008 ambigua,
2679 3942 2733 3990 et
2777 3929 2994 3988 latentia
3041 3929 3338 3983 declarare.
3383 3923 3615 3993 Ideoque.

2032 4037 2224 4094 melius
2253 4034 2497 4097 facimus,
2537 4029 2581 4084 si
2624 4028 2862 4081 virorum
2903 4022 3337 4078 doctissimorum
3380 4018 3432 4072 itt
3487 4033 3616 4086 pace

2035 4130 2290 4187 Ecclesiae
2341 4133 2568 4180 mortem
2611 4119 2922 4177 obeuntium
2964 4117 3160 4184 scripta
3211 4113 3401 4168 melius
3452 4111 3616 4166 inter-

2036 4232 2336 4295 pretemur,
2392 4216 2478 4272 vel
2513 4215 2554 4269 si
2592 4213 2767 4267 minus
2801 4211 2853 4265 in
2893 4210 2971 4265 eis
3012 4207 3274 4261 hmrcsuni
3321 4204 3616 4256 futurarum

2035 4291 2327 4370 calumnias
2362 4293 2531 4362 vitare
2581 4311 2884 4374 potuerunt.
2917 4300 2971 4355 Si
3014 4300 3104 4367 qui
3157 4311 3282 4351 vero
3331 4291 3614 4349 orthodoxi

2037 4408 2198 4463 etiam
2221 4401 2362 4458 aliud
2387 4398 2687 4455 faciendum
2720 4393 3046 4464 putaverint,
3081 4405 3184 4444 non
3211 4396 3331 4442 sunt
3362 4387 3414 4440 in
3450 4387 3549 4439 hoc
3586 4400 3616 4439 a

2040 4494 2391 4571 prudentibus
2431 4487 2692 4546 imitandi.
2734 4485 2834 4552 Qui
2878 4483 2921 4537 si
2973 4480 3248 4548 utriusque
3293 4476 3456 4546 partis
3506 4492 3619 4571 mo-

2040 4565 2219 4646 menta
2244 4583 2593 4656 perpendant,
2627 4577 2781 4634 facile
2820 4573 3135 4644 dignoscent
3176 4583 3401 4639 quorum
3449 4565 3620 4634 magis

2043 4679 2371 4752 propositum
2402 4673 2631 4729 debeant
2661 4668 2980 4739 approbare,
3009 4674 3184 4718 utrum
3230 4660 3617 4722 accusantium,

2041 4751 2108 4828 an
2139 4767 2529 4830 excusantium,
2563 4763 2616 4817 in
2649 4759 2900 4816 Ecclesia:
2932 4770 3062 4827 pace
3092 4765 3146 4809 et
3187 4753 3406 4808 Patrum
3439 4751 3622 4805 laudas

2040 4865 2185 4920 tione
2212 4859 2512 4916 defunctos.
2537 4855 2772 4910 Primum
2802 4851 2983 4920 itaque
3004 4846 3346 4904 considerare
3367 4845 3619 4907 debeant,

2040 4955 2164 5026 quid
2193 4955 2262 5008 sit
2291 4951 2445 5006 nobis
2474 4947 2709 5016 utrisque
2730 4955 3031 5006 commune,
3058 4939 3146 5010 qui
3179 4954 3283 5009 quo
3310 4937 3514 4994 similes
3544 4937 3622 4990 eis

2040 5050 2108 5104 de
2159 5043 2472 5101 orthodoxis
2521 5037 2920 5095 accusatoribus
2976 5046 3193 5097 sumus,
3243 5040 3298 5085 et
3350 5030 3505 5099 quale
3555 5028 3624 5079 sit

2039 5140 2298 5208 cujusque
2324 5134 2617 5206 proprium,
2663 5131 2712 5186 in
2744 5145 2852 5198 quo
2889 5127 2956 5182 ab
2993 5127 3219 5181 invicem
3263 5123 3617 5178 dissonamus.

2040 5231 2200 5288 Fides
2228 5230 2407 5298 itaque
2427 5227 2581 5282 nobis
2603 5227 2653 5278 in
2683 5223 2846 5278 Deum
2877 5218 3174 5275 communis
3199 5224 3315 5279 est;
3343 5212 3619 5281 proprium

2043 5339 2173 5380 vero
2202 5331 2286 5377 est
2310 5321 2501 5390 cuique
2531 5315 2689 5388 parti,
2715 5317 2764 5369 in
2795 5328 2900 5382 quo
2921 5312 3257 5364 dissonamus
3282 5305 3349 5357 ab
3372 5302 3620 5360 invicem,

2044 5414 2187 5487 quod
2218 5415 2290 5470 illi
2312 5411 2597 5468 crudeliter
2625 5417 2680 5462 et
2699 5405 2949 5460 audacter
2975 5402 3332 5456 condemnant
3359 5396 3411 5449 in
3441 5394 3631 5447 Eecle~

2045 5486 2138 5563 size
2167 5507 2369 5560 unitate
2412 5501 2689 5570 gloriaque
2717 5494 3020 5558 defunctus,
3055 5503 3184 5560 quos
3217 5486 3308 5540 Dei
3354 5486 3519 5540 solius
3545 5495 3634 5540 cst

2119 5684 2136 5712 '
2173 5681 2314 5738 ldcm
2342 5673 2483 5735 ωδ..
2516 5673 2689 5727 alium.
