3978 6350
374 326 477 379 ’ϊῦυ

1476 309 1772 370 FACUNDI
1806 307 2017 365 EPISC.
2060 303 2564 363 HERMIANENSIS

3549 309 3658 365 760

365 431 605 501 judicare
635 446 651 484 :
685 446 785 487 nos
823 445 971 495 vero,
1015 431 1136 502 quia
1181 444 1282 488 nec
1322 430 1505 501 piet..ti
1539 445 1639 486 nec
1681 427 1955 483 modesth
1984 432 2031 483 Α
2063 422 2355 492 redigentis
2378 423 2432 477 in
2460 421 2772 477 servitutem
2799 436 2972 487 suam,
3008 431 3062 478 et
3088 421 3249 478 aliam
3290 423 3481 492 ipsius.
3514 424 3654 479 lllud

369 524 641 589 convenit,
668 521 1072 578 considerantes
1099 537 1196 578 nos
1218 523 1466 580 homines
1496 538 1636 588 esse,
1664 521 1797 577 nihil
1819 519 1963 590 quod

365 612 607 668 divinum
640 622 723 670 est
753 614 1125 683 praesumimus
1154 630 1436 687 usurpare.
1459 614 1536 669 llli
1560 615 1667 669 alta
1688 613 1963 683 sapientes

374 712 657 773 reSpuunt,
691 712 745 759 et
774 704 905 759 nihil
941 705 1180 775 pendunt
1217 716 1529 761 sanctorum
1572 704 1787 759 Patrum
1840 717 1964 759 sen—

374 798 587 862 tentias,
634 812 661 851 a
693 799 886 868 quibus
919 800 1200 868 approbati
1233 808 1396 867 atque
1432 799 1629 854 laudati
1669 805 1833 853 sunt:
1865 810 1966 851 nos

375 888 664 943 humilibus
695 891 1099 947 consentientes
1119 932 1134 956 ,
1163 876 1605 946 oluedienter'eas
1632 899 1685 945 et
1717 904 1840 944 cum
1872 888 1967 944 de-

376 980 485 1035 bita
515 981 867 1036 veneratione
894 983 1238 1051 suscipimus.
1265 982 1344 1036 llli
1376 982 1749 1036 auctoritatem
1779 980 1966 1035 incon-

375 1073 510 1127 sulte
541 1074 785 1128 tribuunt
816 1075 1191 1130 haereticorum
1221 1076 1516 1140 erroribus,
1538 1083 1843 1129 asserentes
1871 1088 1968 1128 eos

377 1161 757 1216 honoratorum
787 1163 1023 1217 virorum
1057 1164 1426 1233 przedii-ationi
1457 1164 1648 1217 similia
1678 1162 1925 1218 docuisse
1951 1180 1965 1217 :

379 1270 477 1308 nos
502 1265 701 1319 autem,
743 1255 942 1311 nullam
986 1255 1249 1310 donantes
1295 1255 1563 1311 haereticis
1604 1256 1963 1321 occasionem,

380 1344 595 1412 provide
625 1344 1033 1413 respondemus,
1075 1347 1219 1416 quod
1266 1347 1403 1402 tales
1444 1346 1806 1416 blasphemias
1834 1361 1969 1400 nun-

379 1450 536 1503 quam
572 1436 810 1491 Ecclesia
840 1437 1037 1493 Christi
1076 1438 1393 1509 susceperit.
1422 1437 1517 1495 sed
1549 1452 1764 1494 omnem
1820 1437 1971 1491 novi-

380 1536 565 1587 tatem.
612 1544 735 1584 mox
792 1537 848 1583 ut
903 1537 1090 1584 exorta
1139 1540 1239 1595 est,
1289 1529 1556 1585 refutarit.
1614 1529 1694 1583 llli
1728 1529 1971 1598 denique

380 1617 549 1683 ipsam
608 1633 728 1689 qua:
785 1634 884 1674 nos
924 1621 1147 1691 genuit,
1204 1621 1560 1676 criminantur
1612 1628 1669 1676 et
1713 1620 1972 1675 infamant

381 1710 707 1776 Ecclesiam,
753 1712 901 1767 velut
938 1713 1259 1769 adulterinis
1298 1713 1637 1785 dogmatibus
1683 1712 1971 1784 aliquando

2073 523 2255 569 autem
2285 513 2517 583 amplius
2564 512 2777 567 videtur
2820 526 2961 580 esse,
2990 513 3130 583 quod
3160 512 3240 568 ait
3269 512 3467 568 Tobith
3495 530 3509 567 :
3544 516 3661 585 Ego

2070 612 2118 659 ct
2144 605 2318 658 anima
2361 620 2473 658 mea
2513 603 2642 674 Regi
2668 604 2911 658 celerum
2952 604 3181 659 laetitiam
3230 605 3446 659 dicimus
3487 592 3659 674 (Teo.

2068 713 2184 765 xut,
2216 697 2309 768 9);
2340 706 2393 751 et
2419 698 2586 751 multa
2613 697 2829 763 similia,
2859 713 2963 755 non
2988 698 3186 753 divinis
3212 707 3417 753 tantum
3449 698 3662 763 litteris,

2068 789 2163 844 sed
2194 790 2353 845 etiam
2382 789 2434 843 in
2462 788 2581 843 aliis
2602 828 2619 855 ,
2667 798 2723 844 et
2752 790 2806 843 in
2837 790 2952 859 ipso
2981 800 3164 844 nostro
3194 789 3505 859 quotidiana
3548 803 3665 843 ser-

2070 895 2250 947 unone,
2280 880 2323 934 si
2351 880 2471 950 quis
2494 879 2758 944 attendat,
2793 880 3047 937 inveniet.
3073 882 3130 937 Si
3152 889 3329 936 autem
3353 880 3455 936 hoc
3475 882 3543 936 de
3568 882 3665 935 ho-

2067 973 2232 1032 mine,
2263 971 2416 1037 cujus
2446 977 2595 1025 recte
2619 978 2795 1039 potest
2816 986 2943 1037 una,
2974 969 3027 1025 id
3049 979 3132 1026 est
3154 972 3411 1036 humana,
3439 970 3544 1025 dici
3567 985 3665 1023 na-

2071 1070 2211 1122 tura.
2238 1060 2387 1115 nulla
2415 1062 2712 1130 quzestione
2741 1070 2986 1131 cogente,
3020 1061 3088 1115 ab
3118 1061 3375 1131 Apostolo
3394 1072 3448 1116 et
3469 1061 3663 1115 Tobith

2070 1144 2269 1211 dieitur
2302 1168 2316 1205 :
2348 1161 2550 1222 quanto
2591 1153 2758 1223 magis
2786 1152 2855 1209 de
2890 1151 3127 1220 Christo,
3161 1167 3318 1222 quem
3364 1138 3418 1207 in
3450 1152 3661 1207 duabus

2071 1246 2342 1301 credimus
2374 1260 2497 1303 esse
2519 1246 2745 1312 naturis,
2770 1256 2956 1303 contra
2980 1245 3367 1316 Apolinaristas
3388 1256 3536 1301 recte
3554 1245 3663 1299 dici

2074 1342 2267 1407 potuit,
2299 1338 2442 1408 quod
2473 1338 2611 1393 Deus
2640 1338 2868 1394 Verbum
2900 1347 3233 1407 assumptum
3266 1337 3537 1395 hominem
3565 1350 3665 1406 pro

2070 1432 2226 1484 nobis
2259 1430 2415 1485 morti
2450 1430 2759 1496 tradiderit;
2788 1445 2909 1485 cum
2935 1429 3175 1485 dicamus
3216 1429 3359 1499 quod
3406 1444 3527 1485 eum
3561 1440 3666 1484 tra-

2074 1524 2272 1579 diderit
2300 1524 2484 1590 Pater,
2514 1533 2570 1580 et
2594 1523 2972 1593 inseparabilia
2992 1523 3279 1580 credamus
3304 1536 3467 1591 opera
3496 1522 3699 1595 Trini-,

2073 1615 2235 1670 tatis?
2276 1613 2353 1669 lta
2376 1613 2397 1645 ‘
2426 1630 2546 1670 cum
2592 1616 2850 1685 propheta
2875 1613 3019 1670 dicat
3044 1632 3058 1669 :
3090 1612 3190 1668 Cor
3217 1629 3383 1667 uicum
3404 1614 3690 1681 dereliquit.

2074 1729 2154 1767 me
2180 1712 2353 1781 (Psat.
2407 1728 2590 1776 xxxrx,
2624 1711 2735 1783 l5),
2767 1726 2868 1767 nec
2904 1724 2963 1766 sc
3014 1710 3069 1765 in
3116 1710 3253 1766 duas
3299 1722 3557 1780 personas
3585 1708 3669 1763 vel

381 1809 687 1870 corruptam
718 1820 730 1854 :
776 1817 874 1858 nos
914 1814 1092 1859 autem
1134 1805 1496 1875 virginitatem
1541 1812 1739 1859 nostra:
1786 1803 1975 1857 matris
2008 1803 2052 1862 B
2080 1807 2459 1870 subsistentias
2483 1807 2772 1877 partiatur;
2802 1821 2898 1861 cur
2928 1806 2972 1862 si
3020 1808 3300 1876 quisquam
3327 1822 3394 1861 ex
3419 1804 3666 1860 Patribus

382 1892 645 1949 excidisse
671 1908 904 1964 unquam
936 1909 965 1948 a
994 1895 1259 1951 charitate
1281 1912 1399 1966 qua:
1430 1896 1481 1950 in
1513 1895 1730 1951 Christo
1750 1903 1857 1963 est,
1886 1895 1979 1950 de-

382 2000 665 2057 negamus,
688 1998 995 2044 asserentes
1035 2003 1142 2043 non
1185 1988 1349 2043 fuisse
1389 1989 1674 2045 haereticos
1715 2002 1847 2059 quos
1885 1987 1975 2041 ha-

384 2076 500 2133 buit
523 2076 836 2137 honoratos.
866 2078 1011 2146 Quas
1043 2080 1113 2135 ob
1144 2095 1261 2145 res,
1293 2079 1339 2134 si
1369 2080 1614 2135 volumus
1637 2088 1691 2135 et
1720 2078 1831 2133 Deo
1858 2093 1979 2134 esse

385 2170 613 2241 subjecti
641 2180 695 2226 et
717 2171 918 2227 sanctis
950 2171 1196 2227 Patribns
1226 2172 1618 2243 obsequentes;
1652 2170 1697 2226 si
1734 2170 1980 2226 volumus

385 2261 569 2328 etiam,
592 2263 735 2333 quod
762 2262 831 2317 ad
853 2273 1171 2333 pra‘sentem
1205 2265 1397 2318 attinet
1425 2278 1666 2327 causam,
1706 2262 1980 2319 Nestoria-

388 2368 578 2409 norum
612 2368 705 2409 ora
734 2368 1028 2420 censuere,
1064 2364 1118 2412 et
1159 2356 1453 2412 Eeclesiam
1492 2372 1611 2427 qua:
1643 2371 1741 2411 nos
1794 2356 1981 2427 genuit

386 2446 454 2502 ab
500 2447 785 2516 impiorum
816 2448 1109 2504 'calumuiis
1159 2462 1456 2516 excusare,
1503 2463 1610 2503 non
1658 2448 1831 2504 solum
1872 2463 1979 2503 non

386 2538 811 2596 condemnemus
859 2540 912 2595 in
965 2540 1221 2596 Ecclesize
1288 2542 1675 2597 communione
1716 2540 1981 2611 laudeque

392 2628 689 2696 defunctos,
718 2631 815 2686 sed
844 2646 945 2687 nec
973 2632 1214 2688 dicamus
1242 2647 1335 2689 eos
1364 2642 1492 2689 ante
1517 2634 1823 2690 Nestorium
1854 2634 1980 2690 talia

388 2720 667 2788 docuisse;
696 2723 968 2795 magisque
983 2739 1049 2783 ex
1078 2724 1199 2778 aliis
1225 2738 1413 2779 eorum
1435 2726 1739 2792 sententiis,
1763 2726 1979 2783 eviden-

387 2823 473 2871 ter
500 2814 816 2873 Nestoriano
851 2816 1026 2873 errori
1073 2818 1379 2887 contrariis,
1421 2819 1837 2890 interpretemur
1873 2822 1980 2877 alia

388 2921 509 2978 quas
554 2910 606 2963 in
646 2922 838 2965 eorum
881 2910 1095 2980 scriptis
1137 2911 1391 2967 videntur
1435 2911 1663 2967 obscura
1698 2930 1713 2968 :
1748 2929 1815 2970 ne
1858 2912 1981 2985 jure

388 3000 692 3071 meritoque
720 3003 1201 3072 reprehendamur,
1232 3003 1375 3075 quod
1398 3014 1455 3061 et
1484 3006 1694 3060 cautela
1718 3014 1772 3060 et
1798 3006 1979 3061 studio

389 3091 520 3158 ipsis
549 3091 883 3147 Nestorianis
929 3093 1163 3164 impares
1207 3094 1374 3149 simus
1397 3134 1413 3162 ,
1454 3103 1510 3150 et
1536 3095 1765 3166 amplius
1794 3095 1871 3151 illi
1901 3097 1978 3151 vi-

2082 1900 2387 1955 iuveniatur
2425 1900 2668 1964 dixisse,
2695 1898 2839 1968 quod
2871 1899 3013 1954 Deus
3062 1898 3291 1953 Verbum
3344 1898 3537 1962 inerat,
3579 1898 3665 1952 vel

2080 1992 2263 2047 aderat
2293 1992 2529 2056 Christo,
2562 1992 2697 2045 duas
2719 1990 2921 2045 Christi
2944 1998 3158 2059 putetur
3182 1988 3456 2044 induxisse
3482 2003 3669 2057 pesso-

2083 2082 2218 2138 nasi
2248 2080 2383 2137 Nam
2405 2083 2448 2136 si
2472 2081 2845 2151 derelinquere
2869 2080 3068 2135 dicitur
3090 2078 3361 2134 hominem
3379 2094 3475 2133 cor
3494 2094 3670 2143 suum,

2080 2182 2138 2229 et
2167 2173 2306 2228 nulla
2341 2172 2655 2243 intelligitur
2689 2173 2847 2227 unius
2883 2186 3127 2241 persona:
3148 2170 3284 2226 facta
3312 2170 3525 2236 divisio,
3548 2185 3670 2225 cum

2081 2266 2458 2337 derelinquere
2474 2267 2870 2337 separationem
2894 2264 3176 2336 quamdam
3194 2262 3456 2334 signiticet
3474 2280 3489 2328 ;
3512 2264 3635 2332 quia
3653 2264 3670 2293 ³

2082 2374 2307 2417 necesse
2330 2367 2434 2429 est,
2462 2374 2584 2415 cum
2613 2359 2790 2413 inesse
2832 2358 2919 2412 vel
2958 2357 3147 2412 adesse
3173 2355 3388 2423 dicitur,
3419 2354 3554 2408 duas
3575 2369 3670 2422 pu-

2083 2461 2198 2508 tare
2227 2452 2555 2522 signiﬁcatas
2594 2464 2716 2507 esse
2744 2464 3029 2520 personas,
3061 2463 3181 2505 cum
3211 2457 3267 2504 et
3291 2448 3467 2502 anima
3518 2450 3667 2502 carni

2082 2556 2196 2598 sua:
2222 2543 2401 2598 inesse
2429 2542 2640 2597 dicatur
2668 2550 2722 2597 et
2749 2541 2961 2609 adesse,
2994 2555 3114 2596 cum
3145 2555 3264 2595 eam
3293 2539 3463 2595 nutrit
3499 2554 3563 2594 ac
3594 2539 3669 2594 [ος

2087 2643 2195 2698 vet,
2227 2640 2283 2687 et
2310 2647 2340 2686 a
2374 2632 2579 2688 morbis
2622 2632 3069 2702 passionibusque
3096 2630 3356 2687 defendit.
3388 2630 3583 2686 Verum
3622 2638 3671 2687 et

2084 2726 2189 2778 hoc
2217 2723 2638 2789 constituamus,
2670 2723 2812 2792 quod
2860 2722 3064 2793 antiqui
3114 2722 3364 2778 doctores
3417 2721 3673 2779 Ecclesiae

2084 2809 2360 2880 dixerunt,
2384 2815 2636 2885 quoniam
2671 2815 2811 2870 Deus
2843 2815 3073 2870 Verbum
3100 2815 3172 2868 sit
3213 2814 3584 2883 principaliter
3618 2818 3672 2867 et

2084 2906 2381 2961 secundum
2409 2908 2697 2962 essentiam
2738 2907 3043 2977 unigenitus
3096 2907 3263 2962 Filius
3306 2907 3398 2962 Dei
3424 2905 3485 2973 ις
3517 2906 3673 2961 homo

2084 3014 2216 3056 vero
2259 3009 2569 3068 assumptus
2616 3015 2684 3055 ex
2712 3000 2919 3055 unitate
2950 3015 3193 3069 persona:
3240 3002 3356 3068 ejus
3384 3001 3590 3067 accepit
3620 3011 3674 3054 ut

2084 3094 2391 3164 unigenitus
2435 3094 2605 3149 Filius
2649 3108 2864 3162 semper
2904 3101 3049 3149 esset
3092 3107 3157 3148 ac
3204 3093 3502 3155 diceretur,
3533 3103 3587 3149 et
3626 3094 3674 3148 in

390 3181 621 3239 deantur
649 3192 834 3239 contra
857 3185 1161 3251 veritatem,
1192 3200 1351 3255 quam
1383 3200 1482 3241 nos
1503 3200 1599 3256 pro
1622 3187 1843 3243 veritate
1864 3195 1975 3243 sat-
2005 3197 2051 3259 (ζ
2090 3184 2247 3239 unius
2271 3184 2389 3239 Filii
2415 3184 2774 3255 appellatione
2795 3184 3273 3255 cointelligeretur.
3303 3183 3548 3254 Nunquid
3579 3184 3673 3238 hoc

389 3290 571 3346 agere.
618 3275 749 3331 Nam
773 3276 819 3331 si
849 3275 926 3330 illi
955 3276 1286 3332 clarissimos
1314 3276 1571 3332 Ecclesia:
1595 3276 1842 3333 doctores
1865 3293 1978 3333 sua:

390 3367 527 3438 parti
545 3366 788 3422 volentes
810 3366 1103 3436 applicare,
1118 3367 1409 3422 sententias
1430 3382 1641 3437 eorum,
1665 3368 1981 3424 Nestoriano

389 3456 626 3528 dogmati
672 3457 960 3513 manifeste
989 3459 1309 3526 contrarias,
1345 3472 1412 3513 ex
1441 3458 1560 3513 aliis
1582 3458 1759 3514 minus
1783 3459 1982 3526 apertis

390 3548 682 3605 obscurare
708 3559 992 3615 conantur,
1017 3559 1071 3603 et
1101 3550 1152 3603 in
1197 3564 1350 3604 suam
1394 3550 1719 3619 detorquere
1766 3560 1981 3605 sentcn-

391 3641 557 3705 tiam;
586 3640 759 3695 multo
787 3641 957 3710 magis
981 3655 1079 3723 nos
1108 3655 1170 3695 ea
1199 3658 1319 3709 quae
1349 3642 1508 3697 dubia
1536 3642 1784 3697 videntur
1815 3644 1866 3697 in
1888 3658 1984 3697 eo-

391 3749 509 3789 rum
537 3734 731 3800 dictis,
764 3735 956 3789 melius
1001 3735 1421 3802 interpretamur
1467 3750 1532 3790 ex
1580 3735 1664 3790 his
1691 3750 1809 3805 qure
1838 3744 1981 3790 certa

390 3836 538 3893 sunt,
567 3842 631 3882 ex
660 3842 766 3897 quo
796 3826 1076 3883 Nestorius
1119 3827 1451 3893 ostendatur,
1479 3836 1536 3881 ut
1567 3828 1690 3882 novi
1718 3826 1986 3895 dogmatis

391 3916 676 3983 inventor,
726 3930 832 3971 non
884 3915 1152 3970 immerito
1202 3916 1363 3970 fuisse
1412 3915 1719 3968 damnatus.
1765 3914 1988 3969 Constat

393 4019 523 4076 ergo
536 4005 741 4073 aliquos
756 4007 771 4036 ³
786 4020 847 4060 ex
870 4007 1098 4076 antiquis
1118 4005 1370 4059 Ecclesiae
1391 4005 1702 4060 doctoribus
1718 4003 1920 4059 dixisse
1937 4014 1985 4071 ι,

393 4101 644 4169 quoniam
668 4098 810 4153 Deus
834 4098 1070 4153 Verbum
1102 4106 1432 4167 assumptum
1465 4096 1738 4151 hominem
1771 4098 1989 4153 tradidit

394 4191 574 4246 morti.
604 4188 852 4257 Nunquid
885 4188 932 4242 si
962 4189 1063 4243 hoc
1101 4189 1400 4243 Nestoriani
1448 4187 1588 4242 male
1632 4187 1991 4258 intclligentes

394 4284 625 4340 dixerint
655 4282 796 4353 quod
841 4282 974 4339 duas
1023 4282 1293 4337 voluerint
1340 4282 1647 4353 signiﬁcate
1693 4273 1987 4352 personas,

395 4376 548 4448 quasi
579 4376 743 4430 altrra
772 4374 841 4429 sit
873 4374 966 4429 Dei
1001 4374 1159 4429 Verbi
1204 4372 1480 4439 tradentis,
1509 4383 1563 4427 et
1591 4374 1758 4428 altera
1782 4372 1806 4406 ⁸
1833 4388 1989 4444 quem

392 4470 590 4524 dicitur
621 4454 940 4533 tradidisse,
970 4481 1068 4521 nos
1091 4465 1113 4496 ⁸
1134 4480 1346 4535 quoque
1368 4465 1665 4519 calumnias
1690 4480 1873 4520 eorum
1901 4464 1994 4518 ad-

2084 3290 2304 3347 quoque
2327 3291 2432 3332 nou
2460 3291 2744 3346 possumus
2768 3291 2865 3344 pro
2892 3277 3236 3333 distinctione
3259 3277 3433 3346 potius
3465 3286 3674 3332 natura-

2084 3383 2236 3434 rum,
2293 3383 2452 3438 quam
2510 3366 2777 3423 divisione
2832 3382 3076 3435 personae
3127 3368 3335 3423 dictum
3390 3370 3675 3439 accipere;

2084 3457 2225 3512 sicut
2255 3458 2483 3513 dicimus
2511 3498 2526 3521 ,
2556 3458 2780 3513 interior
2812 3457 2975 3514 homo
3006 3459 3374 3528 principaliter
3405 3461 3567 3514 homo
3594 3461 3675 3513 di-

2085 3550 2256 3614 citur,
2302 3550 2452 3619 cujus
2498 3551 2731 3605 essentia
2772 3549 2910 3605 facta
2967 3559 3050 3605 est
3105 3551 3171 3603 ad
3212 3552 3495 3621 imaginem
3535 3551 3674 3607 Dei:

2088 3642 2249 3697 homo
2292 3658 2423 3698 vero
2478 3644 2714 3699 exterior
2763 3643 2831 3699 de
2878 3644 3007 3699 limo
3052 3643 3346 3713 plasmatus
3382 3659 3447 3699 ex
3480 3645 3625 3698 unita
3652 3660 3678 3699 e

2087 3751 2330 3806 persona:
2361 3737 2477 3806 ejus
2503 3739 2710 3806 accepit
2737 3746 2792 3792 ut
2821 3739 2936 3805 ipse
2957 3751 3168 3806 quoque
3196 3735 3357 3790 homo
3384 3736 3678 3802 diceretur,

2088 3837 2143 3882 et
2188 3829 2240 3882 in
2293 3829 2450 3882 unius
2508 3829 2740 3885 hominis
2790 3828 3149 3898 appellatione
3196 3827 3678 3896 cointelligeretur,

2089 3933 2393 3987 quanquam
2419 3918 2535 3988 ipse
2562 3934 2667 3973 non
2694 3919 2764 3973 sit
2790 3919 2854 3972 ad
2889 3918 3172 3988 imaginem
3195 3926 3250 3972 et
3274 3916 3678 3972 similitudfnem

2092 4010 2185 4065 Dei
2216 4010 2410 4077 factus,
2438 4011 2533 4066 sed
2564 4010 2847 4080 pecoribus
2876 4010 3107 4063 similior
3133 4024 3255 4064 esse
3278 4008 3562 4063 videa'ur?
3591 4009 3681 4061 ili-

2091 4100 2263 4153 cimus
2307 4100 2490 4166 etiam,
2547 4102 2665 4155 siue
2715 4101 2870 4154 unius
2918 4099 3179 4154 divisione
3227 4113 3489 4168 personae,
3539 4099 3679 4169 quod

2094 4184 2509 4249 homo'iuterior
2538 4195 2731 4250 merito
2761 4209 2871 4248 suae
2898 4192 3021 4247 ﬁdei
3045 4192 3368 4263 justificatus
3397 4193 3589 4247 transit
3629 4193 3680 4246 in

2092 4286 2433 4356 adoptionem
2464 4286 2691 4341 ﬁliorum
2716 4287 2806 4341 Dei
2832 4303 2845 4352 ;
2871 4285 3111 4339 exterior
3133 4296 3308 4337 autem
3338 4298 3429 4352 per
3461 4283 3680 4337 interio-

2092 4378 2167 4433 ris
2194 4378 2577 4443 adhmsionem,
2607 4390 2946 4432 communem
2978 4388 3099 4429 cum
3130 4374 3224 4427 illo
3252 4373 3476 4441 suscipit
3504 4373 3681 4441 digni-

2094 4477 2279 4534 tatem,
2308 4470 2566 4539 Apostolo
2596 4482 2809 4538 quoque
2836 4467 3047 4521 dicente
3072 4480 3086 4519 :
3115 4464 3183 4518 Et
3211 4465 3256 4519 si
3283 4465 3501 4518 exterior
3533 4463 3682 4517 homo

394 4581 583 4623 versus
612 4565 907 4622 Ecclesium
961 4566 1176 4620 firmare
1222 4564 1515 4629 debemus,
1546 4571 1601 4619 et
1630 4560 1813 4617 testari
1844 4558 1983 4628 quod
2018 4584 2066 4644 υ
2094 4574 2261 4619 noster
2289 4564 2671 4631 corrumpitur,
2712 4562 2802 4615 sed
2840 4562 3051 4615 interior
3091 4570 3363 4614 renovatur
3407 4558 3470 4611 de
3509 4559 3591 4611 die
3632 4562 3682 4611 in

395 4660 528 4716 tales
548 4659 832 4732 aliquando
860 4659 1105 4713 doctores
1138 4656 1418 4723 habuerit,
1449 4656 1541 4726 qui
1563 4670 1667 4709 non
1697 4666 1857 4706 unam
1891 4649 1984 4705 Dei

397 4761 556 4822 atque
606 4751 837 4805 hominis
890 4750 1301 4820 prredicaveriut
1352 4762 1473 4803 esse
1522 4758 1829 4817 personam,
1862 4742 1983 4796 cum

397 4844 567 4897 multa
618 4840 811 4897 similia
864 4840 1157 4895 habeamus
1206 4835 1675 4906 exempla?Unde
1726 4834 1855 4887 illud
1904 4842 2009 4887 est‘

326 4994 329 4997 _
400 4929 637 5000 Apostoli
668 4929 809 4998 quod
839 4928 1008 4983 dicit:
1042 4929 1278 4982 Lividum
1324 4928 1460 4998 facio
1506 4940 1690 4993 corpus
1722 4939 1906 4985 meum,
1940 4929 1987 4974 et

397 5022 570 5091 redigo
598 5019 826 5072 servituti
848 5017 915 5091 (1
959 5020 1077 5074 Cor.
1112 5033 1185 5083 rx,
1218 5018 1333 5088 27),
1366 5032 1470 5071 non
1500 5016 1656 5095 aliam
1686 5015 1874 5069 volens
1906 5016 1984 5066 in-

403 5112 565 5181 telligi
595 5122 876 5179 personam
910 5108 1126 5163 lividum
1184 5108 1426 5163 facientis
1473 5121 1669 5175 corpus
1723 5120 1897 5172 suum,
1930 5113 1985 5158 et

470 5276 496 5303 ι
537 5267 665 5332 Quae
707 5265 1096 5335 subjiciuntur,
1148 5267 1486 5334 pronuntiata
1521 5263 1789 5320 Theodori
1823 5264 1985 5317 fuisse
2054 5263 2059 5268 ’

400 5338 531 5392 satis
560 5346 773 5391 constat
814 5353 876 5391 ex
930 5337 1136 5406 synodo
1158 5352 1210 5402 v,
1238 5348 1290 5390 et
1317 5352 1381 5391 ex
1412 5338 1635 5391 Leontio
1670 5336 1982 5406 Byzantino.

399 5408 506 5464 Sed
537 5409 834 5462 consultius
878 5404 1130 5461 Facundo
1179 5411 1349 5460 visum
1397 5416 1479 5461 est
1518 5422 1582 5461 ea
1613 5405 1712 5459 sub
1755 5404 1985 5456 aliorum

400 5480 488 5547 qui
512 5480 697 5533 eodem
729 5479 889 5532 modo
913 5478 1071 5532 locuti
1100 5486 1305 5544 essent,
1326 5493 1483 5549 quam
1507 5478 1605 5532 sub
1628 5474 1784 5529 unius
1808 5473 1986 5529 Theo-

402 5550 516 5603 dori
548 5552 763 5605 nomine
792 5549 1027 5604 defendi.

477 5706 492 5734 ‘
521 5703 650 5759 Cod.
678 5705 901 5768 Verum,
935 5705 1312 5759 Constituamus
1336 5703 1508 5771 igitur,
1536 5702 1753 5772 aliquas.

474 5776 494 5806 ’
521 5775 659 5845 ldetn
681 5776 828 5837 cod.,
859 5779 1020 5827 altera
1053 5775 1273 5827 hominis
1303 5790 1471 5845 quem.

472 5847 489 5875 ⁸
521 5844 663 5899 Idem
689 5848 830 5913 cod.,
866 5848 974 5899 ideo
1007 5864 1113 5899 nos.

2088 4656 2221 4708 diem
2245 4652 2331 4725 (II
2352 4652 2471 4708 Cor.
2505 4670 2577 4718 tv,
2610 4651 2726 4724 16).
2754 4652 2809 4707 Si
2832 4651 3094 4716 dicamus,
3124 4666 3228 4704 nou
3250 4650 3473 4704 interior
3501 4654 3681 4715 homo,

2089 4745 2182 4800 sed
2213 4745 2450 4801 exterior
2499 4744 2661 4798 homo
2708 4743 3105 4812 corrumpitur;
3152 4752 3243 4795 aut
3292 4758 3397 4794 non
3449 4742 3684 4795 exterior

2090 4840 2272 4903 homo,
2322 4839 2418 4895 sed
2463 4839 2687 4893 interior
2734 4844 3022 4893 renovatur
3050 4836 3117 4890 de
3145 4834 3233 4889 die
3266 4834 3319 4888 in
3348 4834 3512 4898 diem,
3546 4849 3683 4887 nun-

2088 4932 2214 5001 quid
2243 4932 2294 4986 in
2325 4931 2459 4986 duas
2487 4929 2858 4984 subsistentias
2886 4943 2916 4981 a
2943 4928 3236 4996 semetipso
3275 4925 3548 4981 hominem
3594 4941 3682 4977 se-

2092 5021 2379 5089 paramus?
2404 5021 2543 5091 Ergo
2572 5020 2619 5075 si
2651 5019 2786 5073 tales
2816 5017 3157 5072 inveniantur
3186 5016 3255 5072 de
3295 5016 3510 5071 Christo
3541 5031 3683 5085 quze-

2085 5116 2207 5170 dam
2231 5115 2526 5170 locutiones
2555 5114 2795 5181 Patrum,
2819 5111 2886 5166 ad
2909 5112 3134 5166 duarum
3162 5110 3336 5180 potius
3363 5118 3680 5163 naturarum

2157 5264 2186 5304 b
2218 5267 2595 5341 npmgordnmg.
2616 5263 2727 5317 llac
2752 5262 2896 5317 enim
2930 5275 3064 5317 voce
3078 5275 3221 5341 usus
3242 5258 3559 5341 Theodorus
3588 5256 3679 5341 lib.

2088 5353 2164 5391 xtl
2215 5328 2282 5392 de
2334 5336 2727 5397 lucaruatione,
2759 5348 2878 5388 cum
2921 5348 2989 5388 ex
3042 5332 3248 5399 placitis
3297 5330 3412 5383 suis
3460 5328 3681 5383 doceret

2089 5407 2256 5461 Deum
2307 5406 2537 5461 Verbum
2585 5420 2767 5459 verum
2819 5418 2940 5457 esse
2993 5402 3184 5455 Filium
3232 5400 3325 5454 Dei
3363 5417 3374 5451 :
3410 5400 3680 5451 hominem

2094 5492 2221 5531 vero
2250 5486 2582 5543 assumptum
2619 5473 3074 5544 συνεπιδέχεσθᾳι,
3108 5481 3160 5524 et
3204 5469 3533 5542 participare
3559 5466 3679 5523 Filii

2094 5547 2403 5619 dignitatem
2433 5542 2631 5602 unione
2655 5561 2778 5600 eum
2811 5542 2984 5601 verbo
3006 5542 3166 5598 facta.

2167 5704 2189 5737 ⁸
2219 5707 2358 5761 Idem
2386 5702 2531 5769 cod.,
2556 5701 2685 5753 Item
2717 5716 2850 5754 cum.

2169 5778 2188 5808 ⁵
2216 5778 2359 5833 Idem
2382 5773 2526 5843 cod.,
2558 5774 2699 5843 quid.
