3978 6350
162 384 247 441 761
1024 381 1159 437 PRO
1198 381 1622 439 DEFENSIONE
1661 379 1879 437 TRIUM
1917 376 2232 434 CAPITUL.
2276 378 2404 433 LIB.
2448 377 2539 437 IX.

3326 383 3427 437 7:;2

163 496 516 557 discretionem
547 510 707 566 quam
735 494 799 549 ad
831 508 986 549 unius
1014 509 1255 564 personae
1287 494 1606 549 divisionem
1637 508 1728 548 eas
1760 495 1807 550 A
1839 490 1904 545 de
1930 490 2299 546 lncarnatione
2326 491 2466 547 libra
2489 490 2746 547 adversus
2770 493 2988 548 eosdem
3036 496 3427 564 Αιιοιίηιιιὶ-ιςιι

162 593 342 649 referre
368 589 650 644 debemus.
702 587 905 642 Deinde
945 601 1067 642 cum
1121 588 1357 641 hmrctici
1403 585 1730 657 Synusiastze

160 692 385 752 putarent
429 680 701 736 (.hristum
738 679 894 734 unius
939 679 1187 735 essentia:
1218 688 1398 734 natum
1434 680 1483 744 ²,
1530 693 1630 733 nec
1663 694 1732 732 ex

157 772 301 832 utero
327 774 559 845 Virginis
608 773 860 845 habuisse
904 788 1119 827 carnem
1145 814 1158 837 ,
1192 772 1284 828 sed
1332 773 1503 838 potius
1532 773 1584 826 in
1617 754 1733 839 ejus

159 879 300 925 utero
328 869 492 945 Deum
528 867 762 922 Verbum
800 875 1003 945 partem
1035 882 1145 920 suae
1174 867 1504 931 substantiae,
1554 866 1605 920 id
1652 876 1736 920 est

160 961 373 1026 deitatis,
404 944 459 1015 in
486 973 705 1015 carnem
733 958 836 1013 sibi
869 960 1124 1023 vertisse;
1178 959 1331 1012 et'in
1370 958 1457 1011 illa
1495 957 1730 1022 quidem,

160 1052 246 1107 sed
270 1066 366 1106 non
388 1066 453 1108 es
485 1051 574 1106 illa
608 1051 943 1105 incarnatum
974 1064 1092 1103 esse
1121 1049 1405 1103 credentes
1428 1094 1443 1117 ,
1496 1063 1600 1103 non
1648 1063 1733 1102 so-

162 1142 265 1207 lum.
302 1142 349 1196 in
388 1141 688 1204 divinitate,
722 1155 909 1194 verum
939 1139 1099 1193 etiam
1155 1140 1206 1192 in
1254 1154 1416 1192 carne
1447 1180 1462 1200 .
1503 1138 1736 1192 consuli-

159 1231 445 1286 stantialem
477 1230 721 1285 dicereut
765 1229 944 1294 Patri;
983 1229 1075 1283 sed
1120 1240 1305 1284 contra
1337 1229 1582 1283 catholici
1616 1229 1737 1299 qui—

164 1337 259 1390 que
282 1324 526 1377 doctores
556 1330 882 1384 assererent,
914 1318 1053 1387 quod
1078 1318 1322 1373 Christus
1346 1332 1411 1373 ex
1440 1317 1734 1373 substan'ia

167 1414 381 1481 Virginis
435 1421 591 1467 natus
664 1423 826 1467 esset.
890 1411 1265 1482 Apolinaristaa
1320 1427 1546 1477 rursus,
1602 1411 1737 1465 hanc

162 1503 446 1559 doctrinam
488 1504 730 1559 veritatis
771 1502 1124 1565 inl‘amantes,
1153 1503 1426 1572 jactabant
1454 1504 1593 1572 quod
1633 1503 1736 1556 Ec-

166 1594 314 1651 clesia
341 1596 418 1649 s'c
445 1594 664 1650 doceret
692 1594 965 1648 Christum
997 1603 1179 1648 natum
1207 1609 1271 1647 ex
1304 1594 1517 1663 Virgine
1542 1636 1556 1660 ,
1589 1596 1738 1663 quasi

164 1688 312 1743 etiam
340 1687 631 1753 secundum
663 1686 916 1741 deitatem
947 1701 1017 1741 ex
1045 1687 1129 1741 illa
1161 1690 1479 1755 sumpsisset
1507 1688 1739 1751 initium,

164 1781 465 1849 praedicaret
493 1780 661 1833 Deum
701 1778 931 1832 Verbum
964 1793 1070 1832 non
1114 1788 1238 1832 ante
1264 1780 1458 1833 saecula
1489 1793 1551 1833 ex
1584 1778 1741 1832 Patre

1836 582 1964 636 dicit
1992 600 2004 634 :
2067 601 2086 634 ι
2120 583 2173 639 Si
2206 584 2389 651 utique
2413 584 2553 651 quod
2584 584 2784 639 dictum
2828 596 2911 639 est
2946 586 3170 641 Verbum
3191 605 3319 643 caro
3349 590 3427 659 fa-

1794 684 1971 740 ,ctum
2018 685 2127 742 est,
2174 676 2467 731 secundum
2517 677 2747 745 aliquam
2778 680 3183 733 conversionem
3225 681 3429 738 dictum

1836 776 1935 829 est,
1977 767 2245 835 quomodo
2291 768 2593 821 in/iabimvit
2642 770 3040 835 suscipiendum
3081 773 3206 826 cst?
3248 773 3429 831 Palam

1836 871 1918 916 est
1959 864 2101 916 enim
2148 862 2433 930 omnibus,
2477 863 2597 931 quia
2646 863 2785 932 quod
2832 863 3120 933 inhabitat,
3156 866 3299 920 aliud
3344 878 3432 926 est

1837 969 1995 1024 quam
2045 954 2186 1023 quod
2236 953 2585 1008 inhabitatur.
2626 962 2644 1006 ι
2702 954 2806 1009 Sed
2860 954 2997 1007 idem
3050 958 3312 1024 interpres
3347 968 3432 1015 est
3486 1012 3487 1015 η

1838 1047 2037 1113 ριοιιιὶἰ
2070 1046 2240 1109 verbi,
2268 1055 2323 1100 et
2355 1047 2692 1113 praeveniens
2723 1062 2937 1101 omnem
2969 1046 3288 1102 calumniam
3333 1051 3431 1105 tibi

1839 1138 2049 1191 claudet
2077 1154 2089 1189 :
2127 1155 2145 1187 ι
2176 1136 2495 1191 luhabitavit
2524 1139 2665 1192 enim
2698 1138 2749 1191 in
2797 1138 2972 1201 nobis,
3008 1149 3245 1193 nostram
3280 1150 3435 1193 natu-

1840 1242 1953 1281 ram
1982 1242 2199 1282 sumens
2220 1235 2274 1282 et
2295 1228 2559 1294 habitans,
2581 1240 2630 1281 et
2655 1228 2708 1282 in
2732 1244 2793 1283 ea
2822 1232 2998 1283 omnia
3023 1230 3212 1284 salutis
3239 1240 3435 1288 nostra:

1840 1320 2176 1389 dispensans.
2235 1319 2517 1386 Quomodo
2552 1334 2680 1389 ergo
2726 1320 3032 1375 inhabitans
3066 1337 3193 1376 cara
3236 1323 3432 1379 factum

1841 1422 1924 1466 est
1951 1411 2041 1467 Dei
2070 1411 2089 1441 ³
2121 1411 2384 1465 Verbum?
2430 1412 2609 1466 Palam
2655 1420 2740 1467 est
2783 1414 2905 1482 quia
2958 1430 3063 1468 non
3106 1430 3430 1483 conversus,

1843 1519 2015 1573 neque
2062 1503 2380 1570 translatus;
2438 1519 2541 1559 non
2573 1505 2716 1558 enim
2748 1505 3043 1561 inhabitare
3073 1507 3367 1563 diceretur.
3412 1529 3431 1562 ι

1845 1595 2179 1651 Manifestum
2225 1605 2308 1651 est
2353 1611 2483 1666 ergo
2511 1613 2577 1651 ex
2610 1597 2713 1652 his
2761 1598 3025 1653 Theodori
3059 1602 3261 1667 verbis,
3293 1604 3434 1672 quod

1844 1688 2046 1755 antiqui
2095 1688 2344 1743 doctores
2415 1690 2670 1744 Ecclesia:
2712 1690 2899 1745 Deum
2963 1691 3196 1747 Verbum
3251 1705 3435 1753 contra

1849 1778 2193 1847 Evangelium
2226 1794 2333 1832 non
2388 1780 2703 1851 negaverint
2748 1795 2966 1835 carnem
3010 1781 3249 1835 factum:
3300 1798 3442 1853 quo-

163 1870 272 1923 sine
294 1869 460 1932 initio,
490 1869 584 1923 sed
610 1884 674 1923 ex
709 1868 826 1937 ejus
850 1877 1002 1923 utero
1025 1877 1207 1922 natum
1236 1884 1376 1934 esse,
1406 1868 1456 1921 id
1487 1876 1571 1924 est
1601 1869 1743 1922 velut
1775 1871 1819 1929 Β
1849 1869 2006 1923 modo
2032 1869 2174 1924 enim
2206 1880 2426 1939 possent
2459 1872 2747 1940 Evangelia
2778 1882 2962 1940 aperte
2993 1874 3268 1940 resiStere,
3297 1884 3352 1929 et
3383 1875 3436 1932 in

164 1963 247 2028 qui
294 1971 413 2018 ante
460 1978 565 2016 non
606 1970 774 2027 esset,
805 1963 1082 2017 exstitisse
1113 1963 1334 2018 diceret.
1372 1963 1538 2032 Cujus
1571 1978 1746 2017 remo.

166 2052 339 2132 venda:
366 2054 754 2108 criminatiouis
803 2056 1127 2109 necessitate
1150 2096 1166 2121 ,
1213 2056 1258 2109 si
1294 2055 1459 2124 aliqui
1489 2057 1746 2110 adversus

166 2159 253 2201 eos
281 2161 343 2199 ex
374 2146 605 2213 antiquis
642 2144 894 2200 Ecclesia
939 2144 1249 2200 doctoribus
1274 2188 1289 2211 ,
1324 2147 1549 2201 necdum
1581 2162 1646 2200 ex
1669 2146 1743 2199 al-

166 2243 272 2289 tera
300 2246 443 2302 parte
473 2234 797 2289 sollicitante
836 2234 1065 2290 Nestorii
1110 2237 1428 2306 quiestiOue,
1466 2236 1739 2302 dixerunt,

166 2339 266 2379 non
297 2325 430 2378 Deus
464 2325 693 2380 Verbum
724 2340 789 2378 ex
818 2326 1043 2380 muliere
1072 2334 1229 2380 natus
1259 2335 1375 2382 est:
1410 2335 1661 2395 tanquam
1698 2329 1745 2383 si

164 2416 414 2483 dicereut,
448 2432 575 2481 non,
609 2426 668 2472 ut
694 2418 1096 2473 calunmiamini
1120 2461 1133 2483 ,
1170 2418 1273 2475 hoc
1300 2421 1457 2473 docet
1486 2419 1741 2485 Ecclesia,

162 2510 300 2579 quod
328 2511 503 2566 divina
538 2512 631 2565 Dei
659 2509 815 2566 Verbi
845 2520 1032 2565 natura
1061 2526 1125 2566 ex
1159 2520 1312 2566 utero
1341 2514 1363 2544 ³
1399 2511 1628 2580 Virginis
1648 2525 1745 2566 ex-

165 2601 315 2665 stitit,
353 2601 446 2657 sed
492 2600 743 2666 humana,
794 2616 913 2670 qua)
962 2617 1027 2656 ex
1075 2602 1281 2656 semine
1324 2602 1488 2657 David
1520 2602 1749 2671 sumpsit

166 2692 367 2746 initium
397 2711 409 2746 :
441 2691 633 2747 ideone
661 2705 848 2746 causas
873 2707 969 2747 cur
998 2690 1073 2746 ita
1107 2693 1269 2747 locuti
1299 2703 1445 2757 sunt,
1471 2709 1575 2748 non
1599 2694 1749 2748 inve-

166 2783 358 2851 stigare
387 2795 448 2836 ac
476 2780 847 2836 demonstrare
882 2780 1138 2836 debemus
1159 2825 1174 2850 ,
1207 2783 1301 2838 sed
1333 2783 1745 2838 condemnanda

165 2886 276 2939 eos,
304 2872 446 2927 velut
466 2871 768 2927 Nestoriani
795 2872 997 2929 erroris
1024 2882 1292 2937 auctores,
1322 2871 1522 2928 Christi
1568 2864 1750 2930 Eccle-

156 2964 315 3029 aiam,
344 2962 393 3018 in
423 2962 574 3032 cujus
604 2963 809 3026 honore
835 2962 1074 3018 defuncti
1105 2972 1254 3029 sunt,
1297 2964 1605 3019 criminari?
1644 2966 1752 3021 Aut

164 3055 211 3111 si
237 3054 490 3109 adversus
528 3053 840 3110 earumdem
864 3055 1344 3124 Apolinaristarum
1374 3055 1747 3124 intentionem,

166 3142 304 3199 rrale
346 3142 811 3212 interpretantium
860 3144 1025 3199 verba
1073 3142 1297 3199 Joannis
1335 3145 1746 3215 evangelista,

1850 1952 1951 2016 illa
1970 1963 2216 2018 honorati
2244 1965 2508 2019 manere?
2537 1965 2641 2019 Sed
2664 2008 2676 2027 .
2721 1967 2859 2021 sicut
2889 1966 2975 2022 hic
3006 1969 3181 2035 docet,
3215 1984 3437 2025 conver-

1847 2052 2051 2107 sionem
2085 2053 2351 2109 ‘carnem
2412 2056 2580 2110 factus
2644 2056 2907 2113 adversus
2956 2060 3436 2127 Apolinaristarnm

1850 2144 2112 2199 insaniam
2138 2146 2473 2216 denegabant
2498 2165 2511 2200 '.
2542 2148 2681 2203 sicut
2708 2150 2760 2203 iu
2789 2150 3075 2219 Evangelia
3107 2154 3318 2209 dicente
3344 2156 3436 2209 Do-

1852 2236 2017 2301 mina,
2050 2236 2204 2292 Pater
2233 2239 2401 2309 major
2440 2255 2518 2292 me
2563 2252 2637 2293 est
2676 2239 2855 2308 (Joan.
2894 2257 3003 2311 xlv,
3054 2244 3135 2311 2),
3188 2247 3437 2313 quoniam

1850 2327 2031 2381 Ariani
2066 2328 2167 2381 hac
2195 2328 2502 2383 testimonia
2527 2328 2843 2396 abutuntur,
2893 2334 3054 2387 etiam
3093 2349 3192 2388 nos
3228 2336 3437 2391 illorum

1848 2416 2131 2473 intentioni
2158 2434 2261 2473 non
2278 2419 2567 2490 Evangelia
2595 2421 2927 2486 resistentes,
2947 2438 3204 2493 negamus
3227 2425 3437 2480 Patrem

1849 2508 1984 2564 Filio
2025 2524 2146 2565 esse
2192 2510 2475 2581 majorem.
2513 2512 2577 2565 Et
2622 2512 2666 2566 si
2698 2514 2817 2581 quis
2844 2515 3003 2568 etiam
3037 2515 3125 2570 hic
3156 2518 3439 2571 verborum

1848 2613 2013 2656 sonos
2056 2611 2111 2655 et
2147 2617 2255 2656 non
2298 2604 2631 2671 propositum
2664 2606 2861 2658 mentis
2899 2607 3175 2677 attendat,
3211 2608 3439 2663 Arianos

1852 2691 2028 2759 potius
2055 2706 2216 2760 quam
2247 2705 2346 2744 nos
2376 2690 2587 2758 putabit
2624 2691 2898 2761 Evangelii
2930 2695 3210 2748 sententiae
3248 2709 3441 2750 conve-

1852 2780 1989 2835 nire.
2036 2780 2319 2847 Quomodo
2356 2790 2534 2836 autem
2586 2782 2828 2838 dicerent
2878 2786 3274 2853 Apolinaristm,
3314 2786 3443 2842 Ver-

1851 2877 1967 2928 bum
1996 2890 2115 2927 caro
2142 2878 2336 2944 factum
2358 2883 2453 2941 est,
2483 2883 2534 2928 et
2556 2876 2827 2944 quomodo
2856 2878 3106 2933 catholici
3152 2882 3440 2948 re-ponde-

1851 2974 1992 3031 rent,
2021 2965 2063 3019 si
2090 2973 2269 3019 tamen
2306 2964 2381 3019 ita
2412 2964 2757 3036 respondisse
2803 2978 3192 3035 monstrantur,
3231 2956 3446 3026 Verbum

1852 3073 1972 3111 caro
2009 3074 2109 3112 non
2149 3058 2341 3129 factum
2383 3067 2474 3123 est,
2518 3059 2759 3115 Ecc'esia
2794 3060 3067 3129 indicabit,
3099 3078 3216 3132 quae
3243 3074 3297 3119 et
3328 3067 3442 3121 illos

1854 3150 2081 3220 expulit,
2110 3160 2163 3205 et
2189 3150 2311 3206 illos
2338 3152 2359 3182 ⁸
2388 3150 2573 3205 habuit
2613 3152 2923 3208 honoratas.
2969 3154 3120 3209 Unde
3165 3158 3443 3225 consequi-

164 3236 353 3307 quibus
378 3236 491 3290 ait:
530 3233 753 3288 Verbum
797 3252 918 3289 rara
947 3236 1142 3306 factum
1170 3245 1245 3290 est
1271 3234 1448 3307 (Joan.
1481 3252 1520 3303 ι,
1556 3236 1666 3305 14),
1697 3249 1749 3293 et
1779 3235 1823 3297 C
1858 3252 1941 3295 tur
1980 3248 2039 3294 ut
2066 3241 2112 3295 si
2142 3241 2260 3310 quis
2285 3241 2355 3297 ab
2379 3241 2617 3297 Ecclesia
2639 3243 2771 3297 istos
2816 3243 3047 3298 noluerit
3069 3245 3090 3275 ⁸
3135 3246 3442 3315 expellere,

164 3327 472 3395 dicentium,
506 3328 646 3395 quod
674 3328 1102 3384 convertibiliter
1133 3327 1366 3383 Verbum
1399 3343 1526 3384 caro
1566 3329 1637 3384 sit
1674 3330 1756 3384 fa;

158 3426 325 3482 ctum,
377 3419 774 3486 responderunt
812 3420 976 3487 aliqui
1023 3419 1264 3474 dicentes
1299 3435 1313 3472 :
1350 3419 1489 3473 Deus
1522 3419 1752 3474 Verbum

162 3525 270 3564 non
303 3508 472 3564 factus
502 3520 585 3565 est
613 3526 739 3565 caro
766 3520 827 3577 λ,
877 3511 928 3565 id
957 3520 1038 3566 est
1066 3511 1509 3578 convertibiliter,
1545 3512 1638 3567 sed
1670 3528 1757 3567 as-

162 3601 392 3670 sumpsit
413 3616 624 3657 i-arnem
657 3616 880 3657 manens
910 3602 1049 3673 quod
1075 3611 1212 3666 erat,
1245 3601 1534 3669 Evangelia
1557 3601 1755 3656 debent

159 3694 415 3748 contrarii
440 3694 713 3764 judicari?
744 3694 896 3763 Quod
951 3694 997 3749 si
1029 3695 1098 3748 ita
1128 3702 1231 3759 est,
1265 3693 1642 3763 Apolinaiistae
1674 3695 1753 3747 vi-

158 3784 431 3839 debuntur
459 3785 780 3856 evangelica:
811 3784 1183 3855 prmdicationi
1213 3797 1532 3853 congruere.
1565 3781 1623 3838 Si
1652 3797 1753 3836 au—

159 3885 274 3934 tem
305 3880 682 3948 Apolinarista:
715 3895 811 3951 pro
860 3897 971 3937 sua:
1001 3864 1545 3947 mentis‘mtentione,
1570 3895 1756 3951 quam-
1787 3881 1795 3889 “

158 3975 243 4029 vis
272 3973 515 4029 dicerent
544 3974 778 4029 Verbum
811 3990 937 4030 caro
968 3973 1165 4030 factum
1193 3984 1275 4029 est
1301 4014 1315 4039 ,
1350 3974 1548 4028 inimici
1574 3982 1755 4028 tamen

159 4066 529 4136 praedicationi
572 4068 898 4137 evangelicae
940 4066 1281 4136 judicazitur;
1332 4066 1495 4121 etiam
1546 4067 1620 4120 illi
1667 4067 1755 4136 qui

159 4158 359 4213 talibus
386 4157 441 4213 in
472 4159 710 4215 Ecclesia
741 4169 1020 4213 manentes
1043 4157 1506 4221 contradixerunt,
1532 4171 1626 4225 pro
1647 4172 1757 4211 suae

159 4248 361 4304 mentis
413 4249 710 4305 intentione
756 4250 1146 4304 convenientes
1194 4248 1557 4317 prmdicationi
1586 4263 1760 4304 evan-

157 4340 356 4411 gelicae
383 4340 715 4411 judicentur.
750 4340 958 4396 Idcirco
1004 4340 1319 4396 Theodorus
1363 4356 1576 4411 quoque
1618 4356 1760 4397 nono

245 4528 271 4556 ⁸
315 4520 582 4577 Theodori
625 4523 786 4586 verba
831 4538 897 4576 ex
937 4522 1034 4577 lib.
1072 4536 1122 4574 IV
1179 4528 1376 4582 contra,
1412 4520 1758 4586 Apolinarem

155 4594 375 4666 profert
405 4593 669 4670 iocantiu‘s
694 4582 785 4670 lib:
821 4609 879 4646 ιιι
899 4611 916 4670 ε
956 4593 1081 4656 Quis
1118 4582 1754 4670 mente‘prceditnsndifat,
1788 4612 1834 4670 ι)

154 4660 212 4721 iit
242 4680 334 4719 nos
383 4663 569 4728 dicitis,
627 4662 849 4716 Verbum
889 4663 1076 4732 factum
1126 4678 1233 4715 esse
1289 4661 1585 4714 hominem?
1643 4660 1755 4715 Nos

150 4738 296 4792 enim
342 4734 680 4800 assumpsisse
718 4734 918 4801 quidem
964 4733 1221 4785 hominem
1258 4743 1599 4785 asset'cranter
1630 4733 1757 4784 dici-

150 4825 299 4871 mus,
333 4804 527 4870 factum
548 4819 666 4856 vero
695 4819 801 4857 esse
821 4804 1075 4856 hominem
1104 4818 1362 4865 nunquam
1384 4802 1550 4855 dicere
1576 4819 1757 4869 possu-

150 4895 296 4931 mus.
338 4876 414 4927 Ex
442 4873 636 4944 quibus
664 4883 808 4946 patet
836 4888 940 4946 non
971 4873 1143 4946 solum
1173 4875 1302 4927 κατὰ
1341 4879 1533 4946 τρ-οπῂν
1563 4874 1755 4946 laetum

150 4958 397 5015 negasse
446 4942 631 5015 contra
662 4944 965 5012 Apolinaris
994 4944 1207 5012 dogma,
1228 4952 1293 5015 ut
1324 4942 1489 5015 videri
1520 4943 1633 5015 vult
1658 4942 1757 4995 Fa-

146 5010 417 5078 cundos;
466 5014 561 5068 sed
611 5010 874 5079 absolute,
927 5023 981 5065 nt
1015 5010 1104 5081 qui
1152 5012 1402 5064 unionem
1446 5010 1603 5081 Verbi
1648 5028 1754 5067 non

144 5088 326 5142 aliam
360 5096 673 5150 agnosceret
700 5098 856 5152 quam
882 5092 972 5144 τῆς
1004 5082 1275 5141 διαθέσεως
1304 5084 1389 5152 atati
1410 5080 1658 5152 εὖδᾳκίας.

228 5157 259 5195 δ
304 5156 597 5209 Theodoro
625 5150 765 5209 inter
794 5164 987 5207 cratera
1016 5154 1203 5221 objicit
1228 5153 1279 5204 iu
1303 5150 1478 5204 edicto
1500 5150 1755 5206 Justinia-

146 5243 286 5291 nus,
322 5225 467 5292 ψιυά
497 5225 699 5279 diceret
726 5225 995 5279 Christum
1028 5238 1122 5291 per
1147 5222 1467 5290 baptismum
1497 5224 1757 5284 υἱοθεσίας

142 5300 439 5362 ἀξιωθῆναι
469 5337 482 5359 ,
516 5295 741 5348 ﬁliorum
766 5293 1109 5357 adoptionem
1136 5292 1389 5362 adeptum
1419 5306 1557 5345 esse.
1588 5294 1756 5347 Leon-

142 5360 261 5421 tius
288 5381 363 5422 ex
390 5366 504 5430 ejus
538 5366 625 5417 lib.
656 5380 718 5418 ιιι
758 5364 824 5417 de
863 5365 1233 5417 lncarnatioue
1261 5380 1272 5415 :
1308 5360 1376 5414 Et
1412 5378 1513 5431 ego
1544 5364 1759 5431 gloriam

138 5454 315 5506 qnam
346 5436 534 5489 dedisti
564 5437 710 5496 mihi,
744 5436 860 5506 dedi
891 5436 981 5487 eis.
1017 5434 1303 5506 Quamnam
1323 5430 1572 5506 .’_Nempe
1603 5435 1763 5495 i'arli-

140 5503 342 5573 ἄραγε
374 5506 715 5573 adoptionem.
763 5505 913 5558 Hanc
946 5505 1079 5573 enim
1123 5504 1317 5569 accepit
1346 5503 1455 5571 ipse
1484 5506 1763 5557 secundum

134 5572 544 5631 hrimaraitatem
591 5577 880 5643 baptizatus
925 5576 978 5627 in
1021 5572 1269 5627 Iordane.
1305 5573 1475 5639 Quam
1511 5574 1761 5631 hteresim

220 5711 243 5745 ⁸
288 5708 433 5763 Cod.
474 5709 693 5773 Veram,
723 5709 869 5762 urzius
899 5723 1007 5762 esse
1028 5716 1245 5769 natum,
1278 5722 1388 5759 nec.

218 5784 243 5815 ³
291 5781 448 5834 Idem
478 5778 625 5841 cod.,
659 5782 723 5832 de
754 5789 940 5833 natura
975 5778 1215 5845 Virginis.

214 5850 246 5887 ⁸
293 5854 454 5907 Idem
489 5849 629 5915 cod.,
657 5851 821 5916 [αιειιιδ
852 5862 921 5904 cst
950 5848 1084 5904 Deus
1123 5846 1338 5902 Verbum
1372 5853 1395 5905 .’

1855 3331 2226 3386 stultissimam
2255 3347 2440 3386 eorum
2474 3334 2779 3402 progeniem
2813 3336 3173 3405 Eutychianos
3202 3354 3323 3392 cum
3348 3355 3443 3393 suo

1856 3437 2041 3478 errare
2069 3422 2231 3477 faciat
2258 3423 2502 3479 introire.
2535 3425 2888 3492 Adoytionem
2921 3442 3135 3496 quoque
3170 3428 3396 3482 filiarum
3418 3430 3443 3467 ι’

1857 3514 2161 3582 suscepisse
2193 3511 2496 3579 Christum,
2548 3515 2592 3567 si
2642 3514 2843 3582 antiqui
2890 3514 3138 3569 doctores
3191 3518 3442 3574 Ecclesia!

1856 3601 2061 3659 dixisse
2091 3606 2538 3669 manstrarentur,
2568 3618 2669 3657 nec
2699 3605 2835 3673 ipsi,
2868 3619 2967 3659 nec
2999 3607 3174 3661 omnis
3206 3609 3442 3666 Ecclesia

1858 3712 1978 3768 qua:
2005 3697 2140 3753 tales
2170 3698 2422 3752 doctores
2462 3696 2688 3761 habuit,
2736 3697 2968 3767 judicari
3016 3698 3237 3754 deberet
3275 3700 3443 3756 barre-

1861 3791 1984 3845 tica.
2016 3790 2144 3845 Nam
2176 3799 2572 3845 sacramentum
2619 3790 2922 3858 adoptionis
2952 3792 3229 3859 suscipere
3255 3793 3445 3864 digna-

1861 3892 1945 3938 tus
1992 3892 2075 3939 est
2127 3883 2403 3950 Christus,
2463 3892 2520 3939 et
2572 3883 2785 3953 quando
2839 3883 3187 3941 circumcisus
3238 3896 3347 3951 est,
3394 3897 3447 3941 et

1859 3977 2076 4046 quando
2108 3976 2406 4045 baptizatus
2434 3986 2554 4043 est;
2597 3989 2651 4032 et
2682 3988 2857 4046 potest
2890 3990 3281 4035 sacramentum
3323 3982 3448 4034 ado-

1861 4068 2057 4137 ptionis
2081 4067 2298 4137 adoptio
2327 4068 2622 4137 nuncupari
2647 4086 2660 4123 :
2685 4070 2822 4123 sicut
2844 4078 3239 4125 sacramentum
3259 4086 3449 4140 corpo-

1861 4160 1935 4215 ris
1962 4170 2016 4215 et
2036 4161 2309 4230 sanguinis
2330 4162 2468 4229 ejus,
2493 4161 2634 4230 quod
2664 4171 2747 4215 est
2777 4162 2828 4215 in
2864 4177 2999 4230 pane
3024 4171 3079 4217 et
3108 4166 3299 4232 poculo
3322 4181 3449 4219 cnu-

1862 4263 2098 4316 secrato,
2122 4268 2317 4320 corpus
2340 4253 2459 4322 ejus
2482 4260 2536 4306 et
2557 4254 2868 4323 sanguinein
2897 4254 3156 4309 dicimus:
3184 4272 3289 4309 non
3312 4258 3449 4325 quod

1863 4344 2078 4412 praprie
2106 4356 2303 4411 corpus
2333 4344 2451 4411 ejus
2481 4342 2550 4395 sit
2574 4343 2745 4411 panis,
2778 4352 2829 4397 et
2855 4343 3098 4411 poculum
3127 4347 3343 4412 sanguis
3385 4357 3407 4385 ε
3438 4364 3449 4412 ;

1864 4518 2069 4587 aliquot
2099 4527 2221 4587 post
2244 4516 2459 4572 sznculis
2485 4518 2551 4571 ab
2585 4518 2831 4584 Elipanto
2857 4520 3111 4584 episcopo
3138 4528 3448 4575 renovatam

1863 4589 2137 4643 damnavit
2174 4600 2227 4644 et
2286 4590 2502 4656 copiose
2553 4591 2804 4642 ret'utavit
2844 4588 3081 4656 synodus
3130 4588 3451 4643 Francofor-

1862 4659 2064 4713 diensis
2090 4701 2106 4725 ,
2149 4660 2422 4713 Christum
2452 4670 2691 4713 statuens
2739 4673 2921 4712 verum
2952 4669 3005 4712 ct
3051 4660 3322 4726 prapriunt
3370 4661 3451 4715 di-

1861 4731 2085 4785 cendum
2118 4744 2237 4784 esse
2272 4729 2457 4782 Filium
2484 4728 2601 4794 Dei,
2630 4743 2736 4782 non
2768 4728 3095 4795 adoptivum.

1940 4812 1962 4839 ο
2006 4800 2164 4853 Panis
2192 4809 2562 4862 consecratus,
2609 4809 2797 4852 natura
2847 4810 3101 4859 mutatus,
3154 4799 3305 4867 panis
3348 4817 3451 4855 non

1864 4880 1977 4937 est;
2013 4872 2163 4939 panis
2188 4878 2366 4925 tamen
2398 4872 2720 4937 appellatur,
2749 4886 2870 4935 quia
2896 4870 3047 4936 panis
3076 4871 3195 4932 fuit,
3221 4883 3269 4923 et
3304 4877 3455 4939 panis

1863 4942 2098 5010 speciem
2130 4942 2359 4994 retinet:
2414 4940 2664 5008 idemque
2697 4940 2955 5010 judicium
2987 4950 3071 4991 est
3101 4940 3226 4994 viui.
3262 4941 3455 4995 Panem

1865 5009 2048 5066 rhrsas
2082 5013 2368 5079 vinumque
2401 5015 2598 5078 corpus
2634 5009 2832 5063 Christi
2875 5018 2929 5064 et
2968 5016 3281 5077 sanguinem
3322 5012 3458 5064 dici-

1866 5096 2005 5147 mus,
2040 5091 2095 5133 ut
2118 5081 2446 5151 Augustinus
2474 5096 2683 5148 quoque
2708 5082 2938 5151 afﬁrmat
2972 5082 3064 5133 lib.
3100 5094 3159 5133 ιιι
3185 5082 3249 5134 de
3277 5080 3457 5133 Trini-

1869 5162 1996 5217 ta'e,
2022 5166 2145 5217 cap.
2168 5150 2224 5214 ις
2257 5166 2361 5205 non
2395 5151 2625 5219 proprie,
2662 5151 2753 5203 sed
2787 5150 3009 5217 ﬁgurate
3041 5169 3054 5205 :
3086 5152 3207 5217 quia
3239 5152 3341 5205 sub
3370 5167 3458 5219 pa-

1869 5223 1948 5275 nis
1974 5232 2029 5275 et
2050 5222 2156 5274 vini
2200 5224 2381 5289 specie
2406 5236 2603 5289 corpus
2637 5221 2834 5275 Christi
2862 5230 2916 5275 et
2946 5224 3166 5290 sanguis
3196 5223 3248 5275 in
3280 5238 3458 5276 sacra-

1869 5302 2049 5347 mento
2094 5293 2455 5346 continentur.
2501 5292 2609 5344 Nec
2653 5291 2779 5351 atia,
2825 5295 3039 5360 Opinor,
3086 5293 3252 5346 iubis
3286 5294 3459 5345 verbis

1868 5362 2134 5416 sententia
2167 5375 2247 5416 est
2280 5363 2542 5418 Facundi.
2575 5361 2704 5415 Nam
2733 5362 2803 5417 dc
2825 5365 3047 5417 veritate
3070 5364 3245 5416 carnis
3267 5374 3321 5414 et
3342 5378 3461 5413 san-

1822 5432 1823 5435 “
1870 5434 2044 5501 guinis
2085 5432 2283 5487 Christi
2345 5435 2397 5487 in
2450 5434 2774 5487 euchariStia
2826 5434 3073 5488 dubitate
3120 5450 3223 5485 non
3273 5432 3460 5501 potuit,

1871 5500 1993 5571 Quia
2037 5513 2153 5571 post
2185 5505 2347 5571 ipsius
2388 5504 2597 5557 Domini
2643 5507 3145 5569 professionum-ut
3178 5502 3331 5554 docet
3372 5500 3460 5571 Ili-

1872 5569 2161 5628 lariuslib.
2195 5569 2288 5628 in.
2328 5575 2397 5629 de
2438 5574 2723 5640 'l'rinitate,
2766 5589 2869 5627 non
2914 5582 2997 5624 est
3043 5572 3266 5625 relictus
3293 5569 3462 5624 ambio

1941 5704 1961 5733 ⁵
2002 5704 2144 5758 ldem
2177 5694 2325 5772 cori,
2356 5704 2687 5758 conversione
2716 5710 2762 5755 et
2793 5698 3126 5772 transiatianc
3154 5714 3385 5758 carnem.

1942 5777 1961 5805 ³
2000 5775 2143 5832 Idem
2173 5767 2324 5841 cod.,
2353 5776 2499 5844 istos,
2535 5788 2730 5844 nempe
2758 5767 3080 5826 catholicos.

1871 5912 1887 5923 .
1942 5848 1961 5877 ⁸
2002 5846 2145 5903 idem
2179 5843 2591 5919 cod.,t'olucrit.
