  <div class='ocr_page' id='page_1' title='image "/cluster/home/n/w/nwhite01/storage/ocr_20150623/67/hvd.32044073505141/389.png"; bbox 0 0 3978 6350; ppageno 0'>
   <div class='ocr_carea' id='block_1_1' title="bbox 516 442 623 497">
    <p class='ocr_par' dir='ltr' id='par_1_1' title="bbox 516 442 623 497">
     <span class='ocr_line' id='line_1_1' title="bbox 516 442 623 497; baseline -0.009 0"><span class='ocrx_word' id='word_1_1' title='bbox 516 442 623 497; x_wconf 77' lang='grc'><strong>765</strong></span> 
     </span>
    </p>
   </div>
   <div class='ocr_carea' id='block_1_2' title="bbox 1625 435 2743 498">
    <p class='ocr_par' dir='ltr' id='par_1_2' title="bbox 1625 435 2743 498">
     <span class='ocr_line' id='line_1_2' title="bbox 1625 435 2743 498; baseline 0.002 -3"><span class='ocrx_word' id='word_1_2' title='bbox 1625 438 1918 496; x_wconf 69' lang='lat' dir='ltr'><strong>FACUNDI</strong></span> <span class='ocrx_word' id='word_1_3' title='bbox 1958 435 2174 495; x_wconf 80' lang='lat' dir='ltr'><strong>EPISC.</strong></span> <span class='ocrx_word' id='word_1_4' title='bbox 2215 437 2743 498; x_wconf 71' lang='lat' dir='ltr'><strong>IIERMIANENSIS&#39;</strong></span> 
     </span>
    </p>
   </div>
   <div class='ocr_carea' id='block_1_3' title="bbox 3698 438 3805 491">
    <p class='ocr_par' dir='ltr' id='par_1_3' title="bbox 3698 438 3805 491">
     <span class='ocr_line' id='line_1_3' title="bbox 3698 438 3805 491; baseline 0 -1"><span class='ocrx_word' id='word_1_5' title='bbox 3698 438 3805 491; x_wconf 62' lang='lat' dir='ltr'><strong>7C4</strong></span> 
     </span>
    </p>
   </div>
   <div class='ocr_carea' id='block_1_4' title="bbox 518 525 3805 626">
    <p class='ocr_par' dir='ltr' id='par_1_4' title="bbox 518 525 3805 626">
     <span class='ocr_line' id='line_1_4' title="bbox 518 525 3805 626; baseline -0.002 -17"><span class='ocrx_word' id='word_1_6' title='bbox 518 557 611 615; x_wconf 58' lang='lat' dir='ltr'><strong>sed</strong></span> <span class='ocrx_word' id='word_1_7' title='bbox 640 555 780 624; x_wconf 88' lang='lat' dir='ltr'><strong>quod</strong></span> <span class='ocrx_word' id='word_1_8' title='bbox 811 555 863 609; x_wconf 92' lang='lat' dir='ltr'><strong>in</strong></span> <span class='ocrx_word' id='word_1_9' title='bbox 894 569 952 610; x_wconf 88' lang='lat' dir='ltr'><strong>se</strong></span> <span class='ocrx_word' id='word_1_10' title='bbox 976 525 1287 626; x_wconf 81' lang='lat' dir='ltr'><strong>mysterium</strong></span> <span class='ocrx_word' id='word_1_11' title='bbox 1316 550 1562 622; x_wconf 82' lang='lat' dir='ltr'><strong>corporis</strong></span> <span class='ocrx_word' id='word_1_12' title='bbox 1584 551 1702 622; x_wconf 78' lang='lat' dir='ltr'><strong>ejus</strong></span> <span class='ocrx_word' id='word_1_13' title='bbox 1723 551 2104 621; x_wconf 71' lang='lat' dir='ltr'><strong>sanguinisque</strong></span> <span class='ocrx_word' id='word_1_14' title='bbox 2133 551 2177 608; x_wconf 81' lang='grc' dir='ltr'><strong>Α</strong></span> <span class='ocrx_word' id='word_1_15' title='bbox 2211 549 2397 606; x_wconf 83' lang='lat' dir='ltr'><strong>eadem</strong></span> <span class='ocrx_word' id='word_1_16' title='bbox 2429 552 2598 621; x_wconf 82' lang='lat' dir='ltr'><strong>gloria</strong></span> <span class='ocrx_word' id='word_1_17' title='bbox 2631 560 2685 606; x_wconf 89' lang='lat' dir='ltr'><strong>et</strong></span> <span class='ocrx_word' id='word_1_18' title='bbox 2715 558 2957 619; x_wconf 89' lang='lat' dir='ltr'><strong>potestas</strong></span> <span class='ocrx_word' id='word_1_19' title='bbox 2988 556 3107 620; x_wconf 88' lang='lat' dir='ltr'><strong>post</strong></span> <span class='ocrx_word' id='word_1_20' title='bbox 3137 546 3586 605; x_wconf 74' lang='lat' dir='ltr'><strong>resurrectionem</strong></span> <span class='ocrx_word' id='word_1_21' title='bbox 3634 551 3805 619; x_wconf 80' lang='lat' dir='ltr'><strong>magis</strong></span> 
     </span>
    </p>
   </div>
   <div class='ocr_carea' id='block_1_5' title="bbox 518 641 2106 713">
    <p class='ocr_par' dir='ltr' id='par_1_5' title="bbox 518 641 2106 713">
     <span class='ocr_line' id='line_1_5' title="bbox 518 641 2106 713; baseline -0.005 -11"><span class='ocrx_word' id='word_1_22' title='bbox 518 648 847 702; x_wconf 83' lang='lat' dir='ltr'><strong>contineant.</strong></span> <span class='ocrx_word' id='word_1_23' title='bbox 874 645 1012 700; x_wconf 88' lang='lat' dir='ltr'><strong>Ilinc</strong></span> <span class='ocrx_word' id='word_1_24' title='bbox 1039 651 1094 699; x_wconf 86' lang='lat' dir='ltr'><strong>et</strong></span> <span class='ocrx_word' id='word_1_25' title='bbox 1120 644 1235 713; x_wconf 90' lang='lat' dir='ltr'><strong>ipse</strong></span> <span class='ocrx_word' id='word_1_26' title='bbox 1263 641 1521 697; x_wconf 76' lang='lat' dir='ltr'><strong>Dominus</strong></span> <span class='ocrx_word' id='word_1_27' title='bbox 1549 641 1889 697; x_wconf 82' lang='lat' dir='ltr'><strong>benedictum</strong></span> <span class='ocrx_word' id='word_1_28' title='bbox 1915 654 2106 708; x_wconf 89' lang='lat' dir='ltr'><strong>panem</strong></span> 
     </span>
    </p>
   </div>
   <div class='ocr_carea' id='block_1_6' title="bbox 518 732 2154 805">
    <p class='ocr_par' dir='ltr' id='par_1_6' title="bbox 518 732 2154 805">
     <span class='ocr_line' id='line_1_6' title="bbox 518 732 2154 805; baseline -0.005 -11"><span class='ocrx_word' id='word_1_29' title='bbox 518 752 571 794; x_wconf 78' lang='lat' dir='ltr'><strong>ct</strong></span> <span class='ocrx_word' id='word_1_30' title='bbox 599 739 820 795; x_wconf 76' lang='lat' dir='ltr'><strong>calicem</strong></span> <span class='ocrx_word' id='word_1_31' title='bbox 854 751 1012 801; x_wconf 85' lang='lat' dir='ltr'><strong>quem</strong></span> <span class='ocrx_word' id='word_1_32' title='bbox 1043 734 1321 805; x_wconf 72' lang='lat' dir='ltr'><strong>discipulis</strong></span> <span class='ocrx_word' id='word_1_33' title='bbox 1356 732 1599 799; x_wconf 75' lang='lat' dir='ltr'><strong>tradidit,</strong></span> <span class='ocrx_word' id='word_1_34' title='bbox 1643 746 1840 801; x_wconf 88' lang='lat' dir='ltr'><strong>corpus</strong></span> <span class='ocrx_word' id='word_1_35' title='bbox 1884 741 1943 787; x_wconf 89' lang='lat' dir='ltr'><strong>et</strong></span> <span class='ocrx_word' id='word_1_36' title='bbox 1982 746 2111 787; x_wconf 86' lang='lat' dir='ltr'><strong>sau-</strong></span> <span class='ocrx_word' id='word_1_37' title='bbox 2137 778 2154 792; x_wconf 90' lang='lat'><strong>.</strong></span> 
     </span>
    </p>
   </div>
   <div class='ocr_carea' id='block_1_7' title="bbox 518 822 2110 899">
    <p class='ocr_par' dir='ltr' id='par_1_7' title="bbox 518 822 2110 899">
     <span class='ocr_line' id='line_1_7' title="bbox 518 822 2110 899; baseline -0.004 -15"><span class='ocrx_word' id='word_1_38' title='bbox 518 831 732 899; x_wconf 77' lang='lat' dir='ltr'><strong>guinem</strong></span> <span class='ocrx_word' id='word_1_39' title='bbox 764 844 920 884; x_wconf 91' lang='lat' dir='ltr'><strong>suum</strong></span> <span class='ocrx_word' id='word_1_40' title='bbox 948 827 1181 882; x_wconf 87' lang='lat' dir='ltr'><strong>vocavit.</strong></span> <span class='ocrx_word' id='word_1_41' title='bbox 1220 825 1482 893; x_wconf 81' lang='lat' dir='ltr'><strong>Quocirca</strong></span> <span class='ocrx_word' id='word_1_42' title='bbox 1521 824 1665 879; x_wconf 88' lang='lat' dir='ltr'><strong>sicut</strong></span> <span class='ocrx_word' id='word_1_43' title='bbox 1690 822 1892 879; x_wconf 76' lang='lat' dir='ltr'><strong>Christi</strong></span> <span class='ocrx_word' id='word_1_44' title='bbox 1925 823 2110 879; x_wconf 89' lang='lat' dir='ltr'><strong>ﬁdeles</strong></span> 
     </span>
    </p>
   </div>
   <div class='ocr_carea' id='block_1_8' title="bbox 438 916 2103 988">
    <p class='ocr_par' dir='ltr' id='par_1_8' title="bbox 438 916 2103 988">
     <span class='ocr_line' id='line_1_8' title="bbox 438 916 2103 988; baseline -0.001 -17"><span class='ocrx_word' id='word_1_45' title='bbox 438 964 449 971; x_wconf 91' lang='lat'><strong>.</strong></span> <span class='ocrx_word' id='word_1_46' title='bbox 517 933 911 975; x_wconf 64' lang='lat' dir='ltr'><strong>sacramentum</strong></span> <span class='ocrx_word' id='word_1_47' title='bbox 939 918 1181 988; x_wconf 89' lang='lat' dir='ltr'><strong>corporis</strong></span> <span class='ocrx_word' id='word_1_48' title='bbox 1204 926 1261 973; x_wconf 89' lang='lat' dir='ltr'><strong>et</strong></span> <span class='ocrx_word' id='word_1_49' title='bbox 1296 916 1568 985; x_wconf 74' lang='lat' dir='ltr'><strong>sanguinis</strong></span> <span class='ocrx_word' id='word_1_50' title='bbox 1604 916 1724 986; x_wconf 84' lang='lat' dir='ltr'><strong>ejus</strong></span> <span class='ocrx_word' id='word_1_51' title='bbox 1758 916 2103 986; x_wconf 78' lang='lat' dir='ltr'><strong>accipientes,</strong></span> 
     </span>
    </p>
   </div>
   <div class='ocr_carea' id='block_1_9' title="bbox 454 1009 2107 1084">
    <p class='ocr_par' dir='ltr' id='par_1_9' title="bbox 454 1009 2107 1084">
     <span class='ocr_line' id='line_1_9' title="bbox 454 1009 2107 1084; baseline -0.001 -21"><span class='ocrx_word' id='word_1_52' title='bbox 454 1071 468 1084; x_wconf 44' lang='lat'>.</span> <span class='ocrx_word' id='word_1_53' title='bbox 519 1026 715 1079; x_wconf 51' lang='lat' dir='ltr'><strong>torrus</strong></span> <span class='ocrx_word' id='word_1_54' title='bbox 744 1020 799 1066; x_wconf 90' lang='lat' dir='ltr'><strong>et</strong></span> <span class='ocrx_word' id='word_1_55' title='bbox 826 1011 1137 1081; x_wconf 87' lang='lat' dir='ltr'><strong>sanguinem</strong></span> <span class='ocrx_word' id='word_1_56' title='bbox 1166 1009 1366 1065; x_wconf 90' lang='lat' dir='ltr'><strong>Christi</strong></span> <span class='ocrx_word' id='word_1_57' title='bbox 1396 1018 1544 1065; x_wconf 89' lang='lat' dir='ltr'><strong>recte</strong></span> <span class='ocrx_word' id='word_1_58' title='bbox 1565 1009 1816 1064; x_wconf 90' lang='lat' dir='ltr'><strong>dicuntur</strong></span> <span class='ocrx_word' id='word_1_59' title='bbox 1838 1009 2107 1078; x_wconf 86' lang='lat' dir='ltr'><strong>accipere,</strong></span> 
     </span>
    </p>
   </div>
   <div class='ocr_carea' id='block_1_10' title="bbox 519 1099 2109 1172">
    <p class='ocr_par' dir='ltr' id='par_1_10' title="bbox 519 1099 2109 1172">
     <span class='ocr_line' id='line_1_10' title="bbox 519 1099 2109 1172; baseline -0.004 -12"><span class='ocrx_word' id='word_1_60' title='bbox 519 1104 595 1160; x_wconf 91' lang='lat' dir='ltr'><strong>sic</strong></span> <span class='ocrx_word' id='word_1_61' title='bbox 621 1113 676 1159; x_wconf 87' lang='lat' dir='ltr'><strong>et</strong></span> <span class='ocrx_word' id='word_1_62' title='bbox 702 1104 818 1172; x_wconf 80' lang='lat' dir='ltr'><strong>ipse</strong></span> <span class='ocrx_word' id='word_1_63' title='bbox 843 1103 1109 1167; x_wconf 87' lang='lat' dir='ltr'><strong>Christus,</strong></span> <span class='ocrx_word' id='word_1_64' title='bbox 1137 1111 1533 1158; x_wconf 77' lang='lat' dir='ltr'><strong>sacramentum</strong></span> <span class='ocrx_word' id='word_1_65' title='bbox 1553 1101 1859 1172; x_wconf 83' lang='lat' dir='ltr'><strong>adoptionis</strong></span> <span class='ocrx_word' id='word_1_66' title='bbox 1878 1099 2109 1156; x_wconf 91' lang='lat' dir='ltr'><strong>ﬁliorum</strong></span> 
     </span>
    </p>
   </div>
   <div class='ocr_carea' id='block_1_11' title="bbox 518 1190 2112 1264">
    <p class='ocr_par' dir='ltr' id='par_1_11' title="bbox 518 1190 2112 1264">
     <span class='ocr_line' id='line_1_11' title="bbox 518 1190 2112 1264; baseline -0.003 -13"><span class='ocrx_word' id='word_1_67' title='bbox 518 1211 639 1251; x_wconf 90' lang='lat' dir='ltr'><strong>cum</strong></span> <span class='ocrx_word' id='word_1_68' title='bbox 666 1195 1021 1261; x_wconf 75' lang='lat' dir='ltr'><strong>suscepisset,</strong></span> <span class='ocrx_word' id='word_1_69' title='bbox 1066 1194 1238 1264; x_wconf 90' lang='lat' dir='ltr'><strong>potuit</strong></span> <span class='ocrx_word' id='word_1_70' title='bbox 1278 1202 1425 1249; x_wconf 86' lang='lat' dir='ltr'><strong>recte</strong></span> <span class='ocrx_word' id='word_1_71' title='bbox 1459 1194 1565 1249; x_wconf 88' lang='lat' dir='ltr'><strong>dici</strong></span> <span class='ocrx_word' id='word_1_72' title='bbox 1596 1193 1944 1263; x_wconf 87' lang='lat' dir='ltr'><strong>adoptionem</strong></span> <span class='ocrx_word' id='word_1_73' title='bbox 1974 1190 2112 1247; x_wconf 87' lang='lat' dir='ltr'><strong>ﬁlio-</strong></span> 
     </span>
    </p>
   </div>
   <div class='ocr_carea' id='block_1_12' title="bbox 520 1283 2108 1354">
    <p class='ocr_par' dir='ltr' id='par_1_12' title="bbox 520 1283 2108 1354">
     <span class='ocr_line' id='line_1_12' title="bbox 520 1283 2108 1354; baseline 0 -15"><span class='ocrx_word' id='word_1_74' title='bbox 520 1300 636 1340; x_wconf 83' lang='lat' dir='ltr'><strong>rum</strong></span> <span class='ocrx_word' id='word_1_75' title='bbox 666 1286 1007 1352; x_wconf 83' lang='lat' dir='ltr'><strong>suscepisse:</strong></span> <span class='ocrx_word' id='word_1_76' title='bbox 1046 1283 1283 1354; x_wconf 83' lang='lat' dir='ltr'><strong>alioquin</strong></span> <span class='ocrx_word' id='word_1_77' title='bbox 1313 1299 1489 1354; x_wconf 91' lang='lat' dir='ltr'><strong>neque</strong></span> <span class='ocrx_word' id='word_1_78' title='bbox 1520 1285 1588 1341; x_wconf 88' lang='lat' dir='ltr'><strong>de</strong></span> <span class='ocrx_word' id='word_1_79' title='bbox 1626 1287 1781 1340; x_wconf 86' lang='lat' dir='ltr'><strong>nobis</strong></span> <span class='ocrx_word' id='word_1_80' title='bbox 1815 1283 2108 1341; x_wconf 85' lang='lat' dir='ltr'><strong>dicendum</strong></span> 
     </span>
    </p>
   </div>
   <div class='ocr_carea' id='block_1_13' title="bbox 521 1376 2114 1446">
    <p class='ocr_par' dir='ltr' id='par_1_13' title="bbox 521 1376 2114 1446">
     <span class='ocr_line' id='line_1_13' title="bbox 521 1376 2114 1446; baseline -0.001 -15"><span class='ocrx_word' id='word_1_81' title='bbox 521 1386 604 1432; x_wconf 53' lang='lat' dir='ltr'><strong>est</strong></span> <span class='ocrx_word' id='word_1_82' title='bbox 642 1376 895 1446; x_wconf 86' lang='lat' dir='ltr'><strong>quoniam</strong></span> <span class='ocrx_word' id='word_1_83' title='bbox 945 1376 1289 1445; x_wconf 84' lang='lat' dir='ltr'><strong>adoptionem</strong></span> <span class='ocrx_word' id='word_1_84' title='bbox 1343 1377 1678 1446; x_wconf 82' lang='lat' dir='ltr'><strong>suscepimus</strong></span> <span class='ocrx_word' id='word_1_85' title='bbox 1725 1376 1988 1443; x_wconf 89' lang='lat' dir='ltr'><strong>ﬁliorum,</strong></span> <span class='ocrx_word' id='word_1_86' title='bbox 2019 1384 2114 1431; x_wconf 90' lang='lat' dir='ltr'><strong>aut</strong></span> 
     </span>
    </p>
   </div>
   <div class='ocr_carea' id='block_1_14' title="bbox 462 1467 2112 1539">
    <p class='ocr_par' dir='ltr' id='par_1_14' title="bbox 462 1467 2112 1539">
     <span class='ocr_line' id='line_1_14' title="bbox 462 1467 2112 1539; baseline 0.001 -18"><span class='ocrx_word' id='word_1_87' title='bbox 462 1508 467 1511; x_wconf 82' lang='lat'><strong>.</strong></span> <span class='ocrx_word' id='word_1_88' title='bbox 519 1470 641 1536; x_wconf 90' lang='lat' dir='ltr'><strong>quia</strong></span> <span class='ocrx_word' id='word_1_89' title='bbox 664 1467 925 1537; x_wconf 88' lang='lat' dir='ltr'><strong>redempti</strong></span> <span class='ocrx_word' id='word_1_90' title='bbox 957 1482 1143 1523; x_wconf 89' lang='lat' dir='ltr'><strong>sumus</strong></span> <span class='ocrx_word' id='word_1_91' title='bbox 1173 1479 1333 1538; x_wconf 85' lang='lat' dir='ltr'><strong>atque</strong></span> <span class='ocrx_word' id='word_1_92' title='bbox 1361 1469 1577 1532; x_wconf 87' lang='lat' dir='ltr'><strong>salvati,</strong></span> <span class='ocrx_word' id='word_1_93' title='bbox 1600 1468 1851 1539; x_wconf 88' lang='lat' dir='ltr'><strong>quoniam</strong></span> <span class='ocrx_word' id='word_1_94' title='bbox 1882 1472 2112 1538; x_wconf 84' lang='lat' dir='ltr'><strong>Aposto-</strong></span> 
     </span>
    </p>
   </div>
   <div class='ocr_carea' id='block_1_15' title="bbox 521 1560 2113 1633">
    <p class='ocr_par' dir='ltr' id='par_1_15' title="bbox 521 1560 2113 1633">
     <span class='ocr_line' id='line_1_15' title="bbox 521 1560 2113 1633; baseline -0.001 -18"><span class='ocrx_word' id='word_1_95' title='bbox 521 1562 605 1615; x_wconf 92' lang='lat' dir='ltr'><strong>lus</strong></span> <span class='ocrx_word' id='word_1_96' title='bbox 624 1562 758 1617; x_wconf 86' lang='lat' dir='ltr'><strong>dicit</strong></span> <span class='ocrx_word' id='word_1_97' title='bbox 789 1578 803 1615; x_wconf 90' lang='lat'><strong>:</strong></span> <span class='ocrx_word' id='word_1_98' title='bbox 838 1561 952 1615; x_wconf 87' lang='lat' dir='ltr'><strong>Nos</strong></span> <span class='ocrx_word' id='word_1_99' title='bbox 980 1562 1080 1633; x_wconf 93' lang='lat' dir='ltr'><strong>ipsi</strong></span> <span class='ocrx_word' id='word_1_100' title='bbox 1108 1562 1363 1631; x_wconf 75' lang='lat' dir='ltr'><strong>primitias</strong></span> <span class='ocrx_word' id='word_1_101' title='bbox 1393 1562 1606 1631; x_wconf 75' lang='lat' dir='ltr'><strong>spiritus</strong></span> <span class='ocrx_word' id='word_1_102' title='bbox 1632 1563 1871 1616; x_wconf 78' lang='lat' dir='ltr'><strong>habentes</strong></span> <span class='ocrx_word' id='word_1_103' title='bbox 1897 1601 1911 1627; x_wconf 94' lang='lat'><strong>,</strong></span> <span class='ocrx_word' id='word_1_104' title='bbox 1942 1569 1987 1615; x_wconf 87' lang='lat' dir='ltr'><strong>et</strong></span> <span class='ocrx_word' id='word_1_105' title='bbox 2015 1560 2113 1630; x_wconf 88' lang='lat' dir='ltr'><strong>ipsi</strong></span> 
     </span>
    </p>
   </div>
   <div class='ocr_carea' id='block_1_16' title="bbox 518 1654 2113 1725">
    <p class='ocr_par' dir='ltr' id='par_1_16' title="bbox 518 1654 2113 1725">
     <span class='ocr_line' id='line_1_16' title="bbox 518 1654 2113 1725; baseline -0.003 -16"><span class='ocrx_word' id='word_1_106' title='bbox 518 1658 655 1709; x_wconf 84' lang='lat' dir='ltr'><strong>intra</strong></span> <span class='ocrx_word' id='word_1_107' title='bbox 685 1670 779 1709; x_wconf 85' lang='lat' dir='ltr'><strong>nos</strong></span> <span class='ocrx_word' id='word_1_108' title='bbox 808 1656 1058 1725; x_wconf 81' lang='lat' dir='ltr'><strong>gemimus</strong></span> <span class='ocrx_word' id='word_1_109' title='bbox 1085 1654 1413 1723; x_wconf 75' lang='lat' dir='ltr'><strong>adoptiuum</strong></span> <span class='ocrx_word' id='word_1_110' title='bbox 1436 1654 1663 1723; x_wconf 75' lang='lat' dir='ltr'><strong>ﬁliorum</strong></span> <span class='ocrx_word' id='word_1_111' title='bbox 1692 1654 1786 1708; x_wconf 87' lang='lat' dir='ltr'><strong>Dei</strong></span> <span class='ocrx_word' id='word_1_112' title='bbox 1813 1660 2113 1722; x_wconf 76' lang='lat' dir='ltr'><strong>exspectau-</strong></span> 
     </span>
    </p>
   </div>
   <div class='ocr_carea' id='block_1_17' title="bbox 522 1745 2113 1818">
    <p class='ocr_par' dir='ltr' id='par_1_17' title="bbox 522 1745 2113 1818">
     <span class='ocr_line' id='line_1_17' title="bbox 522 1745 2113 1818; baseline -0.001 -18"><span class='ocrx_word' id='word_1_113' title='bbox 522 1757 616 1813; x_wconf 87' lang='lat' dir='ltr'><strong>tes,</strong></span> <span class='ocrx_word' id='word_1_114' title='bbox 646 1748 1041 1818; x_wconf 76' lang='lat' dir='ltr'><strong>redemptionem</strong></span> <span class='ocrx_word' id='word_1_115' title='bbox 1075 1748 1308 1816; x_wconf 86' lang='lat' dir='ltr'><strong>corporis</strong></span> <span class='ocrx_word' id='word_1_116' title='bbox 1335 1748 1529 1813; x_wconf 82' lang='lat' dir='ltr'><strong>nostri;</strong></span> <span class='ocrx_word' id='word_1_117' title='bbox 1560 1764 1651 1813; x_wconf 88' lang='lat' dir='ltr'><strong>spe</strong></span> <span class='ocrx_word' id='word_1_118' title='bbox 1671 1747 1804 1801; x_wconf 86' lang='lat' dir='ltr'><strong>enim</strong></span> <span class='ocrx_word' id='word_1_119' title='bbox 1829 1745 1958 1802; x_wconf 81' lang='lat' dir='ltr'><strong>salui</strong></span> <span class='ocrx_word' id='word_1_120' title='bbox 1988 1745 2113 1817; x_wconf 82' lang='lat' dir='ltr'><strong>facti</strong></span> 
     </span>
    </p>
   </div>
   <div class='ocr_carea' id='block_1_18' title="bbox 519 1836 2110 1908">
    <p class='ocr_par' dir='ltr' id='par_1_18' title="bbox 519 1836 2110 1908">
     <span class='ocr_line' id='line_1_18' title="bbox 519 1836 2110 1908; baseline -0.001 -18"><span class='ocrx_word' id='word_1_121' title='bbox 519 1854 731 1903; x_wconf 82' lang='lat' dir='ltr'><strong>sumus;</strong></span> <span class='ocrx_word' id='word_1_122' title='bbox 779 1854 895 1906; x_wconf 87' lang='lat' dir='ltr'><strong>spes</strong></span> <span class='ocrx_word' id='word_1_123' title='bbox 923 1849 1096 1893; x_wconf 81' lang='lat' dir='ltr'><strong>autem</strong></span> <span class='ocrx_word' id='word_1_124' title='bbox 1132 1855 1246 1907; x_wconf 69' lang='lat' dir='ltr'><strong>qua</strong></span> <span class='ocrx_word' id='word_1_125' title='bbox 1274 1839 1492 1906; x_wconf 76' lang='lat' dir='ltr'><strong>videtur,</strong></span> <span class='ocrx_word' id='word_1_126' title='bbox 1535 1855 1636 1893; x_wconf 84' lang='lat' dir='ltr'><strong>non</strong></span> <span class='ocrx_word' id='word_1_127' title='bbox 1669 1847 1746 1893; x_wconf 84' lang='lat' dir='ltr'><strong>est</strong></span> <span class='ocrx_word' id='word_1_128' title='bbox 1782 1854 1895 1908; x_wconf 80' lang='lat' dir='ltr'><strong>spes</strong></span> <span class='ocrx_word' id='word_1_129' title='bbox 1931 1836 2110 1908; x_wconf 78' lang='lat' dir='ltr'><strong>(Rom.</strong></span> 
     </span>
    </p>
   </div>
   <div class='ocr_carea' id='block_1_19' title="bbox 2214 642 3805 713">
    <p class='ocr_par' dir='ltr' id='par_1_19' title="bbox 2214 642 3805 713">
     <span class='ocr_line' id='line_1_19' title="bbox 2214 642 3805 713; baseline 0.001 -16"><span class='ocrx_word' id='word_1_130' title='bbox 2214 642 2479 698; x_wconf 86' lang='lat' dir='ltr'><strong>innotuit:</strong></span> <span class='ocrx_word' id='word_1_131' title='bbox 2526 651 2655 698; x_wconf 91' lang='lat' dir='ltr'><strong>tunc</strong></span> <span class='ocrx_word' id='word_1_132' title='bbox 2695 642 3029 713; x_wconf 84' lang='lat' dir='ltr'><strong>gloriﬁcatus</strong></span> <span class='ocrx_word' id='word_1_133' title='bbox 3066 650 3122 697; x_wconf 90' lang='lat' dir='ltr'><strong>et</strong></span> <span class='ocrx_word' id='word_1_134' title='bbox 3167 648 3492 711; x_wconf 87' lang='lat' dir='ltr'><strong>potestatem</strong></span> <span class='ocrx_word' id='word_1_135' title='bbox 3528 642 3805 711; x_wconf 82' lang='lat' dir='ltr'><strong>accepisse</strong></span> 
     </span>
    </p>
   </div>
   <div class='ocr_carea' id='block_1_20' title="bbox 2215 731 3805 804">
    <p class='ocr_par' dir='ltr' id='par_1_20' title="bbox 2215 731 3805 804">
     <span class='ocr_line' id='line_1_20' title="bbox 2215 731 3805 804; baseline -0.001 -14"><span class='ocrx_word' id='word_1_136' title='bbox 2215 744 2485 802; x_wconf 82' lang='lat' dir='ltr'><strong>narratur,</strong></span> <span class='ocrx_word' id='word_1_137' title='bbox 2511 734 2725 803; x_wconf 87' lang='lat' dir='ltr'><strong>quando</strong></span> <span class='ocrx_word' id='word_1_138' title='bbox 2755 733 2870 788; x_wconf 70' lang='lat' dir='ltr'><strong>haec</strong></span> <span class='ocrx_word' id='word_1_139' title='bbox 2895 734 2950 788; x_wconf 90' lang='lat' dir='ltr'><strong>in</strong></span> <span class='ocrx_word' id='word_1_140' title='bbox 2977 732 3284 804; x_wconf 82' lang='lat' dir='ltr'><strong>cognitione</strong></span> <span class='ocrx_word' id='word_1_141' title='bbox 3309 731 3644 788; x_wconf 86' lang='lat' dir='ltr'><strong>credentium</strong></span> <span class='ocrx_word' id='word_1_142' title='bbox 3666 734 3805 789; x_wconf 80' lang='lat' dir='ltr'><strong>facta</strong></span> 
     </span>
    </p>
   </div>
   <div class='ocr_carea' id='block_1_21' title="bbox 2213 824 3808 895">
    <p class='ocr_par' dir='ltr' id='par_1_21' title="bbox 2213 824 3808 895">
     <span class='ocr_line' id='line_1_21' title="bbox 2213 824 3808 895; baseline -0.002 -12"><span class='ocrx_word' id='word_1_143' title='bbox 2213 837 2365 893; x_wconf 88' lang='lat' dir='ltr'><strong>sunt,</strong></span> <span class='ocrx_word' id='word_1_144' title='bbox 2396 830 2536 884; x_wconf 81' lang='lat' dir='ltr'><strong>sicut</strong></span> <span class='ocrx_word' id='word_1_145' title='bbox 2561 836 2617 881; x_wconf 90' lang='lat' dir='ltr'><strong>et</strong></span> <span class='ocrx_word' id='word_1_146' title='bbox 2647 829 2697 881; x_wconf 85' lang='lat' dir='ltr'><strong>in</strong></span> <span class='ocrx_word' id='word_1_147' title='bbox 2728 826 2971 881; x_wconf 88' lang='lat' dir='ltr'><strong>oratione</strong></span> <span class='ocrx_word' id='word_1_148' title='bbox 2997 825 3225 880; x_wconf 88' lang='lat' dir='ltr'><strong>dicimus</strong></span> <span class='ocrx_word' id='word_1_149' title='bbox 3266 843 3279 879; x_wconf 87' lang='lat'><strong>:</strong></span> <span class='ocrx_word' id='word_1_150' title='bbox 3310 824 3677 895; x_wconf 78' lang='lat' dir='ltr'><strong>Sanctificetur</strong></span> <span class='ocrx_word' id='word_1_151' title='bbox 3712 842 3808 880; x_wconf 76' lang='lat' dir='ltr'><strong>uo-</strong></span> 
     </span>
    </p>
   </div>
   <div class='ocr_carea' id='block_1_22' title="bbox 2213 914 3804 985">
    <p class='ocr_par' dir='ltr' id='par_1_22' title="bbox 2213 914 3804 985">
     <span class='ocr_line' id='line_1_22' title="bbox 2213 914 3804 985; baseline 0 -14"><span class='ocrx_word' id='word_1_152' title='bbox 2213 934 2326 971; x_wconf 84' lang='lat' dir='ltr'><strong>men</strong></span> <span class='ocrx_word' id='word_1_153' title='bbox 2358 928 2500 971; x_wconf 82' lang='lat' dir='ltr'><strong>tuum</strong></span> <span class='ocrx_word' id='word_1_154' title='bbox 2524 916 2680 985; x_wconf 85' lang='lat' dir='ltr'><strong>(Luc.</strong></span> <span class='ocrx_word' id='word_1_155' title='bbox 2707 931 2784 984; x_wconf 83' lang='lat' dir='ltr'><strong>st,</strong></span> <span class='ocrx_word' id='word_1_156' title='bbox 2815 915 2896 985; x_wconf 64' lang='lat'><strong>9),</strong></span> <span class='ocrx_word' id='word_1_157' title='bbox 2940 914 3144 971; x_wconf 86' lang='lat' dir='ltr'><strong>scilicet</strong></span> <span class='ocrx_word' id='word_1_158' title='bbox 3169 924 3226 968; x_wconf 89' lang='lat' dir='ltr'><strong>ut</strong></span> <span class='ocrx_word' id='word_1_159' title='bbox 3251 915 3305 970; x_wconf 93' lang='lat' dir='ltr'><strong>in</strong></span> <span class='ocrx_word' id='word_1_160' title='bbox 3338 916 3642 985; x_wconf 81' lang='lat' dir='ltr'><strong>cognitione</strong></span> <span class='ocrx_word' id='word_1_161' title='bbox 3670 915 3804 971; x_wconf 84' lang='lat' dir='ltr'><strong>ﬁde-</strong></span> 
     </span>
    </p>
   </div>
   <div class='ocr_carea' id='block_1_23' title="bbox 2214 1006 3805 1078">
    <p class='ocr_par' dir='ltr' id='par_1_23' title="bbox 2214 1006 3805 1078">
     <span class='ocr_line' id='line_1_23' title="bbox 2214 1006 3805 1078; baseline -0.003 -14"><span class='ocrx_word' id='word_1_162' title='bbox 2214 1009 2346 1065; x_wconf 89' lang='lat' dir='ltr'><strong>lium</strong></span> <span class='ocrx_word' id='word_1_163' title='bbox 2376 1009 2469 1064; x_wconf 83' lang='lat' dir='ltr'><strong>ﬁat</strong></span> <span class='ocrx_word' id='word_1_164' title='bbox 2497 1017 2761 1064; x_wconf 86' lang='lat' dir='ltr'><strong>sanctum.</strong></span> <span class='ocrx_word' id='word_1_165' title='bbox 2793 1007 2920 1063; x_wconf 83' lang='lat' dir='ltr'><strong>Sive</strong></span> <span class='ocrx_word' id='word_1_166' title='bbox 2945 1006 3065 1076; x_wconf 87' lang='lat' dir='ltr'><strong>quia</strong></span> <span class='ocrx_word' id='word_1_167' title='bbox 3093 1006 3136 1060; x_wconf 92' lang='lat' dir='ltr'><strong>si</strong></span> <span class='ocrx_word' id='word_1_168' title='bbox 3158 1006 3286 1076; x_wconf 84' lang='lat' dir='ltr'><strong>quid</strong></span> <span class='ocrx_word' id='word_1_169' title='bbox 3316 1007 3594 1076; x_wconf 81' lang='lat' dir='ltr'><strong>potestatis</strong></span> <span class='ocrx_word' id='word_1_170' title='bbox 3616 1007 3805 1078; x_wconf 59' lang='grc' dir='ltr'><strong>βιαιο.</strong></span> 
     </span>
    </p>
   </div>
   <div class='ocr_carea' id='block_1_24' title="bbox 2213 1097 3809 1169">
    <p class='ocr_par' dir='ltr' id='par_1_24' title="bbox 2213 1097 3809 1169">
     <span class='ocr_line' id='line_1_24' title="bbox 2213 1097 3809 1169; baseline -0.003 -13"><span class='ocrx_word' id='word_1_171' title='bbox 2213 1100 2310 1156; x_wconf 68' lang='lat' dir='ltr'><strong>rite</strong></span> <span class='ocrx_word' id='word_1_172' title='bbox 2336 1108 2456 1169; x_wconf 90' lang='lat' dir='ltr'><strong>post</strong></span> <span class='ocrx_word' id='word_1_173' title='bbox 2491 1104 2608 1169; x_wconf 83' lang='lat' dir='ltr'><strong>ejus</strong></span> <span class='ocrx_word' id='word_1_174' title='bbox 2637 1098 3086 1155; x_wconf 84' lang='lat' dir='ltr'><strong>resurrectionem</strong></span> <span class='ocrx_word' id='word_1_175' title='bbox 3117 1097 3376 1154; x_wconf 69' lang='lat' dir='ltr'><strong>Ecclesia:</strong></span> <span class='ocrx_word' id='word_1_176' title='bbox 3403 1098 3657 1153; x_wconf 86' lang='lat' dir='ltr'><strong>donatum</strong></span> <span class='ocrx_word' id='word_1_177' title='bbox 3695 1106 3809 1166; x_wconf 84' lang='lat' dir='ltr'><strong>est,</strong></span> 
     </span>
    </p>
   </div>
   <div class='ocr_carea' id='block_1_25' title="bbox 2215 1188 3808 1261">
    <p class='ocr_par' dir='ltr' id='par_1_25' title="bbox 2215 1188 3808 1261">
     <span class='ocr_line' id='line_1_25' title="bbox 2215 1188 3808 1261; baseline -0.002 -15"><span class='ocrx_word' id='word_1_178' title='bbox 2215 1194 2330 1261; x_wconf 88' lang='lat' dir='ltr'><strong>ipse</strong></span> <span class='ocrx_word' id='word_1_179' title='bbox 2356 1190 2554 1246; x_wconf 89' lang='lat' dir='ltr'><strong>dicitur</strong></span> <span class='ocrx_word' id='word_1_180' title='bbox 2583 1190 2874 1260; x_wconf 81' lang='lat' dir='ltr'><strong>accepisse,</strong></span> <span class='ocrx_word' id='word_1_181' title='bbox 2901 1198 3153 1259; x_wconf 88' lang='lat' dir='ltr'><strong>tanquam</strong></span> <span class='ocrx_word' id='word_1_182' title='bbox 3176 1197 3339 1259; x_wconf 78' lang='lat' dir='ltr'><strong>caput</strong></span> <span class='ocrx_word' id='word_1_183' title='bbox 3360 1188 3415 1244; x_wconf 88' lang='lat' dir='ltr'><strong>in</strong></span> <span class='ocrx_word' id='word_1_184' title='bbox 3447 1190 3723 1252; x_wconf 82' lang='lat' dir='ltr'><strong>membris,</strong></span> <span class='ocrx_word' id='word_1_185' title='bbox 3754 1189 3808 1243; x_wconf 89' lang='lat' dir='ltr'><strong>id</strong></span> 
     </span>
    </p>
   </div>
   <div class='ocr_carea' id='block_1_26' title="bbox 2214 1281 3815 1352">
    <p class='ocr_par' dir='ltr' id='par_1_26' title="bbox 2214 1281 3815 1352">
     <span class='ocr_line' id='line_1_26' title="bbox 2214 1281 3815 1352; baseline -0.002 -12"><span class='ocrx_word' id='word_1_186' title='bbox 2214 1295 2297 1341; x_wconf 91' lang='lat' dir='ltr'><strong>est</strong></span> <span class='ocrx_word' id='word_1_187' title='bbox 2326 1285 2379 1340; x_wconf 93' lang='lat' dir='ltr'><strong>in</strong></span> <span class='ocrx_word' id='word_1_188' title='bbox 2410 1283 2715 1338; x_wconf 88' lang='lat' dir='ltr'><strong>hominibus</strong></span> <span class='ocrx_word' id='word_1_189' title='bbox 2748 1282 3015 1337; x_wconf 90' lang='lat' dir='ltr'><strong>ﬁdelibus.</strong></span> <span class='ocrx_word' id='word_1_190' title='bbox 3050 1281 3202 1338; x_wconf 89' lang='lat' dir='ltr'><strong>Unde</strong></span> <span class='ocrx_word' id='word_1_191' title='bbox 3239 1282 3440 1338; x_wconf 90' lang='lat' dir='ltr'><strong>dictum</strong></span> <span class='ocrx_word' id='word_1_192' title='bbox 3483 1293 3566 1337; x_wconf 87' lang='lat' dir='ltr'><strong>est</strong></span> <span class='ocrx_word' id='word_1_193' title='bbox 3609 1297 3639 1336; x_wconf 86' lang='lat' dir='ltr'><strong>a</strong></span> <span class='ocrx_word' id='word_1_194' title='bbox 3684 1298 3815 1352; x_wconf 79' lang='lat' dir='ltr'><strong>pro-</strong></span> 
     </span>
    </p>
   </div>
   <div class='ocr_carea' id='block_1_27' title="bbox 2216 1374 3805 1447">
    <p class='ocr_par' dir='ltr' id='par_1_27' title="bbox 2216 1374 3805 1447">
     <span class='ocr_line' id='line_1_27' title="bbox 2216 1374 3805 1447; baseline -0.003 -16"><span class='ocrx_word' id='word_1_195' title='bbox 2216 1376 2412 1447; x_wconf 86' lang='lat' dir='ltr'><strong>pheta:</strong></span> <span class='ocrx_word' id='word_1_196' title='bbox 2464 1375 2755 1429; x_wconf 79' lang='lat' dir='ltr'><strong>Aseendem</strong></span> <span class='ocrx_word' id='word_1_197' title='bbox 2793 1375 2846 1428; x_wconf 83' lang='lat' dir='ltr'><strong>in</strong></span> <span class='ocrx_word' id='word_1_198' title='bbox 2882 1374 3045 1427; x_wconf 85' lang='lat' dir='ltr'><strong>altum</strong></span> <span class='ocrx_word' id='word_1_199' title='bbox 3074 1374 3334 1442; x_wconf 80' lang='lat' dir='ltr'><strong>captivam</strong></span> <span class='ocrx_word' id='word_1_200' title='bbox 3360 1375 3509 1427; x_wconf 73' lang='lat' dir='ltr'><strong>duxit</strong></span> <span class='ocrx_word' id='word_1_201' title='bbox 3534 1374 3805 1440; x_wconf 74' lang='lat' dir='ltr'><strong>captivita-</strong></span> 
     </span>
    </p>
   </div>
   <div class='ocr_carea' id='block_1_28' title="bbox 2216 1465 3807 1539">
    <p class='ocr_par' dir='ltr' id='par_1_28' title="bbox 2216 1465 3807 1539">
     <span class='ocr_line' id='line_1_28' title="bbox 2216 1465 3807 1539; baseline -0.001 -16"><span class='ocrx_word' id='word_1_202' title='bbox 2216 1480 2336 1535; x_wconf 87' lang='lat' dir='ltr'><strong>tem,</strong></span> <span class='ocrx_word' id='word_1_203' title='bbox 2355 1470 2597 1539; x_wconf 81' lang='lat' dir='ltr'><strong>accepisti</strong></span> <span class='ocrx_word' id='word_1_204' title='bbox 2624 1468 2762 1521; x_wconf 82' lang='lat' dir='ltr'><strong>dona</strong></span> <span class='ocrx_word' id='word_1_205' title='bbox 2790 1468 2845 1521; x_wconf 87' lang='lat' dir='ltr'><strong>in</strong></span> <span class='ocrx_word' id='word_1_206' title='bbox 2872 1466 3160 1521; x_wconf 83' lang='lat' dir='ltr'><strong>hominibus</strong></span> <span class='ocrx_word' id='word_1_207' title='bbox 3182 1465 3354 1537; x_wconf 85' lang='lat' dir='ltr'><strong>(Psal.</strong></span> <span class='ocrx_word' id='word_1_208' title='bbox 3387 1482 3552 1533; x_wconf 71' lang='lat' dir='ltr'><strong>XLVII,</strong></span> <span class='ocrx_word' id='word_1_209' title='bbox 3581 1466 3693 1534; x_wconf 73' lang='lat'><strong>{9).</strong></span> <span class='ocrx_word' id='word_1_210' title='bbox 3718 1466 3807 1521; x_wconf 87' lang='lat' dir='ltr'><strong>His</strong></span> 
     </span>
    </p>
   </div>
   <div class='ocr_carea' id='block_1_29' title="bbox 2215 1559 3809 1629">
    <p class='ocr_par' dir='ltr' id='par_1_29' title="bbox 2215 1559 3809 1629">
     <span class='ocr_line' id='line_1_29' title="bbox 2215 1559 3809 1629; baseline -0.004 -9"><span class='ocrx_word' id='word_1_211' title='bbox 2215 1574 2270 1620; x_wconf 90' lang='lat' dir='ltr'><strong>et</strong></span> <span class='ocrx_word' id='word_1_212' title='bbox 2307 1563 2429 1617; x_wconf 87' lang='lat' dir='ltr'><strong>aliis</strong></span> <span class='ocrx_word' id='word_1_213' title='bbox 2459 1561 2827 1629; x_wconf 88' lang='lat' dir='ltr'><strong>compluribus</strong></span> <span class='ocrx_word' id='word_1_214' title='bbox 2866 1560 3040 1615; x_wconf 89' lang='lat' dir='ltr'><strong>modis</strong></span> <span class='ocrx_word' id='word_1_215' title='bbox 3066 1559 3204 1615; x_wconf 85' lang='lat' dir='ltr'><strong>dicta</strong></span> <span class='ocrx_word' id='word_1_216' title='bbox 3239 1560 3655 1628; x_wconf 70' lang='lat' dir='ltr'><strong>praecedentium</strong></span> <span class='ocrx_word' id='word_1_217' title='bbox 3705 1559 3809 1614; x_wconf 83' lang='lat' dir='ltr'><strong>Pa-</strong></span> 
     </span>
    </p>
   </div>
   <div class='ocr_carea' id='block_1_30' title="bbox 2217 1650 3808 1724">
    <p class='ocr_par' dir='ltr' id='par_1_30' title="bbox 2217 1650 3808 1724">
     <span class='ocr_line' id='line_1_30' title="bbox 2217 1650 3808 1724; baseline -0.003 -14"><span class='ocrx_word' id='word_1_218' title='bbox 2217 1663 2356 1710; x_wconf 86' lang='lat' dir='ltr'><strong>trum</strong></span> <span class='ocrx_word' id='word_1_219' title='bbox 2386 1654 2505 1724; x_wconf 90' lang='lat' dir='ltr'><strong>pius</strong></span> <span class='ocrx_word' id='word_1_220' title='bbox 2526 1662 2688 1722; x_wconf 88' lang='lat' dir='ltr'><strong>atque</strong></span> <span class='ocrx_word' id='word_1_221' title='bbox 2707 1652 2989 1707; x_wconf 78' lang='lat' dir='ltr'><strong>exercitati</strong></span> <span class='ocrx_word' id='word_1_222' title='bbox 3011 1664 3203 1706; x_wconf 88' lang='lat' dir='ltr'><strong>sensus</strong></span> <span class='ocrx_word' id='word_1_223' title='bbox 3226 1651 3395 1705; x_wconf 84' lang='lat' dir='ltr'><strong>lector</strong></span> <span class='ocrx_word' id='word_1_224' title='bbox 3413 1660 3467 1706; x_wconf 89' lang='lat' dir='ltr'><strong>et</strong></span> <span class='ocrx_word' id='word_1_225' title='bbox 3486 1650 3808 1719; x_wconf 75' lang='lat' dir='ltr'><strong>intelligere,</strong></span> 
     </span>
    </p>
   </div>
   <div class='ocr_carea' id='block_1_31' title="bbox 2217 1744 3809 1813">
    <p class='ocr_par' dir='ltr' id='par_1_31' title="bbox 2217 1744 3809 1813">
     <span class='ocr_line' id='line_1_31' title="bbox 2217 1744 3809 1813; baseline -0.004 -10"><span class='ocrx_word' id='word_1_226' title='bbox 2217 1756 2271 1803; x_wconf 91' lang='lat' dir='ltr'><strong>et</strong></span> <span class='ocrx_word' id='word_1_227' title='bbox 2300 1747 2556 1802; x_wconf 84' lang='lat' dir='ltr'><strong>adversus</strong></span> <span class='ocrx_word' id='word_1_228' title='bbox 2579 1745 2957 1801; x_wconf 67' lang='lat' dir='ltr'><strong>haereticorum</strong></span> <span class='ocrx_word' id='word_1_229' title='bbox 2979 1744 3273 1799; x_wconf 88' lang='lat' dir='ltr'><strong>calumnias</strong></span> <span class='ocrx_word' id='word_1_230' title='bbox 3293 1744 3581 1800; x_wconf 77' lang='lat' dir='ltr'><strong>defendere</strong></span> <span class='ocrx_word' id='word_1_231' title='bbox 3608 1752 3809 1813; x_wconf 84' lang='lat' dir='ltr'><strong>potest;</strong></span> 
     </span>
    </p>
   </div>
   <div class='ocr_carea' id='block_1_32' title="bbox 2219 1835 3813 1908">
    <p class='ocr_par' dir='ltr' id='par_1_32' title="bbox 2219 1835 3813 1908">
     <span class='ocr_line' id='line_1_32' title="bbox 2219 1835 3813 1908; baseline -0.001 -18"><span class='ocrx_word' id='word_1_232' title='bbox 2219 1840 2501 1908; x_wconf 88' lang='lat' dir='ltr'><strong>imperitus</strong></span> <span class='ocrx_word' id='word_1_233' title='bbox 2531 1846 2708 1891; x_wconf 87' lang='lat' dir='ltr'><strong>autem</strong></span> <span class='ocrx_word' id='word_1_234' title='bbox 2739 1845 2789 1890; x_wconf 90' lang='lat' dir='ltr'><strong>et</strong></span> <span class='ocrx_word' id='word_1_235' title='bbox 2822 1849 3100 1906; x_wconf 79' lang='lat' dir='ltr'><strong>arrogans,</strong></span> <span class='ocrx_word' id='word_1_236' title='bbox 3126 1835 3216 1904; x_wconf 89' lang='lat' dir='ltr'><strong>qui</strong></span> <span class='ocrx_word' id='word_1_237' title='bbox 3246 1850 3408 1890; x_wconf 87' lang='lat' dir='ltr'><strong>omne</strong></span> <span class='ocrx_word' id='word_1_238' title='bbox 3434 1836 3573 1904; x_wconf 88' lang='lat' dir='ltr'><strong>quod</strong></span> <span class='ocrx_word' id='word_1_239' title='bbox 3604 1836 3813 1890; x_wconf 78' lang='lat' dir='ltr'><strong>nonin-</strong></span> 
     </span>
    </p>
   </div>
   <div class='ocr_carea' id='block_1_33' title="bbox 521 1924 3807 1999">
    <p class='ocr_par' dir='ltr' id='par_1_33' title="bbox 521 1924 3807 1999">
     <span class='ocr_line' id='line_1_33' title="bbox 521 1924 3807 1999; baseline -0 -19"><span class='ocrx_word' id='word_1_240' title='bbox 521 1943 637 1994; x_wconf 77' lang='lat' dir='ltr'><strong>VIII,</strong></span> <span class='ocrx_word' id='word_1_241' title='bbox 668 1926 762 1995; x_wconf 75' lang='lat'><strong>25,</strong></span> <span class='ocrx_word' id='word_1_242' title='bbox 790 1928 906 1999; x_wconf 72' lang='grc'><strong>24).</strong></span> <span class='ocrx_word' id='word_1_243' title='bbox 937 1928 1086 1984; x_wconf 83' lang='lat' dir='ltr'><strong>Sicut</strong></span> <span class='ocrx_word' id='word_1_244' title='bbox 1112 1944 1263 1998; x_wconf 89' lang='lat' dir='ltr'><strong>ergo,</strong></span> <span class='ocrx_word' id='word_1_245' title='bbox 1295 1931 1538 1999; x_wconf 82' lang='lat' dir='ltr'><strong>quamvis</strong></span> <span class='ocrx_word' id='word_1_246' title='bbox 1583 1929 1783 1995; x_wconf 90' lang='lat' dir='ltr'><strong>adhuc,</strong></span> <span class='ocrx_word' id='word_1_247' title='bbox 1817 1927 2110 1983; x_wconf 91' lang='lat' dir='ltr'><strong>secundum</strong></span> <span class='ocrx_word' id='word_1_248' title='bbox 2144 1927 2191 1987; x_wconf 84' lang='grc' dir='ltr'><strong>Β</strong></span> <span class='ocrx_word' id='word_1_249' title='bbox 2219 1927 2505 1993; x_wconf 79' lang='lat' dir='ltr'><strong>tellexerit,</strong></span> <span class='ocrx_word' id='word_1_250' title='bbox 2538 1941 2643 1981; x_wconf 92' lang='lat' dir='ltr'><strong>non</strong></span> <span class='ocrx_word' id='word_1_251' title='bbox 2671 1926 2904 1991; x_wconf 87' lang='lat' dir='ltr'><strong>discere,</strong></span> <span class='ocrx_word' id='word_1_252' title='bbox 2936 1924 3029 1981; x_wconf 89' lang='lat' dir='ltr'><strong>sed</strong></span> <span class='ocrx_word' id='word_1_253' title='bbox 3057 1924 3416 1980; x_wconf 84' lang='lat' dir='ltr'><strong>condemnare</strong></span> <span class='ocrx_word' id='word_1_254' title='bbox 3449 1924 3687 1995; x_wconf 80' lang='lat' dir='ltr'><strong>festinat,</strong></span> <span class='ocrx_word' id='word_1_255' title='bbox 3717 1939 3807 1979; x_wconf 84' lang='lat' dir='ltr'><strong>ne-</strong></span> 
     </span>
    </p>
   </div>
   <div class='ocr_carea' id='block_1_34' title="bbox 524 2017 2114 2089">
    <p class='ocr_par' dir='ltr' id='par_1_34' title="bbox 524 2017 2114 2089">
     <span class='ocr_line' id='line_1_34' title="bbox 524 2017 2114 2089; baseline -0.002 -16"><span class='ocrx_word' id='word_1_256' title='bbox 524 2018 871 2087; x_wconf 82' lang='lat' dir='ltr'><strong>Apostolum,</strong></span> <span class='ocrx_word' id='word_1_257' title='bbox 903 2029 1282 2089; x_wconf 76' lang='lat' dir='ltr'><strong>exspectemus</strong></span> <span class='ocrx_word' id='word_1_258' title='bbox 1309 2020 1651 2088; x_wconf 74' lang='lat' dir='ltr'><strong>adoptionem</strong></span> <span class='ocrx_word' id='word_1_259' title='bbox 1686 2030 1745 2074; x_wconf 89' lang='lat' dir='ltr'><strong>et</strong></span> <span class='ocrx_word' id='word_1_260' title='bbox 1783 2017 2114 2086; x_wconf 82' lang='lat' dir='ltr'><strong>redemptio-</strong></span> 
     </span>
    </p>
   </div>
   <div class='ocr_carea' id='block_1_35' title="bbox 524 2107 2115 2184">
    <p class='ocr_par' dir='ltr' id='par_1_35' title="bbox 524 2107 2115 2184">
     <span class='ocr_line' id='line_1_35' title="bbox 524 2107 2115 2184; baseline -0.001 -22"><span class='ocrx_word' id='word_1_261' title='bbox 524 2124 670 2172; x_wconf 76' lang='lat' dir='ltr'><strong>nem,</strong></span> <span class='ocrx_word' id='word_1_262' title='bbox 725 2118 779 2163; x_wconf 89' lang='lat' dir='ltr'><strong>et</strong></span> <span class='ocrx_word' id='word_1_263' title='bbox 824 2107 1092 2174; x_wconf 86' lang='lat' dir='ltr'><strong>salutem;</strong></span> <span class='ocrx_word' id='word_1_264' title='bbox 1136 2117 1336 2172; x_wconf 86' lang='lat' dir='ltr'><strong>tamen,</strong></span> <span class='ocrx_word' id='word_1_265' title='bbox 1392 2109 1516 2176; x_wconf 84' lang='lat' dir='ltr'><strong>quia</strong></span> <span class='ocrx_word' id='word_1_266' title='bbox 1563 2107 1674 2177; x_wconf 86' lang='lat' dir='ltr'><strong>jam</strong></span> <span class='ocrx_word' id='word_1_267' title='bbox 1721 2116 2115 2184; x_wconf 79' lang='lat' dir='ltr'><strong>sacramentum</strong></span> 
     </span>
    </p>
   </div>
   <div class='ocr_carea' id='block_1_36' title="bbox 522 2190 2119 2271">
    <p class='ocr_par' dir='ltr' id='par_1_36' title="bbox 522 2190 2119 2271">
     <span class='ocr_line' id='line_1_36' title="bbox 522 2190 2119 2271; baseline -0.001 -17"><span class='ocrx_word' id='word_1_268' title='bbox 522 2190 851 2271; x_wconf 41' lang='lat' dir='ltr'><strong>adoption—is,</strong></span> <span class='ocrx_word' id='word_1_269' title='bbox 880 2212 933 2258; x_wconf 89' lang='lat' dir='ltr'><strong>et</strong></span> <span class='ocrx_word' id='word_1_270' title='bbox 964 2201 1374 2270; x_wconf 87' lang='lat' dir='ltr'><strong>redemptionis,</strong></span> <span class='ocrx_word' id='word_1_271' title='bbox 1416 2211 1471 2256; x_wconf 89' lang='lat' dir='ltr'><strong>et</strong></span> <span class='ocrx_word' id='word_1_272' title='bbox 1496 2201 1686 2256; x_wconf 89' lang='lat' dir='ltr'><strong>salutis</strong></span> <span class='ocrx_word' id='word_1_273' title='bbox 1715 2201 2033 2270; x_wconf 86' lang='lat' dir='ltr'><strong>accipimus,</strong></span> <span class='ocrx_word' id='word_1_274' title='bbox 2062 2207 2119 2254; x_wconf 89' lang='lat' dir='ltr'><strong>et</strong></span> 
     </span>
    </p>
   </div>
   <div class='ocr_carea' id='block_1_37' title="bbox 525 2290 2115 2361">
    <p class='ocr_par' dir='ltr' id='par_1_37' title="bbox 525 2290 2115 2361">
     <span class='ocr_line' id='line_1_37' title="bbox 525 2290 2115 2361; baseline -0.003 -13"><span class='ocrx_word' id='word_1_275' title='bbox 525 2295 615 2348; x_wconf 87' lang='lat' dir='ltr'><strong>ﬁlii</strong></span> <span class='ocrx_word' id='word_1_276' title='bbox 650 2294 765 2357; x_wconf 88' lang='lat' dir='ltr'><strong>Dei,</strong></span> <span class='ocrx_word' id='word_1_277' title='bbox 797 2305 849 2348; x_wconf 91' lang='lat' dir='ltr'><strong>et</strong></span> <span class='ocrx_word' id='word_1_278' title='bbox 880 2309 919 2348; x_wconf 65' lang='grc' dir='ltr'><strong>ιιι</strong></span> <span class='ocrx_word' id='word_1_279' title='bbox 943 2290 1167 2361; x_wconf 83' lang='lat' dir='ltr'><strong>demp&#39;ti,</strong></span> <span class='ocrx_word' id='word_1_280' title='bbox 1197 2301 1254 2347; x_wconf 90' lang='lat' dir='ltr'><strong>et</strong></span> <span class='ocrx_word' id='word_1_281' title='bbox 1298 2292 1492 2347; x_wconf 86' lang='lat' dir='ltr'><strong>salvati</strong></span> <span class='ocrx_word' id='word_1_282' title='bbox 1538 2303 1685 2347; x_wconf 86' lang='lat' dir='ltr'><strong>reete</strong></span> <span class='ocrx_word' id='word_1_283' title='bbox 1714 2306 1969 2346; x_wconf 87' lang='lat' dir='ltr'><strong>vocamur</strong></span> <span class='ocrx_word' id='word_1_284' title='bbox 1997 2310 2010 2343; x_wconf 92' lang='lat'><strong>:</strong></span> <span class='ocrx_word' id='word_1_285' title='bbox 2043 2290 2115 2344; x_wconf 85' lang='lat' dir='ltr'><strong>ita</strong></span> 
     </span>
    </p>
   </div>
   <div class='ocr_carea' id='block_1_38' title="bbox 523 2380 2116 2453">
    <p class='ocr_par' dir='ltr' id='par_1_38' title="bbox 523 2380 2116 2453">
     <span class='ocr_line' id='line_1_38' title="bbox 523 2380 2116 2453; baseline -0.001 -14"><span class='ocrx_word' id='word_1_286' title='bbox 523 2384 771 2439; x_wconf 88' lang='lat' dir='ltr'><strong>Christus</strong></span> <span class='ocrx_word' id='word_1_287' title='bbox 822 2398 1035 2453; x_wconf 83' lang='lat' dir='ltr'><strong>quoque</strong></span> <span class='ocrx_word' id='word_1_288' title='bbox 1080 2392 1473 2438; x_wconf 84' lang='lat' dir='ltr'><strong>sacramentum</strong></span> <span class='ocrx_word' id='word_1_289' title='bbox 1520 2382 1841 2451; x_wconf 86' lang='lat' dir='ltr'><strong>adoptionis,</strong></span> <span class='ocrx_word' id='word_1_290' title='bbox 1890 2398 1997 2436; x_wconf 91' lang='lat' dir='ltr'><strong>non</strong></span> <span class='ocrx_word' id='word_1_291' title='bbox 2049 2380 2116 2437; x_wconf 90' lang='lat' dir='ltr'><strong>ad</strong></span> 
     </span>
    </p>
   </div>
   <div class='ocr_carea' id='block_1_39' title="bbox 527 2473 2119 2543">
    <p class='ocr_par' dir='ltr' id='par_1_39' title="bbox 527 2473 2119 2543">
     <span class='ocr_line' id='line_1_39' title="bbox 527 2473 2119 2543; baseline 0 -14"><span class='ocrx_word' id='word_1_292' title='bbox 527 2476 813 2529; x_wconf 78' lang='lat' dir='ltr'><strong>utilitatem</strong></span> <span class='ocrx_word' id='word_1_293' title='bbox 841 2488 1015 2540; x_wconf 84' lang='lat' dir='ltr'><strong>suam,</strong></span> <span class='ocrx_word' id='word_1_294' title='bbox 1049 2474 1143 2528; x_wconf 90' lang='lat' dir='ltr'><strong>sed</strong></span> <span class='ocrx_word' id='word_1_295' title='bbox 1173 2473 1241 2529; x_wconf 85' lang='lat' dir='ltr'><strong>ad</strong></span> <span class='ocrx_word' id='word_1_296' title='bbox 1281 2474 1444 2543; x_wconf 88' lang='lat' dir='ltr'><strong>ipsius</strong></span> <span class='ocrx_word' id='word_1_297' title='bbox 1477 2475 1801 2530; x_wconf 85' lang='lat' dir='ltr'><strong>sacramenti</strong></span> <span class='ocrx_word' id='word_1_298' title='bbox 1831 2476 2119 2530; x_wconf 77' lang='lat' dir='ltr'><strong>continua-</strong></span> 
     </span>
    </p>
   </div>
   <div class='ocr_carea' id='block_1_40' title="bbox 525 2565 2114 2635">
    <p class='ocr_par' dir='ltr' id='par_1_40' title="bbox 525 2565 2114 2635">
     <span class='ocr_line' id='line_1_40' title="bbox 525 2565 2114 2635; baseline -0.001 -15"><span class='ocrx_word' id='word_1_299' title='bbox 525 2568 765 2632; x_wconf 89' lang='lat' dir='ltr'><strong>tionem,</strong></span> <span class='ocrx_word' id='word_1_300' title='bbox 811 2565 863 2620; x_wconf 89' lang='lat' dir='ltr'><strong>in</strong></span> <span class='ocrx_word' id='word_1_301' title='bbox 912 2565 1320 2621; x_wconf 88' lang='lat' dir='ltr'><strong>circumcisione</strong></span> <span class='ocrx_word' id='word_1_302' title='bbox 1369 2576 1422 2620; x_wconf 92' lang='lat' dir='ltr'><strong>et</strong></span> <span class='ocrx_word' id='word_1_303' title='bbox 1466 2566 1732 2635; x_wconf 90' lang='lat' dir='ltr'><strong>baptismo</strong></span> <span class='ocrx_word' id='word_1_304' title='bbox 1780 2567 2114 2635; x_wconf 84' lang='lat' dir='ltr'><strong>suscipiens,</strong></span> 
     </span>
    </p>
   </div>
   <div class='ocr_carea' id='block_1_41' title="bbox 525 2656 2119 2725">
    <p class='ocr_par' dir='ltr' id='par_1_41' title="bbox 525 2656 2119 2725">
     <span class='ocr_line' id='line_1_41' title="bbox 525 2656 2119 2725; baseline 0.002 -15"><span class='ocrx_word' id='word_1_305' title='bbox 525 2657 663 2711; x_wconf 77' lang='lat' dir='ltr'><strong>sicut</strong></span> <span class='ocrx_word' id='word_1_306' title='bbox 710 2656 995 2725; x_wconf 71' lang='lat' dir='ltr'><strong>Apostolus</strong></span> <span class='ocrx_word' id='word_1_307' title='bbox 1038 2657 1147 2711; x_wconf 86' lang='lat' dir='ltr'><strong>ait:</strong></span> <span class='ocrx_word' id='word_1_308' title='bbox 1194 2656 1326 2711; x_wconf 86' lang='lat' dir='ltr'><strong>Dico</strong></span> <span class='ocrx_word' id='word_1_309' title='bbox 1368 2659 1500 2712; x_wconf 78' lang='lat' dir='ltr'><strong>enim</strong></span> <span class='ocrx_word' id='word_1_310' title='bbox 1540 2657 1800 2713; x_wconf 76' lang='lat' dir='ltr'><strong>Christum</strong></span> <span class='ocrx_word' id='word_1_311' title='bbox 1831 2658 2119 2713; x_wconf 77' lang='lat' dir='ltr'><strong>ministrum</strong></span> 
     </span>
    </p>
   </div>
   <div class='ocr_carea' id='block_1_42' title="bbox 525 2746 2118 2817">
    <p class='ocr_par' dir='ltr' id='par_1_42' title="bbox 525 2746 2118 2817">
     <span class='ocr_line' id='line_1_42' title="bbox 525 2746 2118 2817; baseline 0.002 -18"><span class='ocrx_word' id='word_1_312' title='bbox 525 2746 685 2815; x_wconf 69' lang='lat' dir='ltr'><strong>fuisse</strong></span> <span class='ocrx_word' id='word_1_313' title='bbox 712 2746 1114 2801; x_wconf 79' lang='lat' dir='ltr'><strong>circumcisionis</strong></span> <span class='ocrx_word' id='word_1_314' title='bbox 1143 2758 1350 2815; x_wconf 85' lang='lat' dir='ltr'><strong>propter</strong></span> <span class='ocrx_word' id='word_1_315' title='bbox 1378 2749 1639 2802; x_wconf 80' lang='lat' dir='ltr'><strong>veritatem</strong></span> <span class='ocrx_word' id='word_1_316' title='bbox 1669 2747 1783 2813; x_wconf 87' lang='lat' dir='ltr'><strong>Dei,</strong></span> <span class='ocrx_word' id='word_1_317' title='bbox 1822 2749 1889 2801; x_wconf 84' lang='lat' dir='ltr'><strong>ad</strong></span> <span class='ocrx_word' id='word_1_318' title='bbox 1925 2750 2118 2817; x_wconf 78' lang='lat' dir='ltr'><strong>con/ir-</strong></span> 
     </span>
    </p>
   </div>
   <div class='ocr_carea' id='block_1_43' title="bbox 528 2837 2119 2911">
    <p class='ocr_par' dir='ltr' id='par_1_43' title="bbox 528 2837 2119 2911">
     <span class='ocr_line' id='line_1_43' title="bbox 528 2837 2119 2911; baseline 0.002 -19"><span class='ocrx_word' id='word_1_319' title='bbox 528 2837 746 2893; x_wconf 82' lang='lat' dir='ltr'><strong>mandas</strong></span> <span class='ocrx_word' id='word_1_320' title='bbox 773 2839 1131 2910; x_wconf 70' lang='lat' dir='ltr'><strong>promittimus</strong></span> <span class='ocrx_word' id='word_1_321' title='bbox 1160 2850 1364 2909; x_wconf 87' lang='lat' dir='ltr'><strong>patruut</strong></span> <span class='ocrx_word' id='word_1_322' title='bbox 1407 2839 1705 2911; x_wconf 81' lang='lat' dir='ltr'><strong>(Reus..xv,</strong></span> <span class='ocrx_word' id='word_1_323' title='bbox 1739 2840 1818 2911; x_wconf 88' lang='lat'><strong>8),</strong></span> <span class='ocrx_word' id='word_1_324' title='bbox 1854 2843 2023 2909; x_wconf 89' lang='lat' dir='ltr'><strong>potuit</strong></span> <span class='ocrx_word' id='word_1_325' title='bbox 2053 2841 2119 2896; x_wconf 85' lang='lat' dir='ltr'><strong>ab</strong></span> 
     </span>
    </p>
   </div>
   <div class='ocr_carea' id='block_1_44' title="bbox 525 2926 2119 3000">
    <p class='ocr_par' dir='ltr' id='par_1_44' title="bbox 525 2926 2119 3000">
     <span class='ocr_line' id='line_1_44' title="bbox 525 2926 2119 3000; baseline 0.003 -20"><span class='ocrx_word' id='word_1_326' title='bbox 525 2926 1042 2996; x_wconf 74' lang='lat' dir='ltr'><strong>antiquisEcclesite</strong></span> <span class='ocrx_word' id='word_1_327' title='bbox 1060 2927 1372 2983; x_wconf 88' lang='lat' dir='ltr'><strong>doctoribus</strong></span> <span class='ocrx_word' id='word_1_328' title='bbox 1400 2938 1545 2983; x_wconf 89' lang='lat' dir='ltr'><strong>recte</strong></span> <span class='ocrx_word' id='word_1_329' title='bbox 1569 2929 1680 2984; x_wconf 89' lang='lat' dir='ltr'><strong>dici</strong></span> <span class='ocrx_word' id='word_1_330' title='bbox 1709 2928 1852 2999; x_wconf 89' lang='lat' dir='ltr'><strong>quod</strong></span> <span class='ocrx_word' id='word_1_331' title='bbox 1875 2929 2119 3000; x_wconf 84' lang='lat' dir='ltr'><strong>adoptio-</strong></span> 
     </span>
    </p>
   </div>
   <div class='ocr_carea' id='block_1_45' title="bbox 528 3019 2114 3089">
    <p class='ocr_par' dir='ltr' id='par_1_45' title="bbox 528 3019 2114 3089">
     <span class='ocr_line' id='line_1_45' title="bbox 528 3019 2114 3089; baseline 0.003 -16"><span class='ocrx_word' id='word_1_332' title='bbox 528 3035 653 3075; x_wconf 87' lang='lat' dir='ltr'><strong>nem</strong></span> <span class='ocrx_word' id='word_1_333' title='bbox 679 3021 978 3089; x_wconf 82' lang='lat' dir='ltr'><strong>susceperit</strong></span> <span class='ocrx_word' id='word_1_334' title='bbox 1000 3019 1253 3075; x_wconf 86' lang='lat' dir='ltr'><strong>ﬁliorum.</strong></span> <span class='ocrx_word' id='word_1_335' title='bbox 1280 3020 1432 3087; x_wconf 85' lang='lat' dir='ltr'><strong>Quod</strong></span> <span class='ocrx_word' id='word_1_336' title='bbox 1462 3019 1510 3075; x_wconf 88' lang='lat' dir='ltr'><strong>si</strong></span> <span class='ocrx_word' id='word_1_337' title='bbox 1532 3028 1586 3076; x_wconf 88' lang='lat' dir='ltr'><strong>et</strong></span> <span class='ocrx_word' id='word_1_338' title='bbox 1616 3020 1719 3076; x_wconf 88' lang='lat' dir='ltr'><strong>hoc</strong></span> <span class='ocrx_word' id='word_1_339' title='bbox 1745 3020 1947 3077; x_wconf 81' lang='lat' dir='ltr'><strong>dixisse</strong></span> <span class='ocrx_word' id='word_1_340' title='bbox 1970 3022 2114 3077; x_wconf 88' lang='lat' dir='ltr'><strong>inve-</strong></span> 
     </span>
    </p>
   </div>
   <div class='ocr_carea' id='block_1_46' title="bbox 528 3110 2121 3182">
    <p class='ocr_par' dir='ltr' id='par_1_46' title="bbox 528 3110 2121 3182">
     <span class='ocr_line' id='line_1_46' title="bbox 528 3110 2121 3182; baseline 0.002 -17"><span class='ocrx_word' id='word_1_341' title='bbox 528 3112 774 3178; x_wconf 89' lang='lat' dir='ltr'><strong>niantur,</strong></span> <span class='ocrx_word' id='word_1_342' title='bbox 806 3110 930 3179; x_wconf 89' lang='lat' dir='ltr'><strong>quia</strong></span> <span class='ocrx_word' id='word_1_343' title='bbox 970 3121 1091 3181; x_wconf 88' lang='lat' dir='ltr'><strong>post</strong></span> <span class='ocrx_word' id='word_1_344' title='bbox 1120 3111 1422 3181; x_wconf 83' lang='lat' dir='ltr'><strong>passionem</strong></span> <span class='ocrx_word' id='word_1_345' title='bbox 1449 3153 1465 3178; x_wconf 97' lang='lat'><strong>,</strong></span> <span class='ocrx_word' id='word_1_346' title='bbox 1497 3112 1612 3167; x_wconf 85' lang='lat' dir='ltr'><strong>sive</strong></span> <span class='ocrx_word' id='word_1_347' title='bbox 1643 3127 1932 3182; x_wconf 77' lang='lat' dir='ltr'><strong>resurgens</strong></span> <span class='ocrx_word' id='word_1_348' title='bbox 1952 3152 1972 3178; x_wconf 91' lang='lat'><strong>,</strong></span> <span class='ocrx_word' id='word_1_349' title='bbox 2001 3114 2121 3169; x_wconf 86' lang='lat' dir='ltr'><strong>sive</strong></span> 
     </span>
    </p>
   </div>
   <div class='ocr_carea' id='block_1_47' title="bbox 529 3204 2117 3276">
    <p class='ocr_par' dir='ltr' id='par_1_47' title="bbox 529 3204 2117 3276">
     <span class='ocr_line' id='line_1_47' title="bbox 529 3204 2117 3276; baseline 0.002 -18"><span class='ocrx_word' id='word_1_350' title='bbox 529 3206 691 3259; x_wconf 88' lang='lat' dir='ltr'><strong>ctiam</strong></span> <span class='ocrx_word' id='word_1_351' title='bbox 724 3207 775 3259; x_wconf 91' lang='lat' dir='ltr'><strong>in</strong></span> <span class='ocrx_word' id='word_1_352' title='bbox 805 3206 997 3260; x_wconf 68' lang='lat' dir='ltr'><strong>cretum</strong></span> <span class='ocrx_word' id='word_1_353' title='bbox 1028 3204 1344 3269; x_wconf 77' lang='lat' dir='ltr'><strong>ascendens,</strong></span> <span class='ocrx_word' id='word_1_354' title='bbox 1374 3205 1700 3276; x_wconf 89' lang='lat' dir='ltr'><strong>gloriﬁcatus</strong></span> <span class='ocrx_word' id='word_1_355' title='bbox 1722 3216 1806 3260; x_wconf 91' lang='lat' dir='ltr'><strong>est</strong></span> <span class='ocrx_word' id='word_1_356' title='bbox 1840 3206 2117 3273; x_wconf 89' lang='lat' dir='ltr'><strong>Dominus,</strong></span> 
     </span>
    </p>
   </div>
   <div class='ocr_carea' id='block_1_48' title="bbox 2216 2014 3806 2083">
    <p class='ocr_par' dir='ltr' id='par_1_48' title="bbox 2216 2014 3806 2083">
     <span class='ocr_line' id='line_1_48' title="bbox 2216 2014 3806 2083; baseline -0.003 -9"><span class='ocrx_word' id='word_1_357' title='bbox 2216 2033 2371 2074; x_wconf 84' lang='lat' dir='ltr'><strong>cesso</strong></span> <span class='ocrx_word' id='word_1_358' title='bbox 2401 2025 2486 2073; x_wconf 87' lang='lat' dir='ltr'><strong>est</strong></span> <span class='ocrx_word' id='word_1_359' title='bbox 2519 2026 2577 2071; x_wconf 89' lang='lat' dir='ltr'><strong>ut</strong></span> <span class='ocrx_word' id='word_1_360' title='bbox 2618 2016 2966 2072; x_wconf 88' lang='lat' dir='ltr'><strong>conturbetur</strong></span> <span class='ocrx_word' id='word_1_361' title='bbox 2994 2016 3048 2070; x_wconf 92' lang='lat' dir='ltr'><strong>in</strong></span> <span class='ocrx_word' id='word_1_362' title='bbox 3078 2014 3310 2080; x_wconf 85' lang='lat' dir='ltr'><strong>talibus;</strong></span> <span class='ocrx_word' id='word_1_363' title='bbox 3354 2024 3440 2083; x_wconf 88' lang='lat' dir='ltr'><strong>et,</strong></span> <span class='ocrx_word' id='word_1_364' title='bbox 3472 2015 3519 2069; x_wconf 88' lang='lat' dir='ltr'><strong>si</strong></span> <span class='ocrx_word' id='word_1_365' title='bbox 3546 2014 3806 2082; x_wconf 88' lang='lat' dir='ltr'><strong>potuerit,</strong></span> 
     </span>
    </p>
   </div>
   <div class='ocr_carea' id='block_1_49' title="bbox 2219 2106 3813 2181">
    <p class='ocr_par' dir='ltr' id='par_1_49' title="bbox 2219 2106 3813 2181">
     <span class='ocr_line' id='line_1_49' title="bbox 2219 2106 3813 2181; baseline -0.003 -16"><span class='ocrx_word' id='word_1_366' title='bbox 2219 2111 2357 2165; x_wconf 90' lang='lat' dir='ltr'><strong>alios</strong></span> <span class='ocrx_word' id='word_1_367' title='bbox 2380 2124 2593 2181; x_wconf 89' lang='lat' dir='ltr'><strong>quoque</strong></span> <span class='ocrx_word' id='word_1_368' title='bbox 2622 2108 2931 2173; x_wconf 87' lang='lat' dir='ltr'><strong>conturbet,</strong></span> <span class='ocrx_word' id='word_1_369' title='bbox 2966 2106 3094 2162; x_wconf 90' lang='lat' dir='ltr'><strong>dum</strong></span> <span class='ocrx_word' id='word_1_370' title='bbox 3124 2108 3388 2162; x_wconf 90' lang='lat' dir='ltr'><strong>rationem</strong></span> <span class='ocrx_word' id='word_1_371' title='bbox 3416 2121 3573 2178; x_wconf 87' lang='lat' dir='ltr'><strong>quam</strong></span> <span class='ocrx_word' id='word_1_372' title='bbox 3599 2122 3695 2175; x_wconf 84' lang='lat' dir='ltr'><strong>pro</strong></span> <span class='ocrx_word' id='word_1_373' title='bbox 3717 2123 3813 2161; x_wconf 89' lang='lat' dir='ltr'><strong>sua</strong></span> 
     </span>
    </p>
   </div>
   <div class='ocr_carea' id='block_1_50' title="bbox 2225 2188 3812 2272">
    <p class='ocr_par' dir='ltr' id='par_1_50' title="bbox 2225 2188 3812 2272">
     <span class='ocr_line' id='line_1_50' title="bbox 2225 2188 3812 2272; baseline -0.004 -15"><span class='ocrx_word' id='word_1_374' title='bbox 2225 2202 2487 2272; x_wconf 85' lang='lat' dir='ltr'><strong>imperitia</strong></span> <span class='ocrx_word' id='word_1_375' title='bbox 2519 2217 2625 2256; x_wconf 91' lang='lat' dir='ltr'><strong>non</strong></span> <span class='ocrx_word' id='word_1_376' title='bbox 2674 2202 2847 2270; x_wconf 88' lang='lat' dir='ltr'><strong>potuit</strong></span> <span class='ocrx_word' id='word_1_377' title='bbox 2874 2199 3141 2265; x_wconf 88' lang='lat' dir='ltr'><strong>invenire,</strong></span> <span class='ocrx_word' id='word_1_378' title='bbox 3175 2188 3337 2255; x_wconf 82' lang='lat' dir='ltr'><strong>etiam</strong></span> <span class='ocrx_word' id='word_1_379' title='bbox 3370 2214 3466 2269; x_wconf 90' lang='lat' dir='ltr'><strong>pro</strong></span> <span class='ocrx_word' id='word_1_380' title='bbox 3502 2202 3812 2271; x_wconf 81' lang='lat' dir='ltr'><strong>arrogantia</strong></span> 
     </span>
    </p>
   </div>
   <div class='ocr_carea' id='block_1_51' title="bbox 2219 2289 3814 2363">
    <p class='ocr_par' dir='ltr' id='par_1_51' title="bbox 2219 2289 3814 2363">
     <span class='ocr_line' id='line_1_51' title="bbox 2219 2289 3814 2363; baseline -0.004 -13"><span class='ocrx_word' id='word_1_381' title='bbox 2219 2294 2540 2363; x_wconf 79' lang='lat' dir='ltr'><strong>dedignatur</strong></span> <span class='ocrx_word' id='word_1_382' title='bbox 2586 2294 2852 2361; x_wconf 87' lang='lat' dir='ltr'><strong>accipere.</strong></span> <span class='ocrx_word' id='word_1_383' title='bbox 2896 2290 3031 2346; x_wconf 91' lang='lat' dir='ltr'><strong>Illud</strong></span> <span class='ocrx_word' id='word_1_384' title='bbox 3066 2301 3246 2346; x_wconf 88' lang='lat' dir='ltr'><strong>autem</strong></span> <span class='ocrx_word' id='word_1_385' title='bbox 3273 2291 3391 2361; x_wconf 75' lang='lat' dir='ltr'><strong>quis</strong></span> <span class='ocrx_word' id='word_1_386' title='bbox 3433 2289 3609 2357; x_wconf 81' lang='lat' dir='ltr'><strong>ferat,</strong></span> <span class='ocrx_word' id='word_1_387' title='bbox 3666 2290 3814 2360; x_wconf 88' lang='lat' dir='ltr'><strong>quod</strong></span> 
     </span>
    </p>
   </div>
   <div class='ocr_carea' id='block_1_52' title="bbox 2218 2381 3817 2456">
    <p class='ocr_par' dir='ltr' id='par_1_52' title="bbox 2218 2381 3817 2456">
     <span class='ocr_line' id='line_1_52' title="bbox 2218 2381 3817 2456; baseline -0.004 -15"><span class='ocrx_word' id='word_1_388' title='bbox 2218 2386 2378 2456; x_wconf 85' lang='lat' dir='ltr'><strong>aliqui</strong></span> <span class='ocrx_word' id='word_1_389' title='bbox 2403 2386 2643 2441; x_wconf 86' lang='lat' dir='ltr'><strong>dicentes</strong></span> <span class='ocrx_word' id='word_1_390' title='bbox 2672 2383 2900 2439; x_wconf 84' lang='lat' dir='ltr'><strong>credere</strong></span> <span class='ocrx_word' id='word_1_391' title='bbox 2921 2397 2981 2440; x_wconf 88' lang='lat' dir='ltr'><strong>se</strong></span> <span class='ocrx_word' id='word_1_392' title='bbox 3010 2383 3296 2438; x_wconf 84' lang='lat' dir='ltr'><strong>nobiscum</strong></span> <span class='ocrx_word' id='word_1_393' title='bbox 3320 2381 3453 2437; x_wconf 89' lang='lat' dir='ltr'><strong>duas</strong></span> <span class='ocrx_word' id='word_1_394' title='bbox 3469 2381 3663 2437; x_wconf 66' lang='lat' dir='ltr'><strong>Christi</strong></span> <span class='ocrx_word' id='word_1_395' title='bbox 3690 2396 3817 2436; x_wconf 84' lang='lat' dir='ltr'><strong>esse</strong></span> 
     </span>
    </p>
   </div>
   <div class='ocr_carea' id='block_1_53' title="bbox 2221 2472 3815 2545">
    <p class='ocr_par' dir='ltr' id='par_1_53' title="bbox 2221 2472 3815 2545">
     <span class='ocr_line' id='line_1_53' title="bbox 2221 2472 3815 2545; baseline -0.005 -12"><span class='ocrx_word' id='word_1_396' title='bbox 2221 2486 2458 2545; x_wconf 77' lang='lat' dir='ltr'><strong>tiaturas,</strong></span> <span class='ocrx_word' id='word_1_397' title='bbox 2489 2487 2542 2532; x_wconf 91' lang='lat' dir='ltr'><strong>et</strong></span> <span class='ocrx_word' id='word_1_398' title='bbox 2573 2477 2738 2531; x_wconf 84' lang='lat' dir='ltr'><strong>Deum</strong></span> <span class='ocrx_word' id='word_1_399' title='bbox 2768 2475 2918 2530; x_wconf 83' lang='lat' dir='ltr'><strong>illum</strong></span> <span class='ocrx_word' id='word_1_400' title='bbox 2953 2485 3117 2545; x_wconf 90' lang='lat' dir='ltr'><strong>atque</strong></span> <span class='ocrx_word' id='word_1_401' title='bbox 3153 2472 3424 2528; x_wconf 86' lang='lat' dir='ltr'><strong>hominem</strong></span> <span class='ocrx_word' id='word_1_402' title='bbox 3466 2488 3571 2527; x_wconf 90' lang='lat' dir='ltr'><strong>non</strong></span> <span class='ocrx_word' id='word_1_403' title='bbox 3598 2487 3815 2541; x_wconf 81' lang='lat' dir='ltr'><strong>negan-</strong></span> 
     </span>
    </p>
   </div>
   <div class='ocr_carea' id='block_1_54' title="bbox 2220 2563 3835 2637">
    <p class='ocr_par' dir='ltr' id='par_1_54' title="bbox 2220 2563 3835 2637">
     <span class='ocr_line' id='line_1_54' title="bbox 2220 2563 3835 2637; baseline -0.004 -13"><span class='ocrx_word' id='word_1_404' title='bbox 2220 2577 2323 2632; x_wconf 91' lang='lat' dir='ltr'><strong>tes,</strong></span> <span class='ocrx_word' id='word_1_405' title='bbox 2353 2570 2397 2624; x_wconf 89' lang='lat' dir='ltr'><strong>si</strong></span> <span class='ocrx_word' id='word_1_406' title='bbox 2428 2568 2694 2624; x_wconf 87' lang='lat' dir='ltr'><strong>audierint</strong></span> <span class='ocrx_word' id='word_1_407' title='bbox 2722 2566 2866 2636; x_wconf 90' lang='lat' dir='ltr'><strong>quod</strong></span> <span class='ocrx_word' id='word_1_408' title='bbox 2894 2565 3061 2637; x_wconf 83' lang='lat' dir='ltr'><strong>gratia</strong></span> <span class='ocrx_word' id='word_1_409' title='bbox 3101 2564 3171 2619; x_wconf 81' lang='lat' dir='ltr'><strong>sit</strong></span> <span class='ocrx_word' id='word_1_410' title='bbox 3206 2563 3373 2620; x_wconf 81' lang='lat' dir='ltr'><strong>Filius</strong></span> <span class='ocrx_word' id='word_1_411' title='bbox 3396 2564 3510 2627; x_wconf 85' lang='lat' dir='ltr'><strong>Dei,</strong></span> <span class='ocrx_word' id='word_1_412' title='bbox 3547 2565 3625 2618; x_wconf 64' lang='lat' dir='ltr'><strong>s’c</strong></span> <span class='ocrx_word' id='word_1_413' title='bbox 3652 2564 3835 2618; x_wconf 46' lang='lat' dir='ltr'><strong>detee</strong></span> 
     </span>
    </p>
   </div>
   <div class='ocr_carea' id='block_1_55' title="bbox 2220 2648 3819 2727">
    <p class='ocr_par' dir='ltr' id='par_1_55' title="bbox 2220 2648 3819 2727">
     <span class='ocr_line' id='line_1_55' title="bbox 2220 2648 3819 2727; baseline -0.006 -10"><span class='ocrx_word' id='word_1_414' title='bbox 2220 2669 2432 2717; x_wconf 82' lang='lat' dir='ltr'><strong>stanter</strong></span> <span class='ocrx_word' id='word_1_415' title='bbox 2461 2660 2561 2714; x_wconf 87' lang='lat' dir='ltr'><strong>hoc</strong></span> <span class='ocrx_word' id='word_1_416' title='bbox 2592 2659 2811 2714; x_wconf 87' lang='lat' dir='ltr'><strong>verbum</strong></span> <span class='ocrx_word' id='word_1_417' title='bbox 2838 2700 2853 2724; x_wconf 93' lang='lat'><strong>,</strong></span> <span class='ocrx_word' id='word_1_418' title='bbox 2891 2648 3141 2727; x_wconf 78' lang='lat' dir='ltr'><strong>tanquam</strong></span> <span class='ocrx_word' id='word_1_419' title='bbox 3176 2656 3222 2711; x_wconf 91' lang='lat' dir='ltr'><strong>si</strong></span> <span class='ocrx_word' id='word_1_420' title='bbox 3245 2656 3314 2711; x_wconf 90' lang='lat' dir='ltr'><strong>de</strong></span> <span class='ocrx_word' id='word_1_421' title='bbox 3342 2655 3431 2711; x_wconf 92' lang='lat' dir='ltr'><strong>illo</strong></span> <span class='ocrx_word' id='word_1_422' title='bbox 3458 2655 3693 2720; x_wconf 80' lang='lat' dir='ltr'><strong>dicatur,</strong></span> <span class='ocrx_word' id='word_1_423' title='bbox 3720 2655 3819 2725; x_wconf 87' lang='lat' dir='ltr'><strong>qui</strong></span> 
     </span>
    </p>
   </div>
   <div class='ocr_carea' id='block_1_56' title="bbox 2224 2748 3823 2809">
    <p class='ocr_par' dir='ltr' id='par_1_56' title="bbox 2224 2748 3823 2809">
     <span class='ocr_line' id='line_1_56' title="bbox 2224 2748 3823 2809; baseline -0.004 -1"><span class='ocrx_word' id='word_1_424' title='bbox 2224 2754 2365 2809; x_wconf 86' lang='lat' dir='ltr'><strong>Deus</strong></span> <span class='ocrx_word' id='word_1_425' title='bbox 2391 2761 2597 2808; x_wconf 86' lang='lat' dir='ltr'><strong>tantum</strong></span> <span class='ocrx_word' id='word_1_426' title='bbox 2627 2766 2736 2806; x_wconf 90' lang='lat' dir='ltr'><strong>non</strong></span> <span class='ocrx_word' id='word_1_427' title='bbox 2756 2752 2917 2807; x_wconf 79' lang='lat' dir='ltr'><strong>etiam</strong></span> <span class='ocrx_word' id='word_1_428' title='bbox 2948 2750 3110 2805; x_wconf 92' lang='lat' dir='ltr'><strong>homo</strong></span> <span class='ocrx_word' id='word_1_429' title='bbox 3131 2751 3219 2804; x_wconf 89' lang='lat' dir='ltr'><strong>sit.</strong></span> <span class='ocrx_word' id='word_1_430' title='bbox 3261 2748 3415 2804; x_wconf 85' lang='lat' dir='ltr'><strong>Sicut</strong></span> <span class='ocrx_word' id='word_1_431' title='bbox 3439 2758 3612 2803; x_wconf 86' lang='lat' dir='ltr'><strong>autem</strong></span> <span class='ocrx_word' id='word_1_432' title='bbox 3638 2758 3698 2802; x_wconf 88' lang='lat' dir='ltr'><strong>et</strong></span> <span class='ocrx_word' id='word_1_433' title='bbox 3722 2764 3823 2801; x_wconf 81' lang='lat' dir='ltr'><strong>na-</strong></span> 
     </span>
    </p>
   </div>
   <div class='ocr_carea' id='block_1_57' title="bbox 2222 2839 3823 2913">
    <p class='ocr_par' dir='ltr' id='par_1_57' title="bbox 2222 2839 3823 2913">
     <span class='ocr_line' id='line_1_57' title="bbox 2222 2839 3823 2913; baseline -0.003 -14"><span class='ocrx_word' id='word_1_434' title='bbox 2222 2853 2338 2899; x_wconf 89' lang='lat' dir='ltr'><strong>tura</strong></span> <span class='ocrx_word' id='word_1_435' title='bbox 2364 2844 2507 2899; x_wconf 87' lang='lat' dir='ltr'><strong>ﬁlius</strong></span> <span class='ocrx_word' id='word_1_436' title='bbox 2536 2854 2619 2898; x_wconf 89' lang='lat' dir='ltr'><strong>est</strong></span> <span class='ocrx_word' id='word_1_437' title='bbox 2657 2842 2888 2898; x_wconf 85' lang='lat' dir='ltr'><strong>hominis</strong></span> <span class='ocrx_word' id='word_1_438' title='bbox 2937 2850 3157 2913; x_wconf 87' lang='lat' dir='ltr'><strong>prepter</strong></span> <span class='ocrx_word' id='word_1_439' title='bbox 3192 2856 3373 2897; x_wconf 86' lang='lat' dir='ltr'><strong>veram</strong></span> <span class='ocrx_word' id='word_1_440' title='bbox 3403 2839 3823 2903; x_wconf 83' lang='lat' dir='ltr'><strong>humanitatem,</strong></span> 
     </span>
    </p>
   </div>
   <div class='ocr_carea' id='block_1_58' title="bbox 2222 2934 3825 3011">
    <p class='ocr_par' dir='ltr' id='par_1_58' title="bbox 2222 2934 3825 3011">
     <span class='ocr_line' id='line_1_58' title="bbox 2222 2934 3825 3011; baseline -0.004 -15"><span class='ocrx_word' id='word_1_441' title='bbox 2222 2949 2276 2996; x_wconf 86' lang='lat' dir='ltr'><strong>et</strong></span> <span class='ocrx_word' id='word_1_442' title='bbox 2304 2939 2614 3011; x_wconf 79' lang='lat' dir='ltr'><strong>dignatione</strong></span> <span class='ocrx_word' id='word_1_443' title='bbox 2644 2939 2784 2994; x_wconf 87' lang='lat' dir='ltr'><strong>ﬁlius</strong></span> <span class='ocrx_word' id='word_1_444' title='bbox 2830 2946 2916 2994; x_wconf 87' lang='lat' dir='ltr'><strong>est</strong></span> <span class='ocrx_word' id='word_1_445' title='bbox 2966 2935 3201 2992; x_wconf 89' lang='lat' dir='ltr'><strong>hominis</strong></span> <span class='ocrx_word' id='word_1_446' title='bbox 3230 2944 3455 3005; x_wconf 81' lang='lat' dir='ltr'><strong>propter</strong></span> <span class='ocrx_word' id='word_1_447' title='bbox 3485 2949 3668 2989; x_wconf 85' lang='lat' dir='ltr'><strong>veram</strong></span> <span class='ocrx_word' id='word_1_448' title='bbox 3696 2934 3825 2990; x_wconf 81' lang='lat' dir='ltr'><strong>dei-</strong></span> 
     </span>
    </p>
   </div>
   <div class='ocr_carea' id='block_1_59' title="bbox 2222 3027 3827 3097">
    <p class='ocr_par' dir='ltr' id='par_1_59' title="bbox 2222 3027 3827 3097">
     <span class='ocr_line' id='line_1_59' title="bbox 2222 3027 3827 3097; baseline -0.004 -10"><span class='ocrx_word' id='word_1_449' title='bbox 2222 3040 2385 3087; x_wconf 71' lang='lat' dir='ltr'><strong>tatem</strong></span> <span class='ocrx_word' id='word_1_450' title='bbox 2411 3073 2426 3096; x_wconf 95' lang='lat'><strong>,</strong></span> <span class='ocrx_word' id='word_1_451' title='bbox 2455 3033 2528 3087; x_wconf 90' lang='lat' dir='ltr'><strong>ita</strong></span> <span class='ocrx_word' id='word_1_452' title='bbox 2556 3032 2717 3087; x_wconf 90' lang='lat' dir='ltr'><strong>etiam</strong></span> <span class='ocrx_word' id='word_1_453' title='bbox 2750 3039 2801 3086; x_wconf 88' lang='lat' dir='ltr'><strong>et</strong></span> <span class='ocrx_word' id='word_1_454' title='bbox 2826 3039 3012 3084; x_wconf 86' lang='lat' dir='ltr'><strong>natura</strong></span> <span class='ocrx_word' id='word_1_455' title='bbox 3044 3028 3213 3083; x_wconf 83' lang='lat' dir='ltr'><strong>Filius</strong></span> <span class='ocrx_word' id='word_1_456' title='bbox 3245 3027 3351 3083; x_wconf 43' lang='lat' dir='ltr'><strong>Dei.</strong></span> <span class='ocrx_word' id='word_1_457' title='bbox 3371 3034 3455 3083; x_wconf 85' lang='lat' dir='ltr'><strong>est</strong></span> <span class='ocrx_word' id='word_1_458' title='bbox 3481 3035 3704 3097; x_wconf 88' lang='lat' dir='ltr'><strong>propter</strong></span> <span class='ocrx_word' id='word_1_459' title='bbox 3723 3034 3827 3081; x_wconf 69' lang='lat' dir='ltr'><strong>vec</strong></span> 
     </span>
    </p>
   </div>
   <div class='ocr_carea' id='block_1_60' title="bbox 2223 3119 3825 3191">
    <p class='ocr_par' dir='ltr' id='par_1_60' title="bbox 2223 3119 3825 3191">
     <span class='ocr_line' id='line_1_60' title="bbox 2223 3119 3825 3191; baseline -0.002 -13"><span class='ocrx_word' id='word_1_460' title='bbox 2223 3138 2335 3178; x_wconf 88' lang='lat' dir='ltr'><strong>ram</strong></span> <span class='ocrx_word' id='word_1_461' title='bbox 2367 3124 2644 3189; x_wconf 84' lang='lat' dir='ltr'><strong>deitatem,</strong></span> <span class='ocrx_word' id='word_1_462' title='bbox 2674 3123 2921 3191; x_wconf 84' lang='lat' dir='ltr'><strong>etgratia</strong></span> <span class='ocrx_word' id='word_1_463' title='bbox 2955 3120 3121 3176; x_wconf 75' lang='lat' dir='ltr'><strong>Filius</strong></span> <span class='ocrx_word' id='word_1_464' title='bbox 3148 3119 3245 3175; x_wconf 87' lang='lat' dir='ltr'><strong>Dei</strong></span> <span class='ocrx_word' id='word_1_465' title='bbox 3275 3126 3361 3174; x_wconf 90' lang='lat' dir='ltr'><strong>est</strong></span> <span class='ocrx_word' id='word_1_466' title='bbox 3389 3128 3600 3189; x_wconf 86' lang='lat' dir='ltr'><strong>prepter</strong></span> <span class='ocrx_word' id='word_1_467' title='bbox 3625 3132 3825 3175; x_wconf 82' lang='lat' dir='ltr'><strong>veram</strong></span> 
     </span>
    </p>
   </div>
   <div class='ocr_carea' id='block_1_61' title="bbox 2225 3210 3825 3269">
    <p class='ocr_par' dir='ltr' id='par_1_61' title="bbox 2225 3210 3825 3269">
     <span class='ocr_line' id='line_1_61' title="bbox 2225 3210 3825 3269; baseline -0.002 -1"><span class='ocrx_word' id='word_1_468' title='bbox 2225 3214 2630 3268; x_wconf 89' lang='lat' dir='ltr'><strong>humanitatem.</strong></span> <span class='ocrx_word' id='word_1_469' title='bbox 2666 3212 2721 3269; x_wconf 90' lang='lat' dir='ltr'><strong>Si</strong></span> <span class='ocrx_word' id='word_1_470' title='bbox 2749 3228 2876 3269; x_wconf 86' lang='lat' dir='ltr'><strong>vero</strong></span> <span class='ocrx_word' id='word_1_471' title='bbox 2900 3221 2955 3267; x_wconf 88' lang='lat' dir='ltr'><strong>et</strong></span> <span class='ocrx_word' id='word_1_472' title='bbox 2983 3211 3278 3267; x_wconf 85' lang='lat' dir='ltr'><strong>secundum</strong></span> <span class='ocrx_word' id='word_1_473' title='bbox 3312 3210 3691 3265; x_wconf 76' lang='lat' dir='ltr'><strong>humanitatem</strong></span> <span class='ocrx_word' id='word_1_474' title='bbox 3722 3226 3825 3265; x_wconf 81' lang='lat' dir='ltr'><strong>na-</strong></span> 
     </span>
    </p>
   </div>
   <div class='ocr_carea' id='block_1_62' title="bbox 527 3293 2116 3373">
    <p class='ocr_par' dir='ltr' id='par_1_62' title="bbox 527 3293 2113 3366">
     <span class='ocr_line' id='line_1_62' title="bbox 527 3293 2113 3366; baseline 0 -19"><span class='ocrx_word' id='word_1_475' title='bbox 527 3304 616 3347; x_wconf 88' lang='lat' dir='ltr'><strong>aut</strong></span> <span class='ocrx_word' id='word_1_476' title='bbox 656 3302 973 3363; x_wconf 88' lang='lat' dir='ltr'><strong>potestatem</strong></span> <span class='ocrx_word' id='word_1_477' title='bbox 1020 3295 1266 3362; x_wconf 85' lang='lat' dir='ltr'><strong>accepit;</strong></span> <span class='ocrx_word' id='word_1_478' title='bbox 1315 3295 1391 3348; x_wconf 88' lang='lat' dir='ltr'><strong>sic</strong></span> <span class='ocrx_word' id='word_1_479' title='bbox 1434 3294 1503 3349; x_wconf 86' lang='lat' dir='ltr'><strong>ab</strong></span> <span class='ocrx_word' id='word_1_480' title='bbox 1547 3293 1625 3349; x_wconf 89' lang='lat' dir='ltr'><strong>eis</strong></span> <span class='ocrx_word' id='word_1_481' title='bbox 1655 3293 1857 3349; x_wconf 90' lang='lat' dir='ltr'><strong>dictum</strong></span> <span class='ocrx_word' id='word_1_482' title='bbox 1889 3295 2113 3366; x_wconf 77' lang='lat' dir='ltr'><strong>intelligi</strong></span> 
     </span>
    </p>
   </div>
   <div class='ocr_carea' id='block_1_63' title="bbox 2221 3293 3820 3373">
    <p class='ocr_par' dir='ltr' id='par_1_63' title="bbox 2225 3301 3820 3373">
     <span class='ocr_line' id='line_1_63' title="bbox 2225 3301 3820 3373; baseline -0.003 -10"><span class='ocrx_word' id='word_1_483' title='bbox 2225 3316 2340 3363; x_wconf 87' lang='lat' dir='ltr'><strong>tura</strong></span> <span class='ocrx_word' id='word_1_484' title='bbox 2369 3306 2535 3361; x_wconf 85' lang='lat' dir='ltr'><strong>Filius</strong></span> <span class='ocrx_word' id='word_1_485' title='bbox 2560 3306 2649 3361; x_wconf 90' lang='lat' dir='ltr'><strong>Dei</strong></span> <span class='ocrx_word' id='word_1_486' title='bbox 2680 3306 2910 3371; x_wconf 90' lang='lat' dir='ltr'><strong>dicatur,</strong></span> <span class='ocrx_word' id='word_1_487' title='bbox 2953 3306 3004 3359; x_wconf 92' lang='lat' dir='ltr'><strong>in</strong></span> <span class='ocrx_word' id='word_1_488' title='bbox 3040 3303 3172 3359; x_wconf 89' lang='lat' dir='ltr'><strong>illud</strong></span> <span class='ocrx_word' id='word_1_489' title='bbox 3203 3301 3501 3373; x_wconf 80' lang='lat' dir='ltr'><strong>Apolinaris</strong></span> <span class='ocrx_word' id='word_1_490' title='bbox 3530 3303 3820 3371; x_wconf 85' lang='lat' dir='ltr'><strong>inciditur,</strong></span> 
     </span>
    </p>
   </div>
   <div class='ocr_carea' id='block_1_64' title="bbox 527 3385 2113 3455">
    <p class='ocr_par' dir='ltr' id='par_1_64' title="bbox 527 3385 2113 3455">
     <span class='ocr_line' id='line_1_64' title="bbox 527 3385 2113 3455; baseline -0.001 -13"><span class='ocrx_word' id='word_1_491' title='bbox 527 3387 708 3453; x_wconf 87' lang='lat' dir='ltr'><strong>debet,</strong></span> <span class='ocrx_word' id='word_1_492' title='bbox 740 3387 879 3442; x_wconf 88' lang='lat' dir='ltr'><strong>sicut</strong></span> <span class='ocrx_word' id='word_1_493' title='bbox 915 3401 944 3439; x_wconf 86' lang='lat' dir='ltr'><strong>a</strong></span> <span class='ocrx_word' id='word_1_494' title='bbox 983 3385 1141 3441; x_wconf 88' lang='lat' dir='ltr'><strong>Petro</strong></span> <span class='ocrx_word' id='word_1_495' title='bbox 1167 3387 1412 3455; x_wconf 82' lang='lat' dir='ltr'><strong>apestolo</strong></span> <span class='ocrx_word' id='word_1_496' title='bbox 1452 3387 1654 3440; x_wconf 88' lang='lat' dir='ltr'><strong>dictum</strong></span> <span class='ocrx_word' id='word_1_497' title='bbox 1679 3395 1762 3440; x_wconf 88' lang='lat' dir='ltr'><strong>est</strong></span> <span class='ocrx_word' id='word_1_498' title='bbox 1793 3404 1806 3439; x_wconf 91' lang='lat'><strong>:</strong></span> <span class='ocrx_word' id='word_1_499' title='bbox 1841 3385 2113 3455; x_wconf 71' lang='lat' dir='ltr'><strong>Exquisie-</strong></span> 
     </span>
    </p>
   </div>
   <div class='ocr_carea' id='block_1_65' title="bbox 458 3476 2116 3548">
    <p class='ocr_par' dir='ltr' id='par_1_65' title="bbox 458 3476 2116 3548">
     <span class='ocr_line' id='line_1_65' title="bbox 458 3476 2116 3548; baseline 0.002 -17"><span class='ocrx_word' id='word_1_500' title='bbox 458 3502 461 3507; x_wconf 85' lang='lat'><strong><em>-</em></strong></span> <span class='ocrx_word' id='word_1_501' title='bbox 528 3487 647 3532; x_wconf 83' lang='lat' dir='ltr'><strong>runt</strong></span> <span class='ocrx_word' id='word_1_502' title='bbox 672 3488 824 3546; x_wconf 84' lang='lat' dir='ltr'><strong>atque</strong></span> <span class='ocrx_word' id='word_1_503' title='bbox 847 3477 1062 3531; x_wconf 82' lang='lat' dir='ltr'><strong>scrutati</strong></span> <span class='ocrx_word' id='word_1_504' title='bbox 1085 3484 1200 3530; x_wconf 76' lang='lat' dir='ltr'><strong>sunt</strong></span> <span class='ocrx_word' id='word_1_505' title='bbox 1227 3477 1508 3548; x_wconf 68' lang='lat' dir='ltr'><strong>prophetia,</strong></span> <span class='ocrx_word' id='word_1_506' title='bbox 1540 3477 1628 3546; x_wconf 67' lang='lat' dir='ltr'><strong>qui</strong></span> <span class='ocrx_word' id='word_1_507' title='bbox 1648 3476 1713 3529; x_wconf 78' lang='lat' dir='ltr'><strong>de</strong></span> <span class='ocrx_word' id='word_1_508' title='bbox 1740 3477 1919 3545; x_wconf 79' lang='lat' dir='ltr'><strong>futura</strong></span> <span class='ocrx_word' id='word_1_509' title='bbox 1947 3485 1999 3531; x_wconf 81' lang='lat' dir='ltr'><strong>in</strong></span> <span class='ocrx_word' id='word_1_510' title='bbox 2026 3495 2116 3534; x_wconf 81' lang='lat' dir='ltr'><strong>uos</strong></span> 
     </span>
    </p>
   </div>
   <div class='ocr_carea' id='block_1_66' title="bbox 528 3565 2119 3639">
    <p class='ocr_par' dir='ltr' id='par_1_66' title="bbox 528 3565 2119 3639">
     <span class='ocr_line' id='line_1_66' title="bbox 528 3565 2119 3639; baseline 0.003 -19"><span class='ocrx_word' id='word_1_511' title='bbox 528 3570 695 3639; x_wconf 83' lang='lat' dir='ltr'><strong>gratia</strong></span> <span class='ocrx_word' id='word_1_512' title='bbox 743 3565 839 3622; x_wconf 88' lang='lat' dir='ltr'><strong>Dei</strong></span> <span class='ocrx_word' id='word_1_513' title='bbox 891 3570 1350 3639; x_wconf 70' lang='lat' dir='ltr'><strong>prophetauerunt,</strong></span> <span class='ocrx_word' id='word_1_514' title='bbox 1398 3578 1679 3623; x_wconf 66' lang='lat' dir='ltr'><strong>scrutantes</strong></span> <span class='ocrx_word' id='word_1_515' title='bbox 1718 3570 1773 3623; x_wconf 85' lang='lat' dir='ltr'><strong>in</strong></span> <span class='ocrx_word' id='word_1_516' title='bbox 1815 3572 1995 3639; x_wconf 77' lang='lat' dir='ltr'><strong>quibus</strong></span> <span class='ocrx_word' id='word_1_517' title='bbox 2038 3571 2119 3625; x_wconf 77' lang='lat' dir='ltr'><strong>vel</strong></span> 
     </span>
    </p>
   </div>
   <div class='ocr_carea' id='block_1_67' title="bbox 528 3659 2114 3733">
    <p class='ocr_par' dir='ltr' id='par_1_67' title="bbox 528 3659 2114 3733">
     <span class='ocr_line' id='line_1_67' title="bbox 528 3659 2114 3733; baseline 0.001 -19"><span class='ocrx_word' id='word_1_518' title='bbox 528 3660 679 3730; x_wconf 82' lang='lat' dir='ltr'><strong>quale</strong></span> <span class='ocrx_word' id='word_1_519' title='bbox 704 3671 900 3731; x_wconf 79' lang='lat' dir='ltr'><strong>tempus</strong></span> <span class='ocrx_word' id='word_1_520' title='bbox 924 3661 1231 3733; x_wconf 77' lang='lat' dir='ltr'><strong>signiﬁcaret</strong></span> <span class='ocrx_word' id='word_1_521' title='bbox 1261 3660 1348 3731; x_wconf 80' lang='lat' dir='ltr'><strong>qui</strong></span> <span class='ocrx_word' id='word_1_522' title='bbox 1376 3661 1427 3714; x_wconf 86' lang='lat' dir='ltr'><strong>in</strong></span> <span class='ocrx_word' id='word_1_523' title='bbox 1449 3660 1520 3714; x_wconf 86' lang='lat' dir='ltr'><strong>eis</strong></span> <span class='ocrx_word' id='word_1_524' title='bbox 1545 3667 1653 3714; x_wconf 87' lang='lat' dir='ltr'><strong>erat</strong></span> <span class='ocrx_word' id='word_1_525' title='bbox 1675 3661 1883 3729; x_wconf 83' lang='lat' dir='ltr'><strong>spiritus</strong></span> <span class='ocrx_word' id='word_1_526' title='bbox 1906 3659 2114 3727; x_wconf 78' lang='lat' dir='ltr'><strong>Christi,</strong></span> 
     </span>
    </p>
   </div>
   <div class='ocr_carea' id='block_1_68' title="bbox 528 3751 2118 3824">
    <p class='ocr_par' dir='ltr' id='par_1_68' title="bbox 528 3751 2118 3824">
     <span class='ocr_line' id='line_1_68' title="bbox 528 3751 2118 3824; baseline 0.001 -19"><span class='ocrx_word' id='word_1_527' title='bbox 528 3753 616 3823; x_wconf 87' lang='lat' dir='ltr'><strong>qui</strong></span> <span class='ocrx_word' id='word_1_528' title='bbox 644 3752 1019 3824; x_wconf 76' lang='lat' dir='ltr'><strong>pratuuntiabat</strong></span> <span class='ocrx_word' id='word_1_529' title='bbox 1042 3754 1096 3806; x_wconf 81' lang='lat' dir='ltr'><strong>in</strong></span> <span class='ocrx_word' id='word_1_530' title='bbox 1125 3751 1329 3806; x_wconf 75' lang='lat' dir='ltr'><strong>Christo</strong></span> <span class='ocrx_word' id='word_1_531' title='bbox 1352 3753 1633 3822; x_wconf 78' lang='lat' dir='ltr'><strong>passiones,</strong></span> <span class='ocrx_word' id='word_1_532' title='bbox 1662 3762 1710 3809; x_wconf 85' lang='lat' dir='ltr'><strong>et</strong></span> <span class='ocrx_word' id='word_1_533' title='bbox 1739 3762 1849 3821; x_wconf 84' lang='lat' dir='ltr'><strong>post</strong></span> <span class='ocrx_word' id='word_1_534' title='bbox 1876 3753 1983 3807; x_wconf 66' lang='lat' dir='ltr'><strong>Ita‘e</strong></span> <span class='ocrx_word' id='word_1_535' title='bbox 2007 3752 2118 3824; x_wconf 83' lang='lat' dir='ltr'><strong>glo-</strong></span> 
     </span>
    </p>
   </div>
   <div class='ocr_carea' id='block_1_69' title="bbox 532 3843 2115 3915">
    <p class='ocr_par' dir='ltr' id='par_1_69' title="bbox 532 3843 2115 3915">
     <span class='ocr_line' id='line_1_69' title="bbox 532 3843 2115 3915; baseline -0.001 -15"><span class='ocrx_word' id='word_1_536' title='bbox 532 3846 635 3900; x_wconf 84' lang='lat' dir='ltr'><strong>rias</strong></span> <span class='ocrx_word' id='word_1_537' title='bbox 658 3843 710 3914; x_wconf 88' lang='grc'><strong>(1</strong></span> <span class='ocrx_word' id='word_1_538' title='bbox 739 3843 883 3900; x_wconf 89' lang='lat' dir='ltr'><strong>Petr.</strong></span> <span class='ocrx_word' id='word_1_539' title='bbox 909 3860 950 3911; x_wconf 90' lang='lat' dir='ltr'><strong>t,</strong></span> <span class='ocrx_word' id='word_1_540' title='bbox 981 3843 1091 3915; x_wconf 82' lang='grc'><strong>10).</strong></span> <span class='ocrx_word' id='word_1_541' title='bbox 1119 3844 1186 3898; x_wconf 87' lang='grc' dir='ltr'><strong>Ει</strong></span> <span class='ocrx_word' id='word_1_542' title='bbox 1206 3843 1343 3899; x_wconf 90' lang='lat' dir='ltr'><strong>sicut</strong></span> <span class='ocrx_word' id='word_1_543' title='bbox 1372 3844 1441 3897; x_wconf 89' lang='lat' dir='ltr'><strong>ab</strong></span> <span class='ocrx_word' id='word_1_544' title='bbox 1471 3843 1586 3914; x_wconf 84' lang='lat' dir='ltr'><strong>ipso</strong></span> <span class='ocrx_word' id='word_1_545' title='bbox 1626 3844 1853 3899; x_wconf 89' lang='lat' dir='ltr'><strong>Domino</strong></span> <span class='ocrx_word' id='word_1_546' title='bbox 1880 3853 2000 3915; x_wconf 91' lang='lat' dir='ltr'><strong>post</strong></span> <span class='ocrx_word' id='word_1_547' title='bbox 2028 3861 2115 3899; x_wconf 85' lang='lat' dir='ltr'><strong>re-</strong></span> 
     </span>
    </p>
   </div>
   <div class='ocr_carea' id='block_1_70' title="bbox 529 3933 2120 4004">
    <p class='ocr_par' dir='ltr' id='par_1_70' title="bbox 529 3933 2120 4004">
     <span class='ocr_line' id='line_1_70' title="bbox 529 3933 2120 4004; baseline -0.002 -12"><span class='ocrx_word' id='word_1_548' title='bbox 529 3936 914 3992; x_wconf 82' lang='lat' dir='ltr'><strong>surrectionem</strong></span> <span class='ocrx_word' id='word_1_549' title='bbox 962 3935 1165 3990; x_wconf 85' lang='lat' dir='ltr'><strong>dictum</strong></span> <span class='ocrx_word' id='word_1_550' title='bbox 1216 3943 1336 3988; x_wconf 84' lang='lat' dir='ltr'><strong>est:</strong></span> <span class='ocrx_word' id='word_1_551' title='bbox 1370 3933 1557 3988; x_wconf 85' lang='lat' dir='ltr'><strong>Nonne</strong></span> <span class='ocrx_word' id='word_1_552' title='bbox 1594 3935 1701 3989; x_wconf 71' lang='lat' dir='ltr'><strong>lucc</strong></span> <span class='ocrx_word' id='word_1_553' title='bbox 1737 3936 1961 4003; x_wconf 77' lang='lat' dir='ltr'><strong>oportuit</strong></span> <span class='ocrx_word' id='word_1_554' title='bbox 2012 3935 2120 4004; x_wconf 81' lang='lat' dir='ltr'><strong>pati</strong></span> 
     </span>
    </p>
   </div>
   <div class='ocr_carea' id='block_1_71' title="bbox 532 4028 2117 4099">
    <p class='ocr_par' dir='ltr' id='par_1_71' title="bbox 532 4028 2117 4099">
     <span class='ocr_line' id='line_1_71' title="bbox 532 4028 2117 4099; baseline -0.001 -14"><span class='ocrx_word' id='word_1_555' title='bbox 532 4031 812 4099; x_wconf 81' lang='lat' dir='ltr'><strong>Christum,</strong></span> <span class='ocrx_word' id='word_1_556' title='bbox 848 4043 897 4084; x_wconf 82' lang='lat' dir='ltr'><strong>et</strong></span> <span class='ocrx_word' id='word_1_557' title='bbox 925 4031 999 4084; x_wconf 83' lang='lat' dir='ltr'><strong>ita</strong></span> <span class='ocrx_word' id='word_1_558' title='bbox 1032 4030 1227 4083; x_wconf 83' lang='lat' dir='ltr'><strong>intrare</strong></span> <span class='ocrx_word' id='word_1_559' title='bbox 1252 4029 1304 4081; x_wconf 83' lang='lat' dir='ltr'><strong>in</strong></span> <span class='ocrx_word' id='word_1_560' title='bbox 1331 4028 1546 4099; x_wconf 69' lang='lat' dir='ltr'><strong>giarium</strong></span> <span class='ocrx_word' id='word_1_561' title='bbox 1584 4045 1733 4082; x_wconf 84' lang='lat' dir='ltr'><strong>suam</strong></span> <span class='ocrx_word' id='word_1_562' title='bbox 1769 4028 1923 4098; x_wconf 78' lang='lat' dir='ltr'><strong>(Luc.</strong></span> <span class='ocrx_word' id='word_1_563' title='bbox 1968 4046 2117 4096; x_wconf 82' lang='lat' dir='ltr'><strong>mv,</strong></span> 
     </span>
    </p>
   </div>
   <div class='ocr_carea' id='block_1_72' title="bbox 531 4118 2121 4190">
    <p class='ocr_par' dir='ltr' id='par_1_72' title="bbox 531 4118 2121 4190">
     <span class='ocr_line' id='line_1_72' title="bbox 531 4118 2121 4190; baseline 0.002 -16"><span class='ocrx_word' id='word_1_564' title='bbox 531 4122 662 4190; x_wconf 70' lang='lat'><strong>26)?</strong></span> <span class='ocrx_word' id='word_1_565' title='bbox 683 4131 736 4174; x_wconf 89' lang='lat' dir='ltr'><strong>et</strong></span> <span class='ocrx_word' id='word_1_566' title='bbox 763 4121 987 4175; x_wconf 86' lang='lat' dir='ltr'><strong>iterum:</strong></span> <span class='ocrx_word' id='word_1_567' title='bbox 1012 4119 1149 4172; x_wconf 91' lang='lat' dir='ltr'><strong>Data</strong></span> <span class='ocrx_word' id='word_1_568' title='bbox 1185 4129 1258 4171; x_wconf 81' lang='lat' dir='ltr'><strong>est</strong></span> <span class='ocrx_word' id='word_1_569' title='bbox 1285 4118 1411 4170; x_wconf 80' lang='lat' dir='ltr'><strong>mihi</strong></span> <span class='ocrx_word' id='word_1_570' title='bbox 1438 4119 1601 4171; x_wconf 73' lang='lat' dir='ltr'><strong>omnis</strong></span> <span class='ocrx_word' id='word_1_571' title='bbox 1625 4128 1844 4187; x_wconf 86' lang='lat' dir='ltr'><strong>potestas</strong></span> <span class='ocrx_word' id='word_1_572' title='bbox 1860 4120 1911 4172; x_wconf 85' lang='lat' dir='ltr'><strong>iu</strong></span> <span class='ocrx_word' id='word_1_573' title='bbox 1934 4120 2121 4177; x_wconf 70' lang='lat' dir='ltr'><strong>calcet</strong></span> 
     </span>
    </p>
   </div>
   <div class='ocr_carea' id='block_1_73' title="bbox 531 4207 2122 4280">
    <p class='ocr_par' dir='ltr' id='par_1_73' title="bbox 531 4207 2122 4280">
     <span class='ocr_line' id='line_1_73' title="bbox 531 4207 2122 4280; baseline 0.004 -19"><span class='ocrx_word' id='word_1_574' title='bbox 531 4214 585 4263; x_wconf 83' lang='lat' dir='ltr'><strong>in</strong></span> <span class='ocrx_word' id='word_1_575' title='bbox 617 4218 749 4263; x_wconf 87' lang='lat' dir='ltr'><strong>terra</strong></span> <span class='ocrx_word' id='word_1_576' title='bbox 779 4208 997 4279; x_wconf 79' lang='lat' dir='ltr'><strong>(Matth.</strong></span> <span class='ocrx_word' id='word_1_577' title='bbox 1027 4224 1216 4271; x_wconf 76' lang='lat' dir='ltr'><strong>xxvttt,</strong></span> <span class='ocrx_word' id='word_1_578' title='bbox 1236 4207 1497 4277; x_wconf 88' lang='lat' dir='ltr'><strong>l8):item</strong></span> <span class='ocrx_word' id='word_1_579' title='bbox 1513 4208 1579 4262; x_wconf 92' lang='lat' dir='ltr'><strong>de</strong></span> <span class='ocrx_word' id='word_1_580' title='bbox 1596 4209 1974 4265; x_wconf 85' lang='lat' dir='ltr'><strong>clariﬁcatione</strong></span> <span class='ocrx_word' id='word_1_581' title='bbox 2003 4221 2122 4280; x_wconf 88' lang='lat' dir='ltr'><strong>post</strong></span> 
     </span>
    </p>
   </div>
   <div class='ocr_carea' id='block_1_74' title="bbox 531 4297 2123 4357">
    <p class='ocr_par' dir='ltr' id='par_1_74' title="bbox 531 4297 2123 4357">
     <span class='ocr_line' id='line_1_74' title="bbox 531 4297 2123 4357; baseline 0.002 -4"><span class='ocrx_word' id='word_1_582' title='bbox 531 4299 904 4353; x_wconf 84' lang='lat' dir='ltr'><strong>ascensionem</strong></span> <span class='ocrx_word' id='word_1_583' title='bbox 925 4313 1077 4352; x_wconf 87' lang='lat' dir='ltr'><strong>suam</strong></span> <span class='ocrx_word' id='word_1_584' title='bbox 1097 4297 1337 4351; x_wconf 78' lang='lat' dir='ltr'><strong>facienda</strong></span> <span class='ocrx_word' id='word_1_585' title='bbox 1367 4298 1452 4352; x_wconf 82' lang='lat' dir='ltr'><strong>sic</strong></span> <span class='ocrx_word' id='word_1_586' title='bbox 1473 4297 1575 4351; x_wconf 86' lang='lat' dir='ltr'><strong>ait:</strong></span> <span class='ocrx_word' id='word_1_587' title='bbox 1598 4298 1724 4353; x_wconf 83' lang='lat' dir='ltr'><strong>Cum</strong></span> <span class='ocrx_word' id='word_1_588' title='bbox 1746 4308 1915 4354; x_wconf 85' lang='lat' dir='ltr'><strong>autem</strong></span> <span class='ocrx_word' id='word_1_589' title='bbox 1934 4302 2123 4357; x_wconf 78' lang='lat' dir='ltr'><strong>venerit</strong></span> 
     </span>
    </p>
   </div>
   <div class='ocr_carea' id='block_1_75' title="bbox 533 4388 2122 4457">
    <p class='ocr_par' dir='ltr' id='par_1_75' title="bbox 533 4388 2122 4457">
     <span class='ocr_line' id='line_1_75' title="bbox 533 4388 2122 4457; baseline 0.004 -16"><span class='ocrx_word' id='word_1_590' title='bbox 533 4391 620 4444; x_wconf 75' lang='lat' dir='ltr'><strong>ille</strong></span> <span class='ocrx_word' id='word_1_591' title='bbox 641 4388 866 4457; x_wconf 84' lang='lat' dir='ltr'><strong>Spiritus</strong></span> <span class='ocrx_word' id='word_1_592' title='bbox 885 4389 1130 4453; x_wconf 82' lang='lat' dir='ltr'><strong>ueritatis,</strong></span> <span class='ocrx_word' id='word_1_593' title='bbox 1150 4388 1341 4441; x_wconf 77' lang='lat' dir='ltr'><strong>docebit</strong></span> <span class='ocrx_word' id='word_1_594' title='bbox 1372 4405 1454 4442; x_wconf 80' lang='lat' dir='ltr'><strong>vos</strong></span> <span class='ocrx_word' id='word_1_595' title='bbox 1478 4405 1676 4442; x_wconf 85' lang='lat' dir='ltr'><strong>omnem</strong></span> <span class='ocrx_word' id='word_1_596' title='bbox 1703 4391 1983 4449; x_wconf 83' lang='lat' dir='ltr'><strong>veritatem.</strong></span> <span class='ocrx_word' id='word_1_597' title='bbox 2000 4392 2051 4447; x_wconf 86' lang='grc' dir='ltr'><em>Ν</em></span> <span class='ocrx_word' id='word_1_598' title='bbox 2056 4410 2122 4448; x_wconf 80' lang='lat' dir='ltr'><strong>ett</strong></span> 
     </span>
    </p>
   </div>
   <div class='ocr_carea' id='block_1_76' title="bbox 530 4481 2122 4551">
    <p class='ocr_par' dir='ltr' id='par_1_76' title="bbox 530 4481 2122 4551">
     <span class='ocr_line' id='line_1_76' title="bbox 530 4481 2122 4551; baseline 0.003 -18"><span class='ocrx_word' id='word_1_599' title='bbox 530 4484 664 4534; x_wconf 62' lang='lat' dir='ltr'><strong>enim</strong></span> <span class='ocrx_word' id='word_1_600' title='bbox 698 4486 929 4549; x_wconf 86' lang='lat' dir='ltr'><strong>loquetur</strong></span> <span class='ocrx_word' id='word_1_601' title='bbox 963 4497 994 4535; x_wconf 92' lang='lat' dir='ltr'><strong>a</strong></span> <span class='ocrx_word' id='word_1_602' title='bbox 1030 4481 1336 4549; x_wconf 84' lang='lat' dir='ltr'><strong>semetipso;</strong></span> <span class='ocrx_word' id='word_1_603' title='bbox 1383 4482 1472 4534; x_wconf 79' lang='lat' dir='ltr'><strong>sed</strong></span> <span class='ocrx_word' id='word_1_604' title='bbox 1498 4497 1811 4551; x_wconf 76' lang='lat' dir='ltr'><strong>qutccunque</strong></span> <span class='ocrx_word' id='word_1_605' title='bbox 1842 4485 2015 4537; x_wconf 75' lang='lat' dir='ltr'><strong>audiet</strong></span> <span class='ocrx_word' id='word_1_606' title='bbox 2045 4486 2122 4539; x_wconf 82' lang='lat' dir='ltr'><strong>lo-</strong></span> 
     </span>
    </p>
   </div>
   <div class='ocr_carea' id='block_1_77' title="bbox 528 4570 2118 4643">
    <p class='ocr_par' dir='ltr' id='par_1_77' title="bbox 528 4570 2118 4643">
     <span class='ocr_line' id='line_1_77' title="bbox 528 4570 2118 4643; baseline 0.003 -20"><span class='ocrx_word' id='word_1_607' title='bbox 528 4582 733 4639; x_wconf 80' lang='lat' dir='ltr'><strong>quetur,</strong></span> <span class='ocrx_word' id='word_1_608' title='bbox 765 4582 810 4625; x_wconf 88' lang='lat' dir='ltr'><strong>et</strong></span> <span class='ocrx_word' id='word_1_609' title='bbox 834 4586 952 4643; x_wconf 76' lang='lat' dir='ltr'><strong>qua:</strong></span> <span class='ocrx_word' id='word_1_610' title='bbox 992 4579 1203 4624; x_wconf 77' lang='lat' dir='ltr'><strong>ventura</strong></span> <span class='ocrx_word' id='word_1_611' title='bbox 1239 4578 1356 4623; x_wconf 86' lang='lat' dir='ltr'><strong>sunt</strong></span> <span class='ocrx_word' id='word_1_612' title='bbox 1394 4570 1716 4625; x_wconf 85' lang='lat' dir='ltr'><strong>annuntiabit</strong></span> <span class='ocrx_word' id='word_1_613' title='bbox 1743 4571 1878 4626; x_wconf 77' lang='lat' dir='ltr'><strong>vobis</strong></span> <span class='ocrx_word' id='word_1_614' title='bbox 1900 4572 1917 4603; x_wconf 87' lang='grc'>¹</span> <span class='ocrx_word' id='word_1_615' title='bbox 1941 4571 2118 4643; x_wconf 74' lang='lat' dir='ltr'><strong>(locu.</strong></span> 
     </span>
    </p>
   </div>
   <div class='ocr_carea' id='block_1_78' title="bbox 2216 3392 3823 3466">
    <p class='ocr_par' dir='ltr' id='par_1_78' title="bbox 2216 3392 3823 3466">
     <span class='ocr_line' id='line_1_78' title="bbox 2216 3392 3823 3466; baseline 0.001 -19"><span class='ocrx_word' id='word_1_616' title='bbox 2216 3394 2361 3466; x_wconf 85' lang='lat' dir='ltr'><strong>quod</strong></span> <span class='ocrx_word' id='word_1_617' title='bbox 2387 3395 2618 3450; x_wconf 87' lang='lat' dir='ltr'><strong>credidit</strong></span> <span class='ocrx_word' id='word_1_618' title='bbox 2646 3394 2812 3450; x_wconf 90' lang='lat' dir='ltr'><strong>Deum</strong></span> <span class='ocrx_word' id='word_1_619' title='bbox 2844 3392 3078 3450; x_wconf 78' lang='lat' dir='ltr'><strong>Verbum</strong></span> <span class='ocrx_word' id='word_1_620' title='bbox 3109 3409 3175 3449; x_wconf 78' lang='lat' dir='ltr'><strong>ex</strong></span> <span class='ocrx_word' id='word_1_621' title='bbox 3213 3403 3364 3463; x_wconf 88' lang='lat' dir='ltr'><strong>parte</strong></span> <span class='ocrx_word' id='word_1_622' title='bbox 3406 3409 3515 3448; x_wconf 71' lang='lat' dir='ltr'><strong>suze</strong></span> <span class='ocrx_word' id='word_1_623' title='bbox 3554 3394 3823 3448; x_wconf 76' lang='lat' dir='ltr'><strong>sub-tau-</strong></span> 
     </span>
    </p>
   </div>
   <div class='ocr_carea' id='block_1_79' title="bbox 2218 3484 3826 3554">
    <p class='ocr_par' dir='ltr' id='par_1_79' title="bbox 2218 3484 3826 3554">
     <span class='ocr_line' id='line_1_79' title="bbox 2218 3484 3826 3554; baseline -0.002 -13"><span class='ocrx_word' id='word_1_624' title='bbox 2218 3487 2305 3542; x_wconf 69' lang='lat' dir='ltr'><strong>tiat</strong></span> <span class='ocrx_word' id='word_1_625' title='bbox 2326 3486 2369 3552; x_wconf 79' lang='lat'><strong>&#39;,</strong></span> <span class='ocrx_word' id='word_1_626' title='bbox 2400 3498 2519 3551; x_wconf 68' lang='lat' dir='ltr'><strong>qua:</strong></span> <span class='ocrx_word' id='word_1_627' title='bbox 2541 3492 2652 3539; x_wconf 90' lang='lat' dir='ltr'><strong>tota</strong></span> <span class='ocrx_word' id='word_1_628' title='bbox 2679 3484 2875 3554; x_wconf 90' lang='lat' dir='ltr'><strong>ubique</strong></span> <span class='ocrx_word' id='word_1_629' title='bbox 2902 3492 3005 3549; x_wconf 85' lang='lat' dir='ltr'><strong>est,</strong></span> <span class='ocrx_word' id='word_1_630' title='bbox 3032 3491 3088 3539; x_wconf 89' lang='lat' dir='ltr'><strong>et</strong></span> <span class='ocrx_word' id='word_1_631' title='bbox 3111 3484 3295 3553; x_wconf 89' lang='lat' dir='ltr'><strong>partiri</strong></span> <span class='ocrx_word' id='word_1_632' title='bbox 3331 3498 3433 3537; x_wconf 91' lang='lat' dir='ltr'><strong>non</strong></span> <span class='ocrx_word' id='word_1_633' title='bbox 3461 3491 3663 3552; x_wconf 82' lang='lat' dir='ltr'><strong>potest,</strong></span> <span class='ocrx_word' id='word_1_634' title='bbox 3696 3498 3826 3537; x_wconf 80' lang='lat' dir='ltr'><strong>car-</strong></span> 
     </span>
    </p>
   </div>
   <div class='ocr_carea' id='block_1_80' title="bbox 2218 3574 3818 3644">
    <p class='ocr_par' dir='ltr' id='par_1_80' title="bbox 2218 3574 3818 3644">
     <span class='ocr_line' id='line_1_80' title="bbox 2218 3574 3818 3644; baseline -0.003 -10"><span class='ocrx_word' id='word_1_635' title='bbox 2218 3593 2341 3634; x_wconf 87' lang='lat' dir='ltr'><strong>nem</strong></span> <span class='ocrx_word' id='word_1_636' title='bbox 2371 3578 2472 3633; x_wconf 89' lang='lat' dir='ltr'><strong>sibi</strong></span> <span class='ocrx_word' id='word_1_637' title='bbox 2504 3576 2714 3632; x_wconf 86' lang='lat' dir='ltr'><strong>Iecisse.</strong></span> <span class='ocrx_word' id='word_1_638' title='bbox 2738 3576 2891 3644; x_wconf 87' lang='lat' dir='ltr'><strong>Quod</strong></span> <span class='ocrx_word' id='word_1_639' title='bbox 2920 3576 2965 3631; x_wconf 90' lang='lat' dir='ltr'><strong>si</strong></span> <span class='ocrx_word' id='word_1_640' title='bbox 2997 3578 3264 3631; x_wconf 88' lang='lat' dir='ltr'><strong>veraciter</strong></span> <span class='ocrx_word' id='word_1_641' title='bbox 3299 3574 3434 3629; x_wconf 86' lang='lat' dir='ltr'><strong>duas</strong></span> <span class='ocrx_word' id='word_1_642' title='bbox 3471 3574 3661 3629; x_wconf 84' lang='lat' dir='ltr'><strong>dicunt</strong></span> <span class='ocrx_word' id='word_1_643' title='bbox 3690 3574 3818 3642; x_wconf 83' lang='lat' dir='ltr'><strong>ejus</strong></span> 
     </span>
    </p>
   </div>
   <div class='ocr_carea' id='block_1_81' title="bbox 2220 3666 3824 3737">
    <p class='ocr_par' dir='ltr' id='par_1_81' title="bbox 2220 3666 3824 3737">
     <span class='ocr_line' id='line_1_81' title="bbox 2220 3666 3824 3737; baseline -0.002 -12"><span class='ocrx_word' id='word_1_644' title='bbox 2220 3678 2458 3735; x_wconf 84' lang='lat' dir='ltr'><strong>naturas,</strong></span> <span class='ocrx_word' id='word_1_645' title='bbox 2489 3678 2543 3725; x_wconf 93' lang='lat' dir='ltr'><strong>et</strong></span> <span class='ocrx_word' id='word_1_646' title='bbox 2565 3669 2737 3725; x_wconf 67' lang='lat' dir='ltr'><strong>amba</strong></span> <span class='ocrx_word' id='word_1_647' title='bbox 2763 3668 2959 3724; x_wconf 72' lang='lat' dir='ltr'><strong>divina:</strong></span> <span class='ocrx_word' id='word_1_648' title='bbox 2986 3682 3106 3724; x_wconf 91' lang='lat' dir='ltr'><strong>esse</strong></span> <span class='ocrx_word' id='word_1_649' title='bbox 3136 3683 3239 3723; x_wconf 92' lang='lat' dir='ltr'><strong>non</strong></span> <span class='ocrx_word' id='word_1_650' title='bbox 3269 3677 3510 3737; x_wconf 70' lang='lat' dir='ltr'><strong>possunt,</strong></span> <span class='ocrx_word' id='word_1_651' title='bbox 3541 3666 3670 3737; x_wconf 87' lang='lat' dir='ltr'><strong>quia</strong></span> <span class='ocrx_word' id='word_1_652' title='bbox 3716 3666 3824 3722; x_wconf 81' lang='lat' dir='ltr'><strong>hu—</strong></span> 
     </span>
    </p>
   </div>
   <div class='ocr_carea' id='block_1_82' title="bbox 2221 3761 3825 3830">
    <p class='ocr_par' dir='ltr' id='par_1_82' title="bbox 2221 3761 3825 3830">
     <span class='ocr_line' id='line_1_82' title="bbox 2221 3761 3825 3830; baseline -0.002 -11"><span class='ocrx_word' id='word_1_653' title='bbox 2221 3763 2495 3819; x_wconf 86' lang='lat' dir='ltr'><strong>manitatis</strong></span> <span class='ocrx_word' id='word_1_654' title='bbox 2522 3778 2628 3819; x_wconf 91' lang='lat' dir='ltr'><strong>una</strong></span> <span class='ocrx_word' id='word_1_655' title='bbox 2655 3773 2844 3818; x_wconf 86' lang='lat' dir='ltr'><strong>natura</strong></span> <span class='ocrx_word' id='word_1_656' title='bbox 2874 3772 2989 3828; x_wconf 89' lang='lat' dir='ltr'><strong>est;</strong></span> <span class='ocrx_word' id='word_1_657' title='bbox 3040 3761 3227 3830; x_wconf 87' lang='lat' dir='ltr'><strong>procul</strong></span> <span class='ocrx_word' id='word_1_658' title='bbox 3254 3761 3438 3826; x_wconf 83' lang='lat' dir='ltr'><strong>dubio,</strong></span> <span class='ocrx_word' id='word_1_659' title='bbox 3469 3775 3572 3814; x_wconf 90' lang='lat' dir='ltr'><strong>non</strong></span> <span class='ocrx_word' id='word_1_660' title='bbox 3619 3775 3825 3828; x_wconf 79' lang='lat' dir='ltr'><strong>quem-</strong></span> 
     </span>
    </p>
   </div>
   <div class='ocr_carea' id='block_1_83' title="bbox 2221 3846 3825 3910">
    <p class='ocr_par' dir='ltr' id='par_1_83' title="bbox 2221 3846 3825 3910">
     <span class='ocr_line' id='line_1_83' title="bbox 2221 3846 3825 3910; baseline -0.002 -2"><span class='ocrx_word' id='word_1_661' title='bbox 2221 3854 2507 3910; x_wconf 87' lang='lat' dir='ltr'><strong>admodum</strong></span> <span class='ocrx_word' id='word_1_662' title='bbox 2548 3852 2848 3909; x_wconf 85' lang='lat' dir='ltr'><strong>secundum</strong></span> <span class='ocrx_word' id='word_1_663' title='bbox 2900 3852 3232 3908; x_wconf 81' lang='lat' dir='ltr'><strong>divinitatem</strong></span> <span class='ocrx_word' id='word_1_664' title='bbox 3280 3859 3462 3904; x_wconf 89' lang='lat' dir='ltr'><strong>natura</strong></span> <span class='ocrx_word' id='word_1_665' title='bbox 3516 3846 3689 3903; x_wconf 80' lang='lat' dir='ltr'><strong>Filius</strong></span> <span class='ocrx_word' id='word_1_666' title='bbox 3725 3848 3825 3905; x_wconf 84' lang='lat' dir='ltr'><strong>Dei</strong></span> 
     </span>
    </p>
   </div>
   <div class='ocr_carea' id='block_1_84' title="bbox 2222 3914 3822 4011">
    <p class='ocr_par' dir='ltr' id='par_1_84' title="bbox 2222 3914 3822 4011">
     <span class='ocr_line' id='line_1_84' title="bbox 2222 3914 3822 4011; baseline -0.003 -12"><span class='ocrx_word' id='word_1_667' title='bbox 2222 3952 2341 4011; x_wconf 89' lang='lat' dir='ltr'><strong>est,</strong></span> <span class='ocrx_word' id='word_1_668' title='bbox 2374 3944 2447 3999; x_wconf 86' lang='lat' dir='ltr'><strong>ita</strong></span> <span class='ocrx_word' id='word_1_669' title='bbox 2486 3942 2649 3998; x_wconf 90' lang='lat' dir='ltr'><strong>etiam</strong></span> <span class='ocrx_word' id='word_1_670' title='bbox 2680 3914 2973 3999; x_wconf 64' lang='lat' dir='ltr'><strong>secundum</strong></span> <span class='ocrx_word' id='word_1_671' title='bbox 3006 3942 3395 3997; x_wconf 86' lang='lat' dir='ltr'><strong>humanitatem</strong></span> <span class='ocrx_word' id='word_1_672' title='bbox 3426 3948 3613 3995; x_wconf 80' lang='lat' dir='ltr'><strong>natura</strong></span> <span class='ocrx_word' id='word_1_673' title='bbox 3646 3941 3822 3995; x_wconf 83' lang='lat' dir='ltr'><strong>Filius</strong></span> 
     </span>
    </p>
   </div>
   <div class='ocr_carea' id='block_1_85' title="bbox 2224 4032 3825 4089">
    <p class='ocr_par' dir='ltr' id='par_1_85' title="bbox 2224 4032 3825 4089">
     <span class='ocr_line' id='line_1_85' title="bbox 2224 4032 3825 4089; baseline -0.002 0"><span class='ocrx_word' id='word_1_674' title='bbox 2224 4034 2319 4089; x_wconf 90' lang='lat' dir='ltr'><strong>Dei</strong></span> <span class='ocrx_word' id='word_1_675' title='bbox 2348 4041 2445 4089; x_wconf 88' lang='lat' dir='ltr'><strong>est.</strong></span> <span class='ocrx_word' id='word_1_676' title='bbox 2481 4032 2539 4089; x_wconf 87' lang='lat' dir='ltr'><strong>Si</strong></span> <span class='ocrx_word' id='word_1_677' title='bbox 2582 4042 2762 4088; x_wconf 90' lang='lat' dir='ltr'><strong>autem</strong></span> <span class='ocrx_word' id='word_1_678' title='bbox 2804 4033 3097 4088; x_wconf 89' lang='lat' dir='ltr'><strong>secundum</strong></span> <span class='ocrx_word' id='word_1_679' title='bbox 3147 4033 3531 4087; x_wconf 78' lang='lat' dir='ltr'><strong>humanitatem</strong></span> <span class='ocrx_word' id='word_1_680' title='bbox 3582 4046 3700 4086; x_wconf 85' lang='lat' dir='ltr'><strong>non</strong></span> <span class='ocrx_word' id='word_1_681' title='bbox 3738 4044 3825 4087; x_wconf 84' lang='lat' dir='ltr'><strong>est</strong></span> 
     </span>
    </p>
   </div>
   <div class='ocr_carea' id='block_1_86' title="bbox 2222 4124 3825 4195">
    <p class='ocr_par' dir='ltr' id='par_1_86' title="bbox 2222 4124 3825 4195">
     <span class='ocr_line' id='line_1_86' title="bbox 2222 4124 3825 4195; baseline -0.001 -15"><span class='ocrx_word' id='word_1_682' title='bbox 2222 4134 2407 4180; x_wconf 81' lang='lat' dir='ltr'><strong>natura</strong></span> <span class='ocrx_word' id='word_1_683' title='bbox 2437 4124 2602 4180; x_wconf 85' lang='lat' dir='ltr'><strong>Filius</strong></span> <span class='ocrx_word' id='word_1_684' title='bbox 2632 4124 2753 4188; x_wconf 92' lang='lat' dir='ltr'><strong>Dei,</strong></span> <span class='ocrx_word' id='word_1_685' title='bbox 2783 4125 3091 4180; x_wconf 88' lang='lat' dir='ltr'><strong>necessario</strong></span> <span class='ocrx_word' id='word_1_686' title='bbox 3112 4124 3353 4195; x_wconf 90' lang='lat' dir='ltr'><strong>sequitur</strong></span> <span class='ocrx_word' id='word_1_687' title='bbox 3382 4134 3436 4178; x_wconf 90' lang='lat' dir='ltr'><strong>ut</strong></span> <span class='ocrx_word' id='word_1_688' title='bbox 3462 4130 3554 4178; x_wconf 88' lang='lat' dir='ltr'><strong>aut</strong></span> <span class='ocrx_word' id='word_1_689' title='bbox 3577 4124 3825 4189; x_wconf 83' lang='lat' dir='ltr'><strong>meritis,</strong></span> 
     </span>
    </p>
   </div>
   <div class='ocr_carea' id='block_1_87' title="bbox 2222 4214 3825 4285">
    <p class='ocr_par' dir='ltr' id='par_1_87' title="bbox 2222 4214 3825 4285">
     <span class='ocr_line' id='line_1_87' title="bbox 2222 4214 3825 4285; baseline -0.002 -15"><span class='ocrx_word' id='word_1_690' title='bbox 2222 4227 2316 4271; x_wconf 85' lang='lat' dir='ltr'><strong>aut</strong></span> <span class='ocrx_word' id='word_1_691' title='bbox 2342 4216 2510 4285; x_wconf 84' lang='lat' dir='ltr'><strong>gratia</strong></span> <span class='ocrx_word' id='word_1_692' title='bbox 2536 4217 2603 4271; x_wconf 88' lang='lat' dir='ltr'><strong>sit</strong></span> <span class='ocrx_word' id='word_1_693' title='bbox 2629 4215 2797 4271; x_wconf 84' lang='lat' dir='ltr'><strong>Filius</strong></span> <span class='ocrx_word' id='word_1_694' title='bbox 2811 4215 2905 4269; x_wconf 83' lang='lat' dir='ltr'><strong>Dei</strong></span> <span class='ocrx_word' id='word_1_695' title='bbox 2926 4215 2971 4282; x_wconf 84' lang='grc'><strong>³,</strong></span> <span class='ocrx_word' id='word_1_696' title='bbox 2996 4216 3105 4284; x_wconf 91' lang='lat' dir='ltr'><strong>qui,</strong></span> <span class='ocrx_word' id='word_1_697' title='bbox 3134 4231 3201 4269; x_wconf 80' lang='lat' dir='ltr'><strong>ex</strong></span> <span class='ocrx_word' id='word_1_698' title='bbox 3225 4230 3332 4283; x_wconf 90' lang='lat' dir='ltr'><strong>quo</strong></span> <span class='ocrx_word' id='word_1_699' title='bbox 3356 4229 3476 4270; x_wconf 89' lang='lat' dir='ltr'><strong>esse</strong></span> <span class='ocrx_word' id='word_1_700' title='bbox 3494 4214 3689 4281; x_wconf 63' lang='lat' dir='ltr'><strong>carpit,</strong></span> <span class='ocrx_word' id='word_1_701' title='bbox 3711 4228 3825 4268; x_wconf 86' lang='lat' dir='ltr'><strong>non</strong></span> 
     </span>
    </p>
   </div>
   <div class='ocr_carea' id='block_1_88' title="bbox 2226 4303 3827 4376">
    <p class='ocr_par' dir='ltr' id='par_1_88' title="bbox 2226 4303 3827 4376">
     <span class='ocr_line' id='line_1_88' title="bbox 2226 4303 3827 4376; baseline -0.002 -14"><span class='ocrx_word' id='word_1_702' title='bbox 2226 4307 2323 4362; x_wconf 82' lang='lat' dir='ltr'><strong>fuit</strong></span> <span class='ocrx_word' id='word_1_703' title='bbox 2351 4306 2491 4361; x_wconf 89' lang='lat' dir='ltr'><strong>aliud</strong></span> <span class='ocrx_word' id='word_1_704' title='bbox 2523 4320 2683 4376; x_wconf 84' lang='lat' dir='ltr'><strong>quam</strong></span> <span class='ocrx_word' id='word_1_705' title='bbox 2717 4306 2883 4359; x_wconf 83' lang='lat' dir='ltr'><strong>Filius</strong></span> <span class='ocrx_word' id='word_1_706' title='bbox 2913 4305 3029 4361; x_wconf 84' lang='lat' dir='ltr'><strong>Dei.</strong></span> <span class='ocrx_word' id='word_1_707' title='bbox 3059 4305 3245 4361; x_wconf 81' lang='lat' dir='ltr'><strong>Restat</strong></span> <span class='ocrx_word' id='word_1_708' title='bbox 3272 4317 3400 4374; x_wconf 82' lang='lat' dir='ltr'><strong>ergo</strong></span> <span class='ocrx_word' id='word_1_709' title='bbox 3438 4311 3495 4359; x_wconf 88' lang='lat' dir='ltr'><strong>ut</strong></span> <span class='ocrx_word' id='word_1_710' title='bbox 3516 4303 3827 4360; x_wconf 77' lang='lat' dir='ltr'><strong>secundum</strong></span> 
     </span>
    </p>
   </div>
   <div class='ocr_carea' id='block_1_89' title="bbox 2226 4394 3830 4464">
    <p class='ocr_par' dir='ltr' id='par_1_89' title="bbox 2226 4394 3830 4464">
     <span class='ocr_line' id='line_1_89' title="bbox 2226 4394 3830 4464; baseline -0.001 -12"><span class='ocrx_word' id='word_1_711' title='bbox 2226 4396 2613 4452; x_wconf 77' lang='lat' dir='ltr'><strong>humanitatem</strong></span> <span class='ocrx_word' id='word_1_712' title='bbox 2643 4396 2812 4463; x_wconf 81' lang='lat' dir='ltr'><strong>gratia</strong></span> <span class='ocrx_word' id='word_1_713' title='bbox 2844 4398 2916 4451; x_wconf 89' lang='lat' dir='ltr'><strong>sit</strong></span> <span class='ocrx_word' id='word_1_714' title='bbox 2956 4395 3124 4450; x_wconf 66' lang='lat' dir='ltr'><strong>Filius</strong></span> <span class='ocrx_word' id='word_1_715' title='bbox 3174 4396 3289 4450; x_wconf 90' lang='lat' dir='ltr'><strong>Dei.</strong></span> <span class='ocrx_word' id='word_1_716' title='bbox 3334 4394 3416 4450; x_wconf 89' lang='lat' dir='ltr'><strong>0b</strong></span> <span class='ocrx_word' id='word_1_717' title='bbox 3460 4395 3559 4448; x_wconf 91' lang='lat' dir='ltr'><strong>hoc</strong></span> <span class='ocrx_word' id='word_1_718' title='bbox 3603 4410 3830 4464; x_wconf 78' lang='lat' dir='ltr'><strong>quoque</strong></span> 
     </span>
    </p>
   </div>
   <div class='ocr_carea' id='block_1_90' title="bbox 2226 4484 3831 4557">
    <p class='ocr_par' dir='ltr' id='par_1_90' title="bbox 2226 4484 3831 4557">
     <span class='ocr_line' id='line_1_90' title="bbox 2226 4484 3831 4557; baseline -0.002 -14"><span class='ocrx_word' id='word_1_719' title='bbox 2226 4489 2409 4543; x_wconf 67' lang='lat' dir='ltr'><strong>beatus</strong></span> <span class='ocrx_word' id='word_1_720' title='bbox 2433 4487 2786 4556; x_wconf 83' lang='lat' dir='ltr'><strong>Augustinus,</strong></span> <span class='ocrx_word' id='word_1_721' title='bbox 2822 4488 3124 4557; x_wconf 62' lang='lat' dir='ltr'><strong>praecipuus</strong></span> <span class='ocrx_word' id='word_1_722' title='bbox 3148 4485 3428 4541; x_wconf 75' lang='lat' dir='ltr'><strong>catholica:</strong></span> <span class='ocrx_word' id='word_1_723' title='bbox 3456 4484 3575 4538; x_wconf 87' lang='lat' dir='ltr'><strong>ﬁdei</strong></span> <span class='ocrx_word' id='word_1_724' title='bbox 3624 4485 3831 4553; x_wconf 58' lang='lat' dir='ltr'><strong>praedio</strong></span> 
     </span>
    </p>
   </div>
   <div class='ocr_carea' id='block_1_91' title="bbox 2224 4574 3829 4646">
    <p class='ocr_par' dir='ltr' id='par_1_91' title="bbox 2224 4574 3829 4646">
     <span class='ocr_line' id='line_1_91' title="bbox 2224 4574 3829 4646; baseline -0.002 -13"><span class='ocrx_word' id='word_1_725' title='bbox 2224 4588 2376 4633; x_wconf 88' lang='lat' dir='ltr'><strong>cator</strong></span> <span class='ocrx_word' id='word_1_726' title='bbox 2398 4618 2413 4642; x_wconf 92' lang='lat'><strong>,</strong></span> <span class='ocrx_word' id='word_1_727' title='bbox 2462 4579 2707 4632; x_wconf 81' lang='lat' dir='ltr'><strong>sorbens</strong></span> <span class='ocrx_word' id='word_1_728' title='bbox 2735 4577 2803 4632; x_wconf 82' lang='lat' dir='ltr'><strong>ad</strong></span> <span class='ocrx_word' id='word_1_729' title='bbox 2845 4576 3165 4646; x_wconf 67' lang='lat' dir='ltr'><strong>PrOSperum</strong></span> <span class='ocrx_word' id='word_1_730' title='bbox 3196 4584 3250 4630; x_wconf 91' lang='lat' dir='ltr'><strong>ct</strong></span> <span class='ocrx_word' id='word_1_731' title='bbox 3281 4575 3540 4629; x_wconf 83' lang='lat' dir='ltr'><strong>Hilarium</strong></span> <span class='ocrx_word' id='word_1_732' title='bbox 3567 4574 3645 4629; x_wconf 86' lang='lat' dir='ltr'><strong>de</strong></span> <span class='ocrx_word' id='word_1_733' title='bbox 3677 4591 3829 4643; x_wconf 70' lang='lat' dir='ltr'><strong>pne-</strong></span> 
     </span>
    </p>
   </div>
   <div class='ocr_carea' id='block_1_92' title="bbox 534 4663 3832 4747">
    <p class='ocr_par' dir='ltr' id='par_1_92' title="bbox 534 4663 3832 4747">
     <span class='ocr_line' id='line_1_92' title="bbox 534 4663 3832 4747; baseline 0.001 -29"><span class='ocrx_word' id='word_1_734' title='bbox 534 4680 645 4729; x_wconf 76' lang='lat' dir='ltr'><strong>xvr,</strong></span> <span class='ocrx_word' id='word_1_735' title='bbox 682 4664 791 4736; x_wconf 78' lang='grc'><strong>15).</strong></span> <span class='ocrx_word' id='word_1_736' title='bbox 826 4665 1062 4735; x_wconf 88' lang='lat' dir='ltr'><strong>Itemque</strong></span> <span class='ocrx_word' id='word_1_737' title='bbox 1090 4663 1157 4718; x_wconf 87' lang='lat' dir='ltr'><strong>de</strong></span> <span class='ocrx_word' id='word_1_738' title='bbox 1188 4664 1281 4717; x_wconf 88' lang='lat' dir='ltr'><strong>illo</strong></span> <span class='ocrx_word' id='word_1_739' title='bbox 1310 4663 1508 4718; x_wconf 81' lang='lat' dir='ltr'><strong>dietum</strong></span> <span class='ocrx_word' id='word_1_740' title='bbox 1540 4674 1661 4720; x_wconf 90' lang='lat' dir='ltr'><strong>est:</strong></span> <span class='ocrx_word' id='word_1_741' title='bbox 1713 4664 1955 4719; x_wconf 82' lang='lat' dir='ltr'><strong>Nondum</strong></span> <span class='ocrx_word' id='word_1_742' title='bbox 1986 4668 2119 4721; x_wconf 85' lang='lat' dir='ltr'><strong>enim</strong></span> <span class='ocrx_word' id='word_1_743' title='bbox 2151 4688 2199 4747; x_wconf 77' lang='grc' dir='ltr'><strong>ι)</strong></span> <span class='ocrx_word' id='word_1_744' title='bbox 2224 4669 2581 4724; x_wconf 76' lang='lat' dir='ltr'><strong>destinatione.</strong></span> <span class='ocrx_word' id='word_1_745' title='bbox 2611 4677 2916 4722; x_wconf 86' lang='lat' dir='ltr'><strong>sanctorum</strong></span> <span class='ocrx_word' id='word_1_746' title='bbox 2941 4708 2956 4733; x_wconf 94' lang='lat'><strong>,</strong></span> <span class='ocrx_word' id='word_1_747' title='bbox 3009 4676 3063 4721; x_wconf 85' lang='lat' dir='ltr'><strong>et</strong></span> <span class='ocrx_word' id='word_1_748' title='bbox 3108 4666 3312 4722; x_wconf 88' lang='lat' dir='ltr'><strong>docens</strong></span> <span class='ocrx_word' id='word_1_749' title='bbox 3341 4666 3486 4736; x_wconf 81' lang='lat' dir='ltr'><strong>quod</strong></span> <span class='ocrx_word' id='word_1_750' title='bbox 3515 4668 3694 4735; x_wconf 81' lang='lat' dir='ltr'><strong>gratia</strong></span> <span class='ocrx_word' id='word_1_751' title='bbox 3729 4666 3832 4721; x_wconf 77' lang='lat' dir='ltr'><strong>Dei</strong></span> 
     </span>
    </p>
   </div>
   <div class='ocr_carea' id='block_1_93' title="bbox 532 4754 2116 4829">
    <p class='ocr_par' dir='ltr' id='par_1_93' title="bbox 532 4754 2116 4829">
     <span class='ocr_line' id='line_1_93' title="bbox 532 4754 2116 4829; baseline 0.002 -21"><span class='ocrx_word' id='word_1_752' title='bbox 532 4766 641 4808; x_wconf 88' lang='lat' dir='ltr'><strong>erat</strong></span> <span class='ocrx_word' id='word_1_753' title='bbox 673 4755 896 4825; x_wconf 87' lang='lat' dir='ltr'><strong>Spiritus</strong></span> <span class='ocrx_word' id='word_1_754' title='bbox 922 4758 1091 4820; x_wconf 82' lang='lat' dir='ltr'><strong>datus,</strong></span> <span class='ocrx_word' id='word_1_755' title='bbox 1124 4755 1241 4823; x_wconf 83' lang='lat' dir='ltr'><strong>quia</strong></span> <span class='ocrx_word' id='word_1_756' title='bbox 1281 4754 1432 4809; x_wconf 84' lang='lat' dir='ltr'><strong>Jesus</strong></span> <span class='ocrx_word' id='word_1_757' title='bbox 1474 4756 1701 4810; x_wconf 83' lang='lat' dir='ltr'><strong>nondum</strong></span> <span class='ocrx_word' id='word_1_758' title='bbox 1734 4759 1896 4827; x_wconf 80' lang='lat' dir='ltr'><strong>fuerat</strong></span> <span class='ocrx_word' id='word_1_759' title='bbox 1916 4759 2116 4829; x_wconf 79' lang='lat' dir='ltr'><strong>gloriﬁ-</strong></span> 
     </span>
    </p>
   </div>
   <div class='ocr_carea' id='block_1_94' title="bbox 532 4845 2117 4923">
    <p class='ocr_par' dir='ltr' id='par_1_94' title="bbox 532 4845 2117 4923">
     <span class='ocr_line' id='line_1_94' title="bbox 532 4845 2117 4923; baseline 0.005 -23"><span class='ocrx_word' id='word_1_760' title='bbox 532 4856 676 4900; x_wconf 82' lang='lat' dir='ltr'><strong>catus</strong></span> <span class='ocrx_word' id='word_1_761' title='bbox 689 4845 866 4915; x_wconf 83' lang='lat' dir='ltr'><strong>(Joan.</strong></span> <span class='ocrx_word' id='word_1_762' title='bbox 893 4862 989 4913; x_wconf 86' lang='lat' dir='ltr'><strong>vu,</strong></span> <span class='ocrx_word' id='word_1_763' title='bbox 1013 4846 1128 4915; x_wconf 81' lang='grc'><strong>59).</strong></span> <span class='ocrx_word' id='word_1_764' title='bbox 1156 4846 1381 4902; x_wconf 77' lang='lat' dir='ltr'><strong>Proinde</strong></span> <span class='ocrx_word' id='word_1_765' title='bbox 1397 4848 1585 4903; x_wconf 91' lang='lat' dir='ltr'><strong>melius</strong></span> <span class='ocrx_word' id='word_1_766' title='bbox 1610 4850 1851 4915; x_wconf 80' lang='lat' dir='ltr'><strong>iacimus,</strong></span> <span class='ocrx_word' id='word_1_767' title='bbox 1871 4851 1915 4906; x_wconf 88' lang='lat' dir='ltr'><strong>si</strong></span> <span class='ocrx_word' id='word_1_768' title='bbox 1931 4868 2117 4923; x_wconf 88' lang='lat' dir='ltr'><strong>quem-</strong></span> 
     </span>
    </p>
   </div>
   <div class='ocr_carea' id='block_1_95' title="bbox 534 4938 2116 5014">
    <p class='ocr_par' dir='ltr' id='par_1_95' title="bbox 534 4938 2116 5014">
     <span class='ocr_line' id='line_1_95' title="bbox 534 4938 2116 5014; baseline 0.006 -22"><span class='ocrx_word' id='word_1_769' title='bbox 534 4938 823 4992; x_wconf 86' lang='lat' dir='ltr'><strong>admodum</strong></span> <span class='ocrx_word' id='word_1_770' title='bbox 875 4940 1106 4993; x_wconf 83' lang='lat' dir='ltr'><strong>divinatn</strong></span> <span class='ocrx_word' id='word_1_771' title='bbox 1164 4940 1493 5007; x_wconf 82' lang='lat' dir='ltr'><strong>Scriptorum</strong></span> <span class='ocrx_word' id='word_1_772' title='bbox 1520 4983 1535 5008; x_wconf 93' lang='lat'><strong>,</strong></span> <span class='ocrx_word' id='word_1_773' title='bbox 1582 4941 1662 4996; x_wconf 88' lang='lat' dir='ltr'><strong>sic</strong></span> <span class='ocrx_word' id='word_1_774' title='bbox 1685 4943 1845 4998; x_wconf 87' lang='lat' dir='ltr'><strong>etiam</strong></span> <span class='ocrx_word' id='word_1_775' title='bbox 1877 4945 2116 5014; x_wconf 86' lang='lat' dir='ltr'><strong>ejusdem</strong></span> 
     </span>
    </p>
   </div>
   <div class='ocr_carea' id='block_1_96' title="bbox 534 5030 2119 5097">
    <p class='ocr_par' dir='ltr' id='par_1_96' title="bbox 534 5030 2119 5097">
     <span class='ocr_line' id='line_1_96' title="bbox 534 5030 2119 5097; baseline 0.007 -15"><span class='ocrx_word' id='word_1_776' title='bbox 534 5030 825 5097; x_wconf 73' lang='lat' dir='ltr'><strong>Scriptum</strong></span> <span class='ocrx_word' id='word_1_777' title='bbox 848 5036 1164 5097; x_wconf 88' lang='lat' dir='ltr'><strong>tractatores</strong></span> <span class='ocrx_word' id='word_1_778' title='bbox 1196 5031 1404 5086; x_wconf 87' lang='lat' dir='ltr'><strong>locutos</strong></span> <span class='ocrx_word' id='word_1_779' title='bbox 1432 5039 1619 5087; x_wconf 90' lang='lat' dir='ltr'><strong>contra</strong></span> <span class='ocrx_word' id='word_1_780' title='bbox 1651 5035 1929 5090; x_wconf 78' lang='lat' dir='ltr'><strong>luereticos</strong></span> <span class='ocrx_word' id='word_1_781' title='bbox 1954 5037 2119 5095; x_wconf 81' lang='lat' dir='ltr'><strong>fuisse</strong></span> 
     </span>
    </p>
   </div>
   <div class='ocr_carea' id='block_1_97' title="bbox 533 5119 2116 5200">
    <p class='ocr_par' dir='ltr' id='par_1_97' title="bbox 533 5119 2116 5200">
     <span class='ocr_line' id='line_1_97' title="bbox 533 5119 2116 5200; baseline 0.008 -27"><span class='ocrx_word' id='word_1_782' title='bbox 533 5120 835 5174; x_wconf 88' lang='lat' dir='ltr'><strong>credamus.</strong></span> <span class='ocrx_word' id='word_1_783' title='bbox 866 5119 995 5174; x_wconf 85' lang='lat' dir='ltr'><strong>Sive</strong></span> <span class='ocrx_word' id='word_1_784' title='bbox 1040 5123 1291 5190; x_wconf 91' lang='lat' dir='ltr'><strong>quoniam</strong></span> <span class='ocrx_word' id='word_1_785' title='bbox 1334 5123 1633 5194; x_wconf 89' lang='lat' dir='ltr'><strong>resurgenti</strong></span> <span class='ocrx_word' id='word_1_786' title='bbox 1666 5124 1882 5180; x_wconf 88' lang='lat' dir='ltr'><strong>Christo</strong></span> <span class='ocrx_word' id='word_1_787' title='bbox 1913 5128 2116 5200; x_wconf 83' lang='lat' dir='ltr'><strong>aliquid</strong></span> 
     </span>
    </p>
   </div>
   <div class='ocr_carea' id='block_1_98' title="bbox 2224 4756 3836 4824">
    <p class='ocr_par' dir='ltr' id='par_1_98' title="bbox 2224 4756 3836 4824">
     <span class='ocr_line' id='line_1_98' title="bbox 2224 4756 3836 4824; baseline 0.001 -13"><span class='ocrx_word' id='word_1_788' title='bbox 2224 4773 2328 4811; x_wconf 90' lang='lat' dir='ltr'><strong>non</strong></span> <span class='ocrx_word' id='word_1_789' title='bbox 2358 4756 2649 4812; x_wconf 89' lang='lat' dir='ltr'><strong>secundum</strong></span> <span class='ocrx_word' id='word_1_790' title='bbox 2684 4765 2867 4811; x_wconf 88' lang='lat' dir='ltr'><strong>nostra</strong></span> <span class='ocrx_word' id='word_1_791' title='bbox 2896 4757 3081 4811; x_wconf 89' lang='lat' dir='ltr'><strong>merita</strong></span> <span class='ocrx_word' id='word_1_792' title='bbox 3121 4756 3301 4824; x_wconf 88' lang='lat' dir='ltr'><strong>detur,</strong></span> <span class='ocrx_word' id='word_1_793' title='bbox 3353 4757 3490 4811; x_wconf 81' lang='lat' dir='ltr'><strong>inter</strong></span> <span class='ocrx_word' id='word_1_794' title='bbox 3533 4757 3647 4811; x_wconf 83' lang='lat' dir='ltr'><strong>alia</strong></span> <span class='ocrx_word' id='word_1_795' title='bbox 3691 4757 3836 4813; x_wconf 83' lang='lat' dir='ltr'><strong>dicit</strong></span> 
     </span>
    </p>
   </div>
   <div class='ocr_carea' id='block_1_99' title="bbox 2225 4847 3835 4921">
    <p class='ocr_par' dir='ltr' id='par_1_99' title="bbox 2225 4847 3835 4921">
     <span class='ocr_line' id='line_1_99' title="bbox 2225 4847 3835 4921; baseline 0.002 -20"><span class='ocrx_word' id='word_1_796' title='bbox 2225 4848 2363 4921; x_wconf 85' lang='lat' dir='ltr'><strong>(Lib.</strong></span> <span class='ocrx_word' id='word_1_797' title='bbox 2388 4863 2427 4913; x_wconf 88' lang='lat' dir='ltr'><strong>t,</strong></span> <span class='ocrx_word' id='word_1_798' title='bbox 2452 4864 2568 4919; x_wconf 85' lang='lat' dir='ltr'><strong>cap,</strong></span> <span class='ocrx_word' id='word_1_799' title='bbox 2597 4847 2721 4918; x_wconf 69' lang='lat'><strong>15):</strong></span> <span class='ocrx_word' id='word_1_800' title='bbox 2760 4866 2777 4898; x_wconf 72' lang='grc' dir='ltr'><strong><em>ο</em></strong></span> <span class='ocrx_word' id='word_1_801' title='bbox 2818 4847 2911 4901; x_wconf 85' lang='lat' dir='ltr'><strong>Est</strong></span> <span class='ocrx_word' id='word_1_802' title='bbox 2936 4849 3099 4901; x_wconf 87' lang='lat' dir='ltr'><strong>etiam</strong></span> <span class='ocrx_word' id='word_1_803' title='bbox 3123 4848 3600 4917; x_wconf 69' lang='lat' dir='ltr'><strong>pmclarissimum</strong></span> <span class='ocrx_word' id='word_1_804' title='bbox 3642 4850 3835 4905; x_wconf 74' lang='lat' dir='ltr'><strong>lumen</strong></span> 
     </span>
    </p>
   </div>
   <div class='ocr_carea' id='block_1_100' title="bbox 2226 4936 3835 5008">
    <p class='ocr_par' dir='ltr' id='par_1_100' title="bbox 2226 4936 3835 5008">
     <span class='ocr_line' id='line_1_100' title="bbox 2226 4936 3835 5008; baseline -0.001 -15"><span class='ocrx_word' id='word_1_805' title='bbox 2226 4938 2709 5008; x_wconf 73' lang='lat' dir='ltr'><strong>przrdestieationis</strong></span> <span class='ocrx_word' id='word_1_806' title='bbox 2735 4945 2791 4992; x_wconf 89' lang='lat' dir='ltr'><strong>et</strong></span> <span class='ocrx_word' id='word_1_807' title='bbox 2809 4938 2994 5007; x_wconf 75' lang='lat' dir='ltr'><strong>gratia:</strong></span> <span class='ocrx_word' id='word_1_808' title='bbox 3022 4938 3135 5006; x_wconf 89' lang='lat' dir='ltr'><strong>ipse</strong></span> <span class='ocrx_word' id='word_1_809' title='bbox 3171 4937 3436 5000; x_wconf 88' lang='lat' dir='ltr'><strong>Salvator,</strong></span> <span class='ocrx_word' id='word_1_810' title='bbox 3470 4936 3585 5005; x_wconf 80' lang='lat' dir='ltr'><strong>ipse</strong></span> <span class='ocrx_word' id='word_1_811' title='bbox 3616 4938 3835 4992; x_wconf 83' lang='lat' dir='ltr'><strong>media-</strong></span> 
     </span>
    </p>
   </div>
   <div class='ocr_carea' id='block_1_101' title="bbox 2226 5024 3839 5095">
    <p class='ocr_par' dir='ltr' id='par_1_101' title="bbox 2226 5024 3839 5095">
     <span class='ocr_line' id='line_1_101' title="bbox 2226 5024 3839 5095; baseline 0.001 -12"><span class='ocrx_word' id='word_1_812' title='bbox 2226 5034 2312 5083; x_wconf 89' lang='lat' dir='ltr'><strong>tor</strong></span> <span class='ocrx_word' id='word_1_813' title='bbox 2339 5027 2428 5081; x_wconf 91' lang='lat' dir='ltr'><strong>Dei</strong></span> <span class='ocrx_word' id='word_1_814' title='bbox 2455 5035 2509 5082; x_wconf 90' lang='lat' dir='ltr'><strong>et</strong></span> <span class='ocrx_word' id='word_1_815' title='bbox 2526 5026 2828 5093; x_wconf 80' lang='lat' dir='ltr'><strong>hominum,</strong></span> <span class='ocrx_word' id='word_1_816' title='bbox 2855 5026 3016 5081; x_wconf 91' lang='lat' dir='ltr'><strong>homo</strong></span> <span class='ocrx_word' id='word_1_817' title='bbox 3036 5024 3280 5081; x_wconf 82' lang='lat' dir='ltr'><strong>Christus</strong></span> <span class='ocrx_word' id='word_1_818' title='bbox 3302 5025 3457 5081; x_wconf 78' lang='lat' dir='ltr'><strong>Iesus</strong></span> <span class='ocrx_word' id='word_1_819' title='bbox 3483 5043 3497 5079; x_wconf 95' lang='lat'><strong>:</strong></span> <span class='ocrx_word' id='word_1_820' title='bbox 3520 5029 3615 5095; x_wconf 85' lang='lat' dir='ltr'><strong>qui</strong></span> <span class='ocrx_word' id='word_1_821' title='bbox 3643 5038 3701 5082; x_wconf 89' lang='lat' dir='ltr'><strong>ut</strong></span> <span class='ocrx_word' id='word_1_822' title='bbox 3723 5030 3839 5086; x_wconf 85' lang='lat' dir='ltr'><strong>hoc</strong></span> 
     </span>
    </p>
   </div>
   <div class='ocr_carea' id='block_1_102' title="bbox 2226 5115 3836 5187">
    <p class='ocr_par' dir='ltr' id='par_1_102' title="bbox 2226 5115 3836 5187">
     <span class='ocr_line' id='line_1_102' title="bbox 2226 5115 3836 5187; baseline 0 -12"><span class='ocrx_word' id='word_1_823' title='bbox 2226 5127 2389 5185; x_wconf 87' lang='lat' dir='ltr'><strong>esset,</strong></span> <span class='ocrx_word' id='word_1_824' title='bbox 2430 5116 2622 5187; x_wconf 64' lang='lat' dir='ltr'><strong>quibus</strong></span> <span class='ocrx_word' id='word_1_825' title='bbox 2672 5117 2885 5171; x_wconf 90' lang='lat' dir='ltr'><strong>tandem</strong></span> <span class='ocrx_word' id='word_1_826' title='bbox 2935 5116 3069 5185; x_wconf 87' lang='lat' dir='ltr'><strong>suis,</strong></span> <span class='ocrx_word' id='word_1_827' title='bbox 3122 5115 3206 5173; x_wconf 86' lang='lat' dir='ltr'><strong>vel</strong></span> <span class='ocrx_word' id='word_1_828' title='bbox 3254 5132 3497 5187; x_wconf 88' lang='lat' dir='ltr'><strong>operum,</strong></span> <span class='ocrx_word' id='word_1_829' title='bbox 3553 5119 3645 5172; x_wconf 75' lang='lat' dir='ltr'><strong>vel</strong></span> <span class='ocrx_word' id='word_1_830' title='bbox 3696 5118 3836 5175; x_wconf 73' lang='lat' dir='ltr'><strong>ﬁdei</strong></span> 
     </span>
    </p>
   </div>
   <div class='ocr_carea' id='block_1_103' title="bbox 534 5213 2117 5286">
    <p class='ocr_par' dir='ltr' id='par_1_103' title="bbox 534 5213 2117 5286">
     <span class='ocr_line' id='line_1_103' title="bbox 534 5213 2117 5286; baseline 0.008 -21"><span class='ocrx_word' id='word_1_831' title='bbox 534 5213 588 5265; x_wconf 88' lang='lat' dir='ltr'><strong>in</strong></span> <span class='ocrx_word' id='word_1_832' title='bbox 628 5220 813 5266; x_wconf 88' lang='lat' dir='ltr'><strong>natura</strong></span> <span class='ocrx_word' id='word_1_833' title='bbox 841 5214 1017 5267; x_wconf 87' lang='lat' dir='ltr'><strong>carnis</strong></span> <span class='ocrx_word' id='word_1_834' title='bbox 1046 5216 1309 5283; x_wconf 87' lang='lat' dir='ltr'><strong>accessit,</strong></span> <span class='ocrx_word' id='word_1_835' title='bbox 1342 5232 1459 5286; x_wconf 69' lang='lat' dir='ltr'><strong>quae</strong></span> <span class='ocrx_word' id='word_1_836' title='bbox 1498 5218 1552 5272; x_wconf 87' lang='lat' dir='ltr'><strong>in</strong></span> <span class='ocrx_word' id='word_1_837' title='bbox 1595 5220 1913 5276; x_wconf 88' lang='lat' dir='ltr'><strong>contumelia</strong></span> <span class='ocrx_word' id='word_1_838' title='bbox 1954 5223 2117 5277; x_wconf 89' lang='lat' dir='ltr'><strong>semi-</strong></span> 
     </span>
    </p>
   </div>
   <div class='ocr_carea' id='block_1_104' title="bbox 534 5305 2117 5382">
    <p class='ocr_par' dir='ltr' id='par_1_104' title="bbox 534 5305 2117 5382">
     <span class='ocr_line' id='line_1_104' title="bbox 534 5305 2117 5382; baseline 0.009 -27"><span class='ocrx_word' id='word_1_839' title='bbox 534 5314 679 5372; x_wconf 87' lang='lat' dir='ltr'><strong>nata,</strong></span> <span class='ocrx_word' id='word_1_840' title='bbox 724 5305 833 5373; x_wconf 87' lang='lat' dir='ltr'><strong>jam</strong></span> <span class='ocrx_word' id='word_1_841' title='bbox 865 5315 1173 5360; x_wconf 80' lang='lat' dir='ltr'><strong>surrexerat</strong></span> <span class='ocrx_word' id='word_1_842' title='bbox 1219 5308 1271 5361; x_wconf 92' lang='lat' dir='ltr'><strong>in</strong></span> <span class='ocrx_word' id='word_1_843' title='bbox 1311 5308 1517 5379; x_wconf 78' lang='lat' dir='ltr'><strong>gloria;</strong></span> <span class='ocrx_word' id='word_1_844' title='bbox 1567 5310 1683 5366; x_wconf 91' lang='lat' dir='ltr'><strong>sive</strong></span> <span class='ocrx_word' id='word_1_845' title='bbox 1710 5313 1832 5382; x_wconf 89' lang='lat' dir='ltr'><strong>quia</strong></span> <span class='ocrx_word' id='word_1_846' title='bbox 1872 5312 2117 5370; x_wconf 86' lang='lat' dir='ltr'><strong>ﬁdelibus</strong></span> 
     </span>
    </p>
   </div>
   <div class='ocr_carea' id='block_1_105' title="bbox 2219 5209 3835 5282">
    <p class='ocr_par' dir='ltr' id='par_1_105' title="bbox 2219 5209 3835 5282">
     <span class='ocr_line' id='line_1_105' title="bbox 2219 5209 3835 5282; baseline 0.001 -18"><span class='ocrx_word' id='word_1_847' title='bbox 2219 5210 2644 5282; x_wconf 81' lang='lat' dir='ltr'><strong>praecedentibus</strong></span> <span class='ocrx_word' id='word_1_848' title='bbox 2670 5210 2879 5265; x_wconf 89' lang='lat' dir='ltr'><strong>meritis</strong></span> <span class='ocrx_word' id='word_1_849' title='bbox 2908 5217 3094 5264; x_wconf 85' lang='lat' dir='ltr'><strong>natura</strong></span> <span class='ocrx_word' id='word_1_850' title='bbox 3129 5209 3359 5264; x_wconf 85' lang='lat' dir='ltr'><strong>humana</strong></span> <span class='ocrx_word' id='word_1_851' title='bbox 3388 5226 3509 5280; x_wconf 68' lang='lat' dir='ltr'><strong>quae</strong></span> <span class='ocrx_word' id='word_1_852' title='bbox 3532 5210 3590 5264; x_wconf 91' lang='lat' dir='ltr'><strong>in</strong></span> <span class='ocrx_word' id='word_1_853' title='bbox 3617 5212 3710 5265; x_wconf 91' lang='lat' dir='ltr'><strong>illo</strong></span> <span class='ocrx_word' id='word_1_854' title='bbox 3734 5222 3835 5265; x_wconf 78' lang='lat' dir='ltr'><strong>est</strong></span> 
     </span>
    </p>
   </div>
   <div class='ocr_carea' id='block_1_106' title="bbox 2220 5300 3837 5372">
    <p class='ocr_par' dir='ltr' id='par_1_106' title="bbox 2220 5300 3837 5372">
     <span class='ocr_line' id='line_1_106' title="bbox 2220 5300 3837 5372; baseline 0.001 -14"><span class='ocrx_word' id='word_1_855' title='bbox 2220 5301 2590 5372; x_wconf 82' lang='lat' dir='ltr'><strong>comparavit?</strong></span> <span class='ocrx_word' id='word_1_856' title='bbox 2635 5300 3030 5371; x_wconf 89' lang='lat' dir='ltr'><strong>respondeatur</strong></span> <span class='ocrx_word' id='word_1_857' title='bbox 3077 5315 3281 5370; x_wconf 69' lang='lat' dir='ltr'><strong>quaeso.</strong></span> <span class='ocrx_word' id='word_1_858' title='bbox 3330 5300 3425 5357; x_wconf 88' lang='lat' dir='ltr'><strong>Ille</strong></span> <span class='ocrx_word' id='word_1_859' title='bbox 3472 5300 3669 5365; x_wconf 85' lang='lat' dir='ltr'><strong>homo,</strong></span> <span class='ocrx_word' id='word_1_860' title='bbox 3704 5312 3769 5357; x_wconf 88' lang='lat' dir='ltr'><strong>ut</strong></span> <span class='ocrx_word' id='word_1_861' title='bbox 3800 5318 3837 5359; x_wconf 68' lang='grc' dir='ltr'><strong><em>ι</em></strong></span> 
     </span>
    </p>
   </div>
   <div class='ocr_carea' id='block_1_107' title="bbox 530 5432 2117 5505">
    <p class='ocr_par' dir='ltr' id='par_1_107' title="bbox 530 5432 2117 5505">
     <span class='ocr_line' id='line_1_107' title="bbox 530 5432 2117 5505; baseline 0.012 -18"><span class='ocrx_word' id='word_1_862' title='bbox 530 5432 689 5502; x_wconf 79' lang='lat' dir='ltr'><strong>gendi</strong></span> <span class='ocrx_word' id='word_1_863' title='bbox 734 5434 904 5489; x_wconf 86' lang='lat' dir='ltr'><strong>locus.</strong></span> <span class='ocrx_word' id='word_1_864' title='bbox 946 5435 1178 5491; x_wconf 82' lang='lat' dir='ltr'><strong>Irenaeus</strong></span> <span class='ocrx_word' id='word_1_865' title='bbox 1221 5437 1312 5492; x_wconf 92' lang='lat' dir='ltr'><strong>lib.</strong></span> <span class='ocrx_word' id='word_1_866' title='bbox 1347 5454 1380 5491; x_wconf 89' lang='lat' dir='ltr'><strong>v</strong></span> <span class='ocrx_word' id='word_1_867' title='bbox 1424 5439 1696 5497; x_wconf 81' lang='lat' dir='ltr'><strong>Adversus</strong></span> <span class='ocrx_word' id='word_1_868' title='bbox 1737 5443 2009 5501; x_wconf 76' lang='lat' dir='ltr'><strong>hrrreses:</strong></span> <span class='ocrx_word' id='word_1_869' title='bbox 2048 5450 2117 5505; x_wconf 81' lang='grc' dir='ltr'><strong>Τὸ</strong></span> 
     </span>
    </p>
   </div>
   <div class='ocr_carea' id='block_1_108' title="bbox 529 5506 2119 5586">
    <p class='ocr_par' dir='ltr' id='par_1_108' title="bbox 529 5506 2119 5586">
     <span class='ocr_line' id='line_1_108' title="bbox 529 5506 2119 5586; baseline 0.011 -30"><span class='ocrx_word' id='word_1_870' title='bbox 529 5506 633 5586; x_wconf 56' lang='lat' dir='ltr'><strong>{uno</strong></span> <span class='ocrx_word' id='word_1_871' title='bbox 655 5513 746 5566; x_wconf 79' lang='grc' dir='ltr'><strong>τῆς</strong></span> <span class='ocrx_word' id='word_1_872' title='bbox 774 5510 992 5586; x_wconf 63' lang='lat' dir='ltr'><strong>arietet:</strong></span> <span class='ocrx_word' id='word_1_873' title='bbox 1016 5512 1257 5586; x_wconf 54' lang='grc' dir='ltr'><strong>ποτήριεῃ</strong></span> <span class='ocrx_word' id='word_1_874' title='bbox 1290 5506 1413 5581; x_wconf 79' lang='grc' dir='ltr'><strong>οἶμα</strong></span> <span class='ocrx_word' id='word_1_875' title='bbox 1435 5509 1561 5586; x_wconf 53' lang='lat' dir='ltr'><strong>iam?</strong></span> <span class='ocrx_word' id='word_1_876' title='bbox 1589 5514 1898 5586; x_wconf 58' lang='lat' dir='ltr'><strong>sittulo&#39;yuae&#39;</strong></span> <span class='ocrx_word' id='word_1_877' title='bbox 1924 5522 2009 5573; x_wconf 78' lang='grc' dir='ltr'><strong>καὶ</strong></span> <span class='ocrx_word' id='word_1_878' title='bbox 2034 5521 2119 5574; x_wconf 84' lang='grc' dir='ltr'><strong>τὸν</strong></span> 
     </span>
    </p>
   </div>
   <div class='ocr_carea' id='block_1_109' title="bbox 534 5575 2120 5656">
    <p class='ocr_par' dir='ltr' id='par_1_109' title="bbox 534 5575 2120 5656">
     <span class='ocr_line' id='line_1_109' title="bbox 534 5575 2120 5656; baseline 0.01 -28"><span class='ocrx_word' id='word_1_879' title='bbox 658 5585 750 5656; x_wconf 65' lang='grc' dir='ltr'><strong>τῆς</strong></span> <span class='ocrx_word' id='word_1_880' title='bbox 769 5580 984 5656; x_wconf 40' lang='lat' dir='ltr'><strong>arietet:</strong></span> <span class='ocrx_word' id='word_1_881' title='bbox 1007 5575 1180 5650; x_wconf 68' lang='grc' dir='ltr'><strong>ἅρτοῦ,</strong></span> <span class='ocrx_word' id='word_1_882' title='bbox 1205 5575 1501 5656; x_wconf 48' lang='grc' dir='ltr'><strong>ἵδίονρὥα</strong></span> <span class='ocrx_word' id='word_1_883' title='bbox 1522 5575 1943 5656; x_wconf 60' lang='grc' dir='ltr'><strong>διεϐὶέῗᾳιῶσατο.</strong></span> <span class='ocrx_word' id='word_1_884' title='bbox 1968 5589 2120 5655; x_wconf 70' lang='lat' dir='ltr'><strong>Quod</strong></span> 
     </span>
    </p>
   </div>
   <div class='ocr_carea' id='block_1_110' title="bbox 532 5645 2118 5724">
    <p class='ocr_par' dir='ltr' id='par_1_110' title="bbox 532 5645 2118 5724">
     <span class='ocr_line' id='line_1_110' title="bbox 532 5645 2118 5724; baseline 0.009 -26"><span class='ocrx_word' id='word_1_885' title='bbox 532 5645 581 5698; x_wconf 84' lang='lat' dir='ltr'><strong>si</strong></span> <span class='ocrx_word' id='word_1_886' title='bbox 609 5645 797 5701; x_wconf 89' lang='lat' dir='ltr'><strong>durius</strong></span> <span class='ocrx_word' id='word_1_887' title='bbox 820 5648 906 5703; x_wconf 83' lang='lat' dir='ltr'><strong>hic</strong></span> <span class='ocrx_word' id='word_1_888' title='bbox 936 5645 1165 5703; x_wconf 67' lang='lat' dir='ltr'><strong>fortaSse</strong></span> <span class='ocrx_word' id='word_1_889' title='bbox 1197 5650 1279 5703; x_wconf 88' lang='lat' dir='ltr'><strong>vel</strong></span> <span class='ocrx_word' id='word_1_890' title='bbox 1321 5645 1601 5706; x_wconf 85' lang='lat' dir='ltr'><strong>obscurius</strong></span> <span class='ocrx_word' id='word_1_891' title='bbox 1632 5654 1903 5724; x_wconf 84' lang='lat' dir='ltr'><strong>quippiam</strong></span> <span class='ocrx_word' id='word_1_892' title='bbox 1936 5645 2118 5715; x_wconf 59' lang='lat' dir='ltr'><strong>elocu-</strong></span> 
     </span>
    </p>
   </div>
   <div class='ocr_carea' id='block_1_111' title="bbox 2222 5457 3841 5528">
    <p class='ocr_par' dir='ltr' id='par_1_111' title="bbox 2222 5457 3841 5528">
     <span class='ocr_line' id='line_1_111' title="bbox 2222 5457 3841 5528; baseline 0.002 -15"><span class='ocrx_word' id='word_1_893' title='bbox 2222 5468 2308 5514; x_wconf 89' lang='lat' dir='ltr'><strong>tus</strong></span> <span class='ocrx_word' id='word_1_894' title='bbox 2333 5459 2595 5522; x_wconf 87' lang='lat' dir='ltr'><strong>videatur,</strong></span> <span class='ocrx_word' id='word_1_895' title='bbox 2628 5457 2823 5528; x_wconf 85' lang='lat' dir='ltr'><strong>dignus</strong></span> <span class='ocrx_word' id='word_1_896' title='bbox 2848 5466 2934 5513; x_wconf 87' lang='lat' dir='ltr'><strong>est</strong></span> <span class='ocrx_word' id='word_1_897' title='bbox 2960 5459 3137 5522; x_wconf 89' lang='lat' dir='ltr'><strong>venia,</strong></span> <span class='ocrx_word' id='word_1_898' title='bbox 3170 5466 3224 5513; x_wconf 89' lang='lat' dir='ltr'><strong>et</strong></span> <span class='ocrx_word' id='word_1_899' title='bbox 3251 5459 3341 5526; x_wconf 91' lang='lat' dir='ltr'><strong>qui</strong></span> <span class='ocrx_word' id='word_1_900' title='bbox 3384 5473 3414 5513; x_wconf 81' lang='lat' dir='ltr'><strong>a</strong></span> <span class='ocrx_word' id='word_1_901' title='bbox 3461 5460 3704 5527; x_wconf 75' lang='lat' dir='ltr'><strong>benigno</strong></span> <span class='ocrx_word' id='word_1_902' title='bbox 3738 5462 3841 5517; x_wconf 76' lang='lat' dir='ltr'><strong>in-</strong></span> 
     </span>
    </p>
   </div>
   <div class='ocr_carea' id='block_1_112' title="bbox 2223 5529 3839 5600">
    <p class='ocr_par' dir='ltr' id='par_1_112' title="bbox 2223 5529 3839 5600">
     <span class='ocr_line' id='line_1_112' title="bbox 2223 5529 3839 5600; baseline -0.005 -15"><span class='ocrx_word' id='word_1_903' title='bbox 2223 5539 2457 5598; x_wconf 89' lang='lat' dir='ltr'><strong>terprete</strong></span> <span class='ocrx_word' id='word_1_904' title='bbox 2488 5530 2656 5585; x_wconf 80' lang='lat' dir='ltr'><strong>vicem</strong></span> <span class='ocrx_word' id='word_1_905' title='bbox 2695 5529 2857 5585; x_wconf 77' lang='lat' dir='ltr'><strong>cilicii</strong></span> <span class='ocrx_word' id='word_1_906' title='bbox 2902 5530 3151 5600; x_wconf 83' lang='lat' dir='ltr'><strong>recipiat,</strong></span> <span class='ocrx_word' id='word_1_907' title='bbox 3181 5529 3325 5599; x_wconf 90' lang='lat' dir='ltr'><strong>quod</strong></span> <span class='ocrx_word' id='word_1_908' title='bbox 3373 5529 3490 5597; x_wconf 89' lang='lat' dir='ltr'><strong>ipse</strong></span> <span class='ocrx_word' id='word_1_909' title='bbox 3527 5532 3660 5583; x_wconf 69' lang='lat' dir='ltr'><strong>aliis</strong></span> <span class='ocrx_word' id='word_1_910' title='bbox 3699 5546 3839 5588; x_wconf 72' lang='grc' dir='ltr'><strong>εὐ-</strong></span> 
     </span>
    </p>
   </div>
   <div class='ocr_carea' id='block_1_113' title="bbox 2223 5600 3837 5671">
    <p class='ocr_par' dir='ltr' id='par_1_113' title="bbox 2223 5600 3837 5671">
     <span class='ocr_line' id='line_1_113' title="bbox 2223 5600 3837 5671; baseline 0.002 -15"><span class='ocrx_word' id='word_1_911' title='bbox 2223 5601 2398 5669; x_wconf 87' lang='lat' dir='ltr'><strong>diose,</strong></span> <span class='ocrx_word' id='word_1_912' title='bbox 2430 5615 2655 5671; x_wconf 90' lang='lat' dir='ltr'><strong>quorum</strong></span> <span class='ocrx_word' id='word_1_913' title='bbox 2681 5600 2820 5658; x_wconf 90' lang='lat' dir='ltr'><strong>dicta</strong></span> <span class='ocrx_word' id='word_1_914' title='bbox 2851 5603 3197 5666; x_wconf 80' lang='lat' dir='ltr'><strong>notabantur,</strong></span> <span class='ocrx_word' id='word_1_915' title='bbox 3222 5614 3327 5654; x_wconf 90' lang='lat' dir='ltr'><strong>non</strong></span> <span class='ocrx_word' id='word_1_916' title='bbox 3357 5600 3522 5655; x_wconf 78' lang='lat' dir='ltr'><strong>seruet</strong></span> <span class='ocrx_word' id='word_1_917' title='bbox 3540 5601 3837 5661; x_wconf 74' lang='lat' dir='ltr'><strong>exhibuit.</strong></span> 
     </span>
    </p>
   </div>
   <div class='ocr_carea' id='block_1_114' title="bbox 609 5779 2113 5862">
    <p class='ocr_par' dir='ltr' id='par_1_114' title="bbox 609 5779 2113 5862">
     <span class='ocr_line' id='line_1_114' title="bbox 609 5779 2113 5862; baseline 0.009 -28"><span class='ocrx_word' id='word_1_918' title='bbox 609 5779 777 5862; x_wconf 59' lang='lat' dir='ltr'><strong>qud.</strong></span> <span class='ocrx_word' id='word_1_919' title='bbox 806 5783 1028 5862; x_wconf 73' lang='lat' dir='ltr'><strong>Veron._,</strong></span> <span class='ocrx_word' id='word_1_920' title='bbox 1045 5784 1363 5862; x_wconf 76' lang='lat' dir='ltr'><strong>anttttntiabit</strong></span> <span class='ocrx_word' id='word_1_921' title='bbox 1388 5785 1547 5862; x_wconf 76' lang='lat' dir='ltr'><strong>vobis.</strong></span> <span class='ocrx_word' id='word_1_922' title='bbox 1573 5784 1676 5862; x_wconf 75' lang='lat' dir='ltr'><strong>Ille</strong></span> <span class='ocrx_word' id='word_1_923' title='bbox 1692 5806 1778 5862; x_wconf 13' lang='lat' dir='ltr'><strong>me,</strong></span> <span class='ocrx_word' id='word_1_924' title='bbox 1792 5791 2113 5862; x_wconf 77' lang='lat' dir='ltr'><strong>clariﬁcabit,</strong></span> 
     </span>
    </p>
   </div>
   <div class='ocr_carea' id='block_1_115' title="bbox 540 5856 2002 5949">
    <p class='ocr_par' dir='ltr' id='par_1_115' title="bbox 540 5856 2002 5949">
     <span class='ocr_line' id='line_1_115' title="bbox 540 5856 2002 5949; baseline 0.015 -50"><span class='ocrx_word' id='word_1_925' title='bbox 540 5856 656 5949; x_wconf 54' lang='lat' dir='ltr'><strong>quia</strong></span> <span class='ocrx_word' id='word_1_926' title='bbox 676 5856 885 5949; x_wconf 46' lang='grc' dir='ltr'><strong>Ιιξξην-ιξριξ</strong></span> <span class='ocrx_word' id='word_1_927' title='bbox 901 5856 1547 5949; x_wconf 31' lang='grc' dir='ltr'><strong>Ϊξτὶρίςςέσιάηηηυητὶιίὁίι</strong></span> <span class='ocrx_word' id='word_1_928' title='bbox 1570 5858 1726 5949; x_wconf 72' lang='lat' dir='ltr'><strong>vobis.</strong></span> <span class='ocrx_word' id='word_1_929' title='bbox 1756 5856 2002 5935; x_wconf 72' lang='lat' dir='ltr'><strong>Itemque.</strong></span> 
     </span>
    </p>
   </div>
   <div class='ocr_carea' id='block_1_116' title="bbox 672 5922 1706 5988">
    <p class='ocr_par' dir='ltr' id='par_1_116' title="bbox 672 5922 1706 5988">
     <span class='ocr_line' id='line_1_116' title="bbox 672 5922 1706 5988; baseline 0.011 -16"><span class='ocrx_word' id='word_1_930' title='bbox 672 5922 836 5974; x_wconf 79' lang='lat' dir='ltr'><strong>Idem.</strong></span> <span class='ocrx_word' id='word_1_931' title='bbox 869 5923 1010 5988; x_wconf 38' lang='lat' dir='ltr'><strong>&lt;o&gt;l.,</strong></span> <span class='ocrx_word' id='word_1_932' title='bbox 1048 5926 1229 5980; x_wconf 62' lang='lat' dir='ltr'><strong>dicitur</strong></span> <span class='ocrx_word' id='word_1_933' title='bbox 1261 5942 1366 5981; x_wconf 80' lang='lat' dir='ltr'><strong>suw</strong></span> <span class='ocrx_word' id='word_1_934' title='bbox 1394 5928 1706 5983; x_wconf 74' lang='lat' dir='ltr'><strong>subztatttirr.</strong></span> 
     </span>
    </p>
   </div>
   <div class='ocr_carea' id='block_1_117' title="bbox 2291 5794 3844 5867">
    <p class='ocr_par' dir='ltr' id='par_1_117' title="bbox 2291 5794 3844 5867">
     <span class='ocr_line' id='line_1_117' title="bbox 2291 5794 3844 5867; baseline 0.006 -18"><span class='ocrx_word' id='word_1_935' title='bbox 2291 5794 2311 5825; x_wconf 89' lang='grc'><em>³</em></span> <span class='ocrx_word' id='word_1_936' title='bbox 2351 5794 2493 5849; x_wconf 91' lang='lat' dir='ltr'><strong>Idem</strong></span> <span class='ocrx_word' id='word_1_937' title='bbox 2522 5794 2669 5860; x_wconf 87' lang='lat' dir='ltr'><strong>cod.,</strong></span> <span class='ocrx_word' id='word_1_938' title='bbox 2721 5804 2809 5850; x_wconf 90' lang='lat' dir='ltr'><strong>aut</strong></span> <span class='ocrx_word' id='word_1_939' title='bbox 2832 5797 3003 5867; x_wconf 87' lang='lat' dir='ltr'><strong>gratia</strong></span> <span class='ocrx_word' id='word_1_940' title='bbox 3036 5796 3100 5851; x_wconf 88' lang='lat' dir='ltr'><strong>sit</strong></span> <span class='ocrx_word' id='word_1_941' title='bbox 3133 5794 3298 5851; x_wconf 79' lang='lat' dir='ltr'><strong>Filius</strong></span> <span class='ocrx_word' id='word_1_942' title='bbox 3330 5795 3422 5851; x_wconf 82' lang='lat' dir='ltr'><strong>Dei</strong></span> <span class='ocrx_word' id='word_1_943' title='bbox 3451 5814 3468 5852; x_wconf 94' lang='lat'><strong><em>:</em></strong></span> <span class='ocrx_word' id='word_1_944' title='bbox 3516 5798 3672 5852; x_wconf 78' lang='lat' dir='ltr'><strong>nulla</strong></span> <span class='ocrx_word' id='word_1_945' title='bbox 3700 5817 3844 5858; x_wconf 60' lang='lat' dir='ltr'><strong>vero</strong></span> 
     </span>
    </p>
   </div>
   <div class='ocr_carea' id='block_1_118' title="bbox 2220 5864 3843 5936">
    <p class='ocr_par' dir='ltr' id='par_1_118' title="bbox 2220 5864 3843 5936">
     <span class='ocr_line' id='line_1_118' title="bbox 2220 5864 3843 5936; baseline 0.008 -21"><span class='ocrx_word' id='word_1_946' title='bbox 2220 5864 2330 5934; x_wconf 77' lang='lat' dir='ltr'><strong>ejus</strong></span> <span class='ocrx_word' id='word_1_947' title='bbox 2353 5869 2533 5918; x_wconf 83' lang='lat' dir='ltr'><strong>merita</strong></span> <span class='ocrx_word' id='word_1_948' title='bbox 2553 5864 2938 5936; x_wconf 54' lang='lat' dir='ltr'><strong>prtecesserunt,</strong></span> <span class='ocrx_word' id='word_1_949' title='bbox 2970 5883 3063 5935; x_wconf 90' lang='lat' dir='ltr'><strong>pro</strong></span> <span class='ocrx_word' id='word_1_950' title='bbox 3091 5868 3270 5936; x_wconf 76' lang='lat' dir='ltr'><strong>quibus</strong></span> <span class='ocrx_word' id='word_1_951' title='bbox 3300 5869 3588 5923; x_wconf 78' lang='lat' dir='ltr'><strong>secundum</strong></span> <span class='ocrx_word' id='word_1_952' title='bbox 3630 5873 3843 5928; x_wconf 71' lang='lat' dir='ltr'><strong>Itum-</strong></span> 
     </span>
    </p>
   </div>
   <div class='ocr_carea' id='block_1_119' title="bbox 2220 5933 3280 6006">
    <p class='ocr_par' dir='ltr' id='par_1_119' title="bbox 2220 5933 3280 6006">
     <span class='ocr_line' id='line_1_119' title="bbox 2220 5933 3280 6006; baseline 0.003 -19"><span class='ocrx_word' id='word_1_953' title='bbox 2220 5939 2424 5989; x_wconf 81' lang='lat' dir='ltr'><strong>nitatem</strong></span> <span class='ocrx_word' id='word_1_954' title='bbox 2451 5933 2596 5997; x_wconf 65' lang='lat' dir='ltr'><strong>ﬁeret</strong></span> <span class='ocrx_word' id='word_1_955' title='bbox 2620 5933 2791 5991; x_wconf 84' lang='lat' dir='ltr'><strong>Filius</strong></span> <span class='ocrx_word' id='word_1_956' title='bbox 2825 5935 2937 6003; x_wconf 77' lang='lat' dir='ltr'><strong>Det&quot;,</strong></span> <span class='ocrx_word' id='word_1_957' title='bbox 2961 5933 3045 6006; x_wconf 81' lang='lat' dir='ltr'><strong>qui</strong></span> <span class='ocrx_word' id='word_1_958' title='bbox 3079 5933 3139 5992; x_wconf 72' lang='lat' dir='ltr'><strong>ex</strong></span> <span class='ocrx_word' id='word_1_959' title='bbox 3164 5954 3280 6006; x_wconf 88' lang='lat' dir='ltr'><strong>quo.</strong></span> 
     </span>
    </p>
   </div>
  </div>
