3978 6350
121 374 221 430 765

992 375 1129 432 PRO
1171 374 1604 434 DEFENSIONE
1640 374 1854 432 TRIUM
1893 376 2207 434 CAPITUL.
2241 380 2367 436 LIB.
2410 383 2471 441 X.

3290 393 3390 450 766

121 492 294 549 Verbo
323 490 467 548 Patri
514 500 786 547 comterno
833 493 884 549 in
932 494 1187 550 unitatem
1217 507 1461 562 personae
1489 505 1701 546 assum-
1729 495 1780 552 Α
1809 507 1910 562 qua
1956 495 2124 562 gratia
2170 496 2330 553 homo
2376 499 2464 553 ille
2508 500 2577 552 ab
2621 501 2772 555 initio
2810 516 2911 558 suo
2941 503 3110 560 factus
3137 514 3220 560 est
3251 505 3392 563 Deus

118 598 239 659 plus
271 587 440 642 Filius
472 587 565 641 Dei
595 586 902 657 unigenitus
945 598 1107 656 esset,
1144 589 1287 643 unde
1328 587 1430 642 hoc
1460 588 1704 643 meruit?

116 679 257 752 quod
287 680 404 748 ejus
431 679 631 733 bonum
670 680 1038 751 qualecunque
1081 682 1391 750 pra-cessit?
1430 681 1557 753 quid
1597 684 1705 752 egit

116 773 285 829 ante?
312 772 439 843 quid
466 772 731 829 credidit?
753 774 878 843 quid
911 775 1123 841 petivit.
1152 785 1209 829 ut
1237 776 1305 831 ad
1347 775 1484 829 hanc
1516 774 1702 829 ineﬁ‘a-

117 866 278 921 bilem
322 866 699 921 excellentiam
746 867 1088 935 perveniret?
1136 868 1324 922 Nonne
1372 867 1600 921 faciente
1640 881 1705 921 ac

117 957 440 1027 suscipiente
468 957 646 1011 Verbo
676 955 791 1026 ipse
819 957 1001 1019 homo,
1032 973 1094 1011 es
1118 972 1226 1025 quo
1255 972 1375 1013 esse
1402 958 1582 1025 coepit,
1612 958 1705 1012 Fi-

119 1046 222 1099 lius
252 1045 344 1100 Dei
376 1047 563 1101 unicus
593 1061 713 1101 esse
741 1046 945 1116 ρεηρίιῖ
985 1046 1172 1101 Nonne
1217 1047 1411 1103 Filium
1439 1049 1533 1103 Dei
1580 1049 1702 1103 uni-

119 1152 239 1192 cum
292 1137 485 1192 femina
536 1137 625 1192 illa
669 1139 835 1206 gratia
889 1138 1040 1208 plena
1083 1140 1377 1209 concepit?
1412 1140 1598 1196 Nonne
1634 1141 1706 1196 de

119 1228 320 1293 Spiritu
364 1236 571 1295 sancte,
618 1237 674 1282 et
720 1228 935 1299 Virgine
980 1230 1144 1285 Maria
1185 1230 1281 1286 Dei
1321 1230 1487 1285 Filius
1517 1231 1705 1287 unicus

119 1328 278 1374 natus
324 1328 431 1384 est,
481 1335 585 1374 non
632 1321 809 1374 carnis
853 1321 1136 1389 cupidine,
1167 1321 1264 1377 sed
1307 1323 1424 1377 solo
1454 1323 1543 1378 Dei
1587 1338 1707 1377 mu-

120 1411 290 1466 nere?
316 1411 562 1483 Nunquid
591 1414 933 1468 metuendum
958 1413 1056 1468 fuit
1087 1429 1177 1482 ne,
1211 1416 1501 1471 accedente
1523 1426 1700 1483 aetate,

120 1503 285 1557 homo
316 1503 407 1558 ille
436 1505 604 1558 libero
628 1512 872 1572 peccaret
903 1505 1165 1560 arbitrio?
1208 1514 1303 1560 aut
1340 1506 1462 1561 ideo
1509 1508 1561 1562 in
1613 1508 1705 1561 illo

120 1606 228 1646 non
275 1592 441 1646 libera
486 1592 732 1648 voluntas
775 1602 914 1659 erat,
952 1609 1017 1649 ac
1062 1610 1167 1650 non
1198 1606 1347 1651 tanto
1376 1597 1544 1667 magis
1568 1607 1701 1664 erat,

119 1692 323 1753 quanto
352 1684 517 1753 magis
566 1696 787 1753 peccato
828 1687 1029 1742 servire
1069 1704 1175 1742 non
1218 1688 1461 1759 poterat?
1504 1689 1707 1760 Nempe

119 1778 221 1830 ista
251 1778 433 1832 omnia
462 1777 800 1847 singulariter
820 1778 1154 1845 admiranda,
1180 1791 1230 1835 et
1258 1782 1358 1835 alia
1392 1782 1434 1835 si
1465 1797 1566 1851 qua
1591 1783 1705 1851 ejus

1806 586 2076 643 Christus.
2112 589 2186 644 De
2218 589 2332 659 ipso
2362 590 2551 659 spiritu
2583 601 2636 647 et
2667 592 2754 648 hic
2785 603 3026 660 renatus,
3075 595 3144 651 de
3170 612 3277 665 quo
3309 609 3393 653 est

1806 680 1900 737 ille
1930 691 2084 738 natus
2111 700 2126 750 ;
2157 684 2346 739 eodem
2376 684 2569 755 spiritu
2603 686 2659 741 ﬁt
2688 688 2740 741 in
2767 688 2921 742 nobis
2947 689 3191 743 remissio
3212 705 3397 759 pecca-

1807 785 2005 841 torum,
2037 791 2143 844 quo
2168 777 2361 847 spiritu
2388 779 2583 833 factum
2612 788 2693 832 est
2718 788 2778 833 ut
2805 781 3005 833 nullum
3036 780 3259 837 haberet
3298 785 3393 835 tto-

1807 880 1897 921 mo
1927 866 2017 921 ille
2047 879 2348 936 peccatum.
2382 871 2507 925 [iure
2538 884 2600 924 se
2631 870 2771 925 Deus
2801 887 2923 926 esse
2962 871 3224 927 facturum
3270 889 3392 941 pro-

1806 956 1949 1013 fecto
1981 961 2273 1027 praescivit.
2302 961 2420 1031 Ipsa
2450 971 2535 1017 est
2564 962 2724 1032 igitur
2756 963 3155 1032 praedestinatio
3181 978 3396 1020 sancto-

1809 1066 2097 1121 rum,un
2145 1052 2200 1106 in
2251 1054 2451 1108 Smcto
2512 1064 2818 1109 sanctorum
2873 1057 3104 1110 maxime
3166 1056 3392 1110 claruit:

1806 1158 1963 1213 quam
1994 1159 2188 1213 negare
2209 1147 2329 1214 quis
2364 1154 2537 1213 potest
2565 1154 2710 1201 recte
2741 1146 3151 1216 intelligentiam
3178 1147 3394 1216 eloquia

1805 1238 2086 1293 veritatis?
2116 1256 2135 1289 ›
2178 1237 2331 1301 Hunc
2368 1238 2547 1307 itaque
2585 1239 2945 1307 apostolicum
2976 1240 3170 1304 virum,
3200 1239 3398 1295 docen-

1808 1339 1912 1386 tem
1953 1331 2099 1400 quod
2140 1330 2386 1386 Christus
2438 1331 2733 1387 secundum
2772 1332 3191 1395 humanitatem,
3237 1330 3399 1386 nullis

1807 1424 2233 1493 praecedentibus
2264 1423 2498 1493 meritis,
2548 1440 2615 1479 ex
2662 1440 2767 1493 quo
2801 1425 2965 1493 capit
2996 1438 3117 1478 esse
3148 1437 3243 1491 per
3268 1438 3397 1489 gra-

1808 1516 1936 1571 tiam
1970 1516 2135 1571 Filius
2166 1517 2282 1581 Dei,
2315 1519 2503 1571 unicus
2531 1531 2652 1571 esse
2682 1516 2880 1584 cmpit,
2928 1530 3021 1583 per
3048 1528 3207 1581 quam
3236 1515 3396 1569 etiam

1809 1610 1984 1663 omnia
2016 1609 2360 1680 singulariter
2387 1610 2700 1664 admiranda
2732 1609 3075 1679 singulariter
3103 1607 3155 1659 in
3187 1604 3283 1659 illo
3310 1621 3401 1661 ac-

1810 1702 1953 1770 cepit
1976 1701 2225 1764 humana,
2260 1702 2361 1755 hoc
2381 1711 2465 1757 est
2490 1713 2672 1756 nostra
2698 1711 2921 1765 natura;
2951 1708 3006 1752 et
3037 1698 3189 1767 cujus
3211 1696 3399 1765 gratia:

1808 1795 2119 1851 diversitate
2146 1797 2342 1852 factum
2371 1807 2472 1863 est,
2499 1807 2559 1852 ut
2586 1797 2704 1851 talis
2728 1806 2870 1851 esset
2892 1811 2955 1849 ac
2981 1805 3190 1855 tantus,
3218 1800 3274 1846 et
3296 1806 3401 1845 ιιοη

118 1867 339 1937 propria
366 1869 649 1924 verissime
675 1869 780 1925 dici
811 1872 1040 1940 possint,
1065 1873 1115 1926 iu
1143 1873 1236 1927 illo
1258 1874 1601 1944 singulariter
1620 1890 1707 1929 ac-

1814 1886 2003 1940 similis
2030 1890 2223 1957 nostri,
2248 1903 2369 1944 cum
2392 1887 2460 1941 sit
2483 1888 2640 1943 nobis
2663 1896 2852 1940 natura
2875 1886 3175 1941 communis
3200 1902 3214 1938 :
3243 1895 3403 1952 atque

118 1958 267 2022 cepit
298 1957 550 2024 humana,
583 1960 635 2013 id
665 1972 744 2015 est
774 1970 958 2015 nostra
994 1973 1213 2028 natura,
1244 1966 1405 2019 nullis
1434 1968 1543 2019 suis
1575 1981 1709 2034 prm-

116 2052 437 2107 ceicntibus
488 2054 708 2108 meritis.
760 2053 1100 2123 Respondeat
1143 2055 1229 2110 hic
1275 2057 1435 2110 homo
1480 2058 1611 2123 Deo,
1662 2059 1707 2112 si

116 2141 304 2207 audet,
335 2152 391 2197 et
415 2143 577 2207 dicat,
605 2159 700 2199 cur
727 2160 832 2200 non
881 2157 934 2201 et
978 2146 1116 2216 ego?
1160 2156 1215 2202 et
1261 2149 1304 2202 si
1354 2148 1621 2213 audierit,
1665 2150 1709 2202 0

117 2236 307 2298 homo,
336 2242 389 2286 tu
418 2236 528 2303 quis
564 2251 614 2288 es
652 2236 740 2305 qui
780 2238 1088 2305 respondeas
1119 2238 1229 2292 Deo
1251 2238 1435 2310 (Rom.
1471 2255 1545 2305 ts,
1575 2239 1709 2309 20)?

120 2338 227 2378 uec
250 2325 330 2378 sic
359 2324 627 2391 cohibeat,
662 2326 753 2381 sed
781 2338 971 2398 augeat
1000 2329 1409 2397 imprudentiam
1427 2371 1441 2393 ,
1464 2338 1517 2385 et
1541 2330 1706 2398 dicat,

118 2414 392 2482 quomodo
424 2416 603 2480 audio,
636 2416 713 2470 Tu
738 2419 852 2487 quis
881 2436 956 2483 es,
1004 2436 1033 2472 ο
1057 2419 1209 2473 homo
1232 2422 1257 2475 ?
1284 2436 1405 2475 cum
1436 2421 1536 2475 sim
1567 2421 1709 2491 quod

118 2502 305 2570 audio,
331 2504 382 2559 id
409 2515 489 2559 est
521 2506 715 2583 homo,
736 2510 874 2577 quod
909 2518 989 2566 est
1018 2521 1072 2565 et
1102 2510 1194 2567 ille
1234 2513 1300 2567 de
1326 2529 1432 2582 quo
1463 2529 1585 2581 ago,
1615 2528 1711 2567 cur

121 2610 232 2647 non
262 2596 364 2649 sim
393 2597 536 2665 qUod
582 2607 635 2653 et
685 2600 813 2653 ille?
861 2599 930 2654 At
977 2602 1118 2656 enim
1167 2605 1333 2672 gratia
1374 2604 1459 2657 ille
1503 2614 1552 2657 ta
1576 2605 1620 2657 is
1648 2621 1710 2658 ac

120 2697 309 2743 tantus
338 2700 437 2743 est.
469 2690 579 2745 Cur
605 2691 820 2747 diversa
847 2702 930 2748 est
974 2696 1165 2763 gratia,
1197 2696 1281 2749 ubi
1337 2706 1523 2750 natura
1565 2712 1713 2751 con--

119 2780 303 2834 munis
330 2793 411 2836 est
434 2781 457 2834 7
478 2795 626 2837 certe
658 2800 762 2839 non
808 2793 892 2841 est
922 2788 1161 2856 acceptio
1190 2803 1540 2858 personarum
1571 2788 1710 2857 apud

118 2870 317 2925 Deum.
350 2872 500 2940 Quis,
528 2889 634 2928 non
665 2874 789 2930 dico
816 2876 1155 2931 Christianus
1179 2919 1191 2939 ,
1224 2878 1321 2933 sed
1352 2881 1566 2933 insanus
1597 2875 1711 2934 inec

117 2962 312 3019 dicati
360 2967 637 3034 Appareat
680 2965 857 3035 itaque
899 2968 1052 3022 nobis
1083 2969 1134 3022 in
1166 2978 1352 3022 nostro
1379 2970 1553 3038 capite
1596 2970 1710 3039 ipse

120 3056 249 3111 fons
292 3057 499 3127 gratiae,
534 3057 676 3112 unde
719 3058 1017 3113 secundum
1050 3059 1465 3130 uniuscujusque
1499 3076 1713 3115 mensu-

118 3163 241 3204 ram
270 3164 330 3204 se
359 3165 454 3219 per
480 3160 671 3206 cuncta
712 3150 830 3219 ejus
856 3152 1094 3206 membra
1125 3151 1393 3206 diﬂ'uudit.
1440 3153 1512 3205 Ea
1540 3152 1708 3221 gratia

118 3242 181 3296 ﬁt
211 3242 282 3296 ab
320 3241 470 3296 initio
515 3242 637 3296 ﬁdei
683 3256 798 3296 sua:
834 3230 995 3296 homo
1023 3244 1326 3312 quicunque
1355 3242 1710 3308 Christianus,
1742 3234 1788 3296 C

1813 1992 2146 2038 asserentem
2182 1984 2326 2053 quod
2368 1999 2428 2036 ea
2469 1982 2637 2048 gratia
2685 1982 2775 2034 ﬁat
2823 1981 2890 2033 ab
2932 1980 3087 2033 initio
3129 1977 3251 2031 ﬁdei
3294 1991 3404 2030 sine

1814 2079 1975 2134 homo
2000 2082 2304 2149 quicunque
2331 2078 2695 2145 Christianus,
2742 2093 2847 2148 qua
2890 2078 3059 2148 gratia
3100 2077 3262 2129 homo
3310 2075 3403 2129 ille

1811 2171 1879 2225 ab
1926 2170 2076 2224 initio
2123 2186 2222 2224 suo
2265 2170 2434 2225 factus
2481 2178 2566 2224 est
2606 2169 2889 2223 Christus:
2935 2168 3170 2221 audeant
3214 2165 3329 2231 isti,
3357 2163 3404 2219 si

1814 2269 2059 2328 possunt,
2089 2260 2401 2316 h:ereticum
2431 2261 2644 2323 dicere,
2684 2259 2919 2313 audeant
2948 2258 3106 2311 solita
3139 2268 3399 2324 presum-

1814 2351 1997 2419 ptiune
2025 2350 2298 2405 damnare.
2332 2350 2401 2405 Et
2433 2359 2557 2405 tunc
2585 2366 2714 2405 vere
2756 2350 2966 2404 discent
2996 2364 3116 2417 quze
3143 2349 3211 2400 sit
3235 2350 3404 2415 pietas

1812 2450 1866 2495 et
1890 2442 2191 2495 constantia
2231 2441 2491 2497 Ecclesia;
2519 2442 2828 2496 Latinorum
2852 2482 2868 2505 ,
2908 2456 3069 2510 quam
3108 2438 3252 2491 Deus
3284 2450 3403 2489 ma-

1811 2534 2032 2603 gisterio
2058 2533 2175 2603 ejus
2205 2534 2440 2588 instituit
2469 2542 2630 2602 atque
2664 2532 2939 2586 ﬁrmavit:
2985 2545 3106 2583 cum
3135 2529 3202 2581 ab
3232 2526 3407 2580 omni-

1812 2625 1913 2678 bus
1951 2625 2235 2677 confestim
2282 2622 2722 2676 anathematizati
2772 2621 3001 2685 fuerint,
3051 2626 3108 2673 et
3150 2620 3405 2683 tanquam

1813 2718 2026 2784 putrida
2057 2727 2109 2771 et
2143 2715 2383 2771 morbida
2414 2714 2654 2768 membra
2700 2712 2933 2782 praecisi.
2980 2711 3033 2765 Si
3080 2709 3244 2777 igitur
3276 2707 3406 2761 libet

1812 2826 1910 2865 eos
1936 2811 1989 2864 in
2021 2824 2149 2877 pare
2178 2809 2569 2879 quiescentium
2599 2806 2756 2861 busta
2787 2805 3034 2861 refodere
3061 2812 3115 2858 et
3141 2816 3261 2857 ossa
3286 2815 3408 2856 cor-

1814 2900 2007 2956 rodere
2035 2912 2400 2966 mortuorum;
2425 2899 2479 2953 in
2511 2900 2614 2953 hoc
2638 2898 2987 2953 adamantina
3016 2896 3130 2950 viro
3161 2910 3290 2950 suos
3309 2911 3407 2950 ex-

1816 2992 2093 3060 periantur
2120 2992 2334 3058 dentes,
2382 3000 2436 3046 et
2468 2999 2797 3061 cognoscent
2829 2992 2971 3060 quod
3012 2993 3080 3046 ita
3113 2993 3191 3047 eis
3226 2992 3280 3046 in
3310 3006 3406 3046 ore

1815 3083 2144 3150 frangentur,
2162 3092 2217 3137 ut
2243 3084 2380 3138 ultra
2411 3085 2681 3138 neminem
2722 3083 2823 3138 sub
2858 3082 2960 3139 hac
2984 3083 3164 3153 specie
3188 3084 3404 3154 pietatis

1816 3173 2117 3229 mordeaut.

1274 3404 1618 3486 LIBER
1676 3401 2247 3485 DECIMUS.

642 3560 869 3617 CAPUT
905 3559 1191 3616 PRIMUM.

107 3652 282 3723 Quod
311 3652 726 3720 reprehendenda
748 3652 973 3725 synodus
996 3668 1095 3707 non
1119 3652 1208 3715 sit,
1242 3652 1359 3725 quia
1384 3650 1708 3725 Theodorum

186 3740 295 3777 non
330 3725 609 3790 damnarit,
640 3722 841 3779 tametsi
863 3728 913 3779 in
953 3725 1067 3794 ejus
1091 3724 1299 3789 scriptis
1325 3724 1558 3789 qmerlam
1606 3722 1707 3775 sint

187 3796 452 3864 eulpanda
480 3810 501 3850 :
531 3812 646 3848 cum
679 3796 792 3863 ﬁeri
824 3798 1041 3861 poluerit
1084 3803 1139 3847 ut
1184 3811 1294 3847 eam
1343 3796 1581 3857 laterent,
1634 3794 1709 3846 υιι

190 3867 290 3919 illa
320 3866 497 3918 melius
523 3867 926 3934 interpretanda,
954 3876 1042 3920 aut
1092 3865 1153 3918 ab
1200 3864 1420 3918 inimicis
1462 3866 1576 3936 ejus
1614 3865 1709 3915 im-

189 3937 358 3989 missa
378 3936 716 3989 crederentur.

189 4024 408 4094 Siquid
439 4026 567 4080 mihi
597 4025 867 4091 creditur,
918 4024 1230 4097 imperator,
1281 4024 1506 4080 multum
1553 4023 1709 4079 doleo

94 4117 408 4187 praetentis
448 4118 551 4172 mei
604 4118 781 4187 operis
824 4127 1047 4183 sortem,
1085 4116 1153 4172 de
1198 4132 1303 4188 quo
1347 4132 1455 4171 non
1504 4126 1707 4170 tantum

92 4220 377 4280 exspecto
421 4208 674 4277 fructum,
709 4221 968 4279 quantum
1012 4211 1223 4278 suscepi
1265 4209 1526 4265 laborem.
1573 4207 1708 4274 Quid

88 4307 266 4359 civim
300 4302 527 4369 amplius
555 4312 659 4357 tam
694 4302 1079 4372 multiplicibus
1106 4303 1439 4358 documentis
1469 4313 1521 4357 et
1542 4303 1711 4357 ratio-

92 4397 280 4451 nibus
311 4395 632 4467 persuadere
662 4396 978 4451 mortalibus
1003 4412 1189 4462 conur,
1222 4412 1379 4467 quam
1411 4411 1476 4450 ne
1506 4410 1706 4464 pransu-

1812 3562 2088 3615 nescientes
2116 3560 2429 3614 intellectum
2463 3577 2480 3614 :
2513 3578 2685 3614 omnes
2714 3577 2835 3613 suas
2873 3560 2980 3613 t-ins
3016 3559 3235 3613 exsecuti
3260 3564 3401 3621 sunt,

1814 3655 2162 3723 unusquisque
2204 3654 2483 3706 secundum
2529 3669 2584 3706 se
2628 3651 2764 3722 (lsa.
2816 3668 2921 3715 Lvt,
2956 3651 3038 3716 l0,
3076 3648 3187 3719 Η).
3230 3648 3406 3702 Videte

1810 3745 2066 3815 quomodo
2112 3746 2242 3815 perit
2278 3744 2469 3812 iustus,
2500 3754 2550 3798 et
2595 3759 2743 3796 nemo
2774 3743 3169 3805 animadvertit;
3217 3749 3263 3793 rt
3308 3741 3406 3794 viri

1801 3839 1935 3907 justi
1982 3836 2274 3901 tolluntur,
2324 3845 2371 3890 et
2422 3851 2568 3890 nemo
2622 3834 2912 3887 considerat
2947 3831 3080 3903 (Isa.
3134 3846 3262 3897 Lvn,
3320 3832 3399 3902 1).

1813 3930 1974 3985 Putes
2005 3931 2107 3985 hoc
2144 3929 2213 3985 de
2254 3928 2502 3998 praascnti
2544 3943 2704 3983 causa
2741 3926 2953 3995 proprie
2998 3927 3219 3979 dictum.
3254 3923 3405 3991 Quo-

1778 4086 1794 4098 ,
1816 4017 1957 4081 niam
1983 4041 2111 4081 vero
2139 4041 2246 4080 non
2274 4035 2355 4081 est
2377 4023 2564 4078 eadem
2593 4022 2904 4091 quaestionis
2932 4018 3406 4088 responsionisque

1814 4119 2089 4188 conditio,
2141 4135 2241 4175 nec
2288 4119 2427 4189 quod
2485 4118 2721 4172 breviter
2766 4126 3091 4179 accusatur,
3150 4114 3405 4169 continuo

1817 4212 1976 4268 etiam
2004 4211 2252 4266 excusari
2299 4210 2536 4264 breviter
2568 4217 2778 4275 potest:
2807 4210 2945 4261 sicut
2983 4220 3084 4260 nec
3112 4215 3254 4259 tanta
3287 4219 3400 4257 ma-

1816 4301 2027 4356 culandi
2076 4311 2133 4356 et
2177 4299 2490 4354 vulnerandi
2538 4308 2613 4353 est
2649 4298 2939 4352 difﬁcultas
2984 4306 3179 4366 quanta
3222 4311 3322 4349 nos
3352 4296 3404 4348 in

1815 4392 2083 4447 abluendo
2106 4390 2479 4459 medenduque
2502 4389 2867 4456 consequitur,
2893 4402 3113 4441 necesse
3139 4396 3221 4438 est
3248 4385 3403 4438 nobis

84 4502 269 4546 mam
313 4503 434 4545 esse
460 4490 669 4557 judices
710 4489 1081 4542 mortuorum?
1113 4482 1222 4542 lloc
1268 4489 1466 4557 quippe
1514 4486 1709 4541 nullius
1742 4486 2087 4558 Daliquauto
2132 4483 2426 4550 impensius
2471 4497 2652 4548 agere,
2683 4481 2916 4534 maxime
2963 4479 3195 4532 scientes
3243 4491 3401 4544 quam

77 4580 489 4636 arasiouisest
509 4578 893 4651 indigens,nec
916 4580 966 4633 in
993 4580 1260 4634 talicausa
1283 4580 1473 4632 vellem
1497 4586 1706 4646 tempus
1814 4575 2032 4630 dilﬁcile
2078 4574 2322 4644 rejiciant
2370 4572 2626 4626 obstinati
2671 4573 2812 4639 quod
2847 4581 3050 4623 temere
3094 4568 3258 4639 semel
3308 4582 3398 4620 as-

71 4671 447 4739 expendere,
475 4671 627 4740 cujus
658 4685 817 4726 nemo
854 4679 1032 4741 potest
1062 4684 1380 4733 recuperare
1418 4671 1704 4735 iacturam.
1814 4677 2175 4736 sumpserunt.
2226 4665 2331 4719 Sed
2380 4676 2508 4735 opto
2532 4703 2546 4730 ,
2600 4662 3022 4717 clementissime
3070 4661 3399 4728 imperator,

70 4762 219 4819 Sed
254 4762 396 4815 enim
420 4775 539 4816 cum
568 4760 806 4815 viderem
835 4759 1091 4827 quosdam
1118 4760 1220 4814 sub
1244 4758 1377 4813 falso
1401 4773 1702 4827 propugna-
1814 4770 1920 4815 tam
1951 4770 2144 4814 vestra:
2188 4761 2465 4815 modestiae
2511 4773 2666 4826 quam
2702 4757 2829 4811 viris
2872 4757 3170 4825 quibusque
3196 4753 3388 4822 gravis-

67 4867 295 4910 tormn
345 4854 561 4907 nomine
616 4853 931 4922 impugnare
995 4852 1223 4907 latenter
1270 4850 1558 4905 Ecclesiam
1586 4890 1599 4914 ,
1653 4858 1707 4904 et
1814 4853 1985 4918 simis,
2024 4852 2074 4905 in
2105 4867 2327 4919 quorum
2361 4866 2549 4904 manus
2581 4850 2694 4903 iure
2746 4848 2882 4901 forte
2914 4846 3280 4915 pervenerint,
3314 4846 3397 4898 ui-

66 4960 375 5015 tanquam
406 4945 457 4998 in
480 4946 596 5012 ejus
620 4945 1014 5013 purgationem,
1041 4955 1097 4997 ut
1126 4943 1408 4997 hmreticos
1451 4942 1707 4994 damnare
1814 4944 1952 4997 mins
1986 4942 2175 5007 videri,
2208 4957 2366 5012 quam
2400 4957 2467 4997 ne
2510 4941 2801 5011 pertinacia
2833 4939 3196 4993 resistentium
3230 4936 3400 5006 longi-

62 5054 251 5114 ρηος
300 5036 386 5090 illa
414 5050 629 5105 semper
657 5036 843 5091 habuit
873 5035 1206 5089 honoratos:
1251 5034 1535 5089 tacendum
1577 5032 1705 5085 mihi
1811 5035 2052 5089 tudinem
2097 5035 2202 5089 mei
2246 5034 2513 5089 sermonis
2542 5039 2782 5088 excuset.
2818 5030 2875 5086 Si
2907 5030 3049 5085 enim
3092 5044 3191 5083 nec
3239 5029 3399 5081 tantis

54 5144 231 5188 esse
270 5144 373 5183 non
405 5127 629 5193 credidi,
660 5140 729 5181 ne
778 5126 906 5180 illud
942 5126 975 5162 ⁸
1018 5125 1311 5180 inciderem
1354 5122 1494 5194 quod
1542 5123 1705 5177 lsaias
1808 5126 1947 5194 apud
1997 5141 2090 5181 eos
2134 5126 2275 5195 quod
2306 5127 2552 5180 volumus
2592 5124 2883 5196 egerimus,
2936 5121 3186 5189 providus
3229 5119 3397 5190 magis

56 5222 241 5276 dicit
296 5236 308 5270 ε
368 5216 547 5272 Videte
573 5218 695 5288 quia
744 5232 916 5270 omne!
959 5217 1198 5269 επεᾱταῑί
1227 5225 1366 5279 8m".
1415 5214 1703 5288 ηεδεέετπηι
1808 5219 2048 5274 inveniar
2075 5235 2233 5289 quam
2272 5218 2535 5290 prolixus.
2576 5217 2830 5285 Quamvis
2859 5215 3039 5282 itaque
3068 5213 3121 5267 in
3152 5211 3391 5281 superiu-

48 5313 294 5379 ,αντη
334 5325 544 5373 omnes;
571 5308 700 5360 muti
741 5323 892 5361 canes
936 5308 1023 5377 qui
1056 5321 1156 5358 non
1187 5312 1455 5372 potuerunt
1489 5303 1697 5369 latrare,

1809 5311 1954 5367 ribus
1980 5320 2255 5365 ostensum
2304 5309 2482 5373 fuerit,
2528 5307 2771 5377 qumdam
2804 5322 2868 5361 ex
2914 5306 3074 5359 dictis
3100 5300 3400 5366 Theodori,

46 5400 427 5460 aomniarttes
478 5400 664 5465 cubile,
713 5409 942 5451 amantes
972 5397 1270 5450 dormitare.
1303 5392 1370 5447 Et
1409 5409 1559 5446 canes
1608 5392 1707 5445 im-

1814 5420 1909 5475 pro
1941 5405 2133 5474 quibus
2162 5413 2377 5473 putatur
2407 5418 2437 5457 a
2462 5403 2664 5475 synodo
2692 5397 3114 5457 Chalcedonensi
3143 5394 3399 5449 debuisse

40 5495 260 5573 probi
288 5497 497 5548 omnino
524 5495 566 5561 ',
597 5494 877 5547 nescientes
905 5491 1240 5553 saturitatem,
1276 5498 1321 5541 et
1348 5496 1465 5539 sunt
1494 5484 1707 5555 maligni

1809 5499 2094 5565 damnari,
2141 5499 2209 5555 ab
2256 5498 2711 5568 Eutycliianorum
2763 5492 3061 5551 fautoribus
3107 5502 3227 5544 esse
3271 5498 3403 5539 cos-

152 5615 179 5647 ³
238 5608 382 5664 Cod.
414 5604 636 5665 Verum.
664 5607 881 5674 improbi
918 5606 1110 5659 animo.
1145 5602 1296 5671 Legit
1328 5598 1568 5674 Vulgata,
1606 5602 1704 5650 im-
1876 5616 1907 5653 ιι
1938 5615 2119 5674 ραι-ιθ,
2148 5631 2208 5670 ηε
2231 5613 2285 5668 δη
2313 5612 2469 5670 illud,
3023 5581 3036 5593 ’

34 5681 501 5759 ςηάρζηὶεεξηιὴ
532 5670 1033 5759 νιςιιιιέιιειηωυε.
1072 5680 1332 5739 warm,
1370 5670 1552 5729 Graeca
1585 5686 1704 5725 ver-

34 5749 187 5825 ;io,
235 5750 461 5813 ἀναιδεῖς
487 5758 549 5825 τῇ
577 5749 749 5825 ivx?»

1876 5616 1907 5653 “
1938 5615 2119 5683 Forte,
2148 5631 2208 5670 ne
2231 5613 2285 5668 in
2313 5612 2469 5670 illud.
