3978 6350
565 446 664 500 76?

1660 438 1951 528 FACUNDI
1992 435 2206 493 EPISC.
2247 436 2754 495 HERMIAVENSIS

3735 437 3840 491 763

567 564 751 624 rupta;
783 554 1024 622 quasdam
1076 568 1208 609 vero
1254 561 1562 609 sanctorum
1614 553 1856 622 Patrum,
1908 566 2042 623 quos
2089 559 2145 605 et
2174 556 2222 611 Α
2255 558 2433 617 pterea
2464 551 2701 620 synodus
2730 549 3180 606 Chalcedonensis
3210 548 3478 618 iudicatur
3510 550 3706 606 similia
3747 566 3837 606 sa-

568 645 665 711 ipsi
697 646 938 699 venerari
986 660 1045 701 se
1088 646 1291 710 dicunt,
1322 645 1579 717 doctrinae
1610 645 1801 700 similia
1850 662 1863 697 :
1908 645 2153 713 quamvis

568 749 619 793 et
646 740 745 793 hoc
777 739 933 795 fuerit
962 740 1412 804 demonswatnm,
1443 739 1583 809 quod
1618 739 1755 793 idem
1787 738 2102 793 Theodorus
2124 752 2153 791 a

570 831 837 900 praedictis
869 833 1070 887 sanctis
1101 832 1348 887 Patribus
1377 841 1429 899 e_t
1456 841 1752 900 superstes,
1782 838 1834 884 et
1867 841 1986 898 post
2012 842 2156 883 mor-

572 934 699 989 tem,
750 940 937 995 magna
970 924 1130 980 fuerit
1174 925 1551 994 praedicatione
1579 923 1871 978 laudatus:
1914 921 2157 993 quamvis

573 1030 668 1083 pos
696 1030 844 1069 remo
885 1017 1045 1070 etiam
1102 1015 1365 1070 dictorum
1428 1016 1544 1084 ejus
1596 1014 1935 1070 evidentibus
1987 1013 2156 1067 docu—

575 1107 767 1160 mentis
800 1107 1081 1161 manifeste
1117 1106 1390 1170 claruerit,
1435 1107 1574 1175 quod
1606 1106 1937 1161 calumniose
1967 1104 2158 1160 adver-

575 1197 837 1249 sariorum
902 1197 1363 1252 criminationibus
1415 1197 1724 1267 impetatur.
1781 1197 1981 1251 Tamen
2028 1212 2161 1266 quo-

502 1274 505 1275 ⁷
579 1291 716 1343 niam
751 1291 983 1359 religiosi
1012 1291 1227 1345 lectoris
1254 1280 1485 1346 intentio
1514 1306 1620 1346 non
1652 1302 1758 1345 tam
1793 1289 2159 1358 purgationem

2258 643 2437 711 puisse
2460 642 2728 709 Nestorio,
2757 644 2882 711 quia
2905 642 3251 698 Theodorum
3278 654 3545 698 mortuum
3576 659 3683 698 non
3711 659 3841 700 oon-

2255 735 2549 801 demnavit,
2580 752 2737 806 quem
2782 736 3113 807 interrogare
3139 738 3224 791 vel
3253 739 3528 806 Corripere
3561 750 3689 795 ante
3734 755 3842 795 non

2256 826 2427 895 potuit
2478 844 2492 881 :
2542 827 2813 896 quomodo
2869 828 3062 896 prioris
3116 830 3375 897 temporis
3436 830 3673 911 Ecclesia
3737 848 3842 887 non

2256 913 2444 969 eadem
2466 931 2582 980 qua:
2604 914 2883 970 Nestorius
2910 917 3154 985 sapuisse
3177 918 3497 984 lirmabitur,
3521 935 3641 987 qum
3667 921 3846 983 illum,

2258 1005 2429 1061 donec
2450 1007 2673 1072 viveret,
2702 1008 2840 1062 inter
2860 1008 3193 1063 clarissimos
3217 1002 3498 1080 episcopos
3526 1012 3849 1072 honoravit?

2258 1096 2392 1151 Cum
2430 1112 2558 1151 vero
2588 1098 2783 1153 dicitur
2822 1098 3063 1155 Ecclesia
3091 1101 3294 1157 Christi
3342 1102 3531 1158 eadem
3582 1118 3709 1173 quas
3745 1107 3854 1160 Ne-

2260 1188 2464 1244 storius
2493 1190 2669 1257 priore
2701 1198 2946 1259 tempore
2974 1181 3237 1263 sapuisse,
3266 1196 3450 1263 procul
3483 1196 3649 1251 dubio
3678 1212 3848 1252 excu-

2261 1290 2413 1336 satur
2437 1281 2751 1338 Nestoriana
2782 1285 3026 1351 hmresis,
3054 1286 3098 1341 si
3131 1296 3307 1343 tamen
3346 1289 3456 1358 jam
3499 1289 3711 1345 dicatur
3743 1294 3856 1348 hm-

576 1380 867 1448 Theodori,
892 1382 943 1435 in
975 1398 1079 1449 quo
1108 1390 1280 1436 status
1302 1382 1554 1437 Ecclesiae
1578 1396 1681 1436 non
1711 1381 1971 1445 consistit,
2000 1391 2159 1449 quam
2198 1384 2221 1409 ²
2264 1374 2419 1442 resis,
2465 1374 2677 1443 quando
2715 1376 2955 1445 quisquis
3006 1377 3163 1433 aliter
3210 1379 3367 1447 sapit,
3401 1380 3514 1449 ipse
3544 1384 3725 1450 potius
3756 1385 3855 1437 ad-

576 1472 875 1526 absolutam
926 1473 1294 1528 defensionem
1341 1474 1533 1545 synodi
1580 1472 2034 1528 Chalcedonensis
2063 1487 2161 1527 ex-

577 1571 785 1630 spectat
814 1580 826 1613 :
861 1564 1150 1618 ostendere
1178 1565 1456 1630 debemus,
1485 1564 1755 1633 quomodo
1780 1563 1861 1617 vel
1899 1563 1943 1617 si
1979 1561 2164 1630 culpa—

579 1653 703 1706 bilia
732 1655 974 1724 quaedam
1022 1657 1072 1710 in
1122 1656 1271 1711 libris
1321 1655 1590 1713 Theodori
1617 1656 1943 1726 judicentur,
1976 1668 2162 1723 repre-

581 1746 861 1801 hendenda
900 1748 1138 1818 synodus
1180 1763 1287 1803 non
1329 1750 1418 1814 sit,
1450 1748 1591 1819 quod
1631 1764 1754 1803 eum
1798 1762 1903 1802 non
1946 1746 2164 1801 damna-

580 1840 734 1902 verit,
763 1854 883 1893 cum
912 1856 976 1893 cx
998 1842 1221 1909 epistola
1251 1841 1356 1896 lba:
1377 1843 1542 1911 relegi
1568 1842 1752 1895 laudes
1771 1841 1885 1911 ejus
1909 1838 2123 1894 audiret
2147 1855 2160 1891 :

2264 1479 2450 1519 versus
2479 1468 2753 1536 antiquam
2792 1468 3091 1524 doctrinam
3123 1474 3245 1526 novi
3286 1473 3549 1542 dogmatis
3581 1476 3856 1533 invenitur

2265 1568 2522 1613 assertor.
2568 1560 2679 1615 Hoc
2722 1571 2802 1615 est
2854 1571 3044 1627 totum,
3092 1566 3231 1633 quod
3290 1563 3607 1637 Eutycliiani
3655 1585 3859 1639 magno

2267 1658 2483 1718 sumptu
2515 1666 2607 1720 per
2633 1665 2757 1707 suos
2789 1662 3073 1722 potuerunt
3099 1655 3360 1710 satellites
3389 1659 3649 1713 obtinere.
3686 1660 3797 1714 Sed
3826 1677 3860 1715 ο

2266 1738 2703 1799 Nesmrianorum
2734 1746 3032 1801 miseranda
3068 1746 3317 1810 felicitas,
3348 1749 3537 1817 quibus
3570 1750 3862 1822 Eutycbia-

2270 1848 2460 1888 norum
2490 1836 2770 1905 stipendiis
2809 1837 3098 1893 militatur!
3152 1837 3318 1893 Porro
3363 1855 3485 1895 cum
3535 1842 3862 1914 Eutycbiani

581 1943 638 1984 ιη
665 1944 989 1999 cognoscam
1018 1934 1333 2005 Eutychum
1364 1950 1521 2004 quam
1552 1935 1781 1988 inaniter
1807 1932 1925 1987 dies
1951 1940 2163 1986 noctes-
2195 1927 2241 1985 B
2272 1923 2561 1978 Ecclesiam
2625 1926 2944 1997 catholicam
3018 1937 3143 1982 ante
3196 1926 3637 1988 Chalcedonense
3696 1942 3865 2003 atque

580 2037 684 2090 que
715 2023 765 2076 in
796 2024 1041 2093 malignis
1068 2026 1305 2082 consiliis
1334 2026 1551 2092 ducant,
1582 2036 1635 2081 et
1666 2024 1826 2080 tantis
1864 2023 2164 2093 sumptibus

581 2128 717 2172 quos
749 2114 800 2169 in
852 2132 979 2171 suos
1018 2120 1309 2188 complices
1356 2130 1516 2192 atque
1562 2120 1799 2175 fautores
1828 2118 2162 2188 expendunt,

576 2202 710 2270 nihil
742 2203 997 2261 efficiant.
1031 2208 1101 2261 Et
1140 2224 1239 2263 nos
1265 2224 1395 2280 ergo
1422 2225 1703 2278 ponamus,
1734 2218 1792 2264 ut
1830 2208 2029 2262 dictum
2059 2214 2163 2275 est,

581 2296 720 2359 quod
754 2297 803 2348 in
837 2297 984 2351 libris
1020 2300 1379 2368 Mopsuesteni
1410 2300 1678 2355 Theodori
1710 2299 1953 2370 quaedam
1987 2311 2166 2367 repre-

584 2385 865 2442 hensibilia
894 2389 1197 2446 videantur.
1231 2392 1500 2460 Imprimis
1543 2392 1685 2446 unde
1718 2391 1930 2461 probari
1971 2399 2165 2459 polesl.

584 2475 727 2543 quod
754 2476 856 2531 hoc
876 2479 1115 2548 synodus
1141 2479 1596 2537 Chalcedonensis
1618 2497 1873 2551 cognovet
1889 2483 1962 2536 it?
1993 2480 2169 2534 Potuit

582 2565 725 2619 enim
761 2567 872 2622 fleri
916 2577 975 2623 ut
1002 2583 1121 2624 eam
1164 2571 1375 2638 lateret,
1408 2573 1545 2626 sicut
1574 2580 1626 2627 et
1659 2572 1803 2641 ipsos
1820 2578 2168 2626 'accusatores

588 2658 715 2723 lbtc,
754 2662 999 2728 quamvis
1030 2661 1391 2717 calumniosos
1422 2672 1476 2718 et
1502 2665 1804 2733 pertinaces
1830 2672 1990 2733 atque
2017 2678 2171 2717 excr-

581 2749 757 2803 citatm
805 2752 1044 2819 malitiae,
1075 2753 1245 2807 latuit.
1278 2754 1411 2809 Nam
1457 2771 1578 2810 cum
1609 2770 1980 2824 saepenumero
2018 2771 2170 2810 enm-

582 2841 704 2897 dem
738 2842 881 2897 lbam
928 2855 1053 2901 ante
1094 2845 1532 2903 Chalcedonense
1561 2848 1931 2925 concilitttn'in
1958 2847 2169 2914 iudiciis

582 2937 976 3004 epismpalibus
1002 2949 1336 3005 accusarunt,
1371 2941 1501 2994 nihil
1540 2941 1587 2994 ci
1615 2941 1683 2993 tle
1716 2940 1871 2995 laude
1900 2939 2168 2995 Theodori

581 3025 820 3093 objicere
859 3036 1221 3084 teutavcrunt.
1255 3030 1325 3084 At
1369 3029 1511 3084 enim
1558 3030 1699 3084 aliud
1729 3038 1813 3085 est
1854 3028 1899 3083 si
1944 3044 2168 3083 accusa-

583 3125 781 3179 torum,
814 3118 958 3173 aliud
989 3123 1033 3174 si
1064 3122 1278 3176 concilii
1325 3124 1569 3177 notitiam
1603 3123 1801 3192 fugisse
1827 3121 2059 3177 dicatur.
2091 3121 2171 3175 Sit

584 3207 748 3275 aliud,
783 3210 1140 3266 concedamus
1184 3231 1196 3266 :
1239 3214 1332 3267 scd
1383 3230 1505 3268 num
1550 3214 1669 3269 ideo
1712 3228 1933 3269 necesse
1980 3221 2063 3268 est
2111 3220 2171 3267 ut

2272 2014 2598 2084 Ephesinum
2634 2018 2924 2073 concilium
2960 2018 3027 2074 de
3066 2019 3295 2074 Nestorii
3325 2021 3573 2090 dogmate
3601 2038 3865 2080 accusare

2273 2124 2379 2162 non
2418 2104 2644 2179 possin't,
2699 2110 2751 2164 in
2802 2110 2954 2180 cujus
2996 2111 3373 2166 communione
3401 2112 3717 2169 Theodorus
3749 2119 3867 2185 epi-

2272 2219 2466 2274 scopus
2492 2214 2575 2260 est
2602 2205 2918 2271 defunctus;
2946 2222 3043 2261 nec
3072 2217 3311 2261 sanctam
3343 2211 3604 2278 synodum
3629 2211 3869 2267 Chalce-

2272 2294 2563 2351 doneiisem
2606 2299 2707 2351 nisi
2736 2299 3103 2365 imprudenter
3152 2292 3402 2369 poterunt
3430 2316 3713 2369 accusare,
3738 2322 3870 2373 qua:

2271 2395 2454 2438 contra
2486 2385 2651 2454 ipsius
2693 2386 2946 2441 Ecclesizc
2982 2386 3240 2456 judicium
3301 2390 3483 2445 venire
3512 2407 3617 2446 non
3646 2394 3867 2455 debuit,

2271 2475 2483 2528 etiamsi
2513 2486 2853 2531 accusatores
2902 2476 3006 2531 ibas
3053 2479 3292 2549 episcopi
3334 2480 3539 2551 aliquas
3586 2484 3655 2538 de
3701 2485 3870 2541 laude

2274 2566 2539 2621 Theodori
2572 2569 2901 2637 quaestiones
2944 2580 3241 2626 moverent.
3273 2571 3455 2643 Itaque
3484 2576 3527 2629 si
3573 2589 3869 2646 propterea

2273 2659 2460 2715 dicunt
2489 2660 2684 2729 prioris
2715 2663 2971 2729 temporis
3011 2662 3302 2717 Ecclesiam
3340 2679 3443 2718 non
3474 2680 3593 2722 esse
3635 2670 3872 2737 culpan-

2272 2749 2422 2815 dam,
2452 2765 2572 2817 quae
2604 2764 2705 2805 nec
2731 2749 3095 2816 Theodorum,
3126 2766 3225 2807 nec
3251 2767 3315 2808 ea
3340 2768 3457 2820 qua:
3486 2756 3539 2808 in
3570 2755 3723 2810 libris
3745 2757 3873 2827 ejus

2270 2841 2712 2910 reprehendenda
2760 2852 2885 2896 sunt
2928 2840 3126 2911 scripta
3171 2843 3462 2907 damnavit,
3492 2848 3751 2914 quoniam
3803 2867 3870 2903 ea

2273 2933 2530 3001 nescivit;
2584 2935 2807 2989 credant
2854 2934 2972 2990 haec
3027 2936 3186 2992 etiam
3242 2937 3502 3009 synodum
3557 2937 3877 2997 Chalcedo-

2273 3042 2492 3081 nensem
2521 3027 2759 3096 potuisse
2786 3028 3018 3083 nescire.
3044 3028 3100 3083 Si
3125 3043 3254 3083 vero
3276 3029 3475 3093 dicant,
3497 3031 3640 3099 quod
3668 3032 3871 3089 eadem

2272 3119 2470 3187 setipta
2502 3119 2693 3190 quibus
2732 3135 2873 3175 nunc
2904 3120 3049 3175 abuti
3087 3120 3430 3178 Nestorianos
3475 3123 3742 3191 fecerunt,
3781 3128 3872 3182 di-

2271 3227 2428 3265 vers-i
2451 3220 2504 3264 et
2527 3213 2733 3267 meliori
2758 3212 3032 3267 intellectu
3056 3213 3351 3281 accipiebat
3375 3214 3607 3270 Ecclesia
3630 3218 3687 3271 in
3704 3220 3871 3290 cujus

585 3297 869 3352 concilium
915 3317 1019 3356 non
1061 3302 1279 3357 latuisse
1326 3304 1606 3359 ﬁrmetur?
1648 3302 1915 3371 Quidquid
1965 3301 2163 3364 dicant,
2196 3310 2241 3373 ο
2272 3303 2652 3358 communione
2683 3302 2963 3359 defunctus
2987 3312 3088 3371 est,
3121 3304 3609 3361 Chalcedonensetn
3643 3326 3871 3382 quoque

584 3404 916 3459 qun-cunque
963 3393 1122 3447 verba
1168 3395 1541 3460 tnulti,licent,
1590 3396 1750 3448 etiam
1799 3392 1927 3448 illud
1975 3391 2163 3461 procul

580 3476 748 3533 dubio
772 3482 1114 3550 concedetur,
1141 3486 1390 3553 quoniam
1424 3486 1565 3541 aliud
1594 3496 1676 3541 est
1712 3485 1993 3555 suspicari,
2026 3481 2166 3537 aliud

586 3581 731 3624 certa
770 3573 977 3628 ratione
1006 3586 1307 3632 monstrare
1342 3578 1481 3646 quod
1525 3576 1626 3632 hoc
1655 3576 1916 3649 synodum
1948 3590 2051 3631 non
2084 3575 2167 3630 la-

587 3662 767 3715 tuerit.
800 3662 935 3717 Nam
967 3675 1095 3735 puto
1140 3668 1279 3737 quod
1333 3668 1414 3723 isti
1449 3684 1543 3737 pro
1584 3668 1891 3738 suspicione
1930 3681 2024 3721 sua
2070 3678 2169 3719 nec

588 3757 735 3827 ipsos
767 3759 869 3813 lbm
912 3772 1253 3818 accusatores
1294 3762 1536 3818 dicerent
1567 3762 1736 3818 latere
1776 3760 2033 3830 potuisse,
2066 3757 2169 3813 nisi

587 3862 767 3903 rerum
797 3854 950 3906 exitu
984 3854 1342 3909 \incerentur.
1373 3854 1485 3908 Non
1516 3869 1663 3923 ergo,
1695 3855 1780 3908 vel
1812 3853 1856 3908 si
1881 3851 2170 3921 judicanda

589 3938 778 3996 fuisset
808 3942 897 3998 illa
929 3945 1185 4015 synodus,
1219 3961 1287 4000 ex
1318 3947 1641 4014 su5picioue,
1672 3946 1967 4013 praesertim
1996 3943 2172 3997 inimi-

588 4048 798 4103 Corum,
838 4036 930 4089 Sed
965 4053 1025 4089 t-x
1056 4037 1217 4090 certis
1265 4047 1447 4107 po<sct
1477 4036 1880 4107 probatiooibus
1920 4036 2169 4106 judicari.

594 4125 728 4179 Nam
776 4126 1198 4193 si-suspicioucs
1234 4128 1559 4195 judiciorum
1607 4128 1923 4181 sententiam
1972 4127 2170 4194 dicent,

594 4215 723 4268 nihil
752 4216 970 4270 omnino
997 4227 1077 4272 est
1104 4220 1243 4288 quod
1282 4235 1389 4273 non
1418 4220 1571 4273 aliter
1601 4228 1758 4287 atque
1788 4219 1945 4274 aliter
1970 4220 2173 4287 judice—

593 4315 698 4360 tur.
741 4306 1042 4364 Admodum
1078 4325 1205 4364 vero
1252 4312 1387 4365 bene
1431 4312 1700 4381 provisum
1744 4323 1828 4367 est
1874 4319 1931 4365 ut
1966 4311 2176 4381 judices

591 4415 695 4453 non
746 4400 1098 4467 conjectures,
1143 4402 1235 4458 sed
1278 4404 1583 4472 cognitores
1632 4404 1808 4471 potius
1838 4418 2170 4459 vocaremus.

589 4496 661 4547 At
705 4493 790 4547 isti
838 4494 1023 4549 volunt
1060 4495 1292 4564 judicari
1333 4504 1533 4550 tantam
1566 4496 1827 4567 synodum
1877 4511 1973 4565 per
2001 4504 2177 4553 tantos

591 4601 762 4639 annos
790 4595 932 4639 tanta
964 4588 1283 4642 universalis
1315 4588 1569 4643 Ecclesia:
1601 4602 1731 4657 pace
1758 4588 1774 4618 ¹
1809 4585 2094 4655 firmatam,
2124 4597 2179 4643 et

2272 3395 2533 3464 synodum
2562 3394 2784 3450 credant
2807 3394 2949 3466 quod
2973 3411 3039 3451 ea
3065 3395 3313 3452 similiter
3339 3399 3557 3454 meliore
3584 3405 3871 3466 acceperit

2274 3482 2569 3538 intellectu.
2603 3485 2670 3539 Et
2700 3486 2815 3540 haec
2844 3486 3056 3557 quidem
3090 3502 3297 3558 magna:
3328 3489 3515 3559 synodi
3548 3496 3869 3564 purgationi

2274 3575 2585 3640 sufﬁciant,
2636 3577 2828 3646 quibus
2882 3579 2935 3633 in
2984 3592 3143 3633 causa
3195 3579 3458 3636 Theodori
3512 3597 3620 3637 non
3689 3586 3872 3641 minus

2275 3683 2431 3738 quam
2462 3670 2699 3724 anterior
2730 3670 2970 3726 Ecclesia
3008 3671 3231 3726 defendi
3277 3682 3472 3741 potest,
3506 3691 3630 3742 quae
3664 3694 3872 3747 nequa-

2275 3774 2431 3828 quam
2481 3760 2548 3813 ab
2580 3759 2929 3831 Eutychianis
2968 3761 3035 3816 de
3080 3762 3399 3818 Nestoriano
3427 3765 3684 3835 dogmate
3714 3785 3872 3824 accu-

2277 3852 2381 3906 sari
2413 3860 2536 3906 ante
2578 3851 2883 3935 Nestorium
2930 3861 3123 3921 potest.
3169 3854 3276 3910 Sed
3306 3856 3429 3925 quia
3476 3862 3723 3915 contenti
3764 3879 3869 3916 non

2277 3959 2462 3998 sumus
2523 3954 2863 4013 prosternere
2912 3954 3120 3999 tantum
3182 3947 3552 4003 stultissimam
3625 3952 3872 4021 ipsorum

2279 4036 2731 4109 Eutychianorum
2761 4039 3095 4105 superbam,
3126 4055 3245 4108 quae
3273 4056 3417 4109 sazpe
3446 4042 3659 4110 dejecta
3683 4060 3875 4101 contra

2279 4136 2545 4183 tantorum
2577 4127 2914 4183 sacerdotum
2958 4126 3155 4182 Christi
3196 4131 3516 4201 sententiam
3546 4132 3733 4190 adhuc
3768 4138 3880 4189 eri-

2278 4222 2440 4290 gitur,
2465 4236 2651 4283 verum
2677 4222 2836 4275 etiam
2861 4222 3180 4276 conculcare
3208 4232 3370 4290 atque
3392 4234 3715 4289 conterere;
3746 4230 3882 4296 qud

2279 4313 2430 4367 vobis
2452 4313 2680 4381 amplius
2712 4320 2838 4381 post
2859 4312 2996 4367 hanc
3021 4311 3231 4380 plenam
3256 4311 3629 4368 defensionem
3659 4317 3886 4373 abunde

2280 4414 2335 4460 et
2373 4405 2438 4458 ad
2486 4404 2758 4459 cumulutn
2803 4403 3179 4473 proferamus?
3205 4402 3335 4458 Nam
3374 4404 3699 4461 credibilius
3730 4408 3886 4461 afﬁr-

2280 4503 2455 4547 matur
2503 4492 2644 4563 quod
2693 4493 2938 4548 doctrina
2993 4490 3288 4560 Theodori,
3321 4505 3440 4547 cum
3493 4492 3796 4549 haberetur
3832 4499 3887 4551 in

2280 4585 2500 4652 scripto,
2524 4584 2693 4638 latere
2722 4585 2894 4652 potuit
2916 4580 3352 4638 Chalcedonense
3373 4583 3693 4651 concilium,
3716 4603 3891 4653 quam

593 4676 724 4730 nihil
757 4679 898 4745 quod
946 4693 1354 4747 cognoscamus,
1407 4679 1500 4733 sed
1551 4679 1651 4733 hoc
1700 4678 1872 4733 solum
1922 4677 2171 4752 afferunt,
2204 4699 2255 4760 ι)
2282 4676 2538 4744 temporis
2564 4675 2757 4742 prioris
2790 4674 3114 4737 Ecclesiam,
3144 4674 3197 4728 in
3224 4689 3350 4742 qua,
3381 4676 3516 4729 sicut
3540 4678 3891 4738 ostenditur.

588 4767 725 4834 quod
758 4781 855 4834 pro
885 4783 984 4821 suo
1029 4783 1127 4823 nos
1168 4769 1331 4823 velint
1375 4769 1598 4824 arbitrio
1644 4769 1923 4838 suspicari.
1959 4770 2097 4839 Ergo
2124 4771 2172 4826 si

588 4856 809 4923 cupiunt
856 4851 912 4911 ut
947 4873 1068 4913 cum
1101 4860 1204 4913 illis
1235 4861 1374 4915 hanc
1416 4860 1677 4932 synodum
1707 4876 1808 4932 ego
1836 4875 2047 4930 quoque
2088 4876 2174 4917 re-

590 4945 934 5015 prehendam,
958 4950 1062 5005 tale
1079 4952 1276 5022 aliquid
1291 4953 1355 5006 a-l
1380 4968 1499 5008 eam
1523 4953 1901 5008 destruendam
1922 4955 2170 5011 idoneum

589 5040 865 5107 requirant
907 5056 968 5096 ac
1001 5044 1289 5112 proferant,
1345 5047 1484 5117 quod
1517 5057 1623 5101 tam
1672 5059 1876 5102 certum
1919 5048 2049 5103 mihi
2078 5050 2168 5112 sit,

587 5141 744 5194 quam
769 5140 973 5185 certum
1001 5132 1129 5187 mihi
1155 5145 1237 5191 est
1260 5151 1381 5203 esse
1404 5153 1509 5193 me.
1528 5137 1818 5191 Vidramus
1845 5147 2019 5192 tamen
2042 5139 2169 5209 quid

590 5217 726 5272 hanc
774 5234 960 5275 eorum
1012 5227 1370 5294 suspicionem
1402 5237 1685 5297 sequatur;
1720 5237 1773 5283 et
1822 5228 1865 5282 si
1917 5229 1999 5283 vel
2044 5228 2171 5298 ipsis

590 5307 935 5379 Eutychianis
982 5316 1255 5381 convenit,
1300 5326 1525 5386 arguant
1572 5316 1711 5387 quod
1747 5332 1851 5372 non
1895 5332 2017 5373 cum
2066 5318 2170 5373 illis

588 5403 785 5468 pariter
814 5402 1170 5473 suspicemur.
1202 5407 1257 5463 Si
1287 5409 1428 5462 enim
1456 5408 1708 5463 credatur
1734 5409 1876 5478 quod
1905 5409 2169 5479 synodum

584 5493 1082 5551 Chalcedonensem
1124 5498 1292 5554 latere
1342 5514 1445 5553 non
1494 5506 1780 5569 potuerunt
1820 5499 2061 5567 quaedam
2103 5514 2169 5554 ex

584 5586 802 5641 nomine
832 5586 1102 5643 Theodori
1134 5590 1329 5659 scripta
1348 5631 1364 5656 ,
1394 5605 1512 5660 quae
1541 5590 1855 5644 Nestoriana
1883 5589 2130 5645 dicuntur
2151 5634 2166 5659 ,

581 5676 854 5743 quomodo
881 5680 1133 5735 credatur
1165 5680 1459 5736 Ecclesiam
1502 5681 1743 5747 latuisse,
1778 5684 1828 5735 itt
1858 5681 2011 5751 cujus
2038 5699 2169 5752 pace

582 5773 739 5835 atque
770 5768 974 5827 honore
1002 5769 1284 5826 defunctus
1318 5771 1456 5827 idem
1487 5770 1834 5827 Theodorus?
1867 5772 1931 5826 Et
1957 5772 1999 5827 si
2036 5787 2161 5841 pro-

654 5898 669 5927 ⁸
700 5897 834 5953 Cod.
875 5900 1094 5972 γετίνα,
1124 5905 1443 5962 auclort’me.

2281 4781 2495 4834 semper
2519 4766 2680 4821 etiam
2703 4780 2835 4821 voce
2860 4765 3074 4835 propria
3103 4764 3427 4834 disputabat.
3458 4766 3661 4821 Beatus
3682 4770 3895 4837 quippe

2280 4856 2518 4912 Joannes
2547 4857 2915 4915 Antiochenus
2944 4867 2998 4911 et
3039 4857 3302 4912 orientalc
3329 4858 3622 4912 concilium
3666 4861 3889 4923 (ἥς-ωτι,

2279 4947 2423 5018 quod
2472 4949 2523 5001 in
2571 4949 2995 5017 expositionibus
3040 4964 3170 5019 quas
3220 4949 3272 5003 in
3321 4949 3574 5004 omnibus
3626 4954 3895 5006 ecclesi‘s

2279 5040 2633 5095 orientalibus
2657 5041 2906 5098 faciebat.
2934 5050 2989 5096 et
3008 5041 3201 5110 quibus
3224 5042 3277 5094 in
3305 5042 3448 5111 regia
3476 5043 3701 5099 civitate
3722 5048 3892 5100 valde

2280 5144 2400 5185 esse
2431 5129 2812 5198 comprobatus
2839 5139 3083 5199 apparet,
3106 5130 3161 5183 in
3189 5140 3482 5199 conspectu
3502 5134 3897 5201 sacerdotum,

2277 5226 2334 5274 et
2361 5220 2767 5289 imperatorum,
2807 5229 2859 5275 et
2906 5222 3220 5289 populorum
3269 5232 3450 5278 rectus
3486 5223 3743 5281 inventus
3776 5242 3896 5283 εει.

2276 5310 2507 5370 Facilius
2547 5329 2760 5385 quoque
2794 5314 3006 5370 videtur
3049 5325 3103 5370 et
3150 5317 3469 5386 promptius,
3511 5330 3571 5371 ut
3616 5320 3901 5377 Beck-sia:

2276 5407 2613 5477 praecedente
2656 5407 2882 5477 judicio,
2931 5423 2960 5461 a
3010 5422 3111 5478 qua
3160 5408 3501 5465 doctissimus
3538 5425 3775 5480 semper
3806 5426 3904 5468 est

2275 5500 2506 5563 habitus,
2536 5501 2701 5556 etiam
2738 5500 2976 5571 synodus
3017 5498 3471 5571 Chalcedonensis
3500 5502 3571 5556 de
3614 5504 3708 5557 illo
3740 5506 3907 5561 bene

2274 5595 2518 5658 sentiret,
2549 5608 2706 5663 quam
2735 5601 2793 5647 ut
2825 5592 2938 5660 ipsa
2966 5593 3222 5660 temporis
3248 5593 3445 5662 prioris
3478 5592 3729 5649 Ecclesia
3768 5599 3907 5649 nui-

2274 5684 2378 5739 lius
2408 5683 2611 5752 judicio
2645 5683 3001 5751 praecedente,
3048 5694 3347 5752 spontaneo
3379 5692 3523 5739 motu
3564 5683 3687 5752 eius
3733 5686 3905 5742 dicta

2274 5774 2461 5830 melius
2512 5774 2860 5845 interpretata
2901 5774 3217 5844 susciperet.
3252 5772 3333 5828 Ad
3381 5774 3633 5830 ultimum
3666 5786 3903 5835 temere
