3978 6350
584 420 681 477 771

1728 410 2019 467 ΡΔΟὈΜΜ
2050 407 2261 465 EPISC.
2305 408 2802 465 HERMIANENSIS

3740 404 3829 459 772

591 546 749 602 super
770 530 1103 600 expositione
1134 525 1494 590 Psalmorum,
1524 524 1659 580 sicut
1688 524 1850 579 tertio
1880 523 2015 577 Itbro
2054 536 2165 576 me-
2193 526 2253 583 Α,
2272 523 2437 575 tiores
2465 518 2849 589 antiquissimis
2892 516 3136 573 l'atribns
3172 515 3401 588 iactant,
3434 515 3669 574 dicentes
3701 520 3832 589 quod

595 625 936 689 moravimus,
967 621 1106 675 idem
1135 616 1454 673 Theodorus
1483 614 1609 670 dicit
1648 633 1663 669 :
1714 632 1733 666 ι
1768 613 1884 668 Non
1917 623 2167 682 quamam

596 719 900 783 oportuerat
946 709 1228 764 habuimus
1274 709 1418 763 circa
1460 704 1617 792 istam
1671 720 1784 759 rem
1818 703 2173 774 diligentiam.

597 804 745 860 Passi
767 802 909 858 enim
941 816 1123 854 sumus
1148 813 1483 869 quaecunque
1514 794 1853 865 incipientes,
1886 808 1943 850 ut
1972 794 2174 864 evenit,

598 896 649 951 in
679 894 947 965 imperitia
977 892 1246 947 scribendi
1272 886 1569 944 constituti.
1594 886 1871 957 Siquidem
1903 897 1955 942 et
1981 887 2181 942 multas

601 988 1006 1040 immutationes
1042 983 1133 1036 illo
1166 991 1410 1050 tempore
1438 994 1557 1049 qua:
1588 991 1769 1033 nostra
1796 987 2177 1049 susceperunt;

600 1091 735 1144 quas
763 1083 979 1129 nonest
1008 1074 1286 1142 praesentis
1327 1071 1585 1139 temporis
1629 1084 1921 1124 enarrare:
1969 1083 2033 1124 ex
2077 1084 2179 1140 qua

601 1184 760 1221 causa
788 1166 958 1235 magis
986 1164 1313 1235 negligenter
1337 1178 1366 1215 a
1400 1162 1555 1216 nobis
1584 1160 1885 1230 composita
1916 1168 2041 1214 sunt
2073 1161 2185 1229 plu-

605 1260 761 1319 rima,
793 1266 847 1310 et
874 1258 1103 1309 maxime
1132 1255 1224 1309 illa
1267 1268 1386 1320 qua:
1420 1253 1590 1321 prima
1622 1260 1767 1305 sunt.
1804 1268 1822 1302 ι
1856 1249 1913 1306 Si
1941 1264 2069 1321 ergo
2102 1250 2185 1304 vel

606 1346 845 1402 anterior
880 1344 1142 1408 Ecclesia,
1198 1342 1282 1397 vel
1316 1341 1580 1411 posterior
1622 1340 1860 1413 synodus
1887 1339 2186 1394 Chalcedo-

608 1440 814 1503 nensis,
847 1453 911 1492 ex
959 1438 1042 1490 his
1070 1436 1314 1505 plurimis
1344 1449 1462 1503 qua:
1506 1445 1601 1502 per
1651 1431 1977 1500 imperitiam
2021 1432 2187 1498 negli-

608 1542 794 1598 genter
824 1545 853 1583 a
902 1544 961 1584 se
987 1528 1287 1595 composita
1318 1526 1542 1590 fatetur,
1574 1524 1803 1580 credidit
1831 1537 1952 1578 esse
1972 1538 2089 1592 qua:
2134 1522 2189 1576 in

608 1623 725 1689 ejus
752 1620 903 1674 libris
928 1619 1136 1672 meliori
1164 1632 1324 1672 Sensu
1355 1615 1698 1685 interpretari
1728 1629 1834 1668 non
1869 1615 2074 1681 potuit;
2105 1628 2186 1666 er-

610 1711 715 1764 rori
742 1709 1051 1764 cohibuisse
1070 1708 1294 1762 dicenda
1317 1716 1421 1769 est,
1444 1705 1586 1775 quod
1614 1718 1735 1758 eum
1762 1718 1857 1772 pro
1887 1704 1969 1756 his
1992 1702 2044 1755 itt
2067 1703 2189 1771 qui-

612 1815 709 1854 bus
742 1801 1097 1868 ignorantiam
1126 1807 1181 1852 et
1211 1797 1585 1867 negligentiam
1608 1808 1757 1847 suam
1786 1801 1978 1860 sponte
2002 1792 2187 1860 culpa-

2274 611 2420 666 ilzius
2447 612 2706 679 temporis
2727 610 2961 665 Ecclesia
2994 609 3327 680 negligenter
3348 620 3401 663 et
3426 606 3733 679 insipienter
3751 625 3836 666 an-

2275 703 2457 759 diebat
2496 702 2839 757 Theodorum
2873 701 3254 771 disputantem,
3285 709 3346 754 ut
3374 716 3495 756 eum
3528 718 3635 757 non
3663 717 3838 773 argue-

2277 793 2442 851 retin
2461 794 2652 864 quibus
2680 794 2746 848 ah
2777 792 2909 862 ipsis
2938 794 3196 863 arguitur.
3232 792 3385 859 Quod
3436 794 3575 849 absit
3603 809 3632 848 a
3659 793 3838 864 pietate

2278 887 2477 958 synodi
2511 884 2970 941 Chalcedonensis
2999 894 3054 938 ut
3086 882 3185 938 hoc
3212 883 3416 938 diceret
3449 896 3541 939 aut
3575 886 3837 943 crederet:

2281 977 2443 1043 absit,
2475 977 2709 1046 inquam,
2737 983 2797 1029 ut
2819 976 2920 1029 hoc
2944 974 3214 1039 crederet,
3244 974 3537 1030 Ecclesiam
3561 975 3773 1043 Christi,
3803 979 3841 1031 si

2282 1067 2620 1128 Theodorus.
2649 1078 2709 1119 ut
2752 1066 2967 1130 dicitur,
2998 1064 3300 1120 Nestoriani
3329 1074 3517 1120 auctor
3546 1069 3742 1122 erroris
3768 1083 3842 1123 es-

2288 1168 2393 1223 set,
2440 1157 2800 1225 blasphemias
2849 1158 2919 1212 ab
2952 1172 3017 1211 eo
3061 1157 3235 1211 dictas
3265 1160 3316 1211 in
3345 1156 3614 1213 Christum
3644 1159 3721 1213 vel
3747 1173 3843 1214 non

2283 1247 2602 1319 intelligere,
2632 1250 2714 1303 vel
2745 1249 3014 1317 negligere
3062 1248 3334 1316 potuisse:
3366 1263 3486 1302 cum
3522 1248 3672 1315 illud,
3714 1254 3844 1320 quod

2287 1358 2395 1396 non
2426 1342 2794 1410 blasphemum
2822 1352 2873 1394 et
2905 1341 3220 1395 hmreticum
3253 1340 3374 1407 fuit,
3410 1343 3504 1395 sed
3533 1342 3678 1411 quod
3714 1354 3847 1398 recte

2287 1433 2394 1489 dici
2418 1450 2527 1489 non
2556 1443 2856 1503 putaretur,
2885 1435 3023 1488 sicut
3043 1434 3279 1489 Joannes
3311 1434 3676 1491 Antiochenus
3698 1447 3850 1493 testa-

2290 1534 2397 1591 tur,
2432 1539 2537 1579 non
2577 1525 2852 1578 minimam
2890 1526 3352 1593 perturbationem
3383 1525 3713 1590 excitaverit.
3762 1545 3852 1586 nec

2289 1624 2415 1669 ante
2442 1614 2625 1669 sedata
2654 1615 2723 1667 sit
2750 1628 2913 1682 quam
2944 1612 3267 1669 fortissimus
3296 1616 3390 1670 ille
3437 1632 3730 1688 exsurgens
3754 1636 3851 1677 non

2292 1699 2411 1774 post
2440 1704 2638 1759 multos
2674 1703 2810 1769 dies,
2854 1703 2986 1759 illud
3033 1705 3173 1775 quod
3207 1706 3275 1759 ab
3315 1719 3380 1761 eo
3410 1709 3611 1763 dictum
3656 1712 3851 1767 eratad

2292 1798 2574 1852 utilitatem
2611 1794 3048 1862 Ecclesirepsine
3077 1797 3393 1854 confusione
3436 1802 3750 1871 corrigeret.
3799 1807 3853 1861 Et

613 1892 709 1957 vit,
759 1907 865 1945 non
907 1890 1169 1960 judicavit
1201 1889 1544 1954 limreticum,
1570 1894 1625 1941 et
1653 1900 1748 1956 pro
1775 1886 1988 1940 ceteris
2022 1884 2186 1939 incul-
2219 1884 2267 1945 B
2294 1902 2477 1944 revera
2504 1902 2709 1957 magna:
2738 1887 3063 1943 fortitudinis
3100 1888 3201 1943 fuit
3227 1898 3286 1944 ut
3328 1895 3565 1962 seipsum
3593 1896 3849 1967 interpre-

614 1984 875 2052 pabilibus
903 1982 1132 2037 credidit
1159 1996 1279 2037 esse
1304 1979 1617 2034 laudatum?

1229 2090 1457 2146 CAPUT
1495 2090 1561 2145 ll.

616 2185 765 2252 Quod
794 2185 887 2238 etsi
912 2184 1188 2253 aliquando
1212 2187 1412 2246 rrrarit,
1441 2184 1678 2236 damnari
1713 2192 1770 2236 ut
1799 2182 2065 2253 htrreticus
2094 2197 2196 2253 non

685 2256 924 2325 potuerit,
958 2252 1078 2321 quia
1103 2255 1339 2322 pertinax
1366 2270 1467 2306 non
1498 2254 1619 2323 fuit,
1651 2269 1765 2306 cum
1793 2252 1928 2305 ultro
1959 2252 2195 2323 quadam

686 2324 798 2394 qua:
827 2324 1130 2377 notabantur
1159 2326 1452 2377 correxerit.

688 2454 786 2508 Est
808 2462 862 2508 et
891 2454 1034 2508 aliud
1065 2453 1315 2507 nimirum
1344 2454 1515 2507 multo
1537 2451 1751 2519 fortius,
1779 2451 1922 2520 quod
1953 2451 2108 2506 nobis
2129 2452 2192 2505 ad

614 2545 979 2599 defensionem
1019 2555 1281 2612 suscepta:
1308 2558 1487 2598 causa
1519 2543 1784 2612 proficiat.
1818 2542 1948 2597 Nam
1980 2554 2199 2597 sanctus

616 2638 850 2691 Joannes
910 2636 1278 2691 Antiochenus
1321 2651 1551 2705 arguens
1605 2635 1797 2689 litteris
1845 2634 1955 2688 suis
2008 2634 2199 2689 Nesto-

619 2728 753 2781 rium
786 2727 965 2801 {qnod
990 2727 1197 2781 beatam
1224 2727 1439 2780 Mariam
1469 2736 1693 2780 matrem
1720 2725 1928 2780 Domini
1954 2736 2195 2794 negaret,

617 2830 671 2874 et
695 2830 755 2874 ut
782 2819 883 2874 hoc
907 2819 1253 2874 confiteretur
1281 2819 1602 2885 exhortans,
1653 2826 1773 2887 post
1820 2818 2000 2887 aliqua
2030 2818 2195 2872 dicit:

621 2931 642 2963 ι
675 2913 730 2967 Si
759 2910 1175 2977 videturautem,
1204 2912 1363 2965 etiam
1380 2909 1505 2964 boni
1526 2907 1759 2979 exempli
1784 2917 2082 2979 opportune
2104 2923 2197 2963 vos

618 3005 1084 3069 commemorabo,
1131 3002 1285 3071 cujus
1316 3000 1627 3055 meminisse
1673 3002 1815 3066 volo,
1858 3000 2198 3055 sanctissime

620 3094 803 3148 frater.
837 3094 1020 3163 Neque
1046 3094 1189 3147 enim
1222 3105 1429 3162 tempus
1460 3092 1685 3145 multum
1716 3097 1801 3146 est
1828 3105 1893 3146 ex
1923 3104 2029 3160 quo
2058 3090 2196 3160 apud

619 3202 716 3241 nos
737 3186 957 3257 eomigit
981 3196 1039 3240 ut
1067 3184 1323 3241 oblivioni
1352 3186 1572 3240 forsitan
1600 3184 1964 3240 mandaretur.
1995 3185 2195 3239 Recor-

622 3279 766 3332 daris
789 3255 930 3330 enim
963 3288 1110 3331 certe
1139 3274 1279 3330 beati
1310 3275 1579 3330 Theodori
1627 3275 1864 3346 episc0pi
1894 3274 1949 3330 in
1980 3277 2193 3345 exposi-
2222 3255 2268 3318 Ο

617 3372 763 3426 tione
792 3370 1019 3425 dicentis
1045 3369 1242 3439 aliquid
1272 3370 1415 3439 quod
1445 3380 1589 3424 recte
1617 3366 1724 3424 dici
1755 3384 1861 3423 non
1894 3380 2189 3437 putaretur,

616 3461 713 3517 tibi
741 3461 843 3532 ipsi
871 3459 1167 3531 primo,qui
1198 3461 1445 3516 fiduciam
1473 3460 1527 3514 in
1554 3461 1647 3515 illo
1670 3469 1910 3530 tempore
1934 3459 2191 3527 habebas,

616 3557 809 3611 deinde
839 3557 999 3611 etiam
1028 3554 1275 3610 omnibus
1318 3552 1678 3609 audientibus.
1722 3554 1790 3608 Et
1819 3551 2045 3623 qualiter
2076 3554 2191 3618 ille,

617 3648 854 3700 sentiens
878 3643 1147 3700 laesionein
1178 3653 1233 3699 et
1258 3646 1717 3714 perturbationem
1754 3659 1913 3715 quam
1957 3660 2062 3698 non
2089 3643 2192 3698 tni-

618 3741 760 3791 ttima
787 3737 1076 3807 divulgatio
1105 3736 1250 3791 illius
1271 3737 1396 3791 dicti
1430 3736 1776 3803 excitaverat,
1807 3746 1861 3791 et
1890 3734 2195 3805 intelligens

617 3826 738 3897 quia
772 3831 1102 3896 perturbatio
1131 3826 1293 3881 faciat
1341 3827 1688 3892 discordiam,
1733 3829 1905 3898 magis
1935 3835 2114 3881 autem
2144 3836 2198 3882 et

616 3916 1094 3971 contradictionem
1141 3925 1195 3969 et
1244 3919 1640 3973 contentionem
1688 3916 1963 3972 hominum
2012 3931 2200 3971 aman-

536 3997 553 4009 ’
614 4009 747 4061 tium
770 4023 835 4062 ex
860 4007 1263 4075 quibuscunque
1285 4006 1445 4061 rebus
1471 4007 1780 4061 occasiones
1802 4007 2077 4077 inquirere
2096 4009 2198 4062 huc

615 4108 777 4165 atque
823 4099 951 4151 illuc
976 4096 1165 4161 dividi,
1206 4106 1262 4151 et
1303 4097 1736 4170 contentionibus
1764 4114 1961 4169 augere
1994 4100 2200 4156 scintil-

616 4188 727 4240 lam
771 4187 1008 4241 scandali
1055 4204 1175 4257 quae
1226 4189 1443 4258 parvula
1495 4190 1795 4257 videbatur,
1852 4192 1996 4263 quod
2035 4194 2197 4249 etiam

620 4294 760 4333 nunc
788 4280 925 4348 apud
962 4295 1059 4333 vos
1088 4281 1344 4349 contigit:
1391 4282 1843 4350 quemadmodum
1875 4282 2200 4341 fortissimus
2238 4330 2241 4331 ν

619 4370 707 4427 ille
733 4386 1028 4441 exsurgens
1051 4386 1155 4427 non
1179 4382 1299 4442 post
1324 4373 1525 4427 multos
1552 4372 1687 4442 dies,
1720 4374 1851 4429 illud
1876 4374 2018 4446 quod
2043 4376 2111 4430 ab
2135 4389 2201 4431 eo

619 4466 817 4520 dictum
852 4473 996 4530 erat,
1026 4465 1093 4519 ad
1122 4465 1404 4521 utilitatem
1438 4466 1692 4522 Ecclesia:
1742 4467 1856 4522 sine
1884 4466 2199 4524 confusione

618 4558 883 4623 correxit,
924 4567 977 4612 et
1011 4558 1288 4627 corrigens
1330 4558 1509 4613 statim
1557 4559 1807 4614 contrivit
1851 4576 2093 4616 murmur
2118 4560 2199 4615 vel

2301 1988 2523 2047 taretur,
2566 1979 2777 2034 calcare
2812 1979 3035 2050 gloriam
3083 1980 3391 2051 magisterio
3439 1988 3578 2057 longi
3608 1992 3852 2060 temporis

2298 2070 2632 2141 acquisitam,
2677 2077 2734 2126 et
2776 2070 2845 2124 ad
2887 2069 3312 2126 emendationem
3349 2073 3478 2130 dicti
3517 2079 3637 2134 sine
3674 2082 3854 2137 confu-

2299 2166 2450 2218 sione
2494 2163 2822 2219 descendere
2850 2179 2865 2216 :
2891 2164 3126 2220 maxime
3154 2179 3275 2220 cum
3315 2165 3483 2224 fretus
3514 2174 3856 2244 conscientia,

2299 2255 2420 2325 quia
2451 2270 2563 2311 non
2603 2256 2745 2312 sicut
2789 2256 3069 2326 putabatur
3098 2258 3200 2313 hoc
3227 2259 3464 2327 dixerat,
3494 2262 3656 2322 facile
3691 2284 3859 2338 posset

2300 2347 2624 2402 audientium
2652 2349 3040 2418 parvipentlere
3066 2350 3363 2422 lmsionem,
3394 2369 3552 2425 quam
3584 2366 3760 2416 tamen
3781 2364 3861 2419 diu

2301 2455 2407 2495 non
2439 2454 2625 2510 passus
2654 2451 2737 2497 est
2776 2442 2916 2497 tradi
2947 2460 2962 2496 :
2994 2442 3117 2515 quia
3163 2444 3273 2500 cito
3302 2447 3519 2516 pudoris
3560 2451 3727 2508 victor
3761 2472 3861 2510 non

2302 2542 2422 2604 post
2454 2535 2653 2589 multos
2682 2534 2796 2589 dies
2820 2533 3168 2592 oﬁensionem
3198 2541 3503 2608 properavit
3521 2544 3733 2602 auferre
3752 2549 3863 2605 solo

2292 2639 2553 2681 sermone
2580 2637 2927 2683 contractam.
2959 2629 3073 2691 Non
3104 2632 3247 2687 enim
3278 2635 3354 2689 ait
3377 2634 3613 2692 Joannes
3637 2653 3667 2693 a
3695 2640 3863 2697 Theo-

2302 2719 2435 2775 doro
2464 2735 2626 2790 prave
2652 2722 2847 2792 aliquid
2876 2724 3200 2781 intellectum
3222 2771 3237 2796 ,
3265 2738 3355 2784 aut
3381 2732 3569 2788 saltem
3601 2735 3867 2806 negligen-

2302 2819 2404 2879 ter,
2437 2822 2489 2867 et
2520 2813 2692 2868 minus
2719 2824 2873 2870 caute
2894 2816 2912 2847 ¹
2940 2816 3008 2872 ab
3037 2832 3101 2873 eo
3142 2818 3338 2874 dictum
3364 2839 3378 2873 :
3404 2831 3655 2892 tanquam
3684 2827 3753 2883 de
3781 2827 3870 2884 illo

2303 2904 2531 2975 loquens
2556 2905 2645 2976 qui
2692 2921 2798 2960 non
2844 2921 3023 2963 rerum
3051 2909 3399 2982 intelligentia
3430 2912 3591 2969 fuerit
3636 2932 3871 2986 pravus,

2300 2998 2393 3054 sed
2423 3013 2671 3054 sermone
2696 2999 2749 3054 in
2775 3000 2876 3055 hoc
2906 3001 3080 3056 minus
3109 3006 3507 3061 accommodus.
3530 3007 3666 3063 Huic
3695 3012 3873 3082 itaque

2299 3091 2467 3145 sancti
2494 3088 2714 3145 Joannis
2743 3092 3055 3148 testimonio
3094 3108 3200 3163 quo
3229 3094 3531 3152 Nestorium
3578 3101 3874 3173 redarguit,

2299 3181 2566 3261 quomodo
2586 3181 2822 3252 synodus
2841 3183 3098 3254 religiosa
3129 3199 3233 3241 non
3260 3188 3543 3244 crederet?
3567 3207 3673 3247 non
3700 3194 3875 3251 solum

2299 3271 2441 3342 quod
2471 3281 2648 3327 tantus
2680 3272 2838 3327 fuerit
2877 3274 3017 3329 idem
3045 3275 3298 3346 Joannes,
3328 3294 3513 3335 verum
3543 3282 3706 3338 etiam
3735 3288 3876 3356 quod
3908 3312 3933 3323 ι

2295 3362 2542 3418 Nestorio
2569 3365 2811 3420 scribens
2834 3405 2850 3431 ,
2883 3381 3040 3435 quem
3070 3367 3136 3421 ad
3187 3371 3576 3428 correctionem
3620 3374 3877 3433 invitabat

2294 3456 2541 3525 exemplo
2571 3454 2844 3511 fortissimi
2886 3457 2987 3512 viri
3031 3468 3085 3514 et
3125 3458 3367 3517 humana.-
3405 3464 3590 3533 gloriae
3627 3479 3877 3525 contem-

2297 3546 2463 3616 ptoris
2495 3546 2791 3615 Theodori,
2823 3564 2929 3604 non
2956 3564 3075 3605 eum
3099 3562 3279 3619 posset
3307 3554 3379 3608 ita
3405 3557 3747 3617 confidenter
3770 3576 3880 3617 sua:

2297 3639 2642 3694 conscientia:
2672 3642 2978 3695 testimonio
3004 3656 3347 3700 commonere
3382 3646 3451 3702 de
3484 3653 3692 3706 recenti
3721 3652 3879 3721 facto,

2297 3733 2437 3801 quod
2467 3747 2572 3787 non
2604 3734 2750 3789 solus
2780 3734 2893 3802 ipse
2912 3734 3209 3803 Nestorius,
3243 3752 3427 3794 verum
3454 3750 3507 3796 et
3536 3743 3875 3802 Antiochea:

2298 3823 2470 3877 omnis
2501 3824 2738 3878 Ecclesia
2790 3825 3062 3881 recordari
3112 3826 3367 3885 facillime
3398 3841 3636 3902 poterat,
3678 3839 3791 3893 nisi
3819 3841 3881 3894 de

2298 3913 2577 3970 manifesta
2607 3916 2683 3970 rei
2727 3918 2947 3973 Veritate
2978 3929 3354 3989 prtesumptus.
3398 3923 3529 3978 Nam
3563 3944 3747 3998 neque
3771 3933 3882 3986 sine

2300 4016 2523 4061 tractatu
2573 4008 2797 4063 aliorum
2844 4008 2910 4061 ad
2959 4024 3113 4063 suum
3160 4013 3444 4067 concilium
3489 4020 3883 4086 pertinentium

2299 4094 2665 4161 sacerdotum,
2699 4093 3063 4150 Antiochenus
3091 4098 3313 4153 antistes
3352 4100 3419 4156 de
3444 4104 3572 4158 novi
3612 4107 3889 4178 dogmatis

2300 4186 2598 4241 assertione
2668 4187 2941 4256 corripere
3005 4188 3175 4258 palam
3225 4191 3887 4267 Constantinopolitannm

2300 4276 2607 4347 episcopum
2640 4287 2837 4347 posset.
2870 4277 3043 4333 Tanto
3072 4294 3197 4336 vero
3243 4283 3548 4340 testimonio
3576 4296 3779 4346 sancta
3809 4310 3891 4365 sy-

2302 4377 2474 4431 nodus
2504 4377 2753 4443 credens,
2777 4381 3046 4449 quomodo
3068 4380 3336 4439 Theodori
3368 4388 3696 4442 memoriam
3732 4390 3893 4444 veluti

2301 4467 2538 4524 haeretici
2571 4470 2916 4541 rejicicndam
2948 4472 3016 4527 ab
3046 4473 3286 4529 Ecclesia
3310 4476 3611 4551 iudicaret,
3649 4478 3710 4533 in
3742 4481 3895 4551 cujus

2302 4576 2438 4630 pace
2462 4562 2552 4617 ille
2574 4561 2855 4617 defunctos
2881 4572 2983 4629 est,
3014 4574 3068 4619 et
3091 4564 3245 4633 cujus
3276 4581 3456 4635 pacem
3486 4567 3565 4622 sic
3592 4568 3819 4638 dilexit,
3844 4581 3895 4625 et

610 4651 1017 4705 accusationem
1044 4665 1163 4720 qu:e
1186 4650 1443 4705 adversus
1466 4666 1585 4705 eum
1609 4650 1785 4706 fuerat
1813 4652 1944 4707 facta
1965 4669 1978 4705 :
2003 4667 2201 4722 nequa—
2228 4637 2281 4697 Ῑ)
2302 4652 2529 4722 gloriam
2580 4668 2691 4708 sua:
2741 4655 3077 4710 auctoritatis
3126 4671 3232 4711 non
3279 4657 3626 4714 erubesceret
3662 4637 3898 4730 ejusof-

610 4757 781 4809 quam
806 4741 1055 4811 judicans
1098 4749 1258 4811 turpe
1296 4741 1494 4812 aliquid
1524 4757 1646 4797 esse
1676 4742 1946 4813 corrigere
1971 4758 1985 4808 ;
2018 4752 2073 4799 et
2099 4745 2201 4800 hoc

613 4834 917 4887 scientibus
947 4833 1161 4902 quidem
1192 4836 1464 4901 omnibus,
1499 4834 1620 4905 quia
1655 4837 1984 4905 negligenter
2011 4846 2064 4893 et
2103 4836 2201 4892 mi-

626 4940 729 4978 nus
760 4933 912 4977 caute
934 4926 1012 4980 ab
1041 4940 1106 4979 eo
1140 4926 1310 4980 fuerat
1345 4926 1572 4993 dictum,
1604 4925 1993 4995 excipientihus
2022 4936 2199 4985 autem

612 5016 877 5069 continuo
915 5019 1327 5072 correctionem.
1368 5037 1386 5070 ι
1424 5018 1593 5073 Porro
1626 5028 1792 5073 tntum
1824 5019 1924 5074 hoc
1945 5034 2199 5089 arrogan-

612 5107 748 5160 tiam
773 5106 1046 5160 confundit
1072 5108 1280 5162 illorum
1306 5108 1397 5179 qui
1426 5123 1485 5163 se
1511 5107 1880 5179 diligentiores
1905 5120 1959 5164 et
1984 5112 2197 5180 sapien-

694 5270 718 5297 ο
764 5262 951 5316 Exstat
977 5263 1177 5332 integra
1219 5265 1442 5320 Joannis
1468 5267 1530 5320 ad
1557 5266 1862 5322 Nestorium
1885 5269 2107 5330 epistola
2142 5271 2194 5326 in

617 5333 970 5401 pritnaparte
1000 5336 1184 5405 synodi
1218 5337 1528 5405 Ephesium;
1580 5352 1764 5392 verum
1808 5340 1893 5392 ubi
1930 5339 2194 5396 Theodori

621 5407 673 5478 in
702 5419 762 5457 ea
794 5415 874 5478 est
904 5419 1133 5478 mentio,
1167 5407 1449 5478 irrepserat
1497 5408 1642 5460 Pauli
1676 5422 1869 5462 nomen
1898 5425 1995 5478 pro
2020 5411 2196 5465 Theo-

616 5474 774 5527 doro.
803 5474 892 5529 Sic
917 5474 1075 5540 igitur
1100 5493 1162 5529 ex
1193 5477 1427 5530 Facundi
1451 5479 1629 5532 verbis
1654 5474 2043 5533 restituendum
2075 5492 2189 5536 est:

616 5547 879 5622 Μέμνησαί
901 5567 1005 5622 areu
1045 5548 1247 5622 πάντως
1278 5554 1368 5600 τοῦ
1410 5548 1946 5622 μακαρίουᾼθεοδὼρου
1989 5553 2194 5607 ἐπισκόο

611 5634 739 5688 «ou,
768 5617 818 5669 ἄν
864 5618 1096 5688 ἐξηγήσει
1120 5619 1347 5677 εἰπόντος
1384 5616 1435 5672 τὶ
1460 5616 1561 5673 τῶιὶ
1578 5620 1633 5671 οὐ
1662 5616 1906 5681 δοξάντών
1932 5622 2095 5683 καλῶς
2126 5628 2194 5676 εἶ-

608 5686 797 5757 Δριῑσθειι
820 5686 1009 5762 upon,»
1029 5689 1086 5741 τέ
1110 5707 1209 5753 eoi,
1237 5697 1310 5761 τῷ
1336 5690 1418 5741 καὶ
1443 5690 1907 5761 παρίησιασαμένῳ
1938 5692 2044 5747 κατ’
2069 5695 2193 5749 ἐκεῖ·

643 5863 652 5872 .
689 5795 706 5826 ⁸
746 5795 873 5873 Cod.
906 5796 1124 5861 Veram,
1159 5799 1324 5873 minus
1348 5807 1490 5852 route
1515 5797 1946 5873 animaduersum,
1980 5803 2067 5857 sed
2090 5791 2195 5873 po-l

610 5867 716 5915 .tius
741 5867 1067 5937 negligenter,
1102 5870 1343 5925 et'minus
1365 5868 1599 5924 €02.1be
1628 5867 1684 5925 Eo
1713 5870 1926 5925 dictum.

2304 4742 2537 4799 fensioni
2584 4746 2940 4816 postponere?
2985 4747 3090 4801 Cur
3136 4756 3314 4803 autem
3361 4752 3498 4804 hanc
3525 4750 3899 4809 oﬂ'ensionem

2304 4836 2611 4905 incurrerit,
2636 4838 2924 4907 praedictus
2944 4850 3158 4895 sanctus
3186 4840 3422 4897 Joannes
3448 4842 3639 4898 docuit
3663 4845 3856 4900 dicens
3885 4863 3901 4899 :

2303 4925 2566 4992 Quoniam
2597 4928 2733 4983 dixit
2778 4928 2980 4998 aliquid
3012 4930 3151 5000 quod
3202 4942 3346 4986 recte
3393 4932 3498 4986 dici
3531 4948 3644 4989 non
3678 4946 3903 5005 putare-

2306 5028 2412 5083 tur,
2451 5020 2761 5076 off'ensionis
2787 5036 3003 5077 causam
3033 5024 3201 5093 magis
3242 5024 3296 5078 in
3334 5027 3749 5084 existimatione
3770 5043 3906 5083 con-

2300 5114 2529 5169 stituens
2564 5129 2578 5168 :
2604 5114 2745 5185 quod
2768 5114 2885 5184 ejus
2906 5125 2959 5170 et
2986 5116 3006 5145 ³
3036 5116 3290 5170 continuo
3313 5116 3595 5172 subsecuta
3621 5120 3909 5175 correctio

2299 5291 2376 5323 vett
2402 5271 2486 5325 τὸν
2514 5272 2718 5344 ξαιρόν,
2749 5268 2933 5344 ἕπειτος
2979 5274 3061 5327 καὶ
3093 5276 3225 5327 πᾶσι
3259 5280 3365 5335 τοῖς
3389 5275 3668 5330 ἀκούσασι.
3702 5276 3911 5331 Antio-

2300 5344 2501 5413 chense
2522 5342 2771 5395 Ecclesia:
2795 5342 3089 5413 presbyteri
3119 5354 3247 5396 ante
3273 5348 3645 5413 episcopatum
3674 5349 3911 5400 fuerant

2300 5418 2411 5463 tum
2460 5410 2813 5478 Theodorus,
2866 5410 2976 5466 tum
3023 5410 3325 5468 Nestorius.
3382 5410 3487 5469 Sed
3535 5415 3908 5471 Theodorum

2300 5481 2731 5551 Mopsuestenum
2753 5484 2862 5549 jam
2884 5485 3192 5551 episcopum
3223 5483 3523 5539 Antiochia:
3548 5490 3907 5542 conciam

2301 5560 2405 5626 tetu
2428 5550 2680 5626 audiebat
2700 5552 2799 5626 hoc
2820 5550 3359 5626 temporegNestorius
3378 5556 3553 5611 adhuc
3575 5559 3912 5626 presbyter,

2300 5622 2517 5692 insignis
2539 5632 2593 5679 et
2619 5623 2833 5702 ipsein
2878 5622 3141 5702 docendo,
3185 5636 3244 5680 ut
3286 5622 3595 5684 Gennadius
3649 5622 3783 5702 cap.
3832 5631 3913 5686 53

2301 5702 2543 5761 testatur,
2576 5701 2633 5749 et
2659 5708 2725 5749 ex
2750 5701 2991 5765 tempore
3017 5694 3368 5753 declamator.

2372 5804 2390 5835 ⁸
2431 5802 2563 5861 Cod.
2591 5804 2813 5875 \'eron.,
2837 5807 3006 5876 facilia
3025 5817 3086 5863 et.
