3978 6350
78 334 81 335 ί
163 358 249 413 775

1048 357 1179 412 ιδιιο
1219 355 1651 413 DEFENSlONE
1682 352 1897 410 intust
1937 324 2250 412 cntinuo.
2292 357 2420 412 LIB.
2466 358 2526 417 Χ.

3318 366 3424 421 ττι

156 469 549 527 demonstravit.
585 469 662 524 Ex
696 469 806 539 ipsa
844 484 970 525 vero
999 472 1345 527 correctione
1369 512 1385 539 ,
1413 486 1516 541 qua
1551 468 1741 525 melius
1768 476 1817 533 Α
1849 466 2169 524 Christianae
2214 466 2527 522 humilitatis
2564 468 2787 525 formam
2818 478 2873 524 et
2913 487 3121 544 magna:
3149 477 3420 545 specimen

160 561 493 630 semetipsum
522 563 903 631 interpretatus
926 572 1031 628 est,
1047 562 1159 618 sive
1185 563 1428 617 Ecclesia
1448 576 1565 631 quae
1589 561 1739 615 illum

159 654 515 723 disputantem
541 651 818 719 audiebat,
851 654 966 708 sive
1019 664 1201 723 postea
1230 661 1415 708 saneta
1448 651 1742 709 Chalcedo-

156 746 327 799 nensis
380 742 618 815 synodus
651 785 666 809 ,
726 758 834 799 non
902 742 991 798 illa
1049 745 1221 800 solum
1268 743 1406 798 dicta
1459 758 1576 812 quae
1617 753 1741 799 tunc

154 833 424 887 audientes
471 831 854 897 offenderant,
904 833 999 888 sed
1052 850 1172 905 qua:
1228 832 1425 889 similia
1495 833 1738 904 ejusdem

155 924 420 980 Theodori
454 925 637 980 debuit
664 927 952 980 aestimare.
985 926 1136 995 Quod
1168 928 1211 982 si
1243 930 1402 985 etiam
1438 939 1627 985 contra
1659 939 1741 985 te-

156 1014 462 1071 stimonium
493 1015 667 1068 sancti
690 1013 933 1077 Joanms,
963 1031 1068 1069 non
1099 1032 1193 1085 per
1223 1016 1540 1077 incautelam
1563 1029 1618 1075 et
1646 1035 1739 1078 ne-

154 1111 455 1179 gligentiam
508 1109 695 1174 verbi,
728 1109 822 1164 sed
856 1125 949 1178 per
978 1109 1347 1182 intelligentiae
1380 1113 1695 1184 pravitatem
1721 1151 1737 1178 .

156 1202 361 1255 dicatur
384 1200 665 1254 audientes
689 1198 977 1256 offendisse
1004 1201 1352 1270 Theodorus;
1386 1219 1486 1260 nec
1514 1205 1583 1259 ita
1615 1219 1742 1275 pos-

155 1302 227 1345 set
257 1300 552 1353 correctus,
596 1291 681 1344 vel
737 1291 805 1344 ab
857 1292 1002 1347 illius
1048 1294 1220 1348 aetatis
1272 1294 1538 1363 Ecclesia,
1568 1296 1655 1351 vel
1706 1312 1735 1349 a

148 1398 334 1441 sancta
373 1386 581 1456 synodo
610 1386 896 1442 haereticus
920 1388 1169 1456 judicari.
1200 1390 1435 1446 Iacobus
1460 1391 1738 1460 apostolus

147 1481 316 1534 dicit:
346 1479 521 1533 Nolite
552 1479 725 1549 plures
755 1480 987 1551 magistri
1026 1480 1138 1549 ﬁeri
1158 1523 1176 1550 ,
1208 1483 1395 1551 fratres
1420 1485 1539 1549 mei,
1568 1484 1736 1537 scien-

150 1583 223 1629 tes
249 1573 493 1641 quoniam
518 1575 684 1643 majus
701 1573 957 1642 judicium
987 1586 1195 1628 sumunt
1220 1576 1261 1630 ¹.
1291 1573 1358 1630 In
1392 1576 1567 1631 multis
1603 1579 1738 1630 enim

154 1664 454 1732 offendimus
482 1679 655 1717 omnes
688 1661 828 1733 (Jac.
862 1679 953 1732 ιιι,
986 1662 1064 1733 l).
1093 1662 1226 1719 Cum
1270 1678 1399 1735 ergo
1425 1680 1613 1720 omnes
1655 1666 1739 1720 of-

156 1756 435 1811 fendamus
470 1758 521 1810 in
553 1755 759 1820 multis,
785 1769 881 1811 cur
912 1770 1018 1811 non
1047 1772 1235 1812 omnes
1256 1772 1442 1813 sumus
1469 1757 1735 1843 haeretici,

1848 559 2061 627 pietatis
2089 558 2356 614 ostendit?
2387 559 2521 613 Eant
2567 576 2711 617 nunc
2747 561 3099 632 Eutychiani,
3134 577 3187 620 et
3216 566 3419 621 calum-

1845 648 1948 704 niis
1979 651 2111 714 suis,
2160 652 2203 704 si
2244 651 2371 719 qttid
2408 650 2583 705 adhuc
2616 662 2860 719 possunt,
2905 653 3187 723 adjiciunt,
3220 656 3422 728 fingant

1842 741 1911 796 de
1955 741 2238 797 Theodoro
2285 756 2617 811 quaecunque
2664 743 2909 809 libuerit;
2965 757 3219 800 accusent
3262 750 3425 805 etiam

1842 833 2285 889 Chalcedonense
2323 833 2610 889 concilium
2649 834 2717 889 de
2749 836 3053 890 cohibentia
3082 848 3137 892 et
3161 852 3422 895 consensu

1844 924 2134 978 malorum.
2172 923 2546 991 Expavescent
2571 924 2635 977 ad
2664 928 2759 978 ista
2795 926 2981 994 procul
3008 926 3171 981 dubio
3200 928 3345 984 leves
3370 941 3428 985 et

1842 1016 2024 1072 faciles
2049 1016 2246 1082 corde;
2288 1026 2542 1073 caeterum
2584 1018 2875 1085 pruJentes
2905 1029 2958 1072 et
3003 1034 3195 1088 graves
3223 1022 3424 1077 intelli-

1840 1120 1990 1181 gent,
2018 1108 2162 1180 quod
2210 1107 2346 1166 nihil
2375 1124 2443 1164 ex
2489 1109 2591 1163 hoc
2621 1110 2893 1179 applicent
2922 1110 3225 1176 Theodoro,
3273 1115 3429 1182 cujus

1842 1203 2139 1273 purgationi
2168 1202 2369 1258 sufficit
2391 1202 2534 1271 quod
2562 1212 2780 1271 paratus
2802 1218 3015 1271 svmper
3044 1204 3140 1258 fuit
3170 1204 3235 1258 ad
3263 1210 3428 1261 corri-

1841 1294 2098 1365 gendum.
2127 1293 2397 1363 Quidquid
2432 1293 2595 1363 igitur
2625 1305 2812 1347 contra
2841 1294 3181 1349 Theodorum
3208 1297 3386 1351 dicant
3410 1284 3435 1363 ,‘

1844 1388 2099 1441 noverint
2120 1392 2375 1456 quoniam
2399 1388 2445 1441 si
2474 1387 2783 1457 recipiatur,
2811 1405 2914 1443 non
2945 1391 3111 1459 magis
3139 1391 3239 1460 ipsi
3268 1402 3430 1462 atque

1840 1477 2269 1533 Chalcedonensi
2296 1479 2566 1541 concilio.
2608 1495 2768 1548 quam
2810 1481 2959 1535 omni
3002 1484 3300 1538 ascribctur
3330 1485 3423 1538 Ec-

1841 1570 2042 1635 clesize,
2086 1585 2206 1639 qua:
2248 1583 2589 1626 mansuetum
2618 1584 2669 1625 et
2718 1572 2944 1627 docilem
2985 1570 3156 1627 virum
3198 1573 3427 1641 neglexit

1840 1677 2082 1732 arguere.
2118 1662 2313 1717 Verum
2365 1672 2526 1732 opto,
2553 1664 2974 1718 clementissime
3022 1666 3337 1734 imperator,
3374 1676 3430 1719 ut

1842 1755 2202 1809 humilitatem
2229 1756 2601 1823 rationemque
2624 1755 2893 1810 Theodori
2923 1756 2997 1809 illi
3028 1758 3116 1824 qui
3146 1772 3270 1811 eum
3301 1758 3419 1811 cul-

151 1849 251 1903 nisi
284 1848 405 1916 quia
436 1862 542 1901 non
571 1845 818 1913 offensio,
850 1846 945 1901 sed
990 1849 1230 1917 pertinax
1278 1848 1593 1905 offensionis
1637 1848 1735 1904 de-
1768 1849 1814 1909 Β
1845 1856 1970 1914 pant
1996 1847 2192 1900 imitari
2235 1846 2573 1915 aliquatenus
2603 1849 2808 1902 velint:
2836 1858 2893 1903 et
2918 1849 3057 1903 sicut
3080 1850 3175 1904 ille
3212 1859 3430 1918 gratari-

150 1940 345 2006 fensio,
394 1939 519 1995 facit
564 1939 912 1995 lizreticum?
944 1940 1204 1997 Similiter
1253 1950 1430 1997 autem
1475 1942 1739 1997 confiteor

148 2029 383 2100 amplius
414 2045 523 2095 me.
554 2038 608 2087 et
632 2030 857 2087 multum
885 2032 1114 2102 amplius
1152 2033 1205 2087 in
1237 2032 1341 2087 hoc
1367 2034 1539 2089 sancti
1577 2034 1741 2089 Joan-

149 2124 234 2181 nis
282 2123 607 2181 Antioclieni
658 2122 1007 2191 teStimonio,
1056 2138 1215 2193 quam
1264 2124 1316 2179 in
1364 2124 1617 2191 exteris,
1657 2124 1739 2179 vel

152 2216 352 2287 ipsius,
383 2215 469 2271 vel
499 2216 729 2270 aliorum
761 2214 980 2271 Patrum
1010 2216 1354 2280 testimoniis,
1382 2216 1635 2271 delectari
1662 2226 1743 2270 at-

142 2321 255 2376 que
286 2305 651 2376 congratulari
683 2305 987 2364 Theodoro.
1012 2306 1144 2362 Nam
1172 2307 1227 2362 in
1270 2306 1376 2362 illis
1399 2307 1511 2378 jam
1539 2307 1740 2364 dudum

146 2399 462 2454 memoratis
488 2440 505 2465 ,
533 2400 727 2469 quibus
768 2400 1069 2456 ostenditur
1097 2410 1296 2470 quanta
1336 2402 1595 2458 doctrinm
1623 2402 1742 2473 ejus

145 2489 315 2546 fuerit
356 2490 637 2555 celsitudo,
664 2490 873 2560 gaudeo
912 2492 1155 2559 quidem,
1184 2494 1281 2549 sed
1326 2494 1448 2549 novi
1494 2496 1595 2550 hoc
1622 2509 1742 2551 esse

146 2581 223 2636 illi
254 2596 538 2637 commune
565 2596 689 2637 cum
728 2582 926 2640 multis.
954 2581 1013 2637 In
1044 2582 1145 2638 hoc
1170 2591 1348 2639 autem
1387 2598 1495 2654 quo
1516 2584 1739 2640 manife-

146 2683 233 2727 sta
282 2672 463 2728 cordis
506 2672 624 2742 ejus
679 2672 949 2729 humilitas
1012 2673 1315 2742 intimatur,
1367 2684 1423 2732 et
1470 2676 1743 2746 arquisitm

145 2765 337 2833 gloriae
364 2778 465 2834 pro
512 2762 751 2820 fraterna
794 2764 1091 2821 offensione
1136 2775 1511 2835 contemptus,
1541 2780 1743 2834 paucos

143 2854 443 2909 admodum
469 2856 648 2910 socios
689 2854 739 2909 ei
786 2855 1019 2924 reperio.
1052 2855 1250 2912 Ilultos
1273 2856 1417 2911 enim
1461 2856 1744 2914 didicimus

142 2946 451 3001 eminuisse
489 2946 736 3016 scientia,
786 2954 847 3002 et
892 2946 1179 3001 maximam
1229 2961 1327 3016 pro
1375 2947 1475 3002 hac
1519 2947 1741 3018 gloriam

142 3044 507 3101 consecutos;
538 3044 595 3089 at
626 3034 715 3091 ubi
745 3036 1050 3090 humanitus
1074 3035 1209 3104 lapsi
1240 3046 1387 3102 sunt,
1411 3035 1654 3092 homines
1684 3051 1742 3092 se

138 3142 481 3197 cognoscere
528 3128 837 3195 noluerunt,
886 3137 944 3183 et
988 3128 1304 3197 simpliciter
1329 3128 1589 3184 admoniti
1614 3144 1742 3184 con-

1846 1948 1925 1993 ter
1964 1939 2369 2007 castigationem
2416 1938 2756 2007 suscipiens,
2799 1940 2943 2008 quod
2996 1940 3332 2009 negligenter
3377 1953 3433 1995 et

1845 2030 2025 2085 minus
2054 2038 2210 2084 caute
2240 2030 2447 2100 dixerat
2468 2030 2742 2099 corrigere
2776 2030 3119 2100 properavit;
3147 2031 3220 2086 ita
3245 2040 3299 2085 et
3343 2032 3429 2086 isti

1846 2136 1943 2176 nos
1972 2122 2055 2177 vel
2080 2124 2345 2188 patienter
2372 2124 2565 2189 ferant,
2596 2133 2651 2178 et
2679 2124 2824 2193 quod
2848 2124 3137 2180 crudeliter
3155 2137 3208 2179 et
3230 2125 3345 2179 di-c
3370 2142 3434 2179 ι·-

1845 2212 1997 2267 diose
2029 2215 2293 2281 fecerunt,
2326 2214 2615 2269 emendare
2645 2216 2859 2271 tandem
2898 2215 3186 2284 aliquando
3211 2217 3436 2285 dignen-

1846 2308 1954 2357 tur.
1985 2302 2253 2358 Cieterum
2279 2302 2593 2359 Theodorus
2622 2305 2756 2359 adeo
2784 2320 2895 2359 non
2938 2306 3034 2359 fuit
3063 2320 3090 2358 a
3124 2316 3313 2361 sancta
3342 2322 3433 2377 sy-

1846 2395 2009 2461 nodo,
2031 2394 2481 2464 quettiadsnodum
2508 2402 2718 2464 putant,
2744 2396 2891 2450 velut
2919 2398 3171 2464 magister
3198 2398 3433 2451 Nestorii

1845 2484 2317 2550 condemnandus,
2343 2495 2403 2539 ut
2436 2484 2554 2555 ejus
2603 2497 2917 2555 argueretur
2956 2487 3205 2556 exemplo
3246 2487 3436 2543 Nesto-

1847 2573 1976 2634 rius,
2022 2586 2077 2628 et
2117 2574 2321 2629 idcirco
2366 2574 2738 2643 damnaretur,
2767 2576 2914 2645 quod
2953 2590 3074 2630 eum
3119 2592 3226 2631 non
3275 2578 3435 2633 fuerit

1844 2663 2104 2718 imitatus.
2133 2663 2268 2731 Quid
2311 2675 2492 2720 autem
2529 2680 2629 2721 nos
2660 2667 2785 2721 hinc
2814 2667 2997 2722 volunt
3028 2669 3298 2724 aestimare
3329 2686 3437 2727 non

1845 2754 2016 2809 solun
2071 2756 2385 2825 Eutycliiani
2413 2796 2428 2821 ,
2460 2757 2549 2826 qui
2601 2756 2671 2811 de
2717 2756 3005 2811 Theodoro
3036 2758 3429 2814 calumniantur

1844 2843 2285 2901 Chalcedonense
2326 2848 2647 2912 concilium,
2676 2862 2861 2902 Verum
2906 2850 3066 2904 etiam
3113 2849 3433 2919 Nestoriani,

1846 2935 1936 3005 qui
1977 2934 2218 3005 ejusdem
2263 2935 2529 2990 Theodori
2574 2936 2731 2991 dictis
2778 2938 2924 2994 abuti
2970 2938 3259 2995 dicuntur?
3286 2942 3437 3009 Quod

1847 3026 2013 3097 ipsius
2051 3029 2296 3098 exemplo
2335 3029 2610 3084 Nestor-ius
2649 3029 2980 3099 increpatus,
3010 3046 3113 3087 non
3145 3035 3324 3089 statim
3368 3052 3434 3091 ex

1845 3114 1962 3185 ejus
1993 3116 2171 3180 dictis,
2197 3118 2349 3187 quasi
2390 3117 2576 3175 eadem
2619 3119 2920 3187 sentientis,
2950 3120 3237 3179 defendere
3279 3128 3441 3182 male-

137 3227 487 3287 tempserunt
515 3218 737 3274 credere
762 3219 1008 3282 veritati;
1039 3227 1203 3288 atque
1232 3220 1303 3273 ita
1335 3219 1443 3275 illis
1474 3219 1588 3290 ipsa
1616 3220 1736 3289 glo-

1854 3206 1984 3261 dicta
2014 3221 2106 3261 sua
2141 3208 2383 3276 tentavit,
2407 3220 2458 3263 et
2488 3210 2816 3277 respondere
2844 3226 3031 3269 sancto
3054 3215 3244 3272 Joanni
3273 3236 3336 3275 ac
3363 3221 3443 3277 di-

134 3310 235 3364 ria
283 3310 523 3365 scientia:
569 3310 798 3365 multum
848 3308 1020 3366 obfuit
1064 3310 1132 3365 ad
1181 3310 1454 3377 salutem,
1486 3311 1738 3381 quoniam

127 3400 381 3455 scientia
409 3398 578 3468 inﬂat,
602 3400 836 3455 charitas
856 3409 1033 3457 autem
1056 3400 1283 3457 aedificat
1303 3399 1360 3467 (Ι
1383 3401 1502 3457 Cor.
1529 3418 1645 3471 viii,
1663 3402 1741 3474 l).

121 3491 337 3548 Minus
370 3493 544 3560 itaque
571 3492 702 3547 mihi
730 3493 973 3562 cognitus
1001 3504 1143 3548 esset
1187 3493 1531 3560 Theodorus,
1558 3510 1748 3565 quam-

116 3583 237 3641 vis
272 3592 541 3638 tantorum
563 3582 779 3638 Patrum
810 3583 1056 3638 laudibus
1078 3583 1416 3653 prindicatus,
1445 3586 1545 3639 nisi
1573 3585 1748 3655 qualis

113 3686 302 3732 esset
325 3675 487 3729 etiam
510 3690 630 3730 cum
658 3675 1162 3746 reprehenderetur,
1196 3675 1399 3732 Joanne
1426 3676 1749 3734 testiﬁcante

107 3758 587 3841 cognoscerem.
628 3764 827 3821 Verum
874 3780 975 3822 nec
1019 3767 1266 3822 omnibus
1320 3779 1403 3823 est
1448 3768 1745 3841 imitabile,

106 3857 304 3913 unde
334 3865 390 3910 et
420 3872 605 3925 parum
638 3858 769 3913 utile
806 3857 946 3914 foret
971 3858 1208 3915 scientia:
1253 3859 1374 3930 ejus
1399 3864 1704 3931 exemplum
1730 3881 1745 3930 ;

102 3968 151 4007 ο
220 3948 558 4002 rrcctionein
590 3964 717 4004 vero
744 3958 1017 4020 gratanter
1046 3951 1314 4021 accipere,
1342 3961 1395 4007 et
1416 3952 1523 4009 cito
1552 3968 1615 4007 ac
1642 3954 1755 4031 pla-

100 4038 285 4099 cide
312 4039 455 4108 quod
486 4038 769 4123 oﬂeqderit
798 4041 1089 4096 emendare
1113 4042 1451 4123 etiinitahile
1478 4043 1750 4110 omnibus,

95 4150 181 4192 et
236 4131 417 4187 multo
449 4120 630 4188 uiiiiuii
670 4132 959 4189 invenitur.
993 4120 1223 4189 Proinde
1268 4135 1323 4191 in
1350 4135 1638 4192 Theodoro
1668 4137 1749 4192 iii-

94 4237 325 4284 scete
358 4222 613 4277 obstinati
641 4222 951 4295 dignentur,
982 4224 1143 4279 etiam
1172 4224 1240 4280 de
1266 4224 1408 4281 facili
1442 4226 1596 4294 lapsu
1635 4241 1753 4281 ser-

82 4317 346 4379 monis
372 4314 652 4381 admoniti,
676 4314 1031 4387 ppostolicom
1059 4316 1373 4372 modestiam
1401 4318 1757 4389 pietatemque

86 4419 418 4468 scrvare.
448 4403 576 4459 Nam
608 4411 687 4459 sic
716 4404 1007 4475 aliquando
1036 4405 1223 4461 Petrus
1246 4407 1613 4475 apostolorum
1642 4407 1755 4477 pri-

84 4511 321 4561 mus,
356 4496 495 4550 sicut
534 4495 640 4563 jam
670 4495 927 4561 diximus,
958 4511 1082 4552 cum
1122 4511 1228 4552 non
1274 4506 1422 4553 recte
1461 4499 1759 4554 ambularet

1848 3312 1969 3353 cere
2017 3316 2031 3353 :
2074 3298 2406 3365 Theodorus,
2436 3299 2588 3371 enjus
2633 3304 2880 3373 exemplo
2924 3320 3009 3360 me
3053 3310 3251 3378 arguis,
3281 3327 3437 3380 quem

1847 3387 2059 3444 beatum
2089 3399 2144 3445 et
2170 3388 2521 3445 fortissimum
2552 3392 2713 3461 dicis,
2746 3396 2935 3450 eadem
2978 3412 3192 3467 semper
3219 3400 3334 3456 sine
3362 3403 3441 3457 ul-

1850 3478 1952 3535 lius
1986 3480 2283 3537 offensione
2313 3480 2518 3537 docuit.
2545 3483 2697 3551 Quod
2726 3485 2938 3554 quidem
2968 3488 3015 3541 si
3043 3488 3323 3545 Nestorius
3359 3507 3443 3547 rc-

1849 3571 2245 3641 sponderet,ita
2269 3573 2555 3629 Theodoro
2586 3574 2932 3643 pricjudicare
2958 3593 3063 3632 non
3094 3582 3444 3649 posset,sicut

1852 3676 1950 3716 ncc
1979 3663 2249 3731 prophetis
2274 3672 2327 3718 et
2348 3665 2603 3733 apostolis
2631 3676 2787 3735 atque
2815 3669 3174 3737 evangelistis,
3194 3658 3443 3741 quoniam

1852 3753 1932 3808 eis
1959 3754 2039 3808 vel
2072 3754 2186 3823 ipse
2220 3754 2430 3809 abusus
2459 3766 2560 3822 est,
2589 3757 2673 3811 vel
2704 3758 2819 3826 ejus
2862 3775 3005 3814 nunc
3033 3773 3328 3819 sectatores
3353 3766 3444 3820 ab—

1854 3854 2094 3909 utuntur,
2116 3858 2275 3915 atque
2300 3846 2388 3900 alii
2417 3862 2603 3903 omnes
2634 3848 2893 3904 haeretici.
2916 3851 3292 3910 Verumtamen
3321 3871 3443 3913 cum

1857 3937 1947 3992 illi:
1979 3939 2160 4004 homo,
2186 3939 2252 3993 ad
2286 3940 2714 4008 respondendum
2747 3942 2884 3997 male
2908 3954 3143 4012 paratus,
3166 3957 3221 4001 et
3245 3949 3297 4002 in
3328 3964 3446 4018 per-

1856 4029 2049 4084 niciem
2081 4046 2230 4084 suam
2262 4030 2592 4087 sufficienter
2632 4032 2941 4100 instrucuts,
2972 4036 3107 4091 nihil
3152 4037 3209 4092 in
3251 4042 3451 4096 erroris

1857 4123 1938 4176 sui
1969 4121 2337 4176 defensionem
2363 4139 2429 4177 ex
2460 4123 2615 4178 dictis
2643 4123 2929 4191 Theodori,
2954 4128 3103 4194 cujus
3131 4128 3451 4187 admoneba-

1862 4219 1954 4267 tur
1980 4212 2251 4282 exemplo,
2286 4214 2506 4268 tentavit
2533 4229 2844 4283 assumere;
2884 4221 3015 4272 satis
3056 4220 3312 4287 ostendit,
3337 4221 3453 4292 ejus

1860 4317 2009 4359 sana:
2033 4302 2293 4358 doctrina:
2324 4318 2429 4357 non
2460 4319 2740 4371 sequacem
2760 4346 2774 4369 .
2804 4307 2901 4363 sed
2930 4308 3144 4365 obvium
3174 4325 3234 4367 se
3264 4311 3453 4368 fuisse.

2484 4416 2709 4474 CAPUT
2748 4419 2836 4473 Ill.

1869 4532 2021 4607 Quod
2041 4534 2253 4607 tametsi
2273 4529 2567 4607 Theodorus
2613 4530 2664 4583 in
2707 4531 3013 4607 quibusdam
3057 4548 3300 4607 errasset,
3341 4538 3462 4593 last-

66 4592 187 4651 ad
236 4586 542 4641 veritatem
572 4586 877 4656 Evangelii,
902 4588 1263 4658 reprehensus
1283 4603 1312 4642 a
1342 4588 1507 4643 Paulo
1534 4590 1757 4645 minimo
1791 4598 1841 4661 ι)
1874 4586 1912 4600 ’⁸
1936 4604 2052 4656 dar.“
2092 4604 2153 4656 ab
2202 4599 2298 4656 Iba
2324 4603 2545 4671 parum:
2569 4586 2775 4671 ρνοριὲγ
2810 4603 2918 4656 alia
2973 4586 3300 4674 qia—nevae"
3328 4586 3461 4664 έῖτῖ-

58 4678 539 4759 apostolorum
573 4677 719 4749 (Gal.
749 4694 812 4748 tt,
838 4679 956 4750 id),
985 4695 1090 4736 non
1120 4680 1338 4752 indigne
1366 4681 1506 4746 tulit.
1534 4697 1634 4738 nec
1665 4698 1761 4752 pro

50 4776 205 4838 sui
284 4769 565 4841 primatus
592 4771 761 4841 gloria
801 4772 1141 4829 resistentem
1170 4772 1274 4829 sibi
1319 4772 1565 4843 deSpexit
1589 4790 1601 4827 :
1626 4788 1763 4844 quo-

50 4874 321 4931 niam
373 4859 612 4918 charitas
657 4878 777 4933 quas
826 4861 1051 4918 Paulum
1081 4865 1148 4919 ad
1194 4865 1518 4934 arguendam
1568 4865 1765 4936 prioris

36 4963 391 5031 culpam
427 4953 653 5010 lldenter
699 4964 968 5021 erexerat,
997 4956 1185 5012 eadem
1230 4956 1443 5013 Petrum
1486 4957 1554 5013 ad
1597 4959 1766 5016 susci-

36 5047 435 5119 οίεηιηιιι
482 5045 685 5101 minimi
733 5046 1127 5104 correctionem
1156 5047 1403 5103 dociliter
1450 5049 1761 5107 inclinabat.

30 5156 313 5212 Hunc
360 5138 541 5208 itaque
572 5139 766 5205 virum,
798 5154 908 5195 non
940 5140 992 5195 in
1024 5128 1137 5195 sola
1168 5140 1416 5210 scientia,
1446 5142 1543 5196 sed
1571 5142 1623 5196 in
1671 5142 1771 5199 hu-

24 5243 409 5309 militate
455 5248 663 5304 quoque
701 5235 883 5290 cordis
910 5250 974 5291 ac
1018 5235 1292 5291 modestia
1324 5235 1727 5305 comprobatum
1754 5278 1770 5304 ,

25 5326 464 5419 quomodo
486 5328 912 5419 temporisillius
945 5330 1206 5395 Ecclesia,
1236 5330 1506 5400 quomodo
1533 5330 1772 5401 synodus

10 5415 635 5496 Chalcedonensis
670 5418 894 5488 rejicere
924 5429 1130 5490 posset,
1160 5436 1283 5476 cum
1314 5436 1381 5478 ex
1409 5422 1636 5489 epistola
1664 5422 1769 5477 Ibin

10 5506 403 5587 recitari
458 5504 642 5563 laudes
670 5509 787 5578 ejus
816 5510 1146 5577 adverteret,
1176 5510 1331 5582 cujus
1368 5513 1533 5567 etiam
1583 5526 1768 5583 repre-

4 5609 357 5682 hensio
407 5598 619 5657 virtutis
642 5602 953 5673 exemplum
976 5612 1082 5672 est,
1110 5612 1166 5661 et
1201 5606 1293 5675 qui
1313 5604 1497 5675 lapsus
1518 5604 1573 5661 in
1603 5605 1768 5663 verbo

126 5777 159 5811 ι
212 5751 445 5821 Cod.
477 5750 700 5819 Veron.,
725 5756 943 5811 sumitis.

118 5848 157 5881 ο
228 5831 468 5895 [dem
498 5825 655 5891 cod.,
686 5826 1005 5882 abundarent
1032 5825 1282 5899 profecto,
1338 5829 1488 5886 etiam
1536 5833 1581 5890 si
1605 5830 1773 5889 Theo-

1938 4674 2061 4745 psit.

1942 4786 2068 4842 lites
2097 4784 2260 4851 igitur
2285 4782 2583 4839 defensioni
2613 4800 2819 4856 magna
2843 4787 3033 4857 synodi
3056 4786 3460 4850 Chalcedonen-

1870 4877 1945 4933 sis
1969 4874 2304 4931 abundarent
2325 4876 2367 4929 '.
2394 4873 2547 4930 Nunc
2574 4884 2750 4930 autem
2784 4893 2888 4931 non
2917 4878 3029 4947 ipsa
3051 4893 3171 4934 eum
3203 4880 3465 4953 laudavit,

1871 4966 1966 5022 sed
1990 4966 2256 5021 laudantis
2277 4964 2586 5033 epistolam,
2609 4980 2705 5034 pro
2728 4965 2829 5022 fide
2850 4976 2998 5023 recta
3017 4984 3176 5038 quam
3199 4975 3463 5040 continet,

1872 5056 2244 5127 pronuntiavit
2284 5054 2637 5110 orthodoxam
2670 5072 2685 5110 :
2718 5056 2855 5126 quod
2886 5057 3154 5114 diversum
3182 5076 3303 5119 esse
3345 5066 3470 5133 quis

1876 5152 2131 5219 prudens,
2162 5148 2206 5203 si
2233 5162 2450 5202 causam
2479 5147 2768 5217 diligenter
2797 5150 3058 5215 attendat,
3087 5151 3331 5221 ignoret?
3364 5153 3467 5209 Po—

1877 5240 1979 5295 tuit
2004 5238 2147 5294 enim
2194 5237 2307 5292 fieri
2360 5246 2416 5292 ut
2461 5240 2624 5293 etiam
2671 5238 2715 5293 si
2747 5240 2989 5309 quaedam
3028 5241 3295 5299 Theodori
3325 5247 3472 5300 dicta

1876 5328 2160 5398 culpabilia
2189 5327 2521 5396 viderentur,
2568 5337 2621 5382 et
2649 5343 2711 5384 ea
2747 5331 2981 5399 synodus
3020 5347 3121 5387 nec
3164 5333 3464 5402 ignoraret,

1879 5434 1977 5477 nec
2006 5417 2344 5489 interpretari
2386 5418 2575 5475 melius
2618 5428 2833 5489 posset,
2872 5432 3243 5478 verumtamen
3269 5422 3292 5454 ‘
3320 5422 3467 5477 Ibant

1880 5513 2049 5569 latere
2078 5512 2316 5582 potuisse
2345 5512 2619 5575 crederet,
2659 5512 2798 5567 sicut
2827 5514 2987 5568 etiam
3037 5522 3254 5569 sanctos
3282 5514 3465 5572 Patres

1879 5601 2139 5658 Joannem
2180 5599 2832 5671 Constantinopolitanum
2885 5610 2941 5656 et
2986 5598 3302 5672 Gregorium
3358 5602 3465 5657 Na-

1884 5758 2068 5815 dorum
2087 5756 2201 5826 ipsa
2230 5751 2489 5826 laudaret.
2520 5752 2673 5808 Nunc
2696 5762 2885 5810 autem.

1956 5827 1979 5859 ³
2020 5823 2161 5885 [dettl
2187 5824 2339 5893 cod.,
2362 5826 2817 5883 reverentissimum
2846 5836 3012 5882 tamen
3042 5823 3209 5883 Ibam.
