3978 6350
533 424 639 482 775

1606 426 1899 483 FACUNDI
1939 424 2151 482 EPISC.
2196 422 2699 487 IIEIIMIANENSIS

3709 436 3803 491 776

533 544 865 609 zianzenum,
925 542 1335 612 universamqtte
1385 542 1678 599 Ecclesiam
1706 585 1721 611 ,
1784 558 1904 614 quas
1954 542 2127 612 ipsum
2160 545 2206 602 A
2237 550 2346 598 toto
2372 544 2503 603 orbe
2528 544 2825 601 radiantem
2852 543 3053 616 judicat
3076 556 3196 600 esse
3226 540 3547 600 laudabilem
3575 559 3591 599 :
3621 544 3699 601 sic
3726 564 3809 619 po.

532 632 873 688 Theodorum
927 632 1210 687 docentem
1265 633 1616 697 advertebat,
1672 634 1841 689 latere
1891 633 2129 702 potuisse

534 727 764 781 credunt-
789 726 1125 796 Eutychiani,
1156 736 1215 781 ut
1245 743 1350 781 non
1375 734 1649 796 superstes
1677 726 2129 781 condemnaretur

532 819 674 873 idem
705 818 1037 875 Theodorus.
1071 818 1232 887 Igitur
1258 819 1709 889 quemadmodum
1753 826 1935 873 sancti
1967 832 2129 889 syno-

532 912 631 964 dus
660 911 931 980 antiquam
976 911 1302 980 Ecclesium,
1337 912 1488 980 cujus
1518 927 1639 980 pars
1688 906 1896 965 fuerant
1925 926 2128 965 memo-

533 1001 637 1054 rati
672 1002 877 1066 Patres,
914 1017 1019 1055 non
1063 1016 1127 1055 ex
1159 1008 1533 1056 commun‘oue
1561 1010 1617 1055 et
1647 1002 1804 1056 laude
1834 1001 2124 1069 Theodori,

532 1094 613 1146 vel
640 1094 683 1145 si
714 1109 834 1145 eum
864 1096 915 1145 in
962 1092 1277 1161 quibusdam
1310 1093 1475 1146 sciret
1502 1104 1748 1157 errasse,
1780 1091 1873 1146 sed
1902 1096 1966 1144 e‘x
2000 1105 2129 1157 pro-

532 1188 649 1252 pria
686 1185 850 1252 ipsius
881 1184 1135 1239 Ecclesia:
1182 1185 1288 1238 ﬁde
1314 1183 1557 1252 judicare
1601 1182 1817 1246 debuit,
1847 1182 2005 1251 quod
2033 1197 2129 1234 no-

534 1275 737 1327 biscnm
783 1276 1097 1345 Eutychiani
1131 1274 1398 1337 fatentur;
1430 1274 1509 1330 sic
1533 1275 1769 1345 oportuit
1794 1282 1855 1327 ut
1889 1281 1943 1327 et
1982 1274 2125 1327 illam

534 1367 845 1433 epistotam,
882 1382 984 1420 non
1029 1382 1095 1421 ex
1142 1346 1300 1421 laude
1334 1366 1639 1434 Theodori,
1680 1365 1775 1420 sed
1804 1381 1867 1421 ex
1916 1367 2125 1435 propria

532 1458 912 1527 conseriptoris
934 1458 1050 1528 ejus
1077 1457 1199 1525 ﬁde,
1228 1473 1350 1529 qua:
1380 1458 1574 1513 ibidem
1607 1457 1821 1527 legitur,
1836 1456 2122 1526 judicaret.

532 1551 811 1619 Quomodo
841 1564 1018 1609 autem
1044 1555 1282 1626 synodus
1308 1571 1412 1609 non
1442 1554 1689 1610 crederet
1712 1554 1855 1609 Ibam
1879 1570 2129 1610 reveren-

532 1644 794 1697 tissimum
842 1630 1010 1699 latere
1040 1646 1279 1713 potuisse
1319 1646 1459 1699 dicta
1489 1644 1791 1710 Theodori,
1842 1660 1962 1714 qua:
2003 1659 2127 1699 ause

532 1731 834 1788 Nestorium
866 1736 1063 1803 scripta
1096 1736 1111 1765 ί
1149 1736 1421 1799 dicuntur,
1455 1751 1578 1790 cum
1627 1735 1794 1803 ipsius
1834 1735 1936 1789 Iba:
1969 1734 2124 1788 Iidem

533 1825 847 1879 Nestoriano
874 1826 1110 1895 dogmati
1135 1827 1342 1882 videret
1367 1828 1690 1883 adversam?
1722 1827 1915 1880 Verum
1946 1834 2001 1880 et
2025 1825 2126 1879 hoc

2234 634 2331 691 tuit
2354 637 2515 691 etiam
2537 638 2856 693 venerabilis
2878 638 2997 693 lbas
3017 638 3317 691 doctrinam
3343 636 3636 705 Theodori,
3661 626 3809 697 etiam

2232 727 2284 782 in
2314 728 2582 797 aliquibus
2604 730 2920 799 culpabilem
2946 745 3051 783 nr.n
3074 731 3352 798 ignorans,
3380 726 3582 798 absque
3608 729 3812 788 illorum

2234 818 2577 888 culpabilium
2605 820 2996 890 approbatione
3022 818 3263 874 laudare.
3289 818 3411 874 Sive
3432 826 3610 875 autem
3639 821 3815 877 beatus

2230 908 2529 979 Cyprianus
2558 918 2613 965 et
2642 912 2987 981 Agrippinus,
3016 910 3216 980 aliique
3242 925 3363 965 cum
3390 910 3471 974 eis
3500 914 3686 967 eadem
3716 923 3813 968 sta-

2233 1008 2443 1054 tuentes
2479 1001 2746 1070 episcOpi;
2780 1004 2894 1056 sive
2920 1000 3267 1067 Theodorus,
3298 1001 3383 1056 vel
3424 1002 3466 1057 si
3495 1013 3550 1057 et
3588 1003 3704 1072 ipse
3733 1020 3816 1060 cr-

2232 1106 2345 1146 raia
2381 1108 2484 1147 non
2516 1094 2833 1149 emendasse
2860 1094 3146 1159 credatur;
3196 1095 3309 1149 sive
3351 1096 3535 1151 eteteri
3574 1097 3818 1155 doctores

2233 1182 2506 1249 Ecclesia,
2541 1199 2606 1239 ex
2637 1200 2862 1253 quorum
2894 1186 3177 1243 sententiis
3205 1187 3439 1241 haeretici
3462 1202 3586 1243 suos
3611 1204 3819 1245 errores

2228 1285 2492 1328 conantur
2516 1285 2778 1342 astruere,
2805 1277 3102 1331 intentione
3124 1278 3319 1331 mentis
3340 1287 3497 1347 atque
3522 1282 3816 1349 proposito,

2230 1362 2371 1418 sicut
2415 1364 2762 1432 arbitramur,
2811 1366 2878 1419 ab
2916 1366 3141 1422 hteresis
3171 1368 3397 1423 crimine
3442 1371 3817 1439 defenduntur,

2229 1453 2481 1522 quoniam
2513 1465 2638 1508 ante
2659 1455 3026 1511 definitionem
3057 1456 3334 1524 Ecclesiae,
3360 1458 3412 1511 in
3444 1458 3557 1527 ejus
3584 1475 3817 1514 commu-

2230 1545 2391 1600 nione
2421 1558 2817 1613 permanentes,
2849 1547 3015 1602 nimio
3044 1549 3127 1602 vel
3157 1550 3175 1579 ³
3206 1548 3558 1604 immoderato
3582 1529 3703 1606 aelo
3730 1552 3818 1606 ad-

2230 1651 2418 1691 versus
2446 1637 2750 1703 hmreticos,
2782 1641 2862 1693 vel
2885 1638 3239 1694 decreverunt
3268 1640 3413 1705 talia,
3436 1641 3520 1696 vel
3549 1641 3817 1707 dixerunt,

2232 1745 2335 1785 ιιοιι
2370 1739 2490 1799 post
2535 1731 2791 1787 Ecc‘esia:
2835 1732 2887 1786 in
2920 1733 3107 1788 eadem
3139 1724 3435 1801 quastione
3477 1736 3817 1802 sententiam,

2230 1835 2353 1874 cum
2381 1820 2616 1895 hau‘etici
2646 1823 2929 1892 segregati,
2962 1824 3253 1878 astruendo
3280 1825 3404 1877 talia
3448 1826 3620 1893 ipsam
3654 1828 3818 1894 impu-

533 1915 719 1969 demus
743 1916 1106 1984 Eutychianis,
1125 1918 1265 1986 quod
1285 1918 1773 1973 reverentissimum
1800 1917 1938 1971 Ibam
1959 1932 2120 1987 syno—
2156 1921 2195 1977 Β
2224 1924 2520 1982 gnaverunt
2564 1914 2885 1970 Ecclesiam.
2918 1914 3165 1970 Forsitan
3197 1916 3389 1986 aliquis
3412 1916 3555 1971 dicat
3582 1933 3598 1970 :
3634 1917 3821 1972 Debuit

533 2005 629 2057 dus
658 2002 1113 2061 Chalcedonensis
1161 2007 1453 2062 crediderit
1494 2024 1598 2063 non
1645 2008 1920 2077 ignorasse
1944 2008 2121 2062 Theo-

532 2096 647 2148 dori
698 2096 839 2150 dicta
892 2112 1013 2167 quae
1059 2098 1304 2152 videntur
1355 2114 1475 2153 esse
1532 2098 1833 2167 culpanda;
1882 2099 2119 2168 nunquid

533 2184 651 2241 ideo
674 2187 790 2255 ejus
811 2188 1096 2257 epistolam
1125 2192 1319 2245 merito
1342 2200 1501 2245 recte
1531 2192 1652 2244 ﬁdei
1675 2205 1835 2261 quam
1861 2192 2116 2257 continet,

533 2278 886 2333 orthodoxam
917 2284 1265 2350 pronuntiare
1288 2299 1390 2337 non
1421 2284 1644 2338 debuit?
1676 2286 1970 2353 praesertim
1999 2299 2118 2338 cum

533 2369 766 2437 potuerit
812 2370 948 2423 idem
1000 2373 1320 2427 venerabilis
1368 2373 1486 2426 lbas
1536 2374 1733 2427 idcirco
1779 2373 2120 2427 Theodorum

533 2461 753 2531 ejusque
781 2463 996 2518 laudare
1022 2465 1341 2530 doctrinam,
1371 2468 1625 2536 quoniam
1654 2481 1715 2521 ea
1745 2482 1862 2537 qua:
1888 2466 1940 2520 in
1974 2465 2121 2520 libris

534 2551 650 2618 ejus
679 2553 1119 2621 reprehensibilia
1157 2554 1465 2624 judicabat,
1497 2557 1579 2612 vel
1621 2556 1688 2610 ab
1728 2558 1994 2611 Itasreticis
2023 2557 2119 2609 im-

536 2641 697 2694 missa
717 2682 732 2705 ,
770 2642 855 2697 vel
897 2644 963 2697 ab
992 2645 1107 2713 ipso
1148 2644 1427 2700 Theodoro
1459 2646 1782 2715 reprehensa
1803 2687 1815 2711 ,
1848 2646 1985 2700 sicut
2019 2645 2119 2700 do-

535 2736 774 2799 cuimus,
805 2735 917 2789 sive
947 2751 1188 2793 correcra
1234 2751 1356 2791 esse
1398 2737 1651 2792 credebat
1684 2754 1697 2790 :
1731 2748 1783 2791 et
1826 2752 1931 2791 non
1962 2753 2028 2792 ex
2057 2753 2122 2793 eo

535 2825 676 2893 quod
718 2826 983 2881 scribendi
1030 2828 1249 2896 capiens
1302 2828 1543 2894 initium,
1592 2828 1789 2899 aliquid
1838 2829 2122 2899 aliquando

538 2918 960 2986 reprehensibile
989 2919 1224 2988 scripsit,
1254 2930 1344 2974 aut
1374 2935 1441 2975 ex
1471 2921 1621 2990 lapsu
1651 2924 1917 2976 sermon's
1945 2921 2122 2977 incur-

536 3009 637 3075 rit,
684 3012 799 3080 ejus
839 3011 1081 3067 doctrina
1125 3013 1412 3080 judicauda
1460 3015 1663 3081 fuerat;
1715 3017 1808 3070 sed
1851 3029 1917 3071 eo
1949 3017 2125 3086 potius

539 3102 675 3171 quod
708 3104 752 3158 si
799 3103 924 3173 quid
964 3105 1017 3159 in
1049 3119 1112 3159 ea
1157 3106 1420 3175 culpabile
1452 3106 1752 3174 videbatur,
1782 3107 1895 3177 ipse
1936 3122 2122 3186 repre-

542 3197 725 3254 hendit
766 3211 925 3268 atque
951 3200 1204 3255 correxit.
1250 3200 1378 3255 Nam
1423 3201 1467 3255 si
1499 3216 1657 3255 nemo
1700 3202 1911 3270 sapiens
1942 3202 2123 3258 Eccle-

2228 2021 2358 2076 ergo
2388 2007 2627 2077 synodus
2646 2045 2662 2073 ,
2692 2007 2737 2061 si
2780 2022 2888 2061 non
2916 2006 3286 2077 Theodorum,
3334 2008 3459 2076 quia
3487 2006 3538 2061 ih
3568 2008 3821 2063 Ecclesia.-

2224 2111 2352 2166 pace
2398 2097 2683 2151 defunctus
2728 2104 2837 2162 est;
2892 2111 3066 2167 neque
3112 2105 3278 2151 totam
3328 2099 3444 2169 ejus
3490 2098 3820 2162 doctrinam,

2223 2188 2472 2257 quoniam
2505 2188 2667 2241 multa
2704 2198 2850 2242 recte
2882 2189 3093 2243 locutus
3117 2197 3232 2256 est,
3270 2188 3385 2257 ipsa
3415 2198 3564 2244 certe
3592 2204 3717 2259 qua:
3747 2189 3824 2243 of-

2223 2277 2445 2331 l‘eudunt
2472 2276 2589 2346 ejus
2634 2277 2774 2331 dicta
2815 2278 3099 2333 damnare.
3145 2276 3577 2349 Primum'cujus
3605 2279 3824 2349 synodi,

2225 2381 2281 2425 ut
2310 2373 2413 2425 hoc
2456 2370 2676 2437 faceret,
2708 2380 3027 2441 sequeretur
3057 2371 3404 2441 exemplum?
3432 2370 3539 2425 Sed
3568 2372 3828 2426 ostenda-

2225 2475 2313 2519 tur
2359 2465 2615 2535 qua-libet
2644 2465 2885 2535 synodus
2933 2464 3162 2532 alicujus
3201 2463 3496 2518 doctissimi
3527 2463 3627 2517 viri
3666 2474 3731 2518 ‘et
3776 2466 3825 2516 iu

2227 2554 2464 2613 Ecclesia
2493 2557 2913 2627 perseverantis,
2941 2555 3082 2613 dicta
3100 2572 3167 2612 ex
3189 2556 3369 2611 multis
3390 2556 3644 2625 decerpta
3677 2555 3828 2608 dam-

2226 2663 2404 2716 nasse,
2438 2657 2494 2703 et
2522 2647 2595 2702 ita
2630 2647 2822 2704 saltem
2861 2647 2929 2702 de
2954 2646 3185 2702 concilio
3230 2646 3657 2702 Chalcedonensi
3689 2661 3825 2713 que-

2224 2750 2431 2794 rantur.
2462 2739 2667 2794 Deinde
2712 2739 2929 2809 quando
2964 2740 3343 2795 evolverentur
3372 2746 3450 2793 tot
3482 2737 3608 2791 libri
3641 2739 3826 2793 'I'heo-

2225 2828 2378 2894 dori,
2422 2839 2473 2883 ut
2508 2829 2561 2883 in
2591 2828 2670 2883 eis
2714 2827 3123 2899 diligentissime
3152 2838 3310 2898 atque
3352 2828 3831 2898 scrupulosissime

2225 2929 2557 2991 quaereretur
2586 2920 2730 2991 quod
2761 2919 2998 2990 legentes
3040 2929 3223 2990 posset
3264 2918 3575 2975 offendere?
3605 2919 3741 2974 Nam
3784 2918 3827 2973 si

2229 3013 2529 3069 iaciendum
2572 3021 2749 3081 esset,
2779 3013 2955 3069 omnia
2985 3014 3185 3083 scripta
3214 3014 3329 3083 ejus
3350 3012 3537 3068 debuit
3583 3015 3830 3084 synodus

2230 3105 2316 3161 illa
2344 3106 2633 3175 discutere,
2658 3120 2726 3161 ne
2752 3106 2795 3159 si
2823 3121 2944 3160 eum
2974 3120 3038 3160 ex
3065 3116 3216 3176 parte
3244 3107 3697 3177 reprehenderet,
3729 3124 3831 3180 ap-

2229 3199 2487 3269 probasse
2526 3207 2722 3254 caztera
2755 3195 3065 3254 videretur:
3098 3207 3153 3254 et
3179 3199 3321 3269 quod
3351 3209 3560 3270 tempus
3608 3202 3677 3256 ad
3711 3204 3833 3258 hac

538 3292 669 3345 siam
708 3290 880 3345 credit
927 3292 1231 3346 htereticam
1254 3335 1269 3356 ,
1316 3292 1441 3361 quia
1489 3292 1793 3349 doctrinam
1842 3294 1983 3349 beati
2026 3292 2129 3365 Cy-
2157 3286 2199 3347 Ο
2233 3290 2543 3346 sufﬁceret?
2573 3291 2655 3345 vel
2686 3290 2897 3360 quando
2920 3306 3016 3361 per
3044 3291 3250 3362 singula
3275 3300 3539 3347 tantorum
3570 3294 3833 3349 sacerdo-

539 3382 707 3450 priani
736 3382 1189 3453 Carthaginiensis
1232 3384 1471 3453 episcopi
1519 3395 1575 3440 et
1616 3384 1865 3456 martyris
1910 3384 2126 3451 laudat,

539 3489 658 3527 cum
690 3475 780 3530 ille
807 3491 910 3530 non
939 3476 1109 3530 solum
1142 3478 1413 3545 privatim,
1443 3486 1501 3533 ut
1531 3477 1580 3533 ei
1612 3478 1785 3533 visum
1817 3488 1919 3546 est,
1945 3496 2127 3534 verum

541 3566 698 3621 etiam
729 3579 1052 3639 congregato
1086 3571 1338 3635 concilio,
1370 3571 1635 3626 deﬁnierit
1672 3582 1729 3626 ut
1757 3572 1931 3627 omnis
1960 3571 2130 3628 barre-

540 3660 678 3713 ticus
722 3660 790 3715 ad
834 3661 1125 3716 Ecclesiam
1174 3663 1391 3718 rediens
1440 3660 1773 3734 baptizetur,‘
1812 3675 1865 3721 et
1910 3677 2129 3737 propter

542 3750 645 3806 hoc
669 3753 910 3821 culpatus
932 3753 999 3807 ab
1024 3754 1297 3823 Stephano
1325 3755 1564 3811 antistite
1588 3755 1827 3810 Romano
1850 3757 2125 3825 restiterit,

542 3859 797 3915 suamque
826 3847 1141 3901 sententiam
1183 3847 1423 3903 scribens
1451 3847 1720 3920 (Cyprian.
1744 3850 1892 3921 epist.
1931 3850 2019 3923 I4)
2062 3853 2126 3905 ad

542 3934 889 4005 Pompeium,
937 3949 1133 4004 quanta
1173 3940 1344 4007 potuit
1389 3938 1619 3992 humana
1670 3942 2127 4009 argumentatione

541 4026 874 4093 defenderit,
916 4027 1175 4098 injuriose
1204 4038 1436 4084 tractans
1466 4030 1713 4086 eumdem
1756 4031 1967 4087 beatum
2009 4034 2128 4090 Ste-

544 4119 800 4187 phanum,
832 4134 861 4171 a
893 4135 998 4189 quo
1043 4119 1211 4174 fuerat
1250 4120 1372 4190 jure
1401 4120 1645 4190 culpatus
1672 4139 1683 4173 :
1716 4125 1986 4192 quomodo
2016 4127 2128 4194 epi-

2236 3392 2346 3439 tum
2376 3399 2631 3440 numerus
2661 3384 2714 3439 in
2757 3399 2916 3439 unam
2960 3387 3278 3440 sententiam
3310 3388 3657 3456 conveniret;
3696 3405 3830 3444 cum

2232 3476 2446 3532 diverso
2476 3476 2637 3531 modo
2668 3488 2944 3531 moveatur
2988 3478 3201 3531 animus
3239 3477 3563 3543 auditorum,
3594 3489 3652 3535 et
3678 3483 3827 3551 quod

2233 3569 2393 3623 alium
2416 3568 2660 3635 otiendit,
2696 3568 2918 3624 meliore
2938 3568 3219 3625 intellectu
3236 3571 3371 3627 alius
3392 3572 3509 3627 sine
3523 3572 3829 3628 oﬂ’eusione

2231 3662 2531 3732 suscipiat?
2581 3662 2780 3719 Verum
2831 3662 2878 3717 si
2930 3677 3036 3718 non
3088 3664 3545 3736 Eutychianorum
3601 3668 3831 3722 arbitrio

2230 3754 2514 3820 serviatur,
2543 3768 2640 3809 cur
2668 3754 2861 3824 aliquis
2891 3753 3034 3810 dicat
3060 3756 3200 3826 quod
3228 3756 3282 3811 in
3309 3756 3397 3811 illa
3420 3758 3633 3827 synodo
3654 3760 3830 3814 solius

2232 3844 2499 3899 Theodori
2526 3844 2700 3911 dicta,
2739 3854 2794 3899 et
2823 3860 2929 3899 non
2970 3847 3206 3899 omnium
3253 3846 3598 3918 antiquorum
3636 3849 3693 3905 in
3726 3849 3834 3904 Et:-

2231 3936 2392 3990 clesia
2423 3934 2532 3990 vita
2564 3935 2932 3991 excedentium
2952 3977 2968 4003 ,
3014 3939 3216 3993 revolvi
3255 3953 3319 3994 ac
3343 3940 3597 3995 ventilari
3622 3940 3831 3996 debue—

2231 4025 2373 4079 riut‘l
2403 4023 2534 4078 Nam
2566 4024 2612 4079 si
2642 4023 2915 4079 Theodori
2958 4034 3160 4080 tantum
3207 4027 3450 4096 quadam
3477 4030 3680 4099 scripta
3709 4029 3838 4083 cul-
3896 4060 3901 4063 -

2229 4123 2411 4185 paret,
2458 4117 2639 4170 omnia
2687 4116 2929 4171 omnium
2978 4119 3306 4187 approbasse
3346 4119 3652 4189 videretur,
3706 4136 3838 4176 cum

542 4211 677 4263 stola
707 4211 1026 4267 venerabilis
1057 4212 1161 4267 Iba:
1194 4213 1338 4282 juste
1367 4214 1639 4270 diceretur
1684 4215 1953 4284 Itmretica,
1984 4220 2124 4288 quod

543 4300 811 4357 Theodori
851 4304 1149 4358 doctrinam
1194 4304 1462 4372 laudavit;
1512 4302 1602 4376 qui
1649 4306 1770 4362 licet
1817 4308 1869 4362 in
1901 4311 2125 4365 concilio

544 4390 675 4445 nihil
704 4393 973 4449 deﬁnierit
1001 4396 1211 4450 teritati
1240 4396 1588 4463 contrarium,
1616 4405 1795 4453 tamen
1825 4398 1984 4454 etiam
2007 4417 2125 4470 qua:

2228 4207 2429 4261 veritas
2445 4220 2549 4261 non
2564 4207 2743 4262 omnia
2764 4208 2955 4263 doceat
2973 4209 3333 4278 approbanda.
3360 4210 3430 4265 Et
3445 4214 3568 4281 quis
3585 4214 3845 4268 omnium

2228 4298 2311 4350 vel
2335 4299 2549 4352 nomina
2578 4297 2713 4352 sciat
2740 4299 2832 4369 qui
2862 4298 2931 4354 de
2957 4299 3259 4355 Christiana
3291 4302 3557 4371 religione
3593 4308 3847 4376 scripse-

2226 4390 2386 4444 runt?
2426 4390 2559 4444 Cum
2599 4404 2728 4462 ergo
2758 4392 2995 4446 omnium
3026 4393 3204 4448 omnia
3247 4396 3486 4467 synodus
3514 4399 3855 4454 examinare

542 4484 787 4550 privatim
815 4485 883 4540 ab
903 4499 967 4539 eo
993 4486 1130 4540 male
1152 4485 1359 4541 fuerant
1385 4489 1706 4559 composita,
1731 4500 1921 4559 sponte
1944 4507 2124 4559 repre-

2229 4496 2334 4535 non
2365 4489 2575 4551 posset,
2610 4496 2714 4536 non
2747 4482 2983 4553 oportuit
3012 4492 3067 4537 ut
3111 4484 3379 4541 Theodori
3412 4487 3557 4543 dicta
3604 4489 3857 4544 damna-

542 4575 747 4646 hendit,
780 4590 834 4633 et
857 4577 944 4633 ubi
970 4578 1038 4635 de
1063 4580 1326 4636 sermonis
1349 4582 1497 4651 lapsu
1520 4580 1587 4635 ab
1610 4581 1733 4636 aliis
1762 4582 2122 4652 reprehensus

2232 4583 2315 4629 ret
2340 4592 2352 4628 :
2377 4576 2631 4644 quoniam
2664 4574 2873 4629 sufﬁcit
2895 4576 3052 4632 nobis
3082 4577 3133 4631 iu
3160 4578 3264 4633 hoc
3285 4580 3537 4647 Apostoli
3564 4586 3858 4638 sententia

539 4674 643 4732 est,
676 4683 780 4723 non
812 4669 1057 4739 injuriam
1087 4672 1290 4727 referre
1313 4714 1327 4738 ,
1360 4673 1453 4727 sed
1484 4671 1831 4728 offensionem
1857 4676 2124 4745 corrigere

2230 4679 2331 4735 qua
2362 4666 2562 4720 dictum
2603 4676 2688 4720 est
2718 4682 2733 4719 :
2768 4666 2957 4719 Omnia
2990 4669 3232 4737 probate;
3274 4672 3412 4740 quod
3438 4672 3632 4726 bonum
3662 4683 3733 4727 est
3757 4684 3859 4727 ιρ-

544 4760 884 4825 prOperavit?
910 4761 1071 4829 Igitur
1090 4761 1228 4815 sicut
1251 4761 1507 4829 Ecclesia,
1531 4776 1636 4817 non
1658 4758 1961 4833 ap'probans
1984 4765 2124 4819 beati

2230 4758 2342 4811 n'ete
2372 4755 2423 4827 (ι
2452 4756 2630 4812 Thess.
2656 4774 2709 4826 v,
2741 4757 2858 4830 2|).
2889 4760 3039 4825 Quod
3082 4761 3125 4815 si
3157 4776 3265 4814 non
3294 4759 3485 4817 fuisset
3512 4767 3628 4819 hac
3668 4766 3859 4829 ratio,

541 4850 792 4920 Cypriani
821 4851 1042 4920 ejusque
1082 4854 1495 4922 prmdecessoris
1526 4854 1801 4923 Agrippini
1832 4863 1887 4921 ιγ
1909 4856 1996 4926 qui
2028 4856 2127 4912 boc
2231 4848 2347 4918 quis
2374 4847 2538 4917 judex
2580 4848 2860 4904 medcstus
2895 4856 2951 4905 et
2997 4849 3262 4918 prudens,
3302 4853 3407 4906 nisi
3434 4855 3507 4908 de
3536 4856 3861 4924 propositis

541 4953 662 4995 ante
682 4951 963 5010 statuerat,
994 4944 1061 4998 de
1089 4944 1420 5012 baptizandis
1462 4947 1710 5000 omnibus
1735 4946 2005 5003 haereticis
2030 4949 2124 5004 de-

2231 4939 2409 4994 eauais
2439 4949 2493 4994 et
2513 4940 2899 5009 quaestionibus
2918 4941 3159 5011 judicet?
3183 4943 3254 4996 At
3273 4956 3395 4997 cum
3418 4945 3553 5000 nihil
3573 4947 3861 5017 episcopo

542 5033 862 5097 ﬁnitionem,
897 5050 1003 5089 non
1053 5036 1226 5089 solum
1260 5037 1435 5105 ipsos,
1464 5036 1558 5091 sed
1588 5047 1643 5092 et
1671 5053 1858 5092 omnes
1887 5039 1977 5108 qui
2006 5054 2127 5094 cum
2235 5029 2341 5084 Ιδτε
2373 5042 2713 5087 aceti-5310798
2739 5033 3033 5103 Objicerem
3059 5036 3127 5090 de
3167 5034 3321 5089 ίθυάθ
3347 5038 3619 5095 Τιιθοιίοτί
3642 5044 3694 5096 in
3719 5041 3863 5098 Ec-

542 5123 644 5177 illis
688 5124 787 5178 hoc
817 5124 1142 5180 deﬁnierunt
1186 5126 1470 5194 episc0pos
1531 5135 1712 5197 patres
1761 5128 2013 5196 ascribit,
2045 5144 2132 5184 eo-
2234 5126 2411 5183 clesite
2434 5129 2810 5183 communione
2851 5128 3112 5195 defuncti,
3150 5133 3393 5201 nunquid
3425 5136 3663 5204 Oportuit
3696 5152 3859 5193 san-

543 5229 765 5282 rurnque
792 5214 948 5269 ﬁdem
978 5224 1137 5285 atque
1177 5216 1512 5287 doctrinam,
1539 5227 1595 5274 et
1622 5220 1854 5276 maxime
1879 5220 2130 5292 Cypriani
2232 5227 2372 5272 ctam
2399 5221 2682 5289 synodum,
2715 5236 2811 5291 pro
2855 5221 2959 5279 ﬁde
2998 5239 3061 5278 ac
3087 5240 3219 5295 pace
3259 5233 3528 5297 generalis
3564 5233 3867 5290 [ἐπιδεέες

615 5443 638 5471 ο
681 5434 780 5502 Qui
822 5434 1022 5503 primus
1066 5437 1307 5490 omnium
1341 5440 1678 5505 mortalium,
1726 5449 1786 5495 ut
1820 5440 2128 5496 Vincentius

540 5503 838 5560 Lirinensis
856 5506 920 5579 in
939 5507 1372 5579 Commonitorio
1402 5503 1673 5579 Iiscribit,
1694 5514 2124 5579 rebaptizandum

539 5590 663 5630 esse
682 5576 1393 5650 censuit._Pr:edecessorem
1422 5578 1673 5649 Cypriani
1700 5576 1954 5650 appellat,
1988 5586 2127 5638 sicut

540 5649 869 5718 Augustinus
917 5647 1009 5702 lib.
1043 5663 1078 5700 ll
1126 5650 1194 5701 de
1240 5647 1511 5717 Baptistno
1556 5647 2121 5718 tontraDonatistas,

543 5732 659 5784 tap.
696 5719 748 5771 7.
794 5717 997 5783 Quotus
1024 5726 1205 5772 autem
1245 5718 1312 5771 ab
1350 5720 1643 5788 Agrippino
1682 5720 1977 5790 Cyprianus
2004 5740 2126 5781 suc-

2232 5442 2609 5517 ce_s.«erit,rnon
2634 5441 2820 5514 liquet.
2846 5445 3027 5517 Longo
3058 5448 3341 5504 intervallo
3366 5455 3693 5509 successisse
3712 5462 3875 5515 Cve

2236 5513 2448 5589 prianus
2483 5516 2594 5580 ipse
2620 5513 2703 5589 est
2742 5526 2924 5589 auctor
2963 5513 3200 5586 cpistola
3250 5522 3314 5572 25
3360 5523 3426 5577 ad
3474 5513 3873 5589 Jubaianuds,

2230 5581 2527 5669 Multi-jam
2554 5586 2677 5638 anni
2718 5586 2837 5667 sunt
2871 5595 2921 5640 et
2960 5581 3112 5669 longe
3137 5599 3265 5669 tetas
3288 5609 3370 5669 _e:r:
3394 5612 3495 5663 quo
3521 5599 3613 5649 sub
3643 5581 3887 5669 Agri};

2230 5656 2364 5746 pint}.
2396 5658 2539 5746 bona
2584 5656 3232 5746 meritoriis-convenientis
3281 5664 3335 5718 in
3388 5656 3545 5720 ἀπιηι
3596 5656 3883 5746 (νᾶεςοῇ

2230 5726 2437 5792 plurimi
2461 5728 2554 5780 hoc
2580 5735 2887 5784 statuerunt.

616 5873 633 5904 ⁸
675 5874 805 5926 Cod.
844 5873 1061 5946 Veron.,
1093 5884 1289 5943 scrpta
1327 5877 1639 5936 Nestorium
1670 5882 1929 5939 dicuntur.
2072 5922 2076 5927 -
2303 5881 2323 5911 ³
2361 5880 2503 5937 Idem
2537 5882 2681 5951 COd-.
2714 5896 2787 5939 “-
