3978 6350
215 295 305 348 ΤΠ
1075 294 1206 350 PRO
1247 292 1668 350 DEFENSIONE
1708 290 1924 346 TRIUM
1965 290 2277 348 CAPITUL.
2320 293 2447 347 LIB.
2493 293 2558 348 Χ.

3375 303 3478 358 778

211 416 603 478 congrcgnlaul,
630 420 821 460 novatn
855 407 908 459 in
938 406 1140 476 privata
1163 421 1326 460 causa
1365 407 1506 461 inter
1534 407 1797 474 litigantes
1824 405 1872 463 Α
1903 404 2100 460 viorem
2134 405 2395 458 inveniret
2432 418 2646 473 causam
2691 404 2831 460 illius
2874 415 3074 462 sanctae
3101 409 3288 479 synodi
3320 425 3476 478 quam

211 503 499 558 immittere
529 499 877 567 quaestionem
901 542 913 564 ,
947 506 999 551 et
1042 497 1095 550 in
1125 513 1186 551 ea
1218 507 1429 565 tempus
1457 495 1800 565 expendere?

211 599 372 665 Quasi
402 612 507 649 non
534 593 809 648 sufﬁceret
835 600 940 645 tam
965 593 1112 661 gravi
1145 608 1208 646 ac
1246 593 1494 646 diuturna
1524 589 1802 644 collisione

210 691 263 746 in
289 687 448 743 tantis
471 701 565 741 eos
586 683 801 750 iudiciis
823 682 1080 751 litigasse,
1110 691 1166 737 ut
1191 683 1390 751 aliquid
1418 682 1566 750 pejus
1585 689 1638 735 et
1664 680 1800 748 ipsa,

214 783 294 835 vel
323 786 693 834 accusatorum
731 774 1074 843 pertinacize,
1115 773 1197 829 vel
1243 773 1526 828 calamitati
1568 771 1804 840 episcopi

214 872 300 940 qui
333 868 708 933 accusabatur,
741 865 1039 934 adjiceret:
1075 864 1371 939 praesertim
1413 877 1533 917 cum
1580 862 1671 916 ille
1711 861 1803 915 de-

215 957 447 1029 ltloi-aret
476 957 542 1011 de
573 956 770 1025 pietate
800 964 998 1008 sanctae
1027 954 1218 1024 synodi
1247 954 1506 1008 auxilium
1537 966 1799 1022 quaareus,

215 1051 356 1120 quod
383 1049 494 1119 jam
517 1049 586 1102 9.0
611 1057 664 1102 et
687 1047 916 1117 amplius
947 1061 1193 1102 carceres
1217 1053 1499 1112 mutasset,
1523 1054 1577 1101 et
1602 1045 1665 1099 ad
1687 1059 1804 1100 eam

216 1142 279 1198 de
304 1142 372 1194 40
415 1139 779 1195 mansionibus
827 1139 1153 1193 advenisset.
1201 1138 1332 1204 Quis
1373 1139 1477 1192 hoc
1529 1136 1804 1191 hominum

216 1245 411 1302 praeter
441 1233 806 1303 Eutychiauos
828 1231 993 1297 dicat,
1021 1245 1155 1300 quos
1183 1231 1319 1284 ratio
1346 1228 1502 1284 simul
1533 1229 1808 1297 pietasque

216 1327 485 1388 deseruit,
513 1335 566 1378 et
598 1324 651 1378 in
683 1324 877 1393 quibus
906 1338 1100 1377 nomen
1132 1323 1307 1378 solum
1339 1322 1594 1376 remansit
1623 1321 1808 1375 huma—

217 1398 384 1472 num?
417 1414 719 1469 Meminerit
770 1423 948 1467 autem
993 1413 1160 1467 lector
1190 1412 1330 1480 quod
1363 1412 1478 1466 haec
1525 1413 1577 1466 in
1622 1411 1809 1466 defen-

218 1507 428 1562 sionem
473 1520 683 1573 magnae
725 1505 953 1575 synodi,
988 1504 1132 1559 nulla
1177 1507 1496 1561 necessitate
1524 1505 1808 1572 compulsi,

220 1597 288 1652 ad
313 1597 729 1653 conculcandam
761 1603 816 1650 et
845 1596 1056 1665 penitus
1081 1595 1462 1651 conterendam
1499 1597 1810 1651 vecordium

223 1689 681 1760 Eutychianorum
733 1688 1036 1757 superbiam
1092 1688 1403 1743 dixerimus.
1452 1687 1629 1743 Libuit
1669 1689 1810 1742 enim

1902 494 2178 549 beatorum
2221 495 2402 566 Cyrilli
2433 505 2487 550 et
2522 497 2716 550 Procli.
2744 496 2873 550 Nam
2905 497 2989 552 vel
3010 498 3087 567 si,
3117 507 3176 553 ut
3201 499 3478 566 dedimus,

1902 597 2240 641 accusaretur
2271 587 2408 655 apud
2458 588 2601 642 illam
2643 588 2993 657 Theodorus,
3047 589 3230 645 levius'
3256 602 3399 648 esset
3428 602 3486 647 ut

1903 678 2204 733 absolveret
2243 679 2386 732 Ibam
2419 679 2760 748 episcopum,
2792 681 2883 748 qui
2926 696 3045 734 eum
3089 682 3314 736 necdum
3345 683 3484 752 apud

1904 784 1963 823 se
1983 770 2226 838 deposita
2250 770 2586 824 accusatione
2609 769 2899 835 laudasset,
2917 786 3075 840 quam
3099 772 3238 840 quod
3262 773 3448 826 beatus
3464 772 3488 803 ⁸

1905 860 2134 931 Cyrillus
2162 870 2218 916 et
2242 861 2462 916 Proclus
2489 863 2760 928 fecerunt,
2793 863 2880 932 qui
2910 862 3209 918 Orientales
3239 878 3266 914 a
3297 863 3488 931 quibus

1906 950 2048 1005 idem
2076 951 2390 1006 Theodorus
2423 960 2543 1020 post
2568 953 2960 1008 accusationem
2988 953 3238 1009 laudatus
3268 963 3374 1017 est,
3399 955 3488 1022 ju-

1907 1041 2219 1096 dicaverunt
2269 1042 2621 1097 orthodoxos.
2673 1041 2772 1098 Ubi
2822 1055 3000 1099 autem
3052 1044 3265 1112 probari
3317 1053 3490 1112 potest

1909 1132 2212 1202 quisquam,
2245 1134 2453 1188 etiamsi
2485 1149 2609 1189 vere
2637 1135 2795 1189 fuerit
2836 1135 3144 1204 haereticus,
3188 1137 3256 1190 ab
3282 1135 3492 1190 univer-

1911 1229 2010 1282 sali
2056 1230 2262 1298 synodo
2316 1245 2424 1284 non
2465 1229 2486 1260 ⁸
2530 1230 2732 1299 prolata
2787 1232 3130 1286 accusatione
3174 1230 3491 1288 damnatus!

1910 1319 2253 1376 Nam'Patres
2297 1322 2465 1376 nostri
2495 1332 2717 1376 cunctos
2759 1338 2894 1392 quos
2923 1327 3245 1393 expulerunt
3292 1327 3497 1385 haereti-

1910 1425 2033 1478 cos,
2088 1411 2234 1480 prius
2281 1413 2675 1468 admonuerunt
2735 1428 2925 1483 sapere
2977 1418 3230 1484 meliora;
3300 1419 3497 1475 deinde

1913 1502 2445 1570 condemnationem,
2494 1505 2537 1557 si
2584 1519 2690 1559 non
2731 1506 3141 1576 resipiscerent,
3190 1512 3497 1566 comminati

1915 1593 2058 1659 su'nt,
2092 1595 2280 1650 dantes
2304 1596 2382 1650 eis
2403 1596 2564 1650 etiam
2589 1597 2848 1651 traCIaudi
2873 1613 3051 1653 secum
3080 1599 3340 1666 inducias,
3364 1601 3499 1659 sicut

1919 1685 2276 1739 necessarium
2308 1685 2606 1740 videbatur.
2637 1685 2752 1739 Non
2785 1685 2900 1742 hazc
2940 1687 3139 1757 absque
3182 1689 3502 1745 documento

222 1759 381 1834 nobis
422 1781 642 1836 illudere
671 1782 774 1836 illis
796 1823 810 1848 ,
841 1791 898 1836 et
938 1783 1006 1835 ita
1037 1795 1252 1836 causam
1293 1783 1650 1846 constituere,
1693 1790 1813 1834 tan-
1844 1759 1890 1818 Β
1913 1773 2202 1843 iactamus.
2232 1777 2566 1830 Atlestantur
2595 1775 2747 1831 nobis
2775 1779 3018 1846 exempla
3049 1779 3332 1848 majorum,
3365 1796 3502 1849 quo-

222 1885 382 1939 quam
431 1871 751 1926 Theodorus
819 1873 994 1942 aliqua
1063 1872 1348 1940 culpabilia
1409 1872 1650 1926 scribens
1703 1886 1810 1926 non

222 1962 624 2028 emendaverit,
658 1973 710 2017 et
740 1979 845 2016 non
888 1964 1060 2017 solum
1091 1962 1344 2031 prredicm
1375 1961 1610 2032 synodus
1652 1960 1813 2016 Chal-

223 2055 550 2110 cedonensis
597 2070 658 2110 ea
708 2059 1049 2125 cognoverit,
1097 2069 1198 2110 nec
1233 2055 1424 2110 melius
1471 2054 1812 2122 interpretari

226 2149 461 2218 potuerit
484 2192 498 2214 ,
529 2161 710 2201 verum
759 2147 918 2201 etiam
949 2146 1276 2201 venerabilis
1310 2147 1426 2201 lbas
1473 2145 1587 2199 hzec
1628 2144 1813 2199 eadem

227 2255 336 2292 non
364 2238 615 2309 ignorans
643 2239 760 2308 ejus
799 2239 1097 2293 doctrinam
1124 2239 1416 2293 laudaverit
1441 2256 1455 2292 :
1486 2251 1711 2306 quorum
1738 2235 1818 2290 ni-

229 2329 304 2383 hil
333 2330 612 2398 probatum
644 2338 753 2392 est,
784 2330 877 2385 sed
910 2344 1005 2383 nos
1034 2329 1148 2385 lucc
1180 2331 1315 2383 ultro
1343 2328 1730 2390 concessimus,
1758 2335 1818 2380 ut
1853 2341 1858 2346 ·

230 2436 328 2488 per
358 2420 459 2475 hoc
488 2420 716 2489 amplius
752 2431 1037 2490 appareret
1065 2436 1222 2491 quam
1266 2423 1427 2475 stufte
1458 2418 1617 2474 iidem
1649 2417 1818 2488 Euty-

230 2513 407 2567 chiani
443 2513 508 2567 de
538 2514 801 2567 sententia
831 2513 1021 2584 synodi
1051 2528 1213 2582 super
1234 2512 1458 2582 epistola
1485 2511 1588 2565 lbze
1616 2509 1818 2580 prolata

230 2609 545 2666 querantur,
574 2601 822 2668 quoniam
860 2602 874 2632 ¹
924 2616 991 2656 ne
1032 2601 1115 2656 his
1142 2600 1357 2669 quidem
1398 2600 1648 2656 omnibus
1689 2611 1821 2652 con-

229 2691 398 2746 cessis
428 2689 868 2758 reprehensibilis
892 2692 1230 2760 probaretur.

854 2867 1077 2924 CAPUT
1117 2868 1207 2925 IV.

236 3000 388 3067 Quod
446 2998 771 3054 Theodorum
823 2990 1072 3070 synodus,
1116 3000 1160 3054 si
1204 3002 1342 3069 apud
1397 3014 1509 3055 eam
1555 3012 1822 3058 accusatus

306 3071 506 3143 fuisset,
537 3070 781 3143 damnare
809 3081 920 3140 post
948 3080 1158 3125 mortem
1203 3071 1258 3125 in
1297 3071 1540 3128 Ecclesia:
1577 3087 1703 3143 pace
1728 3073 1818 3127 de-

305 3142 334 3209 Ῑ
335 3151 536 3193 unctum
561 3157 660 3194 non
692 3139 936 3195 debuerit.

308 3296 520 3366 Aliquid
553 3305 729 3352 tamen
755 3307 809 3353 et
839 3296 955 3352 istis
985 3297 1294 3366 adjicimus,
1343 3306 1400 3353 ut
1425 3299 1566 3368 quod
1608 3298 1819 3368 penitus

236 3386 436 3440 factum
467 3403 573 3441 non
613 3395 727 3451 est,
760 3387 843 3442 vel
870 3387 1211 3442 Theodorum
1231 3433 1246 3458 ,
1282 3389 1367 3445 vel
1397 3390 1570 3458 ipsum
1597 3405 1820 3446 venera-

235 3475 399 3529 bilem
437 3473 614 3542 lbam,
644 3476 712 3531 de
739 3475 1011 3531 Theodori
1039 3477 1195 3533 laude
1225 3493 1485 3548 ponamus
1523 3480 1577 3534 in
1615 3479 1820 3551 synodo

235 3576 562 3620 accusatum.
596 3567 651 3622 Si
683 3583 810 3637 ergo
839 3579 1056 3638 propter
1085 3570 1186 3624 hoc
1214 3571 1468 3626 haeretica
1490 3571 1716 3626 dicenda
1737 3580 1822 3626 est

236 3656 334 3709 illa
367 3656 639 3726 synodus,
685 3657 826 3726 quod
857 3659 978 3727 ejus
1017 3661 1294 3729 epistolam
1325 3660 1662 3715 Theodorum
1709 3661 1820 3714 lau-

235 3746 453 3801 dantem
486 3748 852 3815 pronuntiavit
891 3749 1278 3815 orthodoxam,
1321 3751 1508 3804 beatus
1531 3751 1550 3780 '
1589 3749 1822 3819 Cyrillus

235 3846 293 3892 et
321 3837 561 3903 Proclus,
592 3853 728 3908 quos
751 3839 1014 3896 honorare
1039 3857 1098 3896 se
1128 3842 1352 3911 fingunt,
1383 3843 1448 3897 ab
1473 3844 1690 3898 haeresis
1713 3844 1821 3899 cri-

236 3931 386 3984 mine
412 3931 784 3994 defendentur,
815 3934 905 4001 qui
933 3933 1231 3990 Orientales
1253 3945 1560 3990 accusatum
1592 3935 1733 4005 apud
1762 3951 1822 3992 se

237 4019 581 4075 Theodorum
602 4020 974 4089 defendentes,
1007 4034 1060 4078 et
1088 4026 1254 4078 multo
1279 4025 1506 4095 amplius
1531 4025 1820 4095 prazdican-

239 4121 345 4176 tes,
375 4126 479 4167 non
510 4122 567 4168 ut
597 4113 880 4170 haereticos
909 4116 1316 4186 damnaverunt,
1347 4118 1440 4173 sed
1467 4119 1641 4188 potius
1669 4133 1821 4172 com-

238 4203 565 4258 municando
590 4206 670 4261 eis
702 4207 1054 4263 firmaverunt
1089 4209 1451 4265 ortliodoxos?
1481 4219 1536 4264 ut
1559 4209 1817 4273 omittam,

236 4295 380 4362 quod
413 4296 576 4350 etiam
607 4297 876 4366 ipsorum,
914 4299 964 4354 id
995 4313 1075 4355 est
1102 4301 1281 4370 Cyrilli
1313 4313 1366 4357 et
1397 4302 1602 4367 Procli,
1631 4303 1822 4357 adver-

236 4396 332 4436 sus
377 4385 620 4440 eamdem
668 4387 935 4442 Theodori
977 4391 1372 4446 accusationem
1413 4393 1692 4446 sententiae
1746 4401 1822 4446 te-

1915 1879 2031 1917 rum
2064 1863 2232 1917 forma
2259 1862 2282 1896 ³
2311 1863 2498 1918 beatus
2523 1863 2754 1934 Cyrillus
2784 1875 2838 1920 et
2875 1865 3180 1922 Nestorium
3213 1870 3357 1937 prius
3386 1883 3505 1926 cor-

1922 1963 2156 2020 rectum,
2193 1972 2299 2010 non
2343 1957 2464 2025 quia
2497 1957 2677 2026 lapsus
2708 1968 2856 2023 erat,
2897 1959 2992 2014 sed
3017 1961 3140 2030 quia
3171 1962 3345 2016 noluit
3373 1963 3506 2018 resi-

1922 2045 2150 2115 piscere,
2181 2046 2586 2115 condemnavit;
2618 2059 2673 2104 et
2700 2049 3072 2117 Theodorum,
3105 2052 3196 2122 qui
3226 2065 3505 2110 accusatus

1917 2146 2041 2191 ante
2068 2135 2244 2191 fuerat
2276 2139 2316 2204 ⁸,
2344 2139 2686 2196 condemnari
2717 2141 3009 2211 prohibuit.
3052 2144 3220 2209 Quam
3265 2147 3506 2202 sanitatis

1923 2235 1979 2280 et
2020 2228 2296 2282 modestia:
2339 2229 2573 2297 regulam
2617 2231 2830 2299 quidam
2879 2232 3020 2287 male
3064 2235 3406 2303 transgressi,
3439 2250 3508 2289 ne

1921 2317 2005 2373 vel
2054 2331 2179 2373 sero
2225 2329 2580 2374 conuteantur
2627 2335 2899 2384 errorem,
2950 2321 3133 2376 dicunt
3177 2325 3404 2393 probare
3449 2340 3508 2380 se

1925 2423 2082 2476 posse
2131 2408 2315 2464 nescio
2369 2424 2504 2478 quos
2563 2409 2846 2466 haereticos
2903 2423 3020 2483 post
3071 2422 3295 2469 mortem
3346 2413 3510 2470 fuisse

1921 2499 2247 2554 damnatos:
2281 2501 2432 2568 quasi
2484 2515 2609 2555 vero
2658 2517 2752 2571 per
2798 2503 2902 2556 hoc
2949 2504 3177 2571 probent
3223 2507 3363 2574 quod
3404 2521 3509 2560 non

1920 2590 2082 2644 etiam
2111 2589 2352 2644 viventes
2383 2590 2618 2644 damnati
2663 2591 2804 2657 sint,
2839 2592 2926 2646 vel
2971 2595 3014 2646 si
3046 2605 3282 2649 nostram
3308 2609 3511 2651 memo«

1920 2682 2054 2736 riam
2089 2695 2150 2735 ac
2181 2681 2422 2736 notitiam
2453 2681 2604 2750 fugit.
2639 2682 2751 2736 Non
2781 2682 2921 2737 enim
2945 2685 3228 2753 quisquam
3254 2685 3395 2740 scire
3419 2694 3510 2742 aut

1923 2773 2197 2827 reminisci
2239 2773 2418 2827 omnia
2451 2781 2645 2838 potest,
2677 2773 2800 2842 quia
2833 2788 2932 2830 nec
2957 2776 3135 2829 omnia
3169 2791 3287 2846 qua:
3314 2779 3511 2847 scripto

1923 2863 2171 2918 mandata
2223 2873 2347 2917 sunt
2397 2863 2657 2918 hactenus
2698 2873 3064 2933 perseverant.
3099 2865 3169 2920 Ut
3205 2876 3380 2921 autem
3412 2867 3510 2921 hoc

1923 2955 2168 3008 omittam
2189 2995 2204 3020 ,
2251 2953 2382 3008 illud
2413 2963 2558 3008 certe
2585 2968 2783 3023 negare
2827 2970 2931 3009 non
2975 2963 3229 3025 possunt,
3261 2958 3510 3025 quoniam

1925 3044 2072 3112 prius
2101 3046 2332 3112 correpti
2362 3052 2519 3112 sunt,
2569 3053 2622 3098 et
2667 3045 2719 3098 in
2766 3044 3026 3112 judicium
3072 3046 3321 3113 adducti,
3351 3056 3510 3117 atque

1841 3120 1886 3182 C
1920 3134 2148 3188 convicti
2176 3151 2190 3199 ;
2223 3143 2274 3186 et
2305 3133 2350 3187 si
2379 3144 2436 3187 ut
2466 3133 2844 3202 resipiscerent
2875 3149 2979 3189 non
3005 3136 3111 3190 cito
3140 3137 3350 3204 spoliati
3382 3148 3507 3192 sunt

1921 3225 2216 3279 honoribus
2246 3223 2436 3292 quibus
2463 3224 2517 3277 in
2547 3223 2782 3279 Ecclesia
2811 3223 3186 3294 fungebantur,
3217 3242 3247 3280 a
3275 3229 3505 3282 fraterna

1923 3324 2105 3369 tamen
2148 3313 2528 3368 communione
2577 3314 2768 3368 remoti
2814 3325 2955 3369 sunt.
3008 3315 3142 3383 Quid
3175 3317 3362 3370 horum
3402 3319 3510 3384 jam

1922 3412 2273 3474 praecesserat
2318 3404 2373 3457 in
2417 3403 2740 3468 Theodoro,
2791 3414 2847 3459 ut
2895 3421 3017 3460 eum
3065 3408 3300 3475 synodus
3349 3410 3509 3463 etiam

1920 3497 2060 3566 apud
2087 3511 2146 3551 se
2188 3506 2494 3551 accusatum
2523 3496 2894 3564 adjudicaret?
2921 3497 2974 3552 Si
3001 3498 3122 3568 quis
3151 3507 3326 3553 autem
3357 3499 3508 3553 affir-

1922 3596 2034 3640 mat
2077 3587 2284 3657 aliquos
2331 3597 2454 3644 ante
2501 3589 2892 3644 correctionem
2942 3590 3008 3645 ab
3053 3589 3288 3644 Ecclesia
3341 3591 3506 3647 fuisse

1921 3678 2235 3744 damnatos,
2277 3694 2382 3734 non
2425 3689 2529 3734 tam
2575 3681 2718 3748 ipsos
2748 3697 2906 3751 quam
2939 3683 3388 3738 condemnatorcs
3416 3698 3509 3739 eo-

1923 3784 2040 3823 rum
2083 3770 2269 3825 Patres
2310 3779 2522 3826 nostros
2550 3774 2846 3828 contrarios
2877 3775 3132 3842 Apostolo
3162 3764 3386 3830 conatur
3415 3792 3504 3846 op-

1924 3875 2126 3930 ponere
2147 3900 2163 3925 ,
2192 3862 2280 3930 qui
2326 3878 2431 3917 non
2462 3862 2560 3916 nisi
2597 3872 2715 3930 post
2745 3879 2902 3917 uuam
2935 3873 2987 3918 et
3013 3867 3300 3920 secundam
3329 3881 3510 3922 corre-

1926 3950 2160 4020 ptionem
2189 3953 2345 4010 vitari
2369 3953 2521 4020 jubet
2561 3953 2868 4008 ltmreticum
2895 3955 3022 4025 (Tit.
3057 3972 3144 4021 Ill,
3174 3957 3282 4024 10).
3314 3957 3508 4012 Verum

1925 4042 2081 4110 longe
2112 4042 2250 4096 absit
2271 4057 2300 4096 a
2324 4043 2478 4097 nobis
2504 4044 2522 4074 "
2551 4043 2692 4112 quod
2718 4044 2982 4100 catholica
3012 4055 3065 4100 et
3090 4043 3384 4115 apostolica
3415 4047 3510 4102 Ec:

1925 4133 2088 4188 clesia
2121 4134 2380 4202 Apostolo
2430 4133 2589 4189 fuerit
2615 4135 2901 4205 aliquando
2947 4135 3254 4191 contraria!
3285 4135 3342 4191 Si
3383 4138 3508 4204 quid

1927 4239 2054 4293 ergo
2095 4225 2232 4294 apud
2285 4239 2378 4280 eos
2426 4226 2567 4280 valet
2615 4225 2890 4280 modestia:
2935 4237 2990 4281 et
3027 4227 3228 4281 ordinis
3275 4227 3390 4295 ejus
3420 4243 3512 4281 au-

1925 4315 2176 4381 ctoritas,
2228 4330 2384 4383 quem
2416 4317 2706 4372 salubriter
2749 4317 2816 4371 ab
2860 4317 3116 4385 Apostolo
3162 4319 3508 4373 constitutum

1928 4407 1979 4460 in
2012 4408 2279 4462 hrereticis
2309 4410 2573 4465 evitandis
2595 4452 2609 4474 ,
2658 4411 2708 4463 id
2739 4420 2822 4465 est
2864 4411 3244 4476 excludendis,
3295 4428 3509 4480 semper

238 4483 491 4574 "famfri
540 4477 681 4574 (lUOd
713 4493 811 4574 ηςο
831 4477 1006 4574 Alli”,
1057 4493 1155 4574 ξὶθε
1191 4481 1304 4548 eius
1334 4481 1474 4574 ille“?
1518 4481 1820 4574 damnaﬂda
1850 4484 1899 4544 Ι)
1929 4499 2124 4562 tenuit,
2151 4500 2398 4554 desinant
2423 4515 2546 4554 cum
2575 4502 2687 4556 suis
2718 4503 3145 4556 contentionibus
3173 4477 3508 4574 impugnare.

236 4561 365 4617 sint.
399 4565 658 4630 Quocirca
690 4571 771 4624 vel
800 4570 845 4623 si
883 4569 1236 4638 Theodorus,
1273 4573 1354 4626 vel
1384 4572 1666 4641 episcopus
1703 4572 1823 4626 lbas

237 4667 585 4712 accusaretur
614 4659 666 4713 in
695 4660 902 4731 synodo
927 4675 1026 4730 pro
1060 4659 1218 4716 laude
1246 4662 1534 4728 Theodori,
1566 4677 1670 4718 non
1701 4678 1823 4731 pos-

233 4754 322 4798 set
349 4745 431 4822 _ab
467 4747 814 4818 Eutychianis
855 4751 1040 4808 eadem
1093 4751 1329 4821 synodus
1367 4754 1638 4818 accusari,
1681 4755 1823 4824 quod

235 4836 387 4890 illam
414 4839 694 4906 epistolam
726 4845 1089 4910 pronuntiavit
1118 4845 1497 4911 orthodoxam,
1530 4847 1630 4902 nisi
1661 4848 1820 4902 etiam

234 4923 471 4996 Cyrillus
503 4937 556 4982 et
585 4928 807 4986 Proclus
832 4944 1228 5006 consequenter
1251 4947 1648 5002 accusarentur,
1677 4939 1819 5007 quod

231 5013 594 5085 iudicaverint
634 5019 932 5079 Orientales
974 5028 1338 5092 ortliodoxos,
1385 5027 1474 5096 qui
1515 5037 1821 5082 accusatum

233 5106 380 5176 apud
428 5123 490 5164 se
536 5109 879 5170 Theodorum
928 5117 1277 5174 defendentes
1320 5119 1480 5174 etiam
1536 5120 1820 5189 prmcipuls

233 5197 486 5252 laudibus
519 5202 840 5259 extulerant.
879 5205 934 5261 Si
975 5209 1096 5276 quis
1134 5220 1312 5263 autem
1343 5208 1513 5263 adhuc
1546 5209 1703 5278 paulo
1741 5219 1822 5264 at-

235 5291 440 5348 tentius
481 5296 644 5363 partis
683 5299 964 5370 utriusque
1005 5313 1271 5359 momenta
1311 5303 1696 5375 perpenderet,
1742 5304 1819 5360 le-

312 5495 329 5570 ξ
373 5494 506 5570 ςρά.
542 5497 760 5570 Veron,
785 5503 992 5570 quando
1012 5521 1072 5559 ne
1100 5504 1198 5558 Itis.

308 5565 330 5596 ⁸
378 5564 519 5619 Idem
543 5569 688 5632 cod.,
717 5564 872 5625 beati.

307 5632 331 5703 ξ
371 5633 512 5688 Idem
540 5637 684 5703 cod.,
713 5640 868 5694 beati.

309 5691 330 5716 ⁵
372 5705 428 5759 lu
453 5707 644 5761 eodem
671 5691 975 5766 'codirdeest
1003 5731 1122 5769 non.

520 5819 790 5884 Panos.
839 5825 1082 5889 LXVII.

1927 4588 2041 4642 Non
2070 4590 2213 4644 enim
2254 4601 2493 4644 sanctam
2525 4591 2807 4660 synodum,
2841 4607 2959 4660 quae
3004 4592 3132 4645 nihil
3161 4602 3345 4647 contra
3376 4609 3510 4648 con-

1926 4677 2258 4731 suetudinem
2285 4679 2534 4733 Ecclesia:
2560 4678 2780 4745 faceret,
2817 4681 3026 4735 etiamsi
3044 4689 3349 4736 accusatum
3371 4685 3510 4752 apud

1927 4779 1987 4820 se
2015 4766 2354 4822 Theodorum
2389 4784 2492 4822 non
2516 4769 2824 4835 damnaret;
2857 4771 2948 4826 sed
2990 4772 3164 4839 potius
3189 4773 3511 4841 universam,

1925 4856 2077 4923 cujus
2106 4855 2333 4911 formam
2370 4868 2708 4927 sequeretur,
2753 4861 3065 4930 impugnant
3099 4862 3412 4919 Ecclesiam.
3447 4869 3515 4920 At

1927 4946 2014 5001 isti
2032 4960 2495 5017 argumentantur,
2516 4960 2568 5006 et
2590 4951 2772 5007 dicunt
2796 4955 2844 5006 in
2865 4955 2964 5009 huc
2978 4955 3316 5011 Theodorum
3334 4960 3400 5013 ab
3427 4959 3514 5014 Ec-

1927 5039 2089 5093 clesia
2118 5039 2283 5095 fuisse
2303 5041 2610 5111 depulsum,
2635 5045 2888 5112 quoniam
2918 5047 3087 5100 sancti
3116 5047 3298 5103 Patres
3325 5049 3374 5104 in
3401 5053 3514 5106 suis

1929 5129 2078 5183 libris
2101 5145 2235 5200 quos
2263 5133 2508 5199 privatim
2541 5135 2896 5204 scripserunt,
2927 5138 3274 5206 culpaverunt
3300 5155 3392 5195 eos
3422 5143 3512 5211 qLi

1931 5223 2051 5275 talia
2075 5233 2327 5292 saperent
2345 5226 2522 5294 qualia
2541 5228 2784 5295 sapuisse
2799 5230 2992 5284 dicitur
3015 5229 3154 5286 idem
3176 5231 3512 5287 Theodorus.

1930 5311 2188 5381 Equidem
2213 5317 2458 5384 superius
2477 5315 2608 5386 jam,
2637 5333 2741 5373 non
2770 5320 2940 5374 solum
2965 5321 3272 5377 testimoinio
3293 5336 3516 5393 magno-

1960 5503 2020 5628 .u'
2063 5505 2206 5629 ldein
2247 5509 2394 5574 cod.,
2429 5527 2641 5576 quorum
2678 5513 2844 5580 forma
2878 5516 3162 5568 custodiens
3209 5515 3378 5568 beatus
3408 5511 3515 5583 Cy-

1960 5593 1968 5627 ι
2017 5593 2098 5629 us.
2124 5594 2151 5629 e
2178 5592 2226 5629 c.

1926 5591 2098 5639 riuus,
2124 5591 2226 5630 etc.

2000 5645 2020 5718 ξ
2058 5645 2203 5718 idem
2230 5649 2350 5704 cod.
2371 5690 2385 5712 ,
2415 5665 2514 5702 non
2539 5651 2724 5718 fuerat.

1997 5716 2015 5746 τ
2057 5715 2200 5770 Idem
2230 5721 2378 5788 cod.,
2407 5736 2436 5773 α
2463 5715 2603 5774 nobis
2628 5731 2679 5774 ut
2702 5721 2968 5774 credamus
3000 5723 3156 5788 quod.

3007 5854 3089 5914 25
