3978 6350
486 329 588 386 779

1572 313 1865 375 FACUNDI
1906 307 2124 377 EPISC.
2167 306 2681 367 HERMIANENSIS

3673 308 3787 361 730

485 454 604 497 rum
625 437 883 504 virorum,
906 436 1002 495 sed
1022 432 1461 493 etiatndictorum
1475 430 1593 501 eius
1615 431 1914 502 prolatione
1928 442 2073 486 mon-
2110 428 2159 490 Α
2184 426 2334 496 cujus
2364 438 2559 480 nomen
2589 422 2771 477 titulus
2800 420 3037 493 praefert,
3067 420 3200 477 nihil
3237 421 3288 477 ei
3333 422 3404 477 de
3445 421 3547 478 bac
3596 424 3788 480 noStra

485 545 709 593 stratum
725 541 808 590 est
822 528 1093 602 quomodo
1118 527 1387 598 sapuerit;
1417 534 1596 581 tamen
1615 523 1868 594 quoniam
1901 521 2079 589 aliqua

486 642 552 693 ex
578 624 877 681 innumeris
890 621 1004 691 ejus
1020 618 1189 685 libris,
1208 617 1351 673 velut
1368 617 1452 672 his
1470 630 1593 685 quae
1614 613 1932 683 protulimus
1949 625 2083 667 eon-

488 715 670 780 traria,
695 710 1026 769 calumniose
1051 708 1366 777 decerpunt,
1390 714 1446 762 et
1475 718 1572 775 pro
1604 704 1709 760 illis
1737 717 1863 759 eum
1892 701 2080 762 existi-

488 814 768 861 mantesse
782 799 1163 865 damnandum,
1183 798 1513 854 affirmantes
1533 794 1677 865 quod
1699 793 1887 849 Patres
1910 790 2083 849 nostri

489 894 541 951 in
562 895 672 951 suis
686 893 839 950 libris
852 882 979 948 ante
993 898 1312 947 notaverunt
1330 901 1577 957 quosque
1593 884 1723 940 talia
1744 883 2035 939 sentientes
2064 896 2080 937 :

488 986 689 1045 idcirco
722 984 958 1055 ipsorum
998 981 1213 1038 Patrum
1238 980 1436 1037 similia
1480 978 1565 1035 bis
1590 992 1711 1057 quae
1739 976 1959 1045 culpant
1997 988 2085 1030 se-

487 1078 671 1150 quenti
689 1075 957 1133 volumine
981 1072 1324 1146 proferimus.
1344 1079 1403 1127 ut
1422 1085 1548 1127 suas
1569 1068 1870 1125 calumnias
1893 1066 2084 1123 adver-

488 1184 582 1226 sus
605 1182 853 1237 magnum
879 1164 1165 1222 concilium
1192 1154 1522 1232 excogitatas
1551 1160 1789 1230 undique
1831 1158 2081 1227 repulsas

489 1258 770 1328 aspiciant.
801 1256 907 1313 Sed
938 1255 1024 1311 his
1044 1269 1254 1325 quoque
1284 1253 1505 1311 sublatis
1543 1252 1626 1311 vel
1656 1250 1925 1321 paululum
1950 1249 2084 1304 dila-

491 1350 582 1413 tis,
615 1349 686 1415 si,
714 1345 1161 1417 quemadmodum
1183 1343 1391 1410 dicunt,
1404 1342 1516 1414 jam
1544 1351 1671 1397 tunc
1690 1341 1947 1410 expulsus
1968 1348 2083 1401 erat

489 1437 827 1500 Theodorus,
852 1438 1013 1490 etiam
1038 1436 1227 1489 beatus
1245 1432 1502 1504 Cyrillus,
1521 1446 1621 1488 nec
1642 1446 1749 1485 non
1768 1430 2003 1485 Joannes
2030 1438 2084 1485 et

489 1528 726 1589 Domnus
749 1526 1069 1585 Antiocheni
1095 1535 1253 1595 atque
1269 1524 1359 1579 alii
1378 1521 1667 1579 orientales
1695 1521 1934 1590 episcopi
1959 1534 2082 1575 cum

490 1634 557 1676 eo
573 1617 730 1675 simul
752 1617 961 1685 expulsi
983 1624 1130 1683 sunt,
1153 1629 1275 1670 eum
1297 1612 1576 1682 expulsum
1598 1610 1963 1667 condemnare
1977 1623 2082 1663 non

489 1711 754 1777 sinerent;
774 1709 1104 1771 mendaciter
1123 1721 1336 1778 quoque
1352 1704 1678 1770 Nestorium,
1694 1706 1777 1760 vel
1796 1703 1935 1760 idem
1954 1703 2081 1758 beav

2178 513 2494 569 credulitate
2540 511 2982 581 prmjudicantes;
3012 509 3115 565 alia
3146 525 3304 575 vero,
3336 526 3462 566 cum
3502 512 3791 571 damnatio

2180 603 2297 672 ejus
2326 602 2415 673 qui
2446 602 2685 658 creditur
2724 609 2915 655 auctor
2960 601 3015 655 in
3059 600 3263 669 judicio
3306 600 3595 671 ﬂagitator.
3627 602 3791 660 Unile

2182 693 2267 747 vel
2296 694 2339 747 si
2367 693 2574 761 jnraret
2605 692 2707 747 iste
2732 699 3014 746 accusator
3038 690 3307 745 Theodori
3337 705 3456 746 esse
3482 693 3667 748 omnia
3697 696 3788 750 illa

2182 784 2434 851 capitula,
2463 796 2564 839 nec
2595 782 2666 836 ita
2703 782 2943 853 synodus
2970 780 3037 836 ad
3065 779 3532 837 condemnandum
3584 785 3635 838 in
3684 785 3791 840 Ec-

2183 875 2365 929 clesia:
2394 888 2525 946 pace
2554 872 2866 929 defunctum
2906 871 3215 941 iuramento
3261 871 3377 942 ejus
3422 873 3644 930 deberet
3693 877 3792 930 ad-

2184 964 2327 1020 duci.
2355 964 2494 1032 Quid
2533 965 2693 1034 igitur
2719 963 2809 1018 ille
2836 973 3119 1019 accusator
3144 963 3379 1033 amplius
3407 979 3570 1034 agere
3600 976 3790 1034 posset

2185 1072 2347 1127 quam
2379 1065 2546 1112 testes
2571 1057 2738 1112 citare
2774 1056 2949 1111 meriti
2977 1064 3032 1110 et
3056 1056 3260 1111 numeri
3291 1066 3599 1125 competent
3619 1072 3665 1122 s,
3692 1058 3787 1128 qui

2180 1147 2347 1219 jurati
2377 1148 2479 1211 hoc
2511 1149 2685 1218 ipsum
2717 1148 2996 1223 testificari
3018 1149 3254 1207 vellent?
3280 1149 3451 1204 Porro
3478 1166 3649 1221 neque
3680 1150 3789 1207 hoc

2185 1243 2328 1313 quod
2368 1242 2600 1311 amplius
2622 1242 2643 1272 ³
2672 1241 2756 1313 agi
2802 1248 2983 1311 posset
3010 1242 3125 1310 ejus
3154 1241 3586 1298 condemnationi
3635 1244 3791 1298 suffi-

2185 1340 2352 1389 ceret.
2383 1332 2516 1387 Nam
2542 1333 2589 1388 si
2615 1333 2742 1387 dum
2769 1333 2972 1388 viveret
2997 1332 3137 1387 idem
3164 1332 3499 1401 Theodorus,
3522 1333 3790 1393 adversm

2186 1439 2311 1481 eum
2358 1434 2523 1480 testes
2563 1424 2983 1488 adducerentur.
3010 1438 3116 1478 non
3149 1423 3386 1492 Oportuit
3430 1426 3481 1478 in
3520 1423 3786 1495 judicium

2187 1532 2294 1571 non
2323 1516 2636 1573 devocatum
2677 1529 2776 1586 pro
2804 1514 2918 1569 sola
2946 1513 2969 1546 ⁵
3000 1514 3380 1570 testificatione
3414 1513 3694 1571 damnare.
3725 1516 3789 1582 Si

2186 1624 2318 1666 vero
2361 1617 2657 1664 conventus
2686 1607 2772 1661 vel
2802 1616 2983 1661 reatus
3026 1606 3354 1660 conscientia
3380 1608 3464 1662 vel
3505 1617 3789 1663 contuma-

2185 1704 2290 1768 cia,
2320 1700 2577 1755 indictum
2612 1699 2909 1769 prmstolari
2949 1698 3117 1753 nollet
3151 1712 3397 1767 examen,
3422 1699 3530 1768 jam
3561 1716 3668 1755 non
3709 1712 3789 1758 te-

491 1815 576 1859 tus
597 1802 848 1872 Cyr-illus,
873 1800 957 1855 vel
980 1808 1197 1857 sanctus
1221 1797 1544 1854 Coclestinus
1575 1797 1849 1857 Romanus
1868 1794 2079 1864 episco-
2113 1790 2356 1849 Bstibus
2404 1791 2474 1846 de
2520 1795 2763 1853 absente,
2803 1787 2897 1843 sed
2942 1788 3042 1856 ipsi
3089 1786 3157 1844 de
3201 1801 3260 1843 se
3303 1787 3561 1860 judicanti
3609 1791 3787 1859 potius

490 1908 591 1963 pus
616 1892 894 1962 expulisse
921 1890 1191 1949 dicuntur.
1217 1888 1350 1945 Nam
1372 1889 1417 1944 si
1446 1898 1728 1958 propterea
1758 1887 1866 1956 jam
1886 1886 2078 1955 depul-

484 2004 584 2045 sus
610 1996 744 2044 erat
785 1985 1102 2045 Theodorus
1142 1985 1394 2055 quoniam
1436 1982 1608 2038 sancti
1658 1981 1844 2037 Patres
1887 1979 1941 2034 in
1968 1980 2080 2035 suis

489 2080 642 2139 libris
662 2078 1016 2148 culpaverunt
1042 2090 1138 2132 eos
1162 2074 1252 2144 qui
1282 2074 1409 2135 talia
1435 2071 1892 2143 saperent,multo
1913 2071 2082 2138 magis

488 2169 773 2227 Nestorius
796 2167 907 2238 jam
938 2166 1196 2235 depulsus
1221 2173 1358 2233 erat,
1387 2162 1477 2234 qui
1509 2174 1563 2219 et
1588 2161 1873 2221 manifeste
1916 2176 2080 2229 prava

488 2258 733 2328 sapuisse
779 2256 1222 2319 demonstratur,
1271 2262 1326 2309 et
1378 2253 1731 2309 offensionem
1775 2252 2080 2309 audturum

486 2362 648 2417 quam
680 2347 916 2416 profanis
943 2360 1134 2400 vocum
1165 2344 1489 2403 novitatibus
1515 2343 1837 2408 incurrerat,
1865 2342 2081 2401 auferre

480 2438 825 2506 contempsit.
851 2436 1050 2494 Verum
1077 2451 1179 2507 ego
1206 2435 1331 2492 hinc
1357 2435 1595 2503 ipsorum
1625 2435 2079 2505 Eutychianorutn

484 2530 915 2601 qualemcunque
936 2516 1318 2585 conscientiam
1345 2540 1602 2597 quaeram.
1625 2525 1894 2581 Ponamus
1923 2540 2079 2583 accu-

487 2630 663 2681 satum
703 2621 843 2691 apud
886 2637 985 2678 nos
1033 2622 1263 2689 aliquem
1305 2620 1397 2690 qui
1437 2618 1709 2674 diceretur
1733 2617 2084 2687 expellendus

488 2710 635 2782 quod
680 2710 946 2769 contraria
999 2708 1224 2765 doceret
1266 2707 1587 2776 quibusdam
1645 2706 1928 2762 sententiis
1984 2705 2083 2760 Pa-

490 2811 667 2865 trum;
701 2798 987 2857 consilium
1035 2804 1180 2866 pcto,
1211 2796 1338 2865 quid
1369 2810 1528 2865 agere
1554 2795 1898 2850 deberemus.
1930 2793 2083 2849 Nun-

488 2887 617 2959 quid
663 2888 762 2947 hoc
809 2887 963 2949 nobis
1012 2880 1264 2947 occurrit,
1306 2895 1359 2938 ut
1409 2899 1515 2937 non
1561 2882 1867 2939 admonitus
1910 2898 2084 2952 neque

490 2986 789 3047 correptus,
819 2992 885 3033 ex
914 2991 980 3032 eo
1007 2984 1211 3039 tantum
1241 2976 1307 3032 ab
1342 2974 1584 3033 Ecclesia
1615 2974 1924 3045 pelleretur,
1952 2990 2083 3045 quo-

490 3067 636 3127 niam
666 3065 851 3127 Patres
883 3065 935 3121 in
968 3065 1079 3125 suis
1108 3064 1259 3118 libris
1287 3079 1422 3133 quos
1450 3063 1698 3134 privatim
1727 3065 2079 3134 scripserunt,

2186 1883 2521 1939 crederetur.
2552 1880 2703 1935 Nulla
2740 1893 2866 1934 vero
2895 1878 3233 1935 correctione
3276 1879 3389 1934 sive
3429 1881 3787 1937 conventione

2184 1972 2523 2044 praecedente
2570 1970 2887 2036 damnatus,
2938 1969 3005 2027 de
3055 1970 3331 2039 iniquitate
3372 1969 3609 2040 judicum
3661 1972 3787 2041 jure

2184 2071 2520 2136 quereretur.
2554 2071 2609 2118 et
2656 2059 3057 2130 aceeptabiliter
3100 2060 3323 2127 diceret,
3355 2062 3496 2130 quod
3549 2063 3787 2133 maligne

2184 2156 2273 2210 vel
2302 2163 2505 2210 temere
2536 2153 2795 2207 adversus
2826 2140 3107 2207 absentem
3154 2152 3305 2207 falsis
3348 2154 3574 2208 testibus
3606 2156 3784 2211 credi-

2181 2245 2409 2305 disserit.
2442 2244 2671 2314 Propter
2698 2242 2839 2313 quod
2890 2243 2942 2297 in
2990 2242 3177 2297 eadem
3219 2253 3404 2298 sancta
3444 2246 3655 2315 synolo
3684 2262 3783 2314 pro

2182 2337 2624 2395 reverentissimo
2653 2336 2739 2389 Iba
2769 2334 3134 2389 clamaverunt
3160 2335 3394 2404 episcopi
3423 2351 3569 2406 saepe
3596 2337 3784 2393 dii-en-

2184 2435 2266 2482 tes
2290 2446 2304 2480 :
2334 2445 2354 2477 ι
2391 2426 2528 2481 Male
2557 2425 2798 2480 fecerunt
2818 2424 2910 2496 qui
2937 2440 3056 2481 eum
3084 2435 3277 2495 praeter
3298 2441 3531 2482 canones
3557 2429 3782 2484 damna-

2183 2523 2407 2580 verunt;
2432 2530 2553 2587 qum
2582 2515 2841 2570 adversus
2869 2516 3142 2570 absentem
3175 2515 3308 2571 facta
3337 2528 3480 2581 sunt,
3509 2533 3786 2582 evacuen—

2185 2613 2290 2659 tur.
2324 2605 2450 2661 llaae
2479 2619 2667 2659 omnes
2708 2604 2937 2660 dicimus
2983 2621 2997 2658 :
3046 2620 3205 2661 nemo
3234 2606 3557 2663 condemnat
3582 2609 3780 2665 absen-

2185 2704 2315 2751 tem.
2357 2715 2377 2749 ›
2412 2697 2480 2750 At
2528 2696 2575 2750 si
2622 2706 2808 2750 contra
2841 2696 3107 2751 viventem
3153 2698 3419 2767 acceptari
3465 2707 3627 2753 testes
3673 2716 3780 2755 non

2184 2788 2421 2857 oportuit
2450 2796 2511 2842 ut
2539 2788 2886 2842 damnaretur
2918 2803 3022 2841 non
3058 2787 3417 2857 interrogatus
3447 2804 3619 2857 neque
3646 2804 3781 2843 con-

2184 2892 2396 2948 ventus,
2430 2881 2698 2951 quomodo
2728 2895 2823 2935 eos
2851 2888 3036 2935 sancta
3093 2880 3351 2951 synodus,
3403 2882 3608 2935 etiamsi
3655 2897 3784 2936 con-

2186 2982 2265 3027 tra
2297 2972 2640 3027 Theodorum
2674 2973 2727 3026 in
2754 2973 2870 3040 ejus
2897 2970 3309 3026 testificarentur
3334 2973 3601 3038 examine,
3629 2972 3779 3040 juste

2184 3064 2489 3141 reciperet?
2513 3064 2597 3118 An
2628 3063 2837 3118 facilius
2868 3070 3013 3117 esset
3038 3061 3250 3116 mentiri
3280 3061 3349 3116 de
3374 3064 3527 3125 vivo,
3556 3072 3610 3117 et
3638 3065 3781 3118 diffi-

479 3155 755 3212 refutasse
785 3154 1151 3211 invenirentur
1180 3166 1272 3209 eos
1300 3152 1390 3223 qui
1420 3153 1540 3207 talin
1574 3154 1864 3216 sentirent;
1892 3162 1948 3209 et
1975 3170 2079 3209 non
2108 3148 2153 3210 C
2188 3157 2344 3211 cilius
2373 3155 2585 3210 me‘ntiri
2613 3155 2681 3210 de
2715 3144 2964 3209 mortuo?
3002 3153 3059 3208 Si
3096 3163 3276 3209 autem
3321 3155 3781 3223 interrogarentur

490 3245 666 3315 potius
688 3242 811 3314 quia
839 3243 1244 3314 interrogandus
1267 3244 1413 3311 prius
1436 3254 1489 3299 et
1512 3242 1881 3301 admonendus
1909 3254 2074 3311 esset,

489 3332 869 3393 demonstratis
917 3333 965 3387 ei
1014 3333 1297 3388 sententiis
1326 3339 1633 3387 sanctorum
1659 3332 1677 3362 ί
1711 3332 1924 3386 Patrum
1955 3333 2075 3400 qui-

489 3424 590 3480 bus
630 3422 905 3483 diceretur
933 3436 1055 3478 esse
1091 3422 1430 3485 contrarius;
1461 3429 1517 3473 et
1546 3421 1589 3479 si
1621 3435 1724 3474 non
1758 3420 2074 3489 corrigeret,

488 3512 836 3571 devocaudus
879 3511 933 3569 in
963 3512 1280 3576 concilium;
1333 3510 1449 3580 ejus
1477 3511 1498 3540 ‘
1530 3510 1834 3566 auctoritati
1878 3509 1924 3564 si
1971 3524 2075 3562 non

487 3601 753 3673 crederet,
779 3600 1164 3671 espellendus?
1194 3600 1305 3657 Hoc
1348 3600 1531 3677 utique
1571 3599 1781 3659 videtur
1809 3598 1972 3654 fuisse
2001 3598 2078 3653 fa-

488 3690 759 3760 ciendum,
801 3691 890 3768 hic
938 3692 1094 3745 nobis
1143 3689 1277 3745 ordo
1326 3690 1642 3758 servandus,
1676 3689 1791 3744 hmc
1833 3688 2077 3765 habenda

489 3781 836 3839 humanitatis
860 3779 1115 3847 ratio,vel
1145 3782 1189 3837 si
1220 3779 1320 3835 hoc
1347 3796 1453 3834 non
1483 3781 1824 3851 praecepisset
1850 3783 2077 3851 Aposto-

488 3868 593 3924 lus.
624 3868 683 3925 Si
712 3876 891 3929 autem
925 3868 1293 3936 superstitem,
1326 3881 1429 3920 non
1474 3877 1598 3923 ante
1642 3866 1968 3925 admonitum
2000 3877 2079 3921 at-

486 3970 929 4036 que-coerreptunt
958 3961 1217 4019 damnare
1256 3975 1364 4017 non
1404 3960 1724 4015 deberemus
1754 3963 2029 4017 absentem
2060 3978 2075 4016 :

486 4053 760 4123 quomodo
788 4062 974 4111 sancta
998 4053 1357 4123 synodus,vel
1385 4053 1430 4107 si
1457 4053 1597 4121 apud
1626 4037 1744 4109 eam
1763 4053 2078 4111 Theodorus

488 4155 856 4217 accusaretur,
882 4144 1028 4216 juste
1072 4144 1334 4203 damnare
1363 4154 1631 4202 mortuum
1666 4146 1922 4213 posset“?
1948 4146 2076 4200 Nam

488 4235 720 4305 primum
768 4236 890 4306 quis
933 4235 1051 4304 ejus
1094 4244 1374 4295 accusator
1423 4236 1499 4293 sic
1540 4247 1720 4297 certus
1748 4246 1892 4292 esset
1937 4237 2079 4308 quod

488 4325 656 4395 ipsius
683 4326 795 4383 sint
820 4325 996 4383 omnia
1030 4324 1120 4379 illa
1152 4326 1382 4395 capitula
1409 4340 1529 4395 qua:
1554 4326 1855 4397 culpantur,
1878 4336 1930 4385 ut
1961 4328 2005 4385 si
2029 4326 2078 4380 ei

490 4426 737 4485 tanquam
769 4417 1067 4477 aecusmori
1088 4432 1152 4471 ex
1182 4431 1335 4473 more
1362 4416 1631 4473 diceretur
1663 4434 1676 4469 :
1701 4417 1827 4472 Jura
1861 4433 1953 4487 per
1982 4434 2080 4473 no-

2180 3247 2343 3301 iidem
2379 3255 2568 3312 testes,
2598 3244 2742 3299 unde
2768 3245 3072 3299 certissime
3101 3244 3303 3298 scirent
3328 3244 3414 3298 illa
3444 3259 3561 3313 quae
3588 3259 3781 3313 repre-

2182 3338 2563 3405 henderentur,
2595 3352 2625 3390 a
2654 3337 2937 3391 Theodoro
2977 3350 3098 3389 esse
3125 3336 3424 3404 conscripta
3443 3376 3457 3399 ,
3485 3336 3611 3404 quid
3649 3351 3779 3405 pos-

2178 3431 2638 3488 sentcredibilius-
2681 3430 3031 3497 respondere,
3063 3427 3164 3481 nisi
3208 3428 3350 3497 quod
3392 3437 3483 3481 aut
3527 3428 3579 3482 in
3626 3428 3779 3483 libris

2179 3526 2269 3598 qui
2302 3526 2544 3596 ejusdem
2577 3524 2847 3578 Theodori
2881 3524 3209 3585 dicerentur,
3232 3536 3295 3576 ea
3326 3521 3657 3589 reperirent,
3686 3532 3778 3578 aut

2178 3618 2247 3671 ab
2268 3618 2383 3685 ipso
2409 3617 2535 3671 dum
2558 3615 2763 3670 viveret
2791 3614 2908 3682 ejus
2939 3614 3101 3668 fuisse
3126 3613 3446 3667 didicerint!
3472 3613 3578 3668 Sed
3607 3615 3776 3670 libro-

2180 3723 2297 3762 rum
2346 3707 2577 3770 titulum,
2621 3707 2686 3759 ad
2736 3704 3036 3759 faciendam
3077 3704 3582 3759 condemnationem
3629 3706 3777 3761 illius

2178 3799 2277 3852 viri
2307 3797 2396 3867 qui
2428 3797 2479 3850 in
2513 3796 2767 3850 Ecclesia;
2810 3808 2940 3863 pace
2985 3802 3041 3848 et
3079 3794 3305 3846 maxima
3352 3792 3565 3847 Patrum
3611 3793 3774 3850 laude

2178 3893 2286 3946 vita
2311 3891 2541 3946 excessit
2566 3928 2582 3954 ,
2611 3903 2714 3942 non
2746 3888 2992 3941 sufficere
3021 3899 3180 3955 supra
3209 3884 3511 3950 docuimus,
3539 3900 3775 3954 praeser-

2179 3984 2272 4037 tim
2301 3984 2423 4052 qnia
2447 3989 2775 4050 conquestus
2808 3986 2893 4033 est
2922 3978 3181 4046 quosdam
3212 3987 3339 4030 suos
3370 3976 3533 4030 libros
3562 3977 3630 4029 ab
3658 3976 3772 4031 ba-

2181 4076 2361 4132 reticis
2392 4074 2557 4130 fuisse
2591 4079 2904 4141 corruptos;
2951 4080 3006 4124 et
3053 4068 3241 4123 beatus
3290 4066 3521 4137 Cyrillus
3563 4068 3633 4122 de
3679 4068 3774 4122 illo

2181 4167 2336 4232 dixit,
2364 4165 2485 4235 quia
2534 4180 2653 4219 cum
2704 4178 2809 4217 non
2858 4170 3001 4217 esset
3029 4161 3081 4215 in
3117 4168 3367 4229 promptu
3396 4173 3625 4229 persona
3655 4176 3776 4231 qua

2179 4257 2353 4325 culpae
2384 4263 2802 4325 supponeretur,
2835 4247 3035 4308 incerta
3079 4252 3433 4320 capitulorum
3467 4252 3775 4322 redargutio

2183 4348 2356 4410 fleret,
2387 4354 2440 4401 et
2471 4347 2562 4415 qui
2605 4347 2717 4399 hac
2746 4352 2987 4414 agerent,
3021 4342 3073 4396 in
3106 4344 3366 4398 incertum
3412 4352 3693 4399 currentes
3722 4354 3774 4399 et

2181 4453 2361 4493 aerem
2390 4435 2737 4489 verberantes
2766 4434 3153 4489 invenirentur.
3180 4434 3460 4501 Quomodo
3487 4434 3652 4501 igitur
3678 4438 3776 4491 ali-

487 4524 613 4569 men
660 4510 869 4569 Domini
919 4509 1063 4581 quod
1111 4509 1449 4575 Theodorus,
1481 4526 1637 4578 quem
1685 4518 1803 4579 post
1850 4522 2073 4567 mortem

2181 4528 2391 4598 quibus.
2420 4528 2501 4601 vel
2532 4527 2576 4580 si
2606 4526 3018 4588 adducerentur,
3047 4525 3272 4578 testibus
3302 4524 3540 4593 synodus
3574 4526 3769 4580 crede-

483 4601 832 4661 condemunri
861 4603 1081 4671 quaeris,
1118 4600 1219 4656 ista
1250 4601 1551 4671 scripserit,
1587 4602 1790 4681 iurare.
1814 4602 2074 4661 auderet?

487 4693 609 4751 Non
638 4696 780 4757 enim
812 4694 1004 4751 licebat
1048 4709 1253 4767 magiam
1283 4692 1358 4751 illi
1403 4693 1610 4765 synodo
1641 4694 1830 4750 leviter
1848 4694 2075 4753 credere

486 4787 631 4859 quod
678 4790 911 4859 graviter
955 4788 1152 4844 dicitur
1190 4789 1441 4849 debuisse
1477 4788 1752 4849 damnare.
1786 4790 1902 4845 Alia
1931 4789 2073 4847 enim

486 4893 650 4935 causa
677 4891 781 4946 est,
802 4895 922 4943 cum
953 4878 1019 4933 ad
1052 4881 1457 4939 instructionem
1486 4879 1855 4937 tantummodo
1876 4881 2075 4949 aliquid

488 4971 742 5046 legimus,
771 4981 828 5033 ut
858 4971 1141 5029 credamus
1186 4973 1502 5043 siznpliciter
1528 4972 1646 5044 ejus
1672 4974 1906 5033 auctoris
1949 4990 2070 5031 esse

558 5136 586 5166 ι
615 5127 715 5197 Qui
759 5143 858 5199 pro
899 5126 1184 5189 Theodoro
1226 5128 1548 5198 pugnabant,
1602 5128 1698 5184 liae
1737 5131 2071 5200 potissimum

486 5199 800 5270 exceptione
830 5199 1129 5270 utebantur,
1159 5214 1315 5270 quam
1334 5269 1337 5270 ν
1356 5200 1534 5253 multis
1582 5200 1713 5255 locis
1754 5203 1946 5270 ingerit
1974 5202 2073 5255 Fa-

485 5269 716 5336 cundos,
742 5282 795 5324 et
835 5285 993 5338 quam
1042 5269 1199 5323 habet
1230 5268 1451 5332 Vigilius
1497 5270 1611 5338 ipse
1655 5271 1707 5324 in
1757 5268 2068 5339 constituto,

485 5340 628 5409 quod
659 5349 777 5410 post
807 5350 1029 5399 mortem
1070 5339 1356 5410 damnandi
1403 5355 1508 5399 non
1557 5341 1659 5397 sint
1704 5342 1793 5409 qui
1843 5343 1892 5397 in
1940 5357 2070 5409 pace

490 5408 745 5465 EcheSim
776 5410 935 5464 vitam
970 5408 1223 5463 finierint.
1262 5410 1662 5479 lmpugnatores
1692 5408 1876 5465 contra
1913 5408 2069 5477 Capi-

489 5483 748 5550 tttlorutn,
777 5491 832 5536 et
855 5479 978 5550 jure
1006 5479 1273 5547 damnari,
1300 5479 1688 5551 damttutos'iue
1725 5480 1781 5535 in
1828 5482 2066 5537 Ecclesia

556 5615 572 5648 ³
766 5613 986 5674 Veron..
1017 5616 1140 5684 ipis
1169 5614 1406 5667 Patrum.

556 5686 578 5756 ξ
608 5682 754 5756 idem
780 5684 925 5756 eod.,
952 5682 1099 5756 cujus
1124 5685 1434 5739 auctoritati.

559 5755 580 5787 ³
608 5755 756 5814 Idem
782 5754 929 5825 cod.,
955 5754 1054 5822 quo
1079 5756 1208 5813 nihil
1231 5757 1449 5829 amplius
1476 5754 1583 5821 agi.

2178 4631 2260 4674 ret
2289 4626 2490 4672 certum
2522 4616 2686 4671 fuisse
2716 4616 2855 4684 quod
2886 4615 3118 4685 Cyrillus
3146 4616 3447 4669 recentiore
3470 4614 3650 4669 adhuc
3676 4632 3764 4670 re-

2182 4726 2297 4764 rum
2329 4709 2588 4764 memoris
2622 4708 2879 4762 incertum
2911 4707 3073 4765 fuisse
3102 4715 3324 4761 testatus
3356 4708 3469 4761 est?
3492 4706 3550 4762 Si
3581 4718 3761 4763 autem

2180 4801 2283 4855 hoc
2325 4794 2506 4870 potius
2545 4800 2817 4865 dicerent,
2861 4797 3002 4868 quod
3048 4798 3117 4853 ab
3164 4798 3280 4865 ipso
3324 4797 3772 4867 Theodoro.ejns

2176 4894 2344 4949 fuisse
2367 4893 2390 4925 ⁸
2415 4889 2798 4963 cognoverunt,
2824 4892 2951 4962 quid
2982 4890 3309 4960 respondere
3353 4899 3577 4959 possent
3606 4891 3653 4944 si
3696 4893 3771 4946 eis

2179 4984 2448 5040 diceretur
2480 5003 2492 5037 :
2527 4984 2663 5051 Quid
2698 4986 2859 5054 igitur
2881 4996 3058 5038 causa:
3090 4982 3187 5036 fuit
3214 4991 3271 5035 ut
3300 4981 3414 5036 hac
3442 4997 3564 5052 quae
3593 4985 3768 5053 argui-

2180 5137 2460 5195 limreticos
2483 5136 2642 5191 fuisse
2672 5146 2791 5203 post
2815 5143 3039 5188 mortem
3064 5129 3487 5203 contendebant,
3516 5139 3575 5185 et
3594 5130 3776 5203 Theo:

2179 5208 2367 5263 dorum
2397 5206 2532 5261 falso
2559 5197 2684 5260 dici'
2706 5218 2970 5265 mortuum
3012 5203 3066 5256 in
3108 5216 3236 5271 pace
3266 5201 3554 5266 Ecclesiae,
3579 5204 3670 5270 qui
3700 5197 3767 5253 ad

2180 5290 2407 5332 mortem
2456 5292 2620 5345 usque
2663 5278 2929 5330 contraria
2966 5273 3216 5345 Ecclesia:
3258 5271 3503 5345 dogmata
3552 5280 3791 5325 secutus

2178 5351 2265 5470 ait.
2296 5349 2383 5429 Sic
2423 5340 2563 5470 enini
2581 5345 2816 5470 5disserit
2839 5345 3169 5401 Justiniauus
3198 5344 3251 5397 in
3283 5340 3492 5410 Edicto,
3519 5350 3577 5397 et
3600 5355 3769 5410 syuo.

2214 5433 2273 5470 us
2305 5434 2333 5470 ν
2367 5434 2416 5470 ιη
2448 5433 2501 5470 ει
2538 5455 2549 5470 .
2622 5455 2635 5468 .

2172 5419 2273 5473 dus
2305 5434 2333 5472 v
2367 5419 2416 5472 in
2448 5424 2549 5470 ait.
2581 5419 2635 5470 5.

2244 5620 2266 5651 ⁸
2293 5619 2436 5673 Idem
2465 5617 2610 5682 cod.,
2641 5625 2753 5671 sota
2776 5614 2984 5669 illorum
3012 5610 3378 5682 testiﬁcatione.

2245 5692 2266 5723 ⁸
2294 5690 2441 5746 Idem
2471 5680 2618 5754 ρωΙά
2649 5688 2770 5741 dum
2793 5686 2992 5751 viveret,
3017 5684 3128 5754 ejus
3153 5680 3332 5754 fuisse.
