  <div class='ocr_page' id='page_1' title='image "/cluster/home/n/w/nwhite01/storage/ocr_20150623/67/hvd.32044073505141/398.png"; bbox 0 0 3978 6350; ppageno 0'>
   <div class='ocr_carea' id='block_1_1' title="bbox 324 225 412 278">
    <p class='ocr_par' dir='ltr' id='par_1_1' title="bbox 324 225 412 278">
     <span class='ocr_line' id='line_1_1' title="bbox 324 225 412 278; baseline -0.011 0"><span class='ocrx_word' id='word_1_1' title='bbox 324 225 412 278; x_wconf 67' lang='lat'><strong>7‘5!</strong></span> 
     </span>
    </p>
   </div>
   <div class='ocr_carea' id='block_1_2' title="bbox 1207 220 2669 281">
    <p class='ocr_par' dir='ltr' id='par_1_2' title="bbox 1207 220 2669 281">
     <span class='ocr_line' id='line_1_2' title="bbox 1207 220 2669 281; baseline 0.001 -4"><span class='ocrx_word' id='word_1_2' title='bbox 1207 222 1339 277; x_wconf 78' lang='lat' dir='ltr'><strong>PRO</strong></span> <span class='ocrx_word' id='word_1_3' title='bbox 1379 220 1801 278; x_wconf 70' lang='lat' dir='ltr'><strong>DEFENSIONE</strong></span> <span class='ocrx_word' id='word_1_4' title='bbox 1840 220 2053 278; x_wconf 78' lang='lat' dir='ltr'><strong>TRIUM</strong></span> <span class='ocrx_word' id='word_1_5' title='bbox 2093 224 2402 281; x_wconf 77' lang='lat' dir='ltr'><strong>CAPITUL.</strong></span> <span class='ocrx_word' id='word_1_6' title='bbox 2438 225 2561 281; x_wconf 82' lang='lat' dir='ltr'><strong>LIB.</strong></span> <span class='ocrx_word' id='word_1_7' title='bbox 2603 227 2669 281; x_wconf 79' lang='grc' dir='ltr'><strong>Χ.</strong></span> 
     </span>
    </p>
   </div>
   <div class='ocr_carea' id='block_1_3' title="bbox 3466 228 3573 283">
    <p class='ocr_par' dir='ltr' id='par_1_3' title="bbox 3466 228 3573 283">
     <span class='ocr_line' id='line_1_3' title="bbox 3466 228 3573 283; baseline 0 0"><span class='ocrx_word' id='word_1_8' title='bbox 3466 228 3573 283; x_wconf 62' lang='lat'><strong>783</strong></span> 
     </span>
    </p>
   </div>
   <div class='ocr_carea' id='block_1_4' title="bbox 316 324 3573 409">
    <p class='ocr_par' dir='ltr' id='par_1_4' title="bbox 316 324 3573 409">
     <span class='ocr_line' id='line_1_4' title="bbox 316 324 3573 409; baseline 0.007 -33"><span class='ocrx_word' id='word_1_9' title='bbox 316 332 407 399; x_wconf 69' lang='grc' dir='ltr'><strong>ιῑς,</strong></span> <span class='ocrx_word' id='word_1_10' title='bbox 437 346 543 385; x_wconf 91' lang='lat' dir='ltr'><strong>non</strong></span> <span class='ocrx_word' id='word_1_11' title='bbox 571 337 697 385; x_wconf 85' lang='lat' dir='ltr'><strong>tunc</strong></span> <span class='ocrx_word' id='word_1_12' title='bbox 735 324 992 385; x_wconf 79' lang='lat' dir='ltr'><strong>adversus</strong></span> <span class='ocrx_word' id='word_1_13' title='bbox 1039 331 1376 398; x_wconf 89' lang='lat' dir='ltr'><strong>superstitem</strong></span> <span class='ocrx_word' id='word_1_14' title='bbox 1423 330 1490 384; x_wconf 89' lang='lat' dir='ltr'><strong>ad</strong></span> <span class='ocrx_word' id='word_1_15' title='bbox 1538 330 1892 387; x_wconf 86' lang='lat' dir='ltr'><strong>Ecclesiarum</strong></span> <span class='ocrx_word' id='word_1_16' title='bbox 1921 336 1971 393; x_wconf 74' lang='grc' dir='ltr'><strong>Δ</strong></span> <span class='ocrx_word' id='word_1_17' title='bbox 1998 332 2114 400; x_wconf 87' lang='lat' dir='ltr'><strong>dus,</strong></span> <span class='ocrx_word' id='word_1_18' title='bbox 2138 350 2255 403; x_wconf 71' lang='lat' dir='ltr'><strong>qum</strong></span> <span class='ocrx_word' id='word_1_19' title='bbox 2285 336 2394 391; x_wconf 90' lang='lat' dir='ltr'><strong>Deo</strong></span> <span class='ocrx_word' id='word_1_20' title='bbox 2421 337 2635 392; x_wconf 88' lang='lat' dir='ltr'><strong>cederet</strong></span> <span class='ocrx_word' id='word_1_21' title='bbox 2659 337 2839 393; x_wconf 86' lang='lat' dir='ltr'><strong>omnia</strong></span> <span class='ocrx_word' id='word_1_22' title='bbox 2870 340 3189 408; x_wconf 63' lang='lat' dir='ltr'><strong>praescienti,</strong></span> <span class='ocrx_word' id='word_1_23' title='bbox 3210 356 3308 398; x_wconf 86' lang='lat' dir='ltr'><strong>nec</strong></span> <span class='ocrx_word' id='word_1_24' title='bbox 3330 341 3573 409; x_wconf 81' lang='lat' dir='ltr'><strong>auderet,</strong></span> 
     </span>
    </p>
   </div>
   <div class='ocr_carea' id='block_1_5' title="bbox 321 418 1900 489">
    <p class='ocr_par' dir='ltr' id='par_1_5' title="bbox 321 418 1900 489">
     <span class='ocr_line' id='line_1_5' title="bbox 321 418 1900 489; baseline 0.003 -16"><span class='ocrx_word' id='word_1_25' title='bbox 321 419 638 489; x_wconf 64' lang='lat' dir='ltr'><strong>praepositos</strong></span> <span class='ocrx_word' id='word_1_26' title='bbox 661 418 966 483; x_wconf 83' lang='lat' dir='ltr'><strong>deferretis,</strong></span> <span class='ocrx_word' id='word_1_27' title='bbox 984 420 1199 488; x_wconf 79' lang='lat' dir='ltr'><strong>quando</strong></span> <span class='ocrx_word' id='word_1_28' title='bbox 1228 429 1281 475; x_wconf 91' lang='lat' dir='ltr'><strong>et</strong></span> <span class='ocrx_word' id='word_1_29' title='bbox 1302 420 1355 473; x_wconf 92' lang='lat' dir='ltr'><strong>in</strong></span> <span class='ocrx_word' id='word_1_30' title='bbox 1382 420 1581 489; x_wconf 88' lang='lat' dir='ltr'><strong>judicio</strong></span> <span class='ocrx_word' id='word_1_31' title='bbox 1611 431 1786 488; x_wconf 88' lang='lat' dir='ltr'><strong>posset</strong></span> <span class='ocrx_word' id='word_1_32' title='bbox 1806 421 1900 477; x_wconf 84' lang='lat' dir='ltr'><strong>ad-</strong></span> 
     </span>
    </p>
   </div>
   <div class='ocr_carea' id='block_1_6' title="bbox 316 508 1898 577">
    <p class='ocr_par' dir='ltr' id='par_1_6' title="bbox 316 508 1898 577">
     <span class='ocr_line' id='line_1_6' title="bbox 316 508 1898 577; baseline -0.001 -11"><span class='ocrx_word' id='word_1_33' title='bbox 316 510 463 577; x_wconf 88' lang='lat' dir='ltr'><strong>duci,</strong></span> <span class='ocrx_word' id='word_1_34' title='bbox 487 517 543 563; x_wconf 90' lang='lat' dir='ltr'><strong>et</strong></span> <span class='ocrx_word' id='word_1_35' title='bbox 569 516 663 562; x_wconf 90' lang='lat' dir='ltr'><strong>aut</strong></span> <span class='ocrx_word' id='word_1_36' title='bbox 690 516 909 577; x_wconf 89' lang='lat' dir='ltr'><strong>negaret</strong></span> <span class='ocrx_word' id='word_1_37' title='bbox 938 509 1081 577; x_wconf 91' lang='lat' dir='ltr'><strong>quod</strong></span> <span class='ocrx_word' id='word_1_38' title='bbox 1109 522 1205 562; x_wconf 90' lang='lat' dir='ltr'><strong>sua</strong></span> <span class='ocrx_word' id='word_1_39' title='bbox 1235 508 1449 574; x_wconf 93' lang='lat' dir='ltr'><strong>fuerint,</strong></span> <span class='ocrx_word' id='word_1_40' title='bbox 1482 519 1571 564; x_wconf 91' lang='lat' dir='ltr'><strong>aut</strong></span> <span class='ocrx_word' id='word_1_41' title='bbox 1610 511 1799 565; x_wconf 88' lang='lat' dir='ltr'><strong>melius</strong></span> <span class='ocrx_word' id='word_1_42' title='bbox 1837 522 1898 565; x_wconf 90' lang='lat' dir='ltr'><strong>ea</strong></span> 
     </span>
    </p>
   </div>
   <div class='ocr_carea' id='block_1_7' title="bbox 321 599 1901 670">
    <p class='ocr_par' dir='ltr' id='par_1_7' title="bbox 321 599 1901 670">
     <span class='ocr_line' id='line_1_7' title="bbox 321 599 1901 670; baseline 0.003 -17"><span class='ocrx_word' id='word_1_43' title='bbox 321 600 657 669; x_wconf 85' lang='lat' dir='ltr'><strong>interpretari</strong></span> <span class='ocrx_word' id='word_1_44' title='bbox 692 607 892 667; x_wconf 51' lang='lat' dir='ltr'><strong>posset,</strong></span> <span class='ocrx_word' id='word_1_45' title='bbox 915 609 1025 667; x_wconf 89' lang='lat' dir='ltr'><strong>aut,</strong></span> <span class='ocrx_word' id='word_1_46' title='bbox 1051 599 1190 668; x_wconf 92' lang='lat' dir='ltr'><strong>quod</strong></span> <span class='ocrx_word' id='word_1_47' title='bbox 1217 608 1517 654; x_wconf 86' lang='lat' dir='ltr'><strong>extremum</strong></span> <span class='ocrx_word' id='word_1_48' title='bbox 1546 610 1648 666; x_wconf 86' lang='lat' dir='ltr'><strong>est,</strong></span> <span class='ocrx_word' id='word_1_49' title='bbox 1673 601 1901 670; x_wconf 83' lang='lat' dir='ltr'><strong>abjicere</strong></span> 
     </span>
    </p>
   </div>
   <div class='ocr_carea' id='block_1_8' title="bbox 320 692 1901 765">
    <p class='ocr_par' dir='ltr' id='par_1_8' title="bbox 320 692 1901 765">
     <span class='ocr_line' id='line_1_8' title="bbox 320 692 1901 765; baseline -0.001 -15"><span class='ocrx_word' id='word_1_50' title='bbox 320 697 364 750; x_wconf 85' lang='lat' dir='ltr'><strong>si</strong></span> <span class='ocrx_word' id='word_1_51' title='bbox 406 710 517 750; x_wconf 85' lang='lat' dir='ltr'><strong>non</strong></span> <span class='ocrx_word' id='word_1_52' title='bbox 563 692 782 764; x_wconf 75' lang='lat' dir='ltr'><strong>posset?</strong></span> <span class='ocrx_word' id='word_1_53' title='bbox 824 692 963 748; x_wconf 81' lang='lat' dir='ltr'><strong>Nihil</strong></span> <span class='ocrx_word' id='word_1_54' title='bbox 990 701 1071 747; x_wconf 86' lang='lat' dir='ltr'><strong>est</strong></span> <span class='ocrx_word' id='word_1_55' title='bbox 1098 694 1256 763; x_wconf 87' lang='lat' dir='ltr'><strong>igitur</strong></span> <span class='ocrx_word' id='word_1_56' title='bbox 1286 693 1427 763; x_wconf 90' lang='lat' dir='ltr'><strong>quod</strong></span> <span class='ocrx_word' id='word_1_57' title='bbox 1457 704 1638 748; x_wconf 90' lang='lat' dir='ltr'><strong>sancta</strong></span> <span class='ocrx_word' id='word_1_58' title='bbox 1667 695 1901 765; x_wconf 81' lang='lat' dir='ltr'><strong>synodus</strong></span> 
     </span>
    </p>
   </div>
   <div class='ocr_carea' id='block_1_9' title="bbox 320 783 1899 854">
    <p class='ocr_par' dir='ltr' id='par_1_9' title="bbox 320 783 1899 854">
     <span class='ocr_line' id='line_1_9' title="bbox 320 783 1899 854; baseline 0.001 -14"><span class='ocrx_word' id='word_1_59' title='bbox 320 787 386 841; x_wconf 88' lang='lat' dir='ltr'><strong>de</strong></span> <span class='ocrx_word' id='word_1_60' title='bbox 431 801 534 839; x_wconf 92' lang='lat' dir='ltr'><strong>non</strong></span> <span class='ocrx_word' id='word_1_61' title='bbox 582 784 936 840; x_wconf 87' lang='lat' dir='ltr'><strong>condemnato</strong></span> <span class='ocrx_word' id='word_1_62' title='bbox 978 783 1259 838; x_wconf 87' lang='lat' dir='ltr'><strong>Theodoro</strong></span> <span class='ocrx_word' id='word_1_63' title='bbox 1297 784 1640 854; x_wconf 75' lang='lat' dir='ltr'><strong>culparetur,</strong></span> <span class='ocrx_word' id='word_1_64' title='bbox 1691 785 1899 841; x_wconf 84' lang='lat' dir='ltr'><strong>etiamsi</strong></span> 
     </span>
    </p>
   </div>
   <div class='ocr_carea' id='block_1_10' title="bbox 320 877 1901 946">
    <p class='ocr_par' dir='ltr' id='par_1_10' title="bbox 320 877 1901 946">
     <span class='ocr_line' id='line_1_10' title="bbox 320 877 1901 946; baseline -0.001 -13"><span class='ocrx_word' id='word_1_65' title='bbox 320 877 459 946; x_wconf 87' lang='lat' dir='ltr'><strong>apud</strong></span> <span class='ocrx_word' id='word_1_66' title='bbox 490 877 636 933; x_wconf 80' lang='lat' dir='ltr'><strong>illam</strong></span> <span class='ocrx_word' id='word_1_67' title='bbox 660 886 940 931; x_wconf 82' lang='lat' dir='ltr'><strong>accusatus</strong></span> <span class='ocrx_word' id='word_1_68' title='bbox 961 885 1126 943; x_wconf 80' lang='lat' dir='ltr'><strong>esset,</strong></span> <span class='ocrx_word' id='word_1_69' title='bbox 1146 884 1201 932; x_wconf 91' lang='lat' dir='ltr'><strong>et</strong></span> <span class='ocrx_word' id='word_1_70' title='bbox 1224 885 1388 932; x_wconf 78' lang='lat' dir='ltr'><strong>testes</strong></span> <span class='ocrx_word' id='word_1_71' title='bbox 1418 877 1593 932; x_wconf 89' lang='lat' dir='ltr'><strong>meriti</strong></span> <span class='ocrx_word' id='word_1_72' title='bbox 1616 885 1670 933; x_wconf 93' lang='lat' dir='ltr'><strong>ct</strong></span> <span class='ocrx_word' id='word_1_73' title='bbox 1695 878 1901 932; x_wconf 87' lang='lat' dir='ltr'><strong>numeri</strong></span> 
     </span>
    </p>
   </div>
   <div class='ocr_carea' id='block_1_11' title="bbox 318 966 1901 1037">
    <p class='ocr_par' dir='ltr' id='par_1_11' title="bbox 318 966 1901 1037">
     <span class='ocr_line' id='line_1_11' title="bbox 318 966 1901 1037; baseline -0.001 -14"><span class='ocrx_word' id='word_1_74' title='bbox 318 966 674 1037; x_wconf 75' lang='lat' dir='ltr'><strong>competentia</strong></span> <span class='ocrx_word' id='word_1_75' title='bbox 700 966 767 1020; x_wconf 84' lang='lat' dir='ltr'><strong>al</strong></span> <span class='ocrx_word' id='word_1_76' title='bbox 798 980 914 1034; x_wconf 82' lang='lat' dir='ltr'><strong>ejus</strong></span> <span class='ocrx_word' id='word_1_77' title='bbox 941 967 1400 1021; x_wconf 88' lang='lat' dir='ltr'><strong>introducerentur</strong></span> <span class='ocrx_word' id='word_1_78' title='bbox 1429 981 1674 1022; x_wconf 80' lang='lat' dir='ltr'><strong>examen.</strong></span> <span class='ocrx_word' id='word_1_79' title='bbox 1704 966 1901 1021; x_wconf 85' lang='lat' dir='ltr'><strong>Verum</strong></span> 
     </span>
    </p>
   </div>
   <div class='ocr_carea' id='block_1_12' title="bbox 321 1056 1906 1129">
    <p class='ocr_par' dir='ltr' id='par_1_12' title="bbox 321 1056 1906 1129">
     <span class='ocr_line' id='line_1_12' title="bbox 321 1056 1906 1129; baseline -0.004 -15"><span class='ocrx_word' id='word_1_80' title='bbox 321 1068 379 1114; x_wconf 90' lang='lat' dir='ltr'><strong>et</strong></span> <span class='ocrx_word' id='word_1_81' title='bbox 403 1060 506 1114; x_wconf 87' lang='lat' dir='ltr'><strong>hoc</strong></span> <span class='ocrx_word' id='word_1_82' title='bbox 533 1056 876 1129; x_wconf 84' lang='lat' dir='ltr'><strong>Eutychianis</strong></span> <span class='ocrx_word' id='word_1_83' title='bbox 904 1058 1113 1125; x_wconf 89' lang='lat' dir='ltr'><strong>demus,</strong></span> <span class='ocrx_word' id='word_1_84' title='bbox 1132 1066 1186 1110; x_wconf 92' lang='lat' dir='ltr'><strong>et</strong></span> <span class='ocrx_word' id='word_1_85' title='bbox 1206 1060 1592 1113; x_wconf 85' lang='lat' dir='ltr'><strong>constituamus</strong></span> <span class='ocrx_word' id='word_1_86' title='bbox 1615 1059 1752 1129; x_wconf 88' lang='lat' dir='ltr'><strong>quod</strong></span> <span class='ocrx_word' id='word_1_87' title='bbox 1784 1075 1906 1128; x_wconf 90' lang='lat' dir='ltr'><strong>pro.</strong></span> 
     </span>
    </p>
   </div>
   <div class='ocr_carea' id='block_1_13' title="bbox 322 1147 1900 1220">
    <p class='ocr_par' dir='ltr' id='par_1_13' title="bbox 322 1147 1900 1220">
     <span class='ocr_line' id='line_1_13' title="bbox 322 1147 1900 1220; baseline 0.002 -16"><span class='ocrx_word' id='word_1_88' title='bbox 322 1150 502 1204; x_wconf 88' lang='lat' dir='ltr'><strong>datum</strong></span> <span class='ocrx_word' id='word_1_89' title='bbox 543 1149 747 1220; x_wconf 87' lang='lat' dir='ltr'><strong>synodo</strong></span> <span class='ocrx_word' id='word_1_90' title='bbox 790 1147 950 1203; x_wconf 72' lang='lat' dir='ltr'><strong>fuerit</strong></span> <span class='ocrx_word' id='word_1_91' title='bbox 996 1147 1085 1202; x_wconf 88' lang='lat' dir='ltr'><strong>illa</strong></span> <span class='ocrx_word' id='word_1_92' title='bbox 1134 1148 1407 1204; x_wconf 82' lang='lat' dir='ltr'><strong>Theodori</strong></span> <span class='ocrx_word' id='word_1_93' title='bbox 1445 1164 1568 1205; x_wconf 86' lang='lat' dir='ltr'><strong>esse</strong></span> <span class='ocrx_word' id='word_1_94' title='bbox 1614 1152 1840 1220; x_wconf 89' lang='lat' dir='ltr'><strong>capitula</strong></span> <span class='ocrx_word' id='word_1_95' title='bbox 1886 1169 1900 1207; x_wconf 91' lang='lat'><strong>:</strong></span> 
     </span>
    </p>
   </div>
   <div class='ocr_carea' id='block_1_14' title="bbox 324 1234 1903 1307">
    <p class='ocr_par' dir='ltr' id='par_1_14' title="bbox 324 1234 1903 1307">
     <span class='ocr_line' id='line_1_14' title="bbox 324 1234 1903 1307; baseline 0.002 -16"><span class='ocrx_word' id='word_1_96' title='bbox 324 1236 466 1292; x_wconf 86' lang='lat' dir='ltr'><strong>unde</strong></span> <span class='ocrx_word' id='word_1_97' title='bbox 505 1246 709 1302; x_wconf 82' lang='lat' dir='ltr'><strong>certum</strong></span> <span class='ocrx_word' id='word_1_98' title='bbox 741 1234 960 1290; x_wconf 85' lang='lat' dir='ltr'><strong>haberet</strong></span> <span class='ocrx_word' id='word_1_99' title='bbox 985 1250 1086 1303; x_wconf 92' lang='lat' dir='ltr'><strong>qua</strong></span> <span class='ocrx_word' id='word_1_100' title='bbox 1118 1235 1312 1290; x_wconf 81' lang='lat' dir='ltr'><strong>fuerint</strong></span> <span class='ocrx_word' id='word_1_101' title='bbox 1342 1236 1636 1293; x_wconf 87' lang='lat' dir='ltr'><strong>intentione</strong></span> <span class='ocrx_word' id='word_1_102' title='bbox 1665 1239 1903 1307; x_wconf 83' lang='lat' dir='ltr'><strong>prolata?</strong></span> 
     </span>
    </p>
   </div>
   <div class='ocr_carea' id='block_1_15' title="bbox 324 1325 1904 1395">
    <p class='ocr_par' dir='ltr' id='par_1_15' title="bbox 324 1325 1904 1395">
     <span class='ocr_line' id='line_1_15' title="bbox 324 1325 1904 1395; baseline 0.002 -16"><span class='ocrx_word' id='word_1_103' title='bbox 324 1325 455 1379; x_wconf 80' lang='lat' dir='ltr'><strong>Nam</strong></span> <span class='ocrx_word' id='word_1_104' title='bbox 484 1335 539 1381; x_wconf 91' lang='lat' dir='ltr'><strong>et</strong></span> <span class='ocrx_word' id='word_1_105' title='bbox 557 1326 721 1379; x_wconf 89' lang='lat' dir='ltr'><strong>multa</strong></span> <span class='ocrx_word' id='word_1_106' title='bbox 747 1340 849 1380; x_wconf 89' lang='lat' dir='ltr'><strong>non</strong></span> <span class='ocrx_word' id='word_1_107' title='bbox 880 1325 1017 1379; x_wconf 85' lang='lat' dir='ltr'><strong>sicut</strong></span> <span class='ocrx_word' id='word_1_108' title='bbox 1045 1325 1299 1379; x_wconf 84' lang='lat' dir='ltr'><strong>sentimus</strong></span> <span class='ocrx_word' id='word_1_109' title='bbox 1325 1326 1644 1395; x_wconf 85' lang='lat' dir='ltr'><strong>eloquimur,</strong></span> <span class='ocrx_word' id='word_1_110' title='bbox 1663 1337 1719 1381; x_wconf 91' lang='lat' dir='ltr'><strong>et</strong></span> <span class='ocrx_word' id='word_1_111' title='bbox 1740 1329 1904 1384; x_wconf 90' lang='lat' dir='ltr'><strong>multa</strong></span> 
     </span>
    </p>
   </div>
   <div class='ocr_carea' id='block_1_16' title="bbox 326 1414 1905 1486">
    <p class='ocr_par' dir='ltr' id='par_1_16' title="bbox 326 1414 1905 1486">
     <span class='ocr_line' id='line_1_16' title="bbox 326 1414 1905 1486; baseline 0.001 -16"><span class='ocrx_word' id='word_1_112' title='bbox 326 1430 433 1470; x_wconf 90' lang='lat' dir='ltr'><strong>non</strong></span> <span class='ocrx_word' id='word_1_113' title='bbox 479 1416 615 1470; x_wconf 87' lang='lat' dir='ltr'><strong>sicut</strong></span> <span class='ocrx_word' id='word_1_114' title='bbox 658 1430 690 1468; x_wconf 91' lang='lat' dir='ltr'><strong>a</strong></span> <span class='ocrx_word' id='word_1_115' title='bbox 734 1416 886 1471; x_wconf 88' lang='lat' dir='ltr'><strong>nobis</strong></span> <span class='ocrx_word' id='word_1_116' title='bbox 932 1414 1290 1484; x_wconf 89' lang='lat' dir='ltr'><strong>proferuntur,</strong></span> <span class='ocrx_word' id='word_1_117' title='bbox 1321 1416 1392 1470; x_wconf 91' lang='lat' dir='ltr'><strong>ita</strong></span> <span class='ocrx_word' id='word_1_118' title='bbox 1437 1417 1795 1486; x_wconf 85' lang='lat' dir='ltr'><strong>suscipiuntur</strong></span> <span class='ocrx_word' id='word_1_119' title='bbox 1839 1418 1905 1474; x_wconf 89' lang='lat' dir='ltr'><strong>ab</strong></span> 
     </span>
    </p>
   </div>
   <div class='ocr_carea' id='block_1_17' title="bbox 327 1506 1904 1577">
    <p class='ocr_par' dir='ltr' id='par_1_17' title="bbox 327 1506 1904 1577">
     <span class='ocr_line' id='line_1_17' title="bbox 327 1506 1904 1577; baseline 0.003 -19"><span class='ocrx_word' id='word_1_120' title='bbox 327 1506 478 1572; x_wconf 67' lang='lat' dir='ltr'><strong>aliis;</strong></span> <span class='ocrx_word' id='word_1_121' title='bbox 509 1506 603 1561; x_wconf 89' lang='lat' dir='ltr'><strong>sed</strong></span> <span class='ocrx_word' id='word_1_122' title='bbox 630 1516 685 1560; x_wconf 86' lang='lat' dir='ltr'><strong>et</strong></span> <span class='ocrx_word' id='word_1_123' title='bbox 714 1507 814 1560; x_wconf 91' lang='lat' dir='ltr'><strong>hoc</strong></span> <span class='ocrx_word' id='word_1_124' title='bbox 844 1520 1125 1574; x_wconf 83' lang='lat' dir='ltr'><strong>ponamus,</strong></span> <span class='ocrx_word' id='word_1_125' title='bbox 1152 1506 1292 1575; x_wconf 92' lang='lat' dir='ltr'><strong>quod</strong></span> <span class='ocrx_word' id='word_1_126' title='bbox 1339 1507 1429 1561; x_wconf 90' lang='lat' dir='ltr'><strong>illa</strong></span> <span class='ocrx_word' id='word_1_127' title='bbox 1472 1508 1703 1577; x_wconf 90' lang='lat' dir='ltr'><strong>capitula</strong></span> <span class='ocrx_word' id='word_1_128' title='bbox 1730 1508 1904 1564; x_wconf 85' lang='lat' dir='ltr'><strong>Theo-</strong></span> 
     </span>
    </p>
   </div>
   <div class='ocr_carea' id='block_1_18' title="bbox 326 1595 1904 1667">
    <p class='ocr_par' dir='ltr' id='par_1_18' title="bbox 326 1595 1904 1667">
     <span class='ocr_line' id='line_1_18' title="bbox 326 1595 1904 1667; baseline 0.004 -17"><span class='ocrx_word' id='word_1_129' title='bbox 326 1595 518 1650; x_wconf 90' lang='lat' dir='ltr'><strong>dorum</strong></span> <span class='ocrx_word' id='word_1_130' title='bbox 544 1604 813 1651; x_wconf 88' lang='lat' dir='ltr'><strong>errantem</strong></span> <span class='ocrx_word' id='word_1_131' title='bbox 843 1596 1121 1663; x_wconf 81' lang='lat' dir='ltr'><strong>scripsisse</strong></span> <span class='ocrx_word' id='word_1_132' title='bbox 1158 1597 1502 1667; x_wconf 81' lang='lat' dir='ltr'><strong>cognoverint</strong></span> <span class='ocrx_word' id='word_1_133' title='bbox 1535 1615 1549 1652; x_wconf 88' lang='lat'><strong>:</strong></span> <span class='ocrx_word' id='word_1_134' title='bbox 1584 1599 1722 1655; x_wconf 90' lang='lat' dir='ltr'><strong>unde</strong></span> <span class='ocrx_word' id='word_1_135' title='bbox 1765 1601 1904 1657; x_wconf 88' lang='lat' dir='ltr'><strong>scire</strong></span> 
     </span>
    </p>
   </div>
   <div class='ocr_carea' id='block_1_19' title="bbox 328 1686 1905 1758">
    <p class='ocr_par' dir='ltr' id='par_1_19' title="bbox 328 1686 1905 1758">
     <span class='ocr_line' id='line_1_19' title="bbox 328 1686 1905 1758; baseline 0.006 -19"><span class='ocrx_word' id='word_1_136' title='bbox 328 1687 561 1756; x_wconf 83' lang='lat' dir='ltr'><strong>synodus</strong></span> <span class='ocrx_word' id='word_1_137' title='bbox 591 1696 772 1756; x_wconf 83' lang='lat' dir='ltr'><strong>posset</strong></span> <span class='ocrx_word' id='word_1_138' title='bbox 794 1696 969 1741; x_wconf 90' lang='lat' dir='ltr'><strong>utrum</strong></span> <span class='ocrx_word' id='word_1_139' title='bbox 996 1702 1062 1742; x_wconf 88' lang='lat' dir='ltr'><strong>ex</strong></span> <span class='ocrx_word' id='word_1_140' title='bbox 1091 1686 1680 1758; x_wconf 88' lang='lat' dir='ltr'><strong>illis,quemadmodum</strong></span> <span class='ocrx_word' id='word_1_141' title='bbox 1705 1692 1905 1748; x_wconf 92' lang='lat' dir='ltr'><strong>dictum</strong></span> 
     </span>
    </p>
   </div>
   <div class='ocr_carea' id='block_1_20' title="bbox 322 1778 1907 1850">
    <p class='ocr_par' dir='ltr' id='par_1_20' title="bbox 322 1778 1907 1850">
     <span class='ocr_line' id='line_1_20' title="bbox 322 1778 1907 1850; baseline 0.004 -16"><span class='ocrx_word' id='word_1_142' title='bbox 322 1787 433 1845; x_wconf 82' lang='lat' dir='ltr'><strong>est,</strong></span> <span class='ocrx_word' id='word_1_143' title='bbox 460 1779 553 1841; x_wconf 39' lang='lat' dir='ltr'><strong>vel,</strong></span> <span class='ocrx_word' id='word_1_144' title='bbox 571 1794 755 1833; x_wconf 89' lang='lat' dir='ltr'><strong>eorum</strong></span> <span class='ocrx_word' id='word_1_145' title='bbox 785 1778 1048 1834; x_wconf 86' lang='lat' dir='ltr'><strong>similibus</strong></span> <span class='ocrx_word' id='word_1_146' title='bbox 1078 1789 1257 1834; x_wconf 87' lang='lat' dir='ltr'><strong>essent</strong></span> <span class='ocrx_word' id='word_1_147' title='bbox 1286 1794 1406 1850; x_wconf 68' lang='lat' dir='ltr'><strong>qua:</strong></span> <span class='ocrx_word' id='word_1_148' title='bbox 1433 1782 1484 1836; x_wconf 91' lang='lat' dir='ltr'><strong>in</strong></span> <span class='ocrx_word' id='word_1_149' title='bbox 1510 1784 1621 1837; x_wconf 88' lang='lat' dir='ltr'><strong>suis</strong></span> <span class='ocrx_word' id='word_1_150' title='bbox 1647 1783 1803 1839; x_wconf 89' lang='lat' dir='ltr'><strong>dictis</strong></span> <span class='ocrx_word' id='word_1_151' title='bbox 1825 1786 1907 1841; x_wconf 87' lang='lat' dir='ltr'><strong>vel</strong></span> 
     </span>
    </p>
   </div>
   <div class='ocr_carea' id='block_1_21' title="bbox 326 1871 1911 1938">
    <p class='ocr_par' dir='ltr' id='par_1_21' title="bbox 326 1871 1911 1938">
     <span class='ocr_line' id='line_1_21' title="bbox 326 1871 1911 1938; baseline 0.006 -11"><span class='ocrx_word' id='word_1_152' title='bbox 326 1872 668 1938; x_wconf 84' lang='lat' dir='ltr'><strong>reprehendit</strong></span> <span class='ocrx_word' id='word_1_153' title='bbox 698 1873 782 1928; x_wconf 87' lang='lat' dir='ltr'><strong>vel</strong></span> <span class='ocrx_word' id='word_1_154' title='bbox 810 1871 1114 1928; x_wconf 88' lang='lat' dir='ltr'><strong>emendavit</strong></span> <span class='ocrx_word' id='word_1_155' title='bbox 1146 1873 1285 1929; x_wconf 90' lang='lat' dir='ltr'><strong>idem</strong></span> <span class='ocrx_word' id='word_1_156' title='bbox 1314 1876 1664 1933; x_wconf 82' lang='lat' dir='ltr'><strong>Theodorus?</strong></span> <span class='ocrx_word' id='word_1_157' title='bbox 1692 1878 1826 1936; x_wconf 87' lang='lat' dir='ltr'><strong>Nam</strong></span> <span class='ocrx_word' id='word_1_158' title='bbox 1854 1890 1911 1937; x_wconf 88' lang='lat' dir='ltr'><strong>et</strong></span> 
     </span>
    </p>
   </div>
   <div class='ocr_carea' id='block_1_22' title="bbox 329 1963 1909 2038">
    <p class='ocr_par' dir='ltr' id='par_1_22' title="bbox 329 1963 1909 2038">
     <span class='ocr_line' id='line_1_22' title="bbox 329 1963 1909 2038; baseline 0.008 -23"><span class='ocrx_word' id='word_1_159' title='bbox 329 1963 431 2017; x_wconf 89' lang='lat' dir='ltr'><strong>hoc</strong></span> <span class='ocrx_word' id='word_1_160' title='bbox 471 1964 614 2031; x_wconf 90' lang='lat' dir='ltr'><strong>juste</strong></span> <span class='ocrx_word' id='word_1_161' title='bbox 659 1963 885 2029; x_wconf 74' lang='lat' dir='ltr'><strong>dicitur,</strong></span> <span class='ocrx_word' id='word_1_162' title='bbox 923 1963 1064 2032; x_wconf 88' lang='lat' dir='ltr'><strong>quod</strong></span> <span class='ocrx_word' id='word_1_163' title='bbox 1111 1964 1326 2020; x_wconf 90' lang='lat' dir='ltr'><strong>illorum</strong></span> <span class='ocrx_word' id='word_1_164' title='bbox 1373 1966 1757 2038; x_wconf 84' lang='lat' dir='ltr'><strong>reprehensio,</strong></span> <span class='ocrx_word' id='word_1_165' title='bbox 1796 1971 1909 2027; x_wconf 84' lang='lat' dir='ltr'><strong>sive</strong></span> 
     </span>
    </p>
   </div>
   <div class='ocr_carea' id='block_1_23' title="bbox 316 2054 1908 2124">
    <p class='ocr_par' dir='ltr' id='par_1_23' title="bbox 316 2054 1908 2124">
     <span class='ocr_line' id='line_1_23' title="bbox 316 2054 1908 2124; baseline 0.006 -15"><span class='ocrx_word' id='word_1_166' title='bbox 316 2054 611 2120; x_wconf 77' lang='lat' dir='ltr'><strong>correctio,</strong></span> <span class='ocrx_word' id='word_1_167' title='bbox 639 2054 864 2110; x_wconf 88' lang='lat' dir='ltr'><strong>aliorum</strong></span> <span class='ocrx_word' id='word_1_168' title='bbox 906 2070 1118 2124; x_wconf 91' lang='lat' dir='ltr'><strong>quoque</strong></span> <span class='ocrx_word' id='word_1_169' title='bbox 1163 2057 1417 2113; x_wconf 88' lang='lat' dir='ltr'><strong>similium</strong></span> <span class='ocrx_word' id='word_1_170' title='bbox 1459 2059 1642 2116; x_wconf 87' lang='lat' dir='ltr'><strong>debuit</strong></span> <span class='ocrx_word' id='word_1_171' title='bbox 1685 2077 1908 2119; x_wconf 86' lang='lat' dir='ltr'><strong>excusa-</strong></span> 
     </span>
    </p>
   </div>
   <div class='ocr_carea' id='block_1_24' title="bbox 328 2144 1908 2222">
    <p class='ocr_par' dir='ltr' id='par_1_24' title="bbox 328 2144 1908 2222">
     <span class='ocr_line' id='line_1_24' title="bbox 328 2144 1908 2222; baseline 0.007 -24"><span class='ocrx_word' id='word_1_172' title='bbox 328 2144 458 2199; x_wconf 92' lang='lat' dir='ltr'><strong>tioni</strong></span> <span class='ocrx_word' id='word_1_173' title='bbox 490 2146 769 2214; x_wconf 88' lang='lat' dir='ltr'><strong>proﬁcere.</strong></span> <span class='ocrx_word' id='word_1_174' title='bbox 796 2145 947 2213; x_wconf 80' lang='lat' dir='ltr'><strong>Quod</strong></span> <span class='ocrx_word' id='word_1_175' title='bbox 977 2145 1022 2202; x_wconf 90' lang='lat' dir='ltr'><strong>si</strong></span> <span class='ocrx_word' id='word_1_176' title='bbox 1048 2146 1207 2203; x_wconf 87' lang='lat' dir='ltr'><strong>etiam</strong></span> <span class='ocrx_word' id='word_1_177' title='bbox 1238 2163 1340 2203; x_wconf 92' lang='lat' dir='ltr'><strong>non</strong></span> <span class='ocrx_word' id='word_1_178' title='bbox 1369 2149 1742 2206; x_wconf 87' lang='lat' dir='ltr'><strong>ostenderetur</strong></span> <span class='ocrx_word' id='word_1_179' title='bbox 1764 2168 1908 2222; x_wconf 72' lang='lat' dir='ltr'><strong>qua!-</strong></span> 
     </span>
    </p>
   </div>
   <div class='ocr_carea' id='block_1_25' title="bbox 325 2235 1907 2306">
    <p class='ocr_par' dir='ltr' id='par_1_25' title="bbox 325 2235 1907 2306">
     <span class='ocr_line' id='line_1_25' title="bbox 325 2235 1907 2306; baseline 0.005 -16"><span class='ocrx_word' id='word_1_180' title='bbox 325 2235 448 2290; x_wconf 87' lang='lat' dir='ltr'><strong>dam</strong></span> <span class='ocrx_word' id='word_1_181' title='bbox 488 2236 541 2292; x_wconf 91' lang='lat' dir='ltr'><strong>in</strong></span> <span class='ocrx_word' id='word_1_182' title='bbox 570 2239 682 2292; x_wconf 87' lang='lat' dir='ltr'><strong>suis</strong></span> <span class='ocrx_word' id='word_1_183' title='bbox 716 2237 873 2292; x_wconf 84' lang='lat' dir='ltr'><strong>dictis</strong></span> <span class='ocrx_word' id='word_1_184' title='bbox 898 2238 1158 2306; x_wconf 78' lang='lat' dir='ltr'><strong>culpasse,</strong></span> <span class='ocrx_word' id='word_1_185' title='bbox 1186 2239 1299 2293; x_wconf 89' lang='lat' dir='ltr'><strong>sive</strong></span> <span class='ocrx_word' id='word_1_186' title='bbox 1334 2240 1632 2296; x_wconf 82' lang='lat' dir='ltr'><strong>correxisse</strong></span> <span class='ocrx_word' id='word_1_187' title='bbox 1660 2242 1907 2298; x_wconf 77' lang='lat' dir='ltr'><strong>Theodo-</strong></span> 
     </span>
    </p>
   </div>
   <div class='ocr_carea' id='block_1_26' title="bbox 326 2326 1908 2396">
    <p class='ocr_par' dir='ltr' id='par_1_26' title="bbox 326 2326 1908 2396">
     <span class='ocr_line' id='line_1_26' title="bbox 326 2326 1908 2396; baseline 0.003 -16"><span class='ocrx_word' id='word_1_188' title='bbox 326 2340 437 2389; x_wconf 83' lang='lat' dir='ltr'><strong>rus,</strong></span> <span class='ocrx_word' id='word_1_189' title='bbox 467 2332 522 2379; x_wconf 90' lang='lat' dir='ltr'><strong>et</strong></span> <span class='ocrx_word' id='word_1_190' title='bbox 559 2340 620 2381; x_wconf 85' lang='lat' dir='ltr'><strong>ea</strong></span> <span class='ocrx_word' id='word_1_191' title='bbox 663 2341 780 2392; x_wconf 69' lang='lat' dir='ltr'><strong>quae</strong></span> <span class='ocrx_word' id='word_1_192' title='bbox 826 2326 878 2382; x_wconf 93' lang='lat' dir='ltr'><strong>in</strong></span> <span class='ocrx_word' id='word_1_193' title='bbox 924 2326 1015 2381; x_wconf 92' lang='lat' dir='ltr'><strong>illo</strong></span> <span class='ocrx_word' id='word_1_194' title='bbox 1060 2327 1455 2396; x_wconf 85' lang='lat' dir='ltr'><strong>reprehendunt</strong></span> <span class='ocrx_word' id='word_1_195' title='bbox 1504 2329 1797 2385; x_wconf 79' lang='lat' dir='ltr'><strong>Ecclesiatn</strong></span> <span class='ocrx_word' id='word_1_196' title='bbox 1827 2332 1908 2385; x_wconf 87' lang='lat' dir='ltr'><strong>la-</strong></span> 
     </span>
    </p>
   </div>
   <div class='ocr_carea' id='block_1_27' title="bbox 322 2414 1903 2489">
    <p class='ocr_par' dir='ltr' id='par_1_27' title="bbox 322 2414 1903 2489">
     <span class='ocr_line' id='line_1_27' title="bbox 322 2414 1903 2489; baseline 0.004 -20"><span class='ocrx_word' id='word_1_197' title='bbox 322 2414 492 2470; x_wconf 79' lang='lat' dir='ltr'><strong>tuisse</strong></span> <span class='ocrx_word' id='word_1_198' title='bbox 521 2414 839 2481; x_wconf 87' lang='lat' dir='ltr'><strong>credantur;</strong></span> <span class='ocrx_word' id='word_1_199' title='bbox 872 2416 1013 2471; x_wconf 91' lang='lat' dir='ltr'><strong>unde</strong></span> <span class='ocrx_word' id='word_1_200' title='bbox 1041 2417 1278 2488; x_wconf 84' lang='lat' dir='ltr'><strong>synodus</strong></span> <span class='ocrx_word' id='word_1_201' title='bbox 1305 2427 1507 2472; x_wconf 89' lang='lat' dir='ltr'><strong>certum</strong></span> <span class='ocrx_word' id='word_1_202' title='bbox 1539 2418 1700 2474; x_wconf 85' lang='lat' dir='ltr'><strong>habet</strong></span> <span class='ocrx_word' id='word_1_203' title='bbox 1720 2420 1738 2451; x_wconf 87' lang='grc'>¹</span> <span class='ocrx_word' id='word_1_204' title='bbox 1764 2420 1903 2489; x_wconf 91' lang='lat' dir='ltr'><strong>quod</strong></span> 
     </span>
    </p>
   </div>
   <div class='ocr_carea' id='block_1_28' title="bbox 327 2508 1910 2578">
    <p class='ocr_par' dir='ltr' id='par_1_28' title="bbox 327 2508 1910 2578">
     <span class='ocr_line' id='line_1_28' title="bbox 327 2508 1910 2578; baseline 0.004 -18"><span class='ocrx_word' id='word_1_205' title='bbox 327 2516 604 2578; x_wconf 84' lang='lat' dir='ltr'><strong>postquam</strong></span> <span class='ocrx_word' id='word_1_206' title='bbox 634 2508 721 2561; x_wconf 89' lang='lat' dir='ltr'><strong>illa</strong></span> <span class='ocrx_word' id='word_1_207' title='bbox 752 2508 970 2577; x_wconf 90' lang='lat' dir='ltr'><strong>scripsit</strong></span> <span class='ocrx_word' id='word_1_208' title='bbox 1012 2523 1117 2563; x_wconf 92' lang='lat' dir='ltr'><strong>non</strong></span> <span class='ocrx_word' id='word_1_209' title='bbox 1161 2509 1472 2578; x_wconf 77' lang='lat' dir='ltr'><strong>cognoverit</strong></span> <span class='ocrx_word' id='word_1_210' title='bbox 1499 2511 1799 2577; x_wconf 74' lang='lat' dir='ltr'><strong>veritatem,</strong></span> <span class='ocrx_word' id='word_1_211' title='bbox 1828 2511 1910 2566; x_wconf 86' lang='lat' dir='ltr'><strong>in-</strong></span> 
     </span>
    </p>
   </div>
   <div class='ocr_carea' id='block_1_29' title="bbox 326 2600 1910 2668">
    <p class='ocr_par' dir='ltr' id='par_1_29' title="bbox 326 2600 1910 2668">
     <span class='ocr_line' id='line_1_29' title="bbox 326 2600 1910 2668; baseline 0.003 -14"><span class='ocrx_word' id='word_1_212' title='bbox 326 2601 561 2668; x_wconf 84' lang='lat' dir='ltr'><strong>spirante</strong></span> <span class='ocrx_word' id='word_1_213' title='bbox 588 2600 719 2665; x_wconf 91' lang='lat' dir='ltr'><strong>Deo,</strong></span> <span class='ocrx_word' id='word_1_214' title='bbox 748 2600 837 2668; x_wconf 90' lang='lat' dir='ltr'><strong>qui</strong></span> <span class='ocrx_word' id='word_1_215' title='bbox 866 2600 1075 2656; x_wconf 90' lang='lat' dir='ltr'><strong>occulte</strong></span> <span class='ocrx_word' id='word_1_216' title='bbox 1108 2614 1172 2655; x_wconf 88' lang='lat' dir='ltr'><strong>ac</strong></span> <span class='ocrx_word' id='word_1_217' title='bbox 1202 2601 1517 2656; x_wconf 88' lang='lat' dir='ltr'><strong>mirabiliter</strong></span> <span class='ocrx_word' id='word_1_218' title='bbox 1545 2602 1682 2656; x_wconf 89' lang='lat' dir='ltr'><strong>solet</strong></span> <span class='ocrx_word' id='word_1_219' title='bbox 1709 2602 1759 2655; x_wconf 94' lang='lat' dir='ltr'><strong>in</strong></span> <span class='ocrx_word' id='word_1_220' title='bbox 1786 2617 1910 2658; x_wconf 90' lang='lat' dir='ltr'><strong>suo-</strong></span> 
     </span>
    </p>
   </div>
   <div class='ocr_carea' id='block_1_30' title="bbox 320 2685 1908 2762">
    <p class='ocr_par' dir='ltr' id='par_1_30' title="bbox 320 2685 1908 2762">
     <span class='ocr_line' id='line_1_30' title="bbox 320 2685 1908 2762; baseline 0.004 -21"><span class='ocrx_word' id='word_1_221' title='bbox 320 2703 442 2742; x_wconf 80' lang='lat' dir='ltr'><strong>rum</strong></span> <span class='ocrx_word' id='word_1_222' title='bbox 483 2685 733 2742; x_wconf 87' lang='lat' dir='ltr'><strong>cordibus</strong></span> <span class='ocrx_word' id='word_1_223' title='bbox 760 2689 995 2758; x_wconf 87' lang='lat' dir='ltr'><strong>operari,</strong></span> <span class='ocrx_word' id='word_1_224' title='bbox 1022 2698 1079 2743; x_wconf 93' lang='lat' dir='ltr'><strong>ut</strong></span> <span class='ocrx_word' id='word_1_225' title='bbox 1117 2702 1238 2744; x_wconf 90' lang='lat' dir='ltr'><strong>eum</strong></span> <span class='ocrx_word' id='word_1_226' title='bbox 1269 2690 1347 2744; x_wconf 88' lang='lat' dir='ltr'><strong>sic</strong></span> <span class='ocrx_word' id='word_1_227' title='bbox 1368 2688 1635 2760; x_wconf 84' lang='lat' dir='ltr'><strong>judicaret</strong></span> <span class='ocrx_word' id='word_1_228' title='bbox 1662 2700 1908 2762; x_wconf 76' lang='lat' dir='ltr'><strong>tanquam</strong></span> 
     </span>
    </p>
   </div>
   <div class='ocr_carea' id='block_1_31' title="bbox 325 2784 1911 2855">
    <p class='ocr_par' dir='ltr' id='par_1_31' title="bbox 325 2784 1911 2855">
     <span class='ocr_line' id='line_1_31' title="bbox 325 2784 1911 2855; baseline 0.003 -17"><span class='ocrx_word' id='word_1_229' title='bbox 325 2786 381 2838; x_wconf 85' lang='lat' dir='ltr'><strong>in</strong></span> <span class='ocrx_word' id='word_1_230' title='bbox 420 2784 536 2853; x_wconf 79' lang='lat' dir='ltr'><strong>ipso</strong></span> <span class='ocrx_word' id='word_1_231' title='bbox 580 2799 765 2840; x_wconf 90' lang='lat' dir='ltr'><strong>errore</strong></span> <span class='ocrx_word' id='word_1_232' title='bbox 814 2785 1159 2841; x_wconf 71' lang='lat' dir='ltr'><strong>defunctum?</strong></span> <span class='ocrx_word' id='word_1_233' title='bbox 1202 2784 1335 2841; x_wconf 88' lang='lat' dir='ltr'><strong>Nam</strong></span> <span class='ocrx_word' id='word_1_234' title='bbox 1385 2787 1465 2841; x_wconf 70' lang='lat' dir='ltr'><strong>vel</strong></span> <span class='ocrx_word' id='word_1_235' title='bbox 1508 2786 1554 2841; x_wconf 89' lang='lat' dir='ltr'><strong>si</strong></span> <span class='ocrx_word' id='word_1_236' title='bbox 1598 2787 1911 2855; x_wconf 85' lang='lat' dir='ltr'><strong>probaretur</strong></span> 
     </span>
    </p>
   </div>
   <div class='ocr_carea' id='block_1_32' title="bbox 323 2874 1910 2945">
    <p class='ocr_par' dir='ltr' id='par_1_32' title="bbox 323 2874 1910 2945">
     <span class='ocr_line' id='line_1_32' title="bbox 323 2874 1910 2945; baseline 0.005 -17"><span class='ocrx_word' id='word_1_237' title='bbox 323 2875 469 2943; x_wconf 86' lang='lat' dir='ltr'><strong>quod</strong></span> <span class='ocrx_word' id='word_1_238' title='bbox 492 2889 659 2944; x_wconf 88' lang='lat' dir='ltr'><strong>usque</strong></span> <span class='ocrx_word' id='word_1_239' title='bbox 685 2876 737 2933; x_wconf 91' lang='lat' dir='ltr'><strong>in</strong></span> <span class='ocrx_word' id='word_1_240' title='bbox 761 2874 849 2931; x_wconf 91' lang='lat' dir='ltr'><strong>die</strong></span> <span class='ocrx_word' id='word_1_241' title='bbox 881 2874 1066 2931; x_wconf 90' lang='lat' dir='ltr'><strong>mortis</strong></span> <span class='ocrx_word' id='word_1_242' title='bbox 1089 2891 1203 2931; x_wconf 81' lang='lat' dir='ltr'><strong>suae</strong></span> <span class='ocrx_word' id='word_1_243' title='bbox 1229 2875 1428 2945; x_wconf 88' lang='lat' dir='ltr'><strong>aliquid</strong></span> <span class='ocrx_word' id='word_1_244' title='bbox 1456 2876 1523 2932; x_wconf 93' lang='lat' dir='ltr'><strong>de</strong></span> <span class='ocrx_word' id='word_1_245' title='bbox 1550 2878 1910 2936; x_wconf 76' lang='lat' dir='ltr'><strong>incarnatione</strong></span> 
     </span>
    </p>
   </div>
   <div class='ocr_carea' id='block_1_33' title="bbox 325 2962 1908 3037">
    <p class='ocr_par' dir='ltr' id='par_1_33' title="bbox 325 2962 1908 3037">
     <span class='ocr_line' id='line_1_33' title="bbox 325 2962 1908 3037; baseline 0.004 -20"><span class='ocrx_word' id='word_1_246' title='bbox 325 2962 520 3019; x_wconf 86' lang='lat' dir='ltr'><strong>Christi</strong></span> <span class='ocrx_word' id='word_1_247' title='bbox 548 2965 819 3033; x_wconf 84' lang='lat' dir='ltr'><strong>nescierit,</strong></span> <span class='ocrx_word' id='word_1_248' title='bbox 844 2974 1019 3021; x_wconf 85' lang='lat' dir='ltr'><strong>tamen</strong></span> <span class='ocrx_word' id='word_1_249' title='bbox 1047 2979 1167 3021; x_wconf 91' lang='lat' dir='ltr'><strong>eum</strong></span> <span class='ocrx_word' id='word_1_250' title='bbox 1196 2980 1299 3020; x_wconf 92' lang='lat' dir='ltr'><strong>non</strong></span> <span class='ocrx_word' id='word_1_251' title='bbox 1326 2973 1472 3022; x_wconf 90' lang='lat' dir='ltr'><strong>esset</strong></span> <span class='ocrx_word' id='word_1_252' title='bbox 1493 2967 1560 3022; x_wconf 93' lang='lat' dir='ltr'><strong>ab</strong></span> <span class='ocrx_word' id='word_1_253' title='bbox 1584 2967 1701 3037; x_wconf 86' lang='lat' dir='ltr'><strong>ejus</strong></span> <span class='ocrx_word' id='word_1_254' title='bbox 1728 2968 1908 3024; x_wconf 83' lang='lat' dir='ltr'><strong>Eccle-</strong></span> 
     </span>
    </p>
   </div>
   <div class='ocr_carea' id='block_1_34' title="bbox 2001 424 3582 501">
    <p class='ocr_par' dir='ltr' id='par_1_34' title="bbox 2001 424 3582 501">
     <span class='ocr_line' id='line_1_34' title="bbox 2001 424 3582 501; baseline 0.007 -26"><span class='ocrx_word' id='word_1_255' title='bbox 2001 430 2062 476; x_wconf 91' lang='lat' dir='ltr'><strong>ut</strong></span> <span class='ocrx_word' id='word_1_256' title='bbox 2089 424 2325 493; x_wconf 83' lang='lat' dir='ltr'><strong>quidam,</strong></span> <span class='ocrx_word' id='word_1_257' title='bbox 2357 426 2684 481; x_wconf 90' lang='lat' dir='ltr'><strong>occultorum</strong></span> <span class='ocrx_word' id='word_1_258' title='bbox 2728 426 2890 497; x_wconf 87' lang='lat' dir='ltr'><strong>judex</strong></span> <span class='ocrx_word' id='word_1_259' title='bbox 2940 443 3080 496; x_wconf 88' lang='lat' dir='ltr'><strong>esse,</strong></span> <span class='ocrx_word' id='word_1_260' title='bbox 3125 431 3266 501; x_wconf 90' lang='lat' dir='ltr'><strong>quod</strong></span> <span class='ocrx_word' id='word_1_261' title='bbox 3310 432 3454 487; x_wconf 85' lang='lat' dir='ltr'><strong>solus</strong></span> <span class='ocrx_word' id='word_1_262' title='bbox 3495 439 3582 486; x_wconf 81' lang='lat' dir='ltr'><strong>est</strong></span> 
     </span>
    </p>
   </div>
   <div class='ocr_carea' id='block_1_35' title="bbox 2002 513 3580 595">
    <p class='ocr_par' dir='ltr' id='par_1_35' title="bbox 2002 513 3580 595">
     <span class='ocr_line' id='line_1_35' title="bbox 2002 513 3580 595; baseline 0.005 -28"><span class='ocrx_word' id='word_1_263' title='bbox 2002 513 2059 566; x_wconf 85' lang='lat' dir='ltr'><strong>D.</strong></span> <span class='ocrx_word' id='word_1_264' title='bbox 2083 516 2176 569; x_wconf 81' lang='lat' dir='ltr'><strong>us?</strong></span> <span class='ocrx_word' id='word_1_265' title='bbox 2205 515 2397 569; x_wconf 84' lang='lat' dir='ltr'><strong>Verum</strong></span> <span class='ocrx_word' id='word_1_266' title='bbox 2430 532 2603 586; x_wconf 88' lang='lat' dir='ltr'><strong>neque</strong></span> <span class='ocrx_word' id='word_1_267' title='bbox 2634 518 2774 595; x_wconf 84' lang='lat' dir='ltr'><strong>illud</strong></span> <span class='ocrx_word' id='word_1_268' title='bbox 2819 520 3089 574; x_wconf 87' lang='lat' dir='ltr'><strong>modestus</strong></span> <span class='ocrx_word' id='word_1_269' title='bbox 3120 522 3419 591; x_wconf 85' lang='lat' dir='ltr'><strong>quisquam,</strong></span> <span class='ocrx_word' id='word_1_270' title='bbox 3442 521 3580 576; x_wconf 87' lang='lat' dir='ltr'><strong>sicut</strong></span> 
     </span>
    </p>
   </div>
   <div class='ocr_carea' id='block_1_36' title="bbox 2002 608 3579 682">
    <p class='ocr_par' dir='ltr' id='par_1_36' title="bbox 2002 608 3579 682">
     <span class='ocr_line' id='line_1_36' title="bbox 2002 608 3579 682; baseline 0.004 -23"><span class='ocrx_word' id='word_1_271' title='bbox 2002 608 2253 674; x_wconf 87' lang='lat' dir='ltr'><strong>arbitror,</strong></span> <span class='ocrx_word' id='word_1_272' title='bbox 2280 610 2503 664; x_wconf 79' lang='lat' dir='ltr'><strong>delinire</strong></span> <span class='ocrx_word' id='word_1_273' title='bbox 2550 610 2840 679; x_wconf 72' lang='lat' dir='ltr'><strong>praesumit,</strong></span> <span class='ocrx_word' id='word_1_274' title='bbox 2871 612 3013 682; x_wconf 91' lang='lat' dir='ltr'><strong>quod</strong></span> <span class='ocrx_word' id='word_1_275' title='bbox 3062 611 3295 668; x_wconf 68' lang='lat' dir='ltr'><strong>haeretici</strong></span> <span class='ocrx_word' id='word_1_276' title='bbox 3347 613 3579 668; x_wconf 83' lang='lat' dir='ltr'><strong>habendi</strong></span> 
     </span>
    </p>
   </div>
   <div class='ocr_carea' id='block_1_37' title="bbox 2002 699 3583 774">
    <p class='ocr_par' dir='ltr' id='par_1_37' title="bbox 2002 699 3583 774">
     <span class='ocr_line' id='line_1_37' title="bbox 2002 699 3583 774; baseline 0.004 -23"><span class='ocrx_word' id='word_1_277' title='bbox 2002 699 2107 751; x_wconf 88' lang='lat' dir='ltr'><strong>sint</strong></span> <span class='ocrx_word' id='word_1_278' title='bbox 2136 716 2341 769; x_wconf 86' lang='lat' dir='ltr'><strong>omnes,</strong></span> <span class='ocrx_word' id='word_1_279' title='bbox 2367 701 2455 771; x_wconf 91' lang='lat' dir='ltr'><strong>qui</strong></span> <span class='ocrx_word' id='word_1_280' title='bbox 2486 717 2591 757; x_wconf 89' lang='lat' dir='ltr'><strong>non</strong></span> <span class='ocrx_word' id='word_1_281' title='bbox 2622 703 2942 773; x_wconf 87' lang='lat' dir='ltr'><strong>pertinaces,</strong></span> <span class='ocrx_word' id='word_1_282' title='bbox 2972 704 3067 759; x_wconf 87' lang='lat' dir='ltr'><strong>sed</strong></span> <span class='ocrx_word' id='word_1_283' title='bbox 3094 715 3150 760; x_wconf 92' lang='lat' dir='ltr'><strong>ut</strong></span> <span class='ocrx_word' id='word_1_284' title='bbox 3179 704 3499 774; x_wconf 89' lang='lat' dir='ltr'><strong>imperfecti,</strong></span> <span class='ocrx_word' id='word_1_285' title='bbox 3525 713 3583 758; x_wconf 82' lang='lat' dir='ltr'><strong>et</strong></span> 
     </span>
    </p>
   </div>
   <div class='ocr_carea' id='block_1_38' title="bbox 2002 797 3583 871">
    <p class='ocr_par' dir='ltr' id='par_1_38' title="bbox 2002 797 3583 871">
     <span class='ocr_line' id='line_1_38' title="bbox 2002 797 3583 871; baseline 0.005 -22"><span class='ocrx_word' id='word_1_286' title='bbox 2002 798 2071 853; x_wconf 91' lang='lat' dir='ltr'><strong>ad</strong></span> <span class='ocrx_word' id='word_1_287' title='bbox 2098 797 2407 854; x_wconf 87' lang='lat' dir='ltr'><strong>discendum</strong></span> <span class='ocrx_word' id='word_1_288' title='bbox 2440 800 2631 869; x_wconf 84' lang='lat' dir='ltr'><strong>parati,</strong></span> <span class='ocrx_word' id='word_1_289' title='bbox 2654 802 2830 856; x_wconf 90' lang='lat' dir='ltr'><strong>minus</strong></span> <span class='ocrx_word' id='word_1_290' title='bbox 2855 801 3053 871; x_wconf 86' lang='lat' dir='ltr'><strong>aliquid</strong></span> <span class='ocrx_word' id='word_1_291' title='bbox 3080 801 3131 856; x_wconf 90' lang='lat' dir='ltr'><strong>iu</strong></span> <span class='ocrx_word' id='word_1_292' title='bbox 3153 802 3452 858; x_wconf 85' lang='lat' dir='ltr'><strong>Christiana</strong></span> <span class='ocrx_word' id='word_1_293' title='bbox 3478 802 3583 857; x_wconf 83' lang='lat' dir='ltr'><strong>fide</strong></span> 
     </span>
    </p>
   </div>
   <div class='ocr_carea' id='block_1_39' title="bbox 2003 889 3584 962">
    <p class='ocr_par' dir='ltr' id='par_1_39' title="bbox 2003 889 3584 962">
     <span class='ocr_line' id='line_1_39' title="bbox 2003 889 3584 962; baseline 0.004 -21"><span class='ocrx_word' id='word_1_294' title='bbox 2003 889 2379 956; x_wconf 77' lang='lat' dir='ltr'><strong>cognoverint;</strong></span> <span class='ocrx_word' id='word_1_295' title='bbox 2412 890 2549 945; x_wconf 92' lang='lat' dir='ltr'><strong>sicut</strong></span> <span class='ocrx_word' id='word_1_296' title='bbox 2578 890 2739 944; x_wconf 89' lang='lat' dir='ltr'><strong>etiam</strong></span> <span class='ocrx_word' id='word_1_297' title='bbox 2774 891 2887 961; x_wconf 88' lang='lat' dir='ltr'><strong>ipse</strong></span> <span class='ocrx_word' id='word_1_298' title='bbox 2913 893 2933 922; x_wconf 83' lang='grc'>⁸</span> <span class='ocrx_word' id='word_1_299' title='bbox 2960 890 3193 945; x_wconf 82' lang='lat' dir='ltr'><strong>Thomas</strong></span> <span class='ocrx_word' id='word_1_300' title='bbox 3232 902 3284 946; x_wconf 89' lang='lat' dir='ltr'><strong>et</strong></span> <span class='ocrx_word' id='word_1_301' title='bbox 3310 892 3584 962; x_wconf 79' lang='lat' dir='ltr'><strong>Philippus</strong></span> 
     </span>
    </p>
   </div>
   <div class='ocr_carea' id='block_1_40' title="bbox 2004 980 3585 1053">
    <p class='ocr_par' dir='ltr' id='par_1_40' title="bbox 2004 980 3585 1053">
     <span class='ocr_line' id='line_1_40' title="bbox 2004 980 3585 1053; baseline 0.001 -20"><span class='ocrx_word' id='word_1_302' title='bbox 2004 980 2249 1045; x_wconf 88' lang='lat' dir='ltr'><strong>apostoli.</strong></span> <span class='ocrx_word' id='word_1_303' title='bbox 2281 980 2411 1035; x_wconf 82' lang='lat' dir='ltr'><strong>Nam</strong></span> <span class='ocrx_word' id='word_1_304' title='bbox 2460 989 2513 1035; x_wconf 92' lang='lat' dir='ltr'><strong>et</strong></span> <span class='ocrx_word' id='word_1_305' title='bbox 2554 982 2773 1037; x_wconf 59' lang='lat' dir='ltr'><strong>Thomas</strong></span> <span class='ocrx_word' id='word_1_306' title='bbox 2821 981 3015 1037; x_wconf 88' lang='lat' dir='ltr'><strong>dicitur</strong></span> <span class='ocrx_word' id='word_1_307' title='bbox 3057 999 3072 1035; x_wconf 90' lang='lat'><strong>:</strong></span> <span class='ocrx_word' id='word_1_308' title='bbox 3124 980 3189 1036; x_wconf 90' lang='lat' dir='ltr'><strong>Si</strong></span> <span class='ocrx_word' id='word_1_309' title='bbox 3232 982 3585 1053; x_wconf 75' lang='lat' dir='ltr'><strong>cognovissetis</strong></span> 
     </span>
    </p>
   </div>
   <div class='ocr_carea' id='block_1_41' title="bbox 2004 1070 3582 1144">
    <p class='ocr_par' dir='ltr' id='par_1_41' title="bbox 2004 1070 3582 1144">
     <span class='ocr_line' id='line_1_41' title="bbox 2004 1070 3582 1144; baseline 0.003 -21"><span class='ocrx_word' id='word_1_310' title='bbox 2004 1088 2105 1138; x_wconf 83' lang='lat' dir='ltr'><strong>me,</strong></span> <span class='ocrx_word' id='word_1_311' title='bbox 2124 1081 2168 1123; x_wconf 88' lang='lat' dir='ltr'><strong>et</strong></span> <span class='ocrx_word' id='word_1_312' title='bbox 2191 1070 2399 1126; x_wconf 85' lang='lat' dir='ltr'><strong>Patrem</strong></span> <span class='ocrx_word' id='word_1_313' title='bbox 2427 1089 2590 1127; x_wconf 82' lang='lat' dir='ltr'><strong>meum</strong></span> <span class='ocrx_word' id='word_1_314' title='bbox 2621 1075 2791 1144; x_wconf 79' lang='lat' dir='ltr'><strong>utique</strong></span> <span class='ocrx_word' id='word_1_315' title='bbox 2816 1074 3172 1144; x_wconf 81' lang='lat' dir='ltr'><strong>cognovissetis</strong></span> <span class='ocrx_word' id='word_1_316' title='bbox 3196 1072 3372 1143; x_wconf 82' lang='lat' dir='ltr'><strong>(Joan.</strong></span> <span class='ocrx_word' id='word_1_317' title='bbox 3393 1074 3582 1142; x_wconf 56' lang='grc' dir='ltr'><strong>κινῇ).</strong></span> 
     </span>
    </p>
   </div>
   <div class='ocr_carea' id='block_1_42' title="bbox 2008 1162 3587 1235">
    <p class='ocr_par' dir='ltr' id='par_1_42' title="bbox 2008 1162 3587 1235">
     <span class='ocr_line' id='line_1_42' title="bbox 2008 1162 3587 1235; baseline 0.001 -20"><span class='ocrx_word' id='word_1_318' title='bbox 2008 1162 2074 1216; x_wconf 85' lang='lat' dir='ltr'><strong>Et</strong></span> <span class='ocrx_word' id='word_1_319' title='bbox 2120 1162 2364 1231; x_wconf 87' lang='lat' dir='ltr'><strong>Philippo</strong></span> <span class='ocrx_word' id='word_1_320' title='bbox 2405 1180 2422 1217; x_wconf 86' lang='lat'><strong>:</strong></span> <span class='ocrx_word' id='word_1_321' title='bbox 2473 1163 2637 1217; x_wconf 83' lang='lat' dir='ltr'><strong>Tanto</strong></span> <span class='ocrx_word' id='word_1_322' title='bbox 2680 1174 2900 1235; x_wconf 75' lang='lat' dir='ltr'><strong>tempore</strong></span> <span class='ocrx_word' id='word_1_323' title='bbox 2942 1163 3201 1218; x_wconf 80' lang='lat' dir='ltr'><strong>vobiscum</strong></span> <span class='ocrx_word' id='word_1_324' title='bbox 3245 1179 3378 1229; x_wconf 81' lang='lat' dir='ltr'><strong>sum,</strong></span> <span class='ocrx_word' id='word_1_325' title='bbox 3409 1174 3455 1218; x_wconf 84' lang='lat' dir='ltr'><strong>et</strong></span> <span class='ocrx_word' id='word_1_326' title='bbox 3485 1179 3587 1217; x_wconf 64' lang='lat' dir='ltr'><strong>non</strong></span> 
     </span>
    </p>
   </div>
   <div class='ocr_carea' id='block_1_43' title="bbox 2004 1253 3587 1326">
    <p class='ocr_par' dir='ltr' id='par_1_43' title="bbox 2004 1253 3587 1326">
     <span class='ocr_line' id='line_1_43' title="bbox 2004 1253 3587 1326; baseline 0 -20"><span class='ocrx_word' id='word_1_327' title='bbox 2004 1254 2307 1323; x_wconf 85' lang='lat' dir='ltr'><strong>cognovistis</strong></span> <span class='ocrx_word' id='word_1_328' title='bbox 2352 1271 2448 1319; x_wconf 83' lang='lat' dir='ltr'><strong>me,</strong></span> <span class='ocrx_word' id='word_1_329' title='bbox 2480 1253 2755 1324; x_wconf 83' lang='lat' dir='ltr'><strong>Philippe?</strong></span> <span class='ocrx_word' id='word_1_330' title='bbox 2782 1256 2865 1320; x_wconf 83' lang='lat' dir='ltr'><strong>Et,</strong></span> <span class='ocrx_word' id='word_1_331' title='bbox 2892 1254 3013 1309; x_wconf 85' lang='lat' dir='ltr'><strong>Non</strong></span> <span class='ocrx_word' id='word_1_332' title='bbox 3043 1255 3208 1309; x_wconf 79' lang='lat' dir='ltr'><strong>credis</strong></span> <span class='ocrx_word' id='word_1_333' title='bbox 3240 1255 3360 1325; x_wconf 82' lang='lat' dir='ltr'><strong>quia</strong></span> <span class='ocrx_word' id='word_1_334' title='bbox 3401 1269 3493 1326; x_wconf 87' lang='lat' dir='ltr'><strong>ego</strong></span> <span class='ocrx_word' id='word_1_335' title='bbox 3533 1254 3587 1307; x_wconf 79' lang='lat' dir='ltr'><strong>in</strong></span> 
     </span>
    </p>
   </div>
   <div class='ocr_carea' id='block_1_44' title="bbox 2007 1341 3588 1418">
    <p class='ocr_par' dir='ltr' id='par_1_44' title="bbox 2007 1341 3588 1418">
     <span class='ocr_line' id='line_1_44' title="bbox 2007 1341 3588 1418; baseline 0.004 -24"><span class='ocrx_word' id='word_1_336' title='bbox 2007 1341 2182 1409; x_wconf 83' lang='lat' dir='ltr'><strong>Patre,</strong></span> <span class='ocrx_word' id='word_1_337' title='bbox 2211 1353 2257 1397; x_wconf 86' lang='lat' dir='ltr'><strong>et</strong></span> <span class='ocrx_word' id='word_1_338' title='bbox 2288 1343 2445 1399; x_wconf 90' lang='lat' dir='ltr'><strong>Pater</strong></span> <span class='ocrx_word' id='word_1_339' title='bbox 2491 1347 2542 1398; x_wconf 87' lang='lat' dir='ltr'><strong>in</strong></span> <span class='ocrx_word' id='word_1_340' title='bbox 2586 1362 2663 1400; x_wconf 88' lang='lat' dir='ltr'><strong>me</strong></span> <span class='ocrx_word' id='word_1_341' title='bbox 2708 1357 2782 1400; x_wconf 81' lang='lat' dir='ltr'><strong>est</strong></span> <span class='ocrx_word' id='word_1_342' title='bbox 2831 1345 3018 1418; x_wconf 85' lang='lat' dir='ltr'><strong>(lbid.,</strong></span> <span class='ocrx_word' id='word_1_343' title='bbox 3046 1344 3102 1411; x_wconf 86' lang='lat'><strong>9,</strong></span> <span class='ocrx_word' id='word_1_344' title='bbox 3134 1345 3259 1417; x_wconf 68' lang='lat'><strong>10)?</strong></span> <span class='ocrx_word' id='word_1_345' title='bbox 3297 1346 3425 1414; x_wconf 86' lang='lat' dir='ltr'><strong>Quis</strong></span> <span class='ocrx_word' id='word_1_346' title='bbox 3458 1358 3588 1415; x_wconf 86' lang='lat' dir='ltr'><strong>ergo</strong></span> 
     </span>
    </p>
   </div>
   <div class='ocr_carea' id='block_1_45' title="bbox 2008 1435 3581 1508">
    <p class='ocr_par' dir='ltr' id='par_1_45' title="bbox 2008 1435 3581 1508">
     <span class='ocr_line' id='line_1_45' title="bbox 2008 1435 3581 1508; baseline 0.002 -19"><span class='ocrx_word' id='word_1_347' title='bbox 2008 1435 2138 1490; x_wconf 88' lang='lat' dir='ltr'><strong>tales</strong></span> <span class='ocrx_word' id='word_1_348' title='bbox 2168 1436 2446 1492; x_wconf 80' lang='lat' dir='ltr'><strong>haereticos</strong></span> <span class='ocrx_word' id='word_1_349' title='bbox 2491 1438 2651 1505; x_wconf 87' lang='lat' dir='ltr'><strong>dicat,</strong></span> <span class='ocrx_word' id='word_1_350' title='bbox 2686 1439 2727 1492; x_wconf 88' lang='lat' dir='ltr'><strong>si</strong></span> <span class='ocrx_word' id='word_1_351' title='bbox 2774 1446 3091 1508; x_wconf 70' lang='lat' dir='ltr'><strong>praesentem</strong></span> <span class='ocrx_word' id='word_1_352' title='bbox 3120 1438 3304 1502; x_wconf 89' lang='lat' dir='ltr'><strong>vitam,</strong></span> <span class='ocrx_word' id='word_1_353' title='bbox 3332 1436 3581 1502; x_wconf 80' lang='lat' dir='ltr'><strong>quamvis</strong></span> 
     </span>
    </p>
   </div>
   <div class='ocr_carea' id='block_1_46' title="bbox 2006 1526 3585 1599">
    <p class='ocr_par' dir='ltr' id='par_1_46' title="bbox 2006 1526 3585 1599">
     <span class='ocr_line' id='line_1_46' title="bbox 2006 1526 3585 1599; baseline 0.003 -19"><span class='ocrx_word' id='word_1_354' title='bbox 2006 1526 2181 1583; x_wconf 88' lang='lat' dir='ltr'><strong>adhuc</strong></span> <span class='ocrx_word' id='word_1_355' title='bbox 2210 1529 2535 1598; x_wconf 75' lang='lat' dir='ltr'><strong>ignorantes,</strong></span> <span class='ocrx_word' id='word_1_356' title='bbox 2572 1530 2623 1584; x_wconf 92' lang='lat' dir='ltr'><strong>in</strong></span> <span class='ocrx_word' id='word_1_357' title='bbox 2660 1528 2896 1585; x_wconf 84' lang='lat' dir='ltr'><strong>Ecclesia</strong></span> <span class='ocrx_word' id='word_1_358' title='bbox 2942 1538 3117 1584; x_wconf 88' lang='lat' dir='ltr'><strong>tamen</strong></span> <span class='ocrx_word' id='word_1_359' title='bbox 3145 1529 3398 1598; x_wconf 84' lang='lat' dir='ltr'><strong>finierint,</strong></span> <span class='ocrx_word' id='word_1_360' title='bbox 3426 1541 3585 1599; x_wconf 89' lang='lat' dir='ltr'><strong>quam</strong></span> 
     </span>
    </p>
   </div>
   <div class='ocr_carea' id='block_1_47' title="bbox 2007 1616 3587 1691">
    <p class='ocr_par' dir='ltr' id='par_1_47' title="bbox 2007 1616 3587 1691">
     <span class='ocr_line' id='line_1_47' title="bbox 2007 1616 3587 1691; baseline 0.002 -22"><span class='ocrx_word' id='word_1_361' title='bbox 2007 1616 2115 1672; x_wconf 87' lang='lat' dir='ltr'><strong>falli</strong></span> <span class='ocrx_word' id='word_1_362' title='bbox 2153 1633 2309 1689; x_wconf 84' lang='lat' dir='ltr'><strong>posse</strong></span> <span class='ocrx_word' id='word_1_363' title='bbox 2338 1636 2444 1674; x_wconf 91' lang='lat' dir='ltr'><strong>non</strong></span> <span class='ocrx_word' id='word_1_364' title='bbox 2473 1619 2728 1687; x_wconf 89' lang='lat' dir='ltr'><strong>credunt;</strong></span> <span class='ocrx_word' id='word_1_365' title='bbox 2759 1635 2881 1675; x_wconf 89' lang='lat' dir='ltr'><strong>cum</strong></span> <span class='ocrx_word' id='word_1_366' title='bbox 2924 1629 3251 1677; x_wconf 84' lang='lat' dir='ltr'><strong>memoratos</strong></span> <span class='ocrx_word' id='word_1_367' title='bbox 3293 1621 3587 1691; x_wconf 88' lang='lat' dir='ltr'><strong>apostolos,</strong></span> 
     </span>
    </p>
   </div>
   <div class='ocr_carea' id='block_1_48' title="bbox 1939 1697 3590 1782">
    <p class='ocr_par' dir='ltr' id='par_1_48' title="bbox 1939 1697 3590 1782">
     <span class='ocr_line' id='line_1_48' title="bbox 1939 1697 3590 1782; baseline -0.001 -18"><span class='ocrx_word' id='word_1_368' title='bbox 1939 1697 1985 1756; x_wconf 86' lang='grc' dir='ltr'><strong><em>Β</em></strong></span> <span class='ocrx_word' id='word_1_369' title='bbox 2013 1723 2111 1764; x_wconf 91' lang='lat' dir='ltr'><strong>nec</strong></span> <span class='ocrx_word' id='word_1_370' title='bbox 2152 1710 2203 1764; x_wconf 83' lang='lat' dir='ltr'><strong>in</strong></span> <span class='ocrx_word' id='word_1_371' title='bbox 2236 1711 2350 1780; x_wconf 91' lang='lat' dir='ltr'><strong>ipso</strong></span> <span class='ocrx_word' id='word_1_372' title='bbox 2387 1720 2628 1781; x_wconf 89' lang='lat' dir='ltr'><strong>tempore</strong></span> <span class='ocrx_word' id='word_1_373' title='bbox 2658 1725 2764 1781; x_wconf 91' lang='lat' dir='ltr'><strong>quo</strong></span> <span class='ocrx_word' id='word_1_374' title='bbox 2791 1709 2908 1766; x_wconf 84' lang='lat' dir='ltr'><strong>h:ec</strong></span> <span class='ocrx_word' id='word_1_375' title='bbox 2938 1711 3270 1782; x_wconf 86' lang='lat' dir='ltr'><strong>ignorabant,</strong></span> <span class='ocrx_word' id='word_1_376' title='bbox 3305 1708 3590 1764; x_wconf 78' lang='lat' dir='ltr'><strong>haereticos</strong></span> 
     </span>
    </p>
   </div>
   <div class='ocr_carea' id='block_1_49' title="bbox 2012 1799 3590 1871">
    <p class='ocr_par' dir='ltr' id='par_1_49' title="bbox 2012 1799 3590 1871">
     <span class='ocr_line' id='line_1_49' title="bbox 2012 1799 3590 1871; baseline -0.001 -17"><span class='ocrx_word' id='word_1_377' title='bbox 2012 1799 2176 1857; x_wconf 87' lang='lat' dir='ltr'><strong>fuisse</strong></span> <span class='ocrx_word' id='word_1_378' title='bbox 2214 1802 2409 1856; x_wconf 89' lang='lat' dir='ltr'><strong>audeat</strong></span> <span class='ocrx_word' id='word_1_379' title='bbox 2450 1802 2745 1870; x_wconf 76' lang='lat' dir='ltr'><strong>suSpicari?</strong></span> <span class='ocrx_word' id='word_1_380' title='bbox 2778 1801 2969 1856; x_wconf 86' lang='lat' dir='ltr'><strong>Verum</strong></span> <span class='ocrx_word' id='word_1_381' title='bbox 3001 1800 3125 1855; x_wconf 90' lang='lat' dir='ltr'><strong>hinc</strong></span> <span class='ocrx_word' id='word_1_382' title='bbox 3166 1812 3378 1871; x_wconf 90' lang='lat' dir='ltr'><strong>quoque</strong></span> <span class='ocrx_word' id='word_1_383' title='bbox 3408 1804 3590 1868; x_wconf 89' lang='lat' dir='ltr'><strong>postea</strong></span> 
     </span>
    </p>
   </div>
   <div class='ocr_carea' id='block_1_50' title="bbox 2011 1888 3589 1963">
    <p class='ocr_par' dir='ltr' id='par_1_50' title="bbox 2011 1888 3589 1963">
     <span class='ocr_line' id='line_1_50' title="bbox 2011 1888 3589 1963; baseline -0.001 -18"><span class='ocrx_word' id='word_1_384' title='bbox 2011 1889 2175 1945; x_wconf 88' lang='lat' dir='ltr'><strong>multa</strong></span> <span class='ocrx_word' id='word_1_385' title='bbox 2200 1890 2460 1947; x_wconf 88' lang='lat' dir='ltr'><strong>dicemus.</strong></span> <span class='ocrx_word' id='word_1_386' title='bbox 2484 1891 2615 1946; x_wconf 90' lang='lat' dir='ltr'><strong>Cum</strong></span> <span class='ocrx_word' id='word_1_387' title='bbox 2645 1907 2772 1947; x_wconf 85' lang='lat' dir='ltr'><strong>vero</strong></span> <span class='ocrx_word' id='word_1_388' title='bbox 2802 1891 3059 1947; x_wconf 85' lang='lat' dir='ltr'><strong>incertum</strong></span> <span class='ocrx_word' id='word_1_389' title='bbox 3086 1891 3321 1963; x_wconf 86' lang='lat' dir='ltr'><strong>synodus</strong></span> <span class='ocrx_word' id='word_1_390' title='bbox 3347 1888 3589 1955; x_wconf 84' lang='lat' dir='ltr'><strong>haberet.</strong></span> 
     </span>
    </p>
   </div>
   <div class='ocr_carea' id='block_1_51' title="bbox 2008 1980 3589 2054">
    <p class='ocr_par' dir='ltr' id='par_1_51' title="bbox 2008 1980 3589 2054">
     <span class='ocr_line' id='line_1_51' title="bbox 2008 1980 3589 2054; baseline 0.001 -18"><span class='ocrx_word' id='word_1_391' title='bbox 2008 1990 2062 2036; x_wconf 88' lang='lat' dir='ltr'><strong>et</strong></span> <span class='ocrx_word' id='word_1_392' title='bbox 2089 1981 2355 2037; x_wconf 65' lang='lat' dir='ltr'><strong>Theodori</strong></span> <span class='ocrx_word' id='word_1_393' title='bbox 2383 1998 2501 2039; x_wconf 89' lang='lat' dir='ltr'><strong>esse</strong></span> <span class='ocrx_word' id='word_1_394' title='bbox 2539 1984 2716 2038; x_wconf 90' lang='lat' dir='ltr'><strong>omnia</strong></span> <span class='ocrx_word' id='word_1_395' title='bbox 2747 1984 2832 2038; x_wconf 86' lang='lat' dir='ltr'><strong>illa</strong></span> <span class='ocrx_word' id='word_1_396' title='bbox 2873 1984 3101 2054; x_wconf 83' lang='lat' dir='ltr'><strong>capitula</strong></span> <span class='ocrx_word' id='word_1_397' title='bbox 3147 1997 3244 2052; x_wconf 86' lang='lat' dir='ltr'><strong>pro</strong></span> <span class='ocrx_word' id='word_1_398' title='bbox 3285 1982 3477 2053; x_wconf 89' lang='lat' dir='ltr'><strong>quibus</strong></span> <span class='ocrx_word' id='word_1_399' title='bbox 3520 1980 3589 2037; x_wconf 88' lang='lat' dir='ltr'><strong>ab</strong></span> 
     </span>
    </p>
   </div>
   <div class='ocr_carea' id='block_1_52' title="bbox 2012 2070 3587 2145">
    <p class='ocr_par' dir='ltr' id='par_1_52' title="bbox 2012 2070 3587 2145">
     <span class='ocr_line' id='line_1_52' title="bbox 2012 2070 3587 2145; baseline 0 -20"><span class='ocrx_word' id='word_1_400' title='bbox 2012 2070 2251 2129; x_wconf 85' lang='lat' dir='ltr'><strong>Ecclesia</strong></span> <span class='ocrx_word' id='word_1_401' title='bbox 2298 2073 2566 2130; x_wconf 90' lang='lat' dir='ltr'><strong>diceretur</strong></span> <span class='ocrx_word' id='word_1_402' title='bbox 2588 2073 2989 2141; x_wconf 87' lang='lat' dir='ltr'><strong>excludendus;</strong></span> <span class='ocrx_word' id='word_1_403' title='bbox 3032 2072 3175 2145; x_wconf 88' lang='lat' dir='ltr'><strong>quod</strong></span> <span class='ocrx_word' id='word_1_404' title='bbox 3228 2072 3437 2128; x_wconf 86' lang='lat' dir='ltr'><strong>etiamsi</strong></span> <span class='ocrx_word' id='word_1_405' title='bbox 3465 2086 3587 2126; x_wconf 91' lang='lat' dir='ltr'><strong>cer-</strong></span> 
     </span>
    </p>
   </div>
   <div class='ocr_carea' id='block_1_53' title="bbox 1976 2161 3585 2235">
    <p class='ocr_par' dir='ltr' id='par_1_53' title="bbox 1976 2161 3585 2235">
     <span class='ocr_line' id='line_1_53' title="bbox 1976 2161 3585 2235; baseline -0.002 -18"><span class='ocrx_word' id='word_1_406' title='bbox 1976 2166 1979 2167; x_wconf 65' lang='grc'><strong><em>⁷</em></strong></span> <span class='ocrx_word' id='word_1_407' title='bbox 2011 2171 2120 2217; x_wconf 92' lang='lat' dir='ltr'><strong>tum</strong></span> <span class='ocrx_word' id='word_1_408' title='bbox 2147 2163 2396 2231; x_wconf 75' lang='lat' dir='ltr'><strong>haberet,</strong></span> <span class='ocrx_word' id='word_1_409' title='bbox 2427 2164 2569 2235; x_wconf 89' lang='lat' dir='ltr'><strong>quali</strong></span> <span class='ocrx_word' id='word_1_410' title='bbox 2602 2175 2775 2219; x_wconf 89' lang='lat' dir='ltr'><strong>tamen</strong></span> <span class='ocrx_word' id='word_1_411' title='bbox 2805 2164 3002 2220; x_wconf 88' lang='lat' dir='ltr'><strong>fuerint</strong></span> <span class='ocrx_word' id='word_1_412' title='bbox 3028 2162 3321 2219; x_wconf 88' lang='lat' dir='ltr'><strong>intentione</strong></span> <span class='ocrx_word' id='word_1_413' title='bbox 3350 2161 3585 2232; x_wconf 88' lang='lat' dir='ltr'><strong>prolata,</strong></span> 
     </span>
    </p>
   </div>
   <div class='ocr_carea' id='block_1_54' title="bbox 2010 2252 3587 2326">
    <p class='ocr_par' dir='ltr' id='par_1_54' title="bbox 2010 2252 3587 2326">
     <span class='ocr_line' id='line_1_54' title="bbox 2010 2252 3587 2326; baseline 0 -17"><span class='ocrx_word' id='word_1_414' title='bbox 2010 2252 2183 2310; x_wconf 89' lang='lat' dir='ltr'><strong>adhuc</strong></span> <span class='ocrx_word' id='word_1_415' title='bbox 2208 2255 2257 2310; x_wconf 91' lang='lat' dir='ltr'><strong>ei</strong></span> <span class='ocrx_word' id='word_1_416' title='bbox 2286 2264 2429 2311; x_wconf 87' lang='lat' dir='ltr'><strong>esset</strong></span> <span class='ocrx_word' id='word_1_417' title='bbox 2457 2258 2715 2310; x_wconf 89' lang='lat' dir='ltr'><strong>incertum</strong></span> <span class='ocrx_word' id='word_1_418' title='bbox 2758 2271 2775 2309; x_wconf 91' lang='lat'><strong>:</strong></span> <span class='ocrx_word' id='word_1_419' title='bbox 2817 2256 2957 2326; x_wconf 92' lang='lat' dir='ltr'><strong>quod</strong></span> <span class='ocrx_word' id='word_1_420' title='bbox 2996 2255 3040 2309; x_wconf 88' lang='lat' dir='ltr'><strong>sl</strong></span> <span class='ocrx_word' id='word_1_421' title='bbox 3088 2261 3143 2310; x_wconf 86' lang='lat' dir='ltr'><strong>et</strong></span> <span class='ocrx_word' id='word_1_422' title='bbox 3186 2269 3396 2310; x_wconf 84' lang='lat' dir='ltr'><strong>errasse</strong></span> <span class='ocrx_word' id='word_1_423' title='bbox 3440 2254 3587 2309; x_wconf 90' lang='lat' dir='ltr'><strong>illum</strong></span> 
     </span>
    </p>
   </div>
   <div class='ocr_carea' id='block_1_55' title="bbox 2009 2344 3587 2416">
    <p class='ocr_par' dir='ltr' id='par_1_55' title="bbox 2009 2344 3587 2416">
     <span class='ocr_line' id='line_1_55' title="bbox 2009 2344 3587 2416; baseline 0.001 -17"><span class='ocrx_word' id='word_1_424' title='bbox 2009 2345 2127 2400; x_wconf 89' lang='lat' dir='ltr'><strong>sine</strong></span> <span class='ocrx_word' id='word_1_425' title='bbox 2164 2344 2496 2402; x_wconf 68' lang='lat' dir='ltr'><strong>dubitatione</strong></span> <span class='ocrx_word' id='word_1_426' title='bbox 2541 2355 2907 2416; x_wconf 81' lang='lat' dir='ltr'><strong>cognosceret,</strong></span> <span class='ocrx_word' id='word_1_427' title='bbox 2938 2360 3041 2400; x_wconf 90' lang='lat' dir='ltr'><strong>non</strong></span> <span class='ocrx_word' id='word_1_428' title='bbox 3070 2356 3123 2400; x_wconf 89' lang='lat' dir='ltr'><strong>et</strong></span> <span class='ocrx_word' id='word_1_429' title='bbox 3148 2345 3400 2401; x_wconf 90' lang='lat' dir='ltr'><strong>continuo</strong></span> <span class='ocrx_word' id='word_1_430' title='bbox 3426 2346 3587 2400; x_wconf 90' lang='lat' dir='ltr'><strong>etiam</strong></span> 
     </span>
    </p>
   </div>
   <div class='ocr_carea' id='block_1_56' title="bbox 2010 2434 3586 2506">
    <p class='ocr_par' dir='ltr' id='par_1_56' title="bbox 2010 2434 3586 2506">
     <span class='ocr_line' id='line_1_56' title="bbox 2010 2434 3586 2506; baseline -0.003 -15"><span class='ocrx_word' id='word_1_431' title='bbox 2010 2436 2153 2506; x_wconf 91' lang='lat' dir='ltr'><strong>quod</strong></span> <span class='ocrx_word' id='word_1_432' title='bbox 2197 2451 2439 2492; x_wconf 87' lang='lat' dir='ltr'><strong>errorem</strong></span> <span class='ocrx_word' id='word_1_433' title='bbox 2486 2446 2668 2505; x_wconf 88' lang='lat' dir='ltr'><strong>postea</strong></span> <span class='ocrx_word' id='word_1_434' title='bbox 2715 2450 2820 2490; x_wconf 91' lang='lat' dir='ltr'><strong>non</strong></span> <span class='ocrx_word' id='word_1_435' title='bbox 2868 2434 3232 2490; x_wconf 89' lang='lat' dir='ltr'><strong>emendaverit</strong></span> <span class='ocrx_word' id='word_1_436' title='bbox 3272 2442 3586 2503; x_wconf 89' lang='lat' dir='ltr'><strong>appareret;</strong></span> 
     </span>
    </p>
   </div>
   <div class='ocr_carea' id='block_1_57' title="bbox 2011 2526 3587 2597">
    <p class='ocr_par' dir='ltr' id='par_1_57' title="bbox 2011 2526 3587 2597">
     <span class='ocr_line' id='line_1_57' title="bbox 2011 2526 3587 2597; baseline -0.005 -10"><span class='ocrx_word' id='word_1_437' title='bbox 2011 2542 2184 2597; x_wconf 86' lang='lat' dir='ltr'><strong>neque</strong></span> <span class='ocrx_word' id='word_1_438' title='bbox 2214 2526 2258 2582; x_wconf 90' lang='lat' dir='ltr'><strong>si</strong></span> <span class='ocrx_word' id='word_1_439' title='bbox 2288 2528 2388 2583; x_wconf 88' lang='lat' dir='ltr'><strong>hoc</strong></span> <span class='ocrx_word' id='word_1_440' title='bbox 2414 2542 2621 2597; x_wconf 87' lang='lat' dir='ltr'><strong>quoque</strong></span> <span class='ocrx_word' id='word_1_441' title='bbox 2650 2528 2822 2595; x_wconf 89' lang='lat' dir='ltr'><strong>aliqua</strong></span> <span class='ocrx_word' id='word_1_442' title='bbox 2868 2536 3011 2582; x_wconf 88' lang='lat' dir='ltr'><strong>certa</strong></span> <span class='ocrx_word' id='word_1_443' title='bbox 3056 2528 3263 2582; x_wconf 86' lang='lat' dir='ltr'><strong>ratione</strong></span> <span class='ocrx_word' id='word_1_444' title='bbox 3287 2534 3587 2591; x_wconf 88' lang='lat' dir='ltr'><strong>constaret,</strong></span> 
     </span>
    </p>
   </div>
   <div class='ocr_carea' id='block_1_58' title="bbox 2010 2615 3588 2689">
    <p class='ocr_par' dir='ltr' id='par_1_58' title="bbox 2010 2615 3588 2689">
     <span class='ocr_line' id='line_1_58' title="bbox 2010 2615 3588 2689; baseline 0.002 -19"><span class='ocrx_word' id='word_1_445' title='bbox 2010 2620 2289 2687; x_wconf 87' lang='lat' dir='ltr'><strong>quisquam</strong></span> <span class='ocrx_word' id='word_1_446' title='bbox 2343 2618 2461 2687; x_wconf 89' lang='lat' dir='ltr'><strong>pius</strong></span> <span class='ocrx_word' id='word_1_447' title='bbox 2502 2628 2557 2673; x_wconf 89' lang='lat' dir='ltr'><strong>et</strong></span> <span class='ocrx_word' id='word_1_448' title='bbox 2600 2618 2778 2689; x_wconf 88' lang='lat' dir='ltr'><strong>gravis</strong></span> <span class='ocrx_word' id='word_1_449' title='bbox 2825 2616 3053 2673; x_wconf 83' lang='lat' dir='ltr'><strong>delinire</strong></span> <span class='ocrx_word' id='word_1_450' title='bbox 3099 2619 3407 2687; x_wconf 82' lang='lat' dir='ltr'><strong>praesumit,</strong></span> <span class='ocrx_word' id='word_1_451' title='bbox 3448 2615 3588 2686; x_wconf 90' lang='lat' dir='ltr'><strong>quod</strong></span> 
     </span>
    </p>
   </div>
   <div class='ocr_carea' id='block_1_59' title="bbox 2014 2704 3589 2778">
    <p class='ocr_par' dir='ltr' id='par_1_59' title="bbox 2014 2704 3589 2778">
     <span class='ocr_line' id='line_1_59' title="bbox 2014 2704 3589 2778; baseline 0.001 -17"><span class='ocrx_word' id='word_1_452' title='bbox 2014 2707 2251 2763; x_wconf 78' lang='lat' dir='ltr'><strong>hzeretici</strong></span> <span class='ocrx_word' id='word_1_453' title='bbox 2278 2706 2381 2762; x_wconf 85' lang='lat' dir='ltr'><strong>sint</strong></span> <span class='ocrx_word' id='word_1_454' title='bbox 2411 2722 2598 2763; x_wconf 91' lang='lat' dir='ltr'><strong>omnes</strong></span> <span class='ocrx_word' id='word_1_455' title='bbox 2627 2709 2717 2778; x_wconf 90' lang='lat' dir='ltr'><strong>qui</strong></span> <span class='ocrx_word' id='word_1_456' title='bbox 2751 2708 2866 2762; x_wconf 82' lang='lat' dir='ltr'><strong>sine</strong></span> <span class='ocrx_word' id='word_1_457' title='bbox 2895 2707 3181 2776; x_wconf 80' lang='lat' dir='ltr'><strong>pertinacia</strong></span> <span class='ocrx_word' id='word_1_458' title='bbox 3210 2708 3262 2761; x_wconf 87' lang='lat' dir='ltr'><strong>in</strong></span> <span class='ocrx_word' id='word_1_459' title='bbox 3289 2704 3589 2763; x_wconf 88' lang='lat' dir='ltr'><strong>Christiana</strong></span> 
     </span>
    </p>
   </div>
   <div class='ocr_carea' id='block_1_60' title="bbox 2014 2798 3590 2869">
    <p class='ocr_par' dir='ltr' id='par_1_60' title="bbox 2014 2798 3590 2869">
     <span class='ocr_line' id='line_1_60' title="bbox 2014 2798 3590 2869; baseline -0.001 -14"><span class='ocrx_word' id='word_1_460' title='bbox 2014 2800 2119 2855; x_wconf 83' lang='lat' dir='ltr'><strong>ﬁde</strong></span> <span class='ocrx_word' id='word_1_461' title='bbox 2161 2801 2433 2867; x_wconf 75' lang='lat' dir='ltr'><strong>falluntur,</strong></span> <span class='ocrx_word' id='word_1_462' title='bbox 2460 2800 2508 2855; x_wconf 86' lang='lat' dir='ltr'><strong>si</strong></span> <span class='ocrx_word' id='word_1_463' title='bbox 2554 2799 2779 2855; x_wconf 87' lang='lat' dir='ltr'><strong>necdum</strong></span> <span class='ocrx_word' id='word_1_464' title='bbox 2810 2798 3053 2853; x_wconf 88' lang='lat' dir='ltr'><strong>instructi</strong></span> <span class='ocrx_word' id='word_1_465' title='bbox 3085 2799 3139 2853; x_wconf 91' lang='lat' dir='ltr'><strong>in</strong></span> <span class='ocrx_word' id='word_1_466' title='bbox 3170 2798 3421 2855; x_wconf 68' lang='lat' dir='ltr'><strong>Ecclesia:</strong></span> <span class='ocrx_word' id='word_1_467' title='bbox 3459 2814 3590 2869; x_wconf 82' lang='lat' dir='ltr'><strong>pace</strong></span> 
     </span>
    </p>
   </div>
   <div class='ocr_carea' id='block_1_61' title="bbox 2013 2889 3590 2963">
    <p class='ocr_par' dir='ltr' id='par_1_61' title="bbox 2013 2889 3590 2963">
     <span class='ocr_line' id='line_1_61' title="bbox 2013 2889 3590 2963; baseline -0.001 -16"><span class='ocrx_word' id='word_1_468' title='bbox 2013 2892 2172 2947; x_wconf 82' lang='lat' dir='ltr'><strong>vitam</strong></span> <span class='ocrx_word' id='word_1_469' title='bbox 2204 2892 2439 2947; x_wconf 81' lang='lat' dir='ltr'><strong>finierint</strong></span> <span class='ocrx_word' id='word_1_470' title='bbox 2470 2910 2483 2945; x_wconf 91' lang='lat'><strong>:</strong></span> <span class='ocrx_word' id='word_1_471' title='bbox 2513 2892 2631 2963; x_wconf 91' lang='lat' dir='ltr'><strong>quis</strong></span> <span class='ocrx_word' id='word_1_472' title='bbox 2661 2892 2761 2946; x_wconf 92' lang='lat' dir='ltr'><strong>nisi</strong></span> <span class='ocrx_word' id='word_1_473' title='bbox 2802 2891 3113 2946; x_wconf 89' lang='lat' dir='ltr'><strong>temerarius</strong></span> <span class='ocrx_word' id='word_1_474' title='bbox 3140 2889 3285 2946; x_wconf 87' lang='lat' dir='ltr'><strong>dicat</strong></span> <span class='ocrx_word' id='word_1_475' title='bbox 3330 2890 3471 2961; x_wconf 88' lang='lat' dir='ltr'><strong>quod</strong></span> <span class='ocrx_word' id='word_1_476' title='bbox 3501 2891 3590 2946; x_wconf 89' lang='lat' dir='ltr'><strong>illa</strong></span> 
     </span>
    </p>
   </div>
   <div class='ocr_carea' id='block_1_62' title="bbox 2012 2979 3590 3052">
    <p class='ocr_par' dir='ltr' id='par_1_62' title="bbox 2012 2979 3590 3052">
     <span class='ocr_line' id='line_1_62' title="bbox 2012 2979 3590 3052; baseline -0.001 -17"><span class='ocrx_word' id='word_1_477' title='bbox 2012 2982 2249 3052; x_wconf 83' lang='lat' dir='ltr'><strong>synodus</strong></span> <span class='ocrx_word' id='word_1_478' title='bbox 2297 2983 2437 3036; x_wconf 85' lang='lat' dir='ltr'><strong>inter</strong></span> <span class='ocrx_word' id='word_1_479' title='bbox 2476 2990 2553 3037; x_wconf 88' lang='lat' dir='ltr'><strong>tot</strong></span> <span class='ocrx_word' id='word_1_480' title='bbox 2594 2982 2795 3037; x_wconf 86' lang='lat' dir='ltr'><strong>incerta</strong></span> <span class='ocrx_word' id='word_1_481' title='bbox 2838 2981 3084 3036; x_wconf 89' lang='lat' dir='ltr'><strong>debuerit</strong></span> <span class='ocrx_word' id='word_1_482' title='bbox 3125 2979 3463 3036; x_wconf 88' lang='lat' dir='ltr'><strong>Theodorum</strong></span> <span class='ocrx_word' id='word_1_483' title='bbox 3491 2981 3590 3035; x_wconf 87' lang='lat' dir='ltr'><strong>sub</strong></span> 
     </span>
    </p>
   </div>
   <div class='ocr_carea' id='block_1_63' title="bbox 284 3051 3590 3136">
    <p class='ocr_par' dir='ltr' id='par_1_63' title="bbox 284 3051 3590 3136">
     <span class='ocr_line' id='line_1_63' title="bbox 284 3051 3590 3136; baseline 0.004 -14"><span class='ocrx_word' id='word_1_484' title='bbox 284 3108 289 3109; x_wconf 44' lang='grc' dir='ltr'><em>κ</em></span> <span class='ocrx_word' id='word_1_485' title='bbox 323 3051 403 3105; x_wconf 53' lang='lat' dir='ltr'><strong>Si“</strong></span> <span class='ocrx_word' id='word_1_486' title='bbox 433 3060 731 3122; x_wconf 52' lang='lat' dir='ltr'><strong>separatus,</strong></span> <span class='ocrx_word' id='word_1_487' title='bbox 758 3053 917 3121; x_wconf 62' lang='lat' dir='ltr'><strong>unde»</strong></span> <span class='ocrx_word' id='word_1_488' title='bbox 943 3055 1077 3109; x_wconf 72' lang='grc' dir='ltr'><strong>δῖευῑ</strong></span> <span class='ocrx_word' id='word_1_489' title='bbox 1100 3053 1232 3119; x_wconf 68' lang='grc' dir='ltr'><strong>ἀίιῖο</strong></span> <span class='ocrx_word' id='word_1_490' title='bbox 1253 3064 1455 3109; x_wconf 53' lang='lat' dir='ltr'><strong>cerium</strong></span> <span class='ocrx_word' id='word_1_491' title='bbox 1482 3057 1716 3126; x_wconf 72' lang='lat' dir='ltr'><strong>5Y&quot;°d“5</strong></span> <span class='ocrx_word' id='word_1_492' title='bbox 1747 3057 1909 3113; x_wconf 66' lang='lat' dir='ltr'><strong>habe‘</strong></span> <span class='ocrx_word' id='word_1_493' title='bbox 1936 3059 1981 3121; x_wconf 59' lang='grc' dir='ltr'><strong>(ἶ</strong></span> <span class='ocrx_word' id='word_1_494' title='bbox 2010 3051 2345 3136; x_wconf 87' lang='lat' dir='ltr'><strong>anathemate</strong></span> <span class='ocrx_word' id='word_1_495' title='bbox 2367 3080 2765 3136; x_wconf 80' lang='lat' dir='ltr'><strong>condemnare?</strong></span> <span class='ocrx_word' id='word_1_496' title='bbox 2794 3081 2921 3136; x_wconf 89' lang='lat' dir='ltr'><strong>Sine</strong></span> <span class='ocrx_word' id='word_1_497' title='bbox 2949 3080 3111 3135; x_wconf 90' lang='lat' dir='ltr'><strong>dubio</strong></span> <span class='ocrx_word' id='word_1_498' title='bbox 3139 3088 3317 3135; x_wconf 86' lang='lat' dir='ltr'><strong>autem</strong></span> <span class='ocrx_word' id='word_1_499' title='bbox 3346 3077 3590 3134; x_wconf 85' lang='lat' dir='ltr'><strong>conside-</strong></span> 
     </span>
    </p>
   </div>
   <div class='ocr_carea' id='block_1_64' title="bbox 322 3142 1905 3214">
    <p class='ocr_par' dir='ltr' id='par_1_64' title="bbox 322 3142 1905 3214">
     <span class='ocr_line' id='line_1_64' title="bbox 322 3142 1905 3214; baseline 0.006 -21"><span class='ocrx_word' id='word_1_500' title='bbox 322 3151 412 3194; x_wconf 84' lang='lat' dir='ltr'><strong>ret</strong></span> <span class='ocrx_word' id='word_1_501' title='bbox 439 3142 581 3210; x_wconf 83' lang='lat' dir='ltr'><strong>quod</strong></span> <span class='ocrx_word' id='word_1_502' title='bbox 610 3144 662 3197; x_wconf 92' lang='lat' dir='ltr'><strong>in</strong></span> <span class='ocrx_word' id='word_1_503' title='bbox 692 3142 803 3212; x_wconf 91' lang='lat' dir='ltr'><strong>ipsa</strong></span> <span class='ocrx_word' id='word_1_504' title='bbox 836 3143 966 3199; x_wconf 90' lang='lat' dir='ltr'><strong>hora</strong></span> <span class='ocrx_word' id='word_1_505' title='bbox 991 3160 1096 3214; x_wconf 89' lang='lat' dir='ltr'><strong>qua</strong></span> <span class='ocrx_word' id='word_1_506' title='bbox 1133 3144 1407 3201; x_wconf 81' lang='lat' dir='ltr'><strong>efﬂaturus</strong></span> <span class='ocrx_word' id='word_1_507' title='bbox 1438 3156 1550 3202; x_wconf 90' lang='lat' dir='ltr'><strong>erat</strong></span> <span class='ocrx_word' id='word_1_508' title='bbox 1585 3156 1905 3214; x_wconf 87' lang='lat' dir='ltr'><strong>extremum,</strong></span> 
     </span>
    </p>
   </div>
   <div class='ocr_carea' id='block_1_65' title="bbox 326 3233 1904 3307">
    <p class='ocr_par' dir='ltr' id='par_1_65' title="bbox 326 3233 1904 3307">
     <span class='ocr_line' id='line_1_65' title="bbox 326 3233 1904 3307; baseline 0.005 -21"><span class='ocrx_word' id='word_1_509' title='bbox 326 3245 515 3302; x_wconf 87' lang='lat' dir='ltr'><strong>magna</strong></span> <span class='ocrx_word' id='word_1_510' title='bbox 546 3241 599 3287; x_wconf 88' lang='lat' dir='ltr'><strong>et</strong></span> <span class='ocrx_word' id='word_1_511' title='bbox 624 3233 1001 3302; x_wconf 82' lang='lat' dir='ltr'><strong>investigabilis</strong></span> <span class='ocrx_word' id='word_1_512' title='bbox 1030 3234 1390 3290; x_wconf 86' lang='lat' dir='ltr'><strong>misericordia</strong></span> <span class='ocrx_word' id='word_1_513' title='bbox 1422 3236 1539 3303; x_wconf 90' lang='lat' dir='ltr'><strong>Dei,</strong></span> <span class='ocrx_word' id='word_1_514' title='bbox 1560 3252 1677 3307; x_wconf 70' lang='lat' dir='ltr'><strong>qua:</strong></span> <span class='ocrx_word' id='word_1_515' title='bbox 1710 3238 1904 3294; x_wconf 88' lang='lat' dir='ltr'><strong>latroni</strong></span> 
     </span>
    </p>
   </div>
   <div class='ocr_carea' id='block_1_66' title="bbox 322 3323 1905 3399">
    <p class='ocr_par' dir='ltr' id='par_1_66' title="bbox 322 3323 1905 3399">
     <span class='ocr_line' id='line_1_66' title="bbox 322 3323 1905 3399; baseline 0.004 -20"><span class='ocrx_word' id='word_1_516' title='bbox 322 3339 428 3379; x_wconf 91' lang='lat' dir='ltr'><strong>non</strong></span> <span class='ocrx_word' id='word_1_517' title='bbox 461 3323 696 3393; x_wconf 84' lang='lat' dir='ltr'><strong>ignorata</strong></span> <span class='ocrx_word' id='word_1_518' title='bbox 723 3325 925 3379; x_wconf 89' lang='lat' dir='ltr'><strong>scelera</strong></span> <span class='ocrx_word' id='word_1_519' title='bbox 954 3325 1153 3380; x_wconf 89' lang='lat' dir='ltr'><strong>dimisit</strong></span> <span class='ocrx_word' id='word_1_520' title='bbox 1184 3324 1237 3380; x_wconf 90' lang='lat' dir='ltr'><strong>in</strong></span> <span class='ocrx_word' id='word_1_521' title='bbox 1269 3340 1447 3391; x_wconf 88' lang='lat' dir='ltr'><strong>cruce,</strong></span> <span class='ocrx_word' id='word_1_522' title='bbox 1481 3342 1588 3383; x_wconf 87' lang='lat' dir='ltr'><strong>non</strong></span> <span class='ocrx_word' id='word_1_523' title='bbox 1615 3326 1772 3383; x_wconf 90' lang='lat' dir='ltr'><strong>etiam</strong></span> <span class='ocrx_word' id='word_1_524' title='bbox 1804 3329 1905 3399; x_wconf 90' lang='lat' dir='ltr'><strong>ipsi</strong></span> 
     </span>
    </p>
   </div>
   <div class='ocr_carea' id='block_1_67' title="bbox 322 3413 1904 3484">
    <p class='ocr_par' dir='ltr' id='par_1_67' title="bbox 322 3413 1904 3484">
     <span class='ocr_line' id='line_1_67' title="bbox 322 3413 1904 3484; baseline 0.003 -15"><span class='ocrx_word' id='word_1_525' title='bbox 322 3413 464 3469; x_wconf 89' lang='lat' dir='ltr'><strong>dedit</strong></span> <span class='ocrx_word' id='word_1_526' title='bbox 496 3428 591 3483; x_wconf 92' lang='lat' dir='ltr'><strong>pro</strong></span> <span class='ocrx_word' id='word_1_527' title='bbox 635 3414 795 3468; x_wconf 89' lang='lat' dir='ltr'><strong>tantis</strong></span> <span class='ocrx_word' id='word_1_528' title='bbox 824 3415 940 3484; x_wconf 84' lang='lat' dir='ltr'><strong>ejus</strong></span> <span class='ocrx_word' id='word_1_529' title='bbox 985 3417 1037 3469; x_wconf 92' lang='lat' dir='ltr'><strong>in</strong></span> <span class='ocrx_word' id='word_1_530' title='bbox 1080 3415 1314 3471; x_wconf 81' lang='lat' dir='ltr'><strong>Ecclesia</strong></span> <span class='ocrx_word' id='word_1_531' title='bbox 1346 3416 1618 3472; x_wconf 86' lang='lat' dir='ltr'><strong>laboribus</strong></span> <span class='ocrx_word' id='word_1_532' title='bbox 1642 3428 1695 3473; x_wconf 91' lang='lat' dir='ltr'><strong>et</strong></span> <span class='ocrx_word' id='word_1_533' title='bbox 1723 3426 1904 3474; x_wconf 85' lang='lat' dir='ltr'><strong>certa-</strong></span> 
     </span>
    </p>
   </div>
   <div class='ocr_carea' id='block_1_68' title="bbox 320 3502 1904 3575">
    <p class='ocr_par' dir='ltr' id='par_1_68' title="bbox 320 3502 1904 3575">
     <span class='ocr_line' id='line_1_68' title="bbox 320 3502 1904 3575; baseline 0.003 -18"><span class='ocrx_word' id='word_1_534' title='bbox 320 3503 551 3558; x_wconf 88' lang='lat' dir='ltr'><strong>minibus</strong></span> <span class='ocrx_word' id='word_1_535' title='bbox 590 3502 847 3558; x_wconf 90' lang='lat' dir='ltr'><strong>adversus</strong></span> <span class='ocrx_word' id='word_1_536' title='bbox 898 3503 1209 3572; x_wconf 60' lang='lat' dir='ltr'><strong>haereticos,</strong></span> <span class='ocrx_word' id='word_1_537' title='bbox 1252 3516 1308 3559; x_wconf 87' lang='lat' dir='ltr'><strong>ut</strong></span> <span class='ocrx_word' id='word_1_538' title='bbox 1354 3506 1422 3561; x_wconf 89' lang='lat' dir='ltr'><strong>ab</strong></span> <span class='ocrx_word' id='word_1_539' title='bbox 1465 3507 1764 3575; x_wconf 86' lang='lat' dir='ltr'><strong>ignorantia</strong></span> <span class='ocrx_word' id='word_1_540' title='bbox 1806 3522 1904 3563; x_wconf 89' lang='lat' dir='ltr'><strong>sua</strong></span> 
     </span>
    </p>
   </div>
   <div class='ocr_carea' id='block_1_69' title="bbox 322 3593 1900 3665">
    <p class='ocr_par' dir='ltr' id='par_1_69' title="bbox 322 3593 1900 3665">
     <span class='ocr_line' id='line_1_69' title="bbox 322 3593 1900 3665; baseline 0.003 -18"><span class='ocrx_word' id='word_1_541' title='bbox 322 3593 683 3663; x_wconf 87' lang='lat' dir='ltr'><strong>resipisceret,</strong></span> <span class='ocrx_word' id='word_1_542' title='bbox 706 3605 759 3649; x_wconf 89' lang='lat' dir='ltr'><strong>et</strong></span> <span class='ocrx_word' id='word_1_543' title='bbox 784 3608 969 3650; x_wconf 89' lang='lat' dir='ltr'><strong>errore</strong></span> <span class='ocrx_word' id='word_1_544' title='bbox 994 3595 1245 3649; x_wconf 90' lang='lat' dir='ltr'><strong>damnato</strong></span> <span class='ocrx_word' id='word_1_545' title='bbox 1272 3594 1534 3650; x_wconf 90' lang='lat' dir='ltr'><strong>latronem</strong></span> <span class='ocrx_word' id='word_1_546' title='bbox 1563 3606 1900 3665; x_wconf 88' lang='lat' dir='ltr'><strong>sequeretur,</strong></span> 
     </span>
    </p>
   </div>
   <div class='ocr_carea' id='block_1_70' title="bbox 324 3684 1902 3766">
    <p class='ocr_par' dir='ltr' id='par_1_70' title="bbox 324 3684 1902 3766">
     <span class='ocr_line' id='line_1_70' title="bbox 324 3684 1902 3766; baseline 0.003 -27"><span class='ocrx_word' id='word_1_547' title='bbox 324 3693 379 3739; x_wconf 84' lang='lat' dir='ltr'><strong>tn</strong></span> <span class='ocrx_word' id='word_1_548' title='bbox 411 3684 657 3766; x_wconf 75' lang='lat' dir='ltr'><strong>paradiso</strong></span> <span class='ocrx_word' id='word_1_549' title='bbox 685 3684 862 3739; x_wconf 84' lang='lat' dir='ltr'><strong>statim</strong></span> <span class='ocrx_word' id='word_1_550' title='bbox 903 3694 957 3740; x_wconf 93' lang='lat' dir='ltr'><strong>et</strong></span> <span class='ocrx_word' id='word_1_551' title='bbox 1002 3686 1117 3755; x_wconf 88' lang='lat' dir='ltr'><strong>ipse</strong></span> <span class='ocrx_word' id='word_1_552' title='bbox 1161 3701 1282 3741; x_wconf 91' lang='lat' dir='ltr'><strong>cum</strong></span> <span class='ocrx_word' id='word_1_553' title='bbox 1312 3686 1527 3741; x_wconf 88' lang='lat' dir='ltr'><strong>Christo</strong></span> <span class='ocrx_word' id='word_1_554' title='bbox 1555 3686 1782 3753; x_wconf 88' lang='lat' dir='ltr'><strong>futurus,</strong></span> <span class='ocrx_word' id='word_1_555' title='bbox 1813 3688 1902 3756; x_wconf 91' lang='lat' dir='ltr'><strong>qui</strong></span> 
     </span>
    </p>
   </div>
   <div class='ocr_carea' id='block_1_71' title="bbox 320 3778 1902 3849">
    <p class='ocr_par' dir='ltr' id='par_1_71' title="bbox 320 3778 1902 3849">
     <span class='ocr_line' id='line_1_71' title="bbox 320 3778 1902 3849; baseline 0.004 -18"><span class='ocrx_word' id='word_1_556' title='bbox 320 3792 464 3833; x_wconf 89' lang='lat' dir='ltr'><strong>nunc</strong></span> <span class='ocrx_word' id='word_1_557' title='bbox 489 3778 682 3834; x_wconf 87' lang='lat' dir='ltr'><strong>dicitur</strong></span> <span class='ocrx_word' id='word_1_558' title='bbox 709 3780 777 3834; x_wconf 85' lang='lat' dir='ltr'><strong>de</strong></span> <span class='ocrx_word' id='word_1_559' title='bbox 804 3780 1118 3834; x_wconf 79' lang='lat' dir='ltr'><strong>Nestoriano</strong></span> <span class='ocrx_word' id='word_1_560' title='bbox 1145 3779 1393 3849; x_wconf 87' lang='lat' dir='ltr'><strong>dogmate</strong></span> <span class='ocrx_word' id='word_1_561' title='bbox 1434 3788 1558 3835; x_wconf 88' lang='lat' dir='ltr'><strong>ante</strong></span> <span class='ocrx_word' id='word_1_562' title='bbox 1599 3780 1902 3837; x_wconf 82' lang='lat' dir='ltr'><strong>Nestorium</strong></span> 
     </span>
    </p>
   </div>
   <div class='ocr_carea' id='block_1_72' title="bbox 319 3866 1904 3937">
    <p class='ocr_par' dir='ltr' id='par_1_72' title="bbox 319 3866 1904 3937">
     <span class='ocr_line' id='line_1_72' title="bbox 319 3866 1904 3937; baseline 0.004 -16"><span class='ocrx_word' id='word_1_563' title='bbox 319 3867 485 3922; x_wconf 81' lang='lat' dir='ltr'><strong>fuisse</strong></span> <span class='ocrx_word' id='word_1_564' title='bbox 508 3866 875 3923; x_wconf 76' lang='lat' dir='ltr'><strong>damnandus!</strong></span> <span class='ocrx_word' id='word_1_565' title='bbox 903 3868 1139 3935; x_wconf 86' lang='lat' dir='ltr'><strong>Quantos</strong></span> <span class='ocrx_word' id='word_1_566' title='bbox 1166 3869 1313 3924; x_wconf 89' lang='lat' dir='ltr'><strong>enim</strong></span> <span class='ocrx_word' id='word_1_567' title='bbox 1343 3868 1645 3937; x_wconf 74' lang='lat' dir='ltr'><strong>haereticos,</strong></span> <span class='ocrx_word' id='word_1_568' title='bbox 1677 3879 1904 3935; x_wconf 76' lang='lat' dir='ltr'><strong>quantos</strong></span> 
     </span>
    </p>
   </div>
   <div class='ocr_carea' id='block_1_73' title="bbox 316 3958 1902 4028">
    <p class='ocr_par' dir='ltr' id='par_1_73' title="bbox 316 3958 1902 4028">
     <span class='ocr_line' id='line_1_73' title="bbox 316 3958 1902 4028; baseline 0.002 -14"><span class='ocrx_word' id='word_1_569' title='bbox 316 3958 531 4014; x_wconf 69' lang='lat' dir='ltr'><strong>Judteos</strong></span> <span class='ocrx_word' id='word_1_570' title='bbox 555 3968 717 4027; x_wconf 85' lang='lat' dir='ltr'><strong>atque</strong></span> <span class='ocrx_word' id='word_1_571' title='bbox 740 3960 967 4028; x_wconf 82' lang='lat' dir='ltr'><strong>gentiles</strong></span> <span class='ocrx_word' id='word_1_572' title='bbox 996 3959 1183 4015; x_wconf 89' lang='lat' dir='ltr'><strong>idonea</strong></span> <span class='ocrx_word' id='word_1_573' title='bbox 1214 3962 1588 4016; x_wconf 82' lang='lat' dir='ltr'><strong>testificatione</strong></span> <span class='ocrx_word' id='word_1_574' title='bbox 1616 3961 1902 4017; x_wconf 60' lang='lat' dir='ltr'><strong>didicimus</strong></span> 
     </span>
    </p>
   </div>
   <div class='ocr_carea' id='block_1_74' title="bbox 316 4042 1902 4121">
    <p class='ocr_par' dir='ltr' id='par_1_74' title="bbox 316 4042 1902 4121">
     <span class='ocr_line' id='line_1_74' title="bbox 316 4042 1902 4121; baseline 0.004 -19"><span class='ocrx_word' id='word_1_575' title='bbox 316 4049 373 4103; x_wconf 85' lang='lat' dir='ltr'><strong>in</strong></span> <span class='ocrx_word' id='word_1_576' title='bbox 408 4048 523 4117; x_wconf 88' lang='lat' dir='ltr'><strong>ipso</strong></span> <span class='ocrx_word' id='word_1_577' title='bbox 552 4048 737 4104; x_wconf 87' lang='lat' dir='ltr'><strong>limine</strong></span> <span class='ocrx_word' id='word_1_578' title='bbox 763 4049 952 4103; x_wconf 85' lang='lat' dir='ltr'><strong>mortis</strong></span> <span class='ocrx_word' id='word_1_579' title='bbox 985 4048 1149 4104; x_wconf 89' lang='lat' dir='ltr'><strong>fuisse</strong></span> <span class='ocrx_word' id='word_1_580' title='bbox 1177 4052 1500 4106; x_wconf 81' lang='lat' dir='ltr'><strong>conversos?</strong></span> <span class='ocrx_word' id='word_1_581' title='bbox 1526 4042 1630 4105; x_wconf 81' lang='lat' dir='ltr'><strong>Sed</strong></span> <span class='ocrx_word' id='word_1_582' title='bbox 1655 4051 1780 4121; x_wconf 89' lang='lat' dir='ltr'><strong>quia</strong></span> <span class='ocrx_word' id='word_1_583' title='bbox 1806 4066 1902 4120; x_wconf 80' lang='lat' dir='ltr'><strong>pu-</strong></span> 
     </span>
    </p>
   </div>
   <div class='ocr_carea' id='block_1_75' title="bbox 317 4137 1902 4209">
    <p class='ocr_par' dir='ltr' id='par_1_75' title="bbox 317 4137 1902 4209">
     <span class='ocr_line' id='line_1_75' title="bbox 317 4137 1902 4209; baseline 0.003 -18"><span class='ocrx_word' id='word_1_584' title='bbox 317 4137 487 4193; x_wconf 89' lang='lat' dir='ltr'><strong>blicus</strong></span> <span class='ocrx_word' id='word_1_585' title='bbox 510 4138 606 4192; x_wconf 85' lang='lat' dir='ltr'><strong>fuit</strong></span> <span class='ocrx_word' id='word_1_586' title='bbox 627 4152 781 4193; x_wconf 87' lang='lat' dir='ltr'><strong>error</strong></span> <span class='ocrx_word' id='word_1_587' title='bbox 808 4139 1044 4203; x_wconf 90' lang='lat' dir='ltr'><strong>illorum,</strong></span> <span class='ocrx_word' id='word_1_588' title='bbox 1071 4154 1179 4194; x_wconf 91' lang='lat' dir='ltr'><strong>non</strong></span> <span class='ocrx_word' id='word_1_589' title='bbox 1207 4141 1378 4206; x_wconf 86' lang='lat' dir='ltr'><strong>potuit</strong></span> <span class='ocrx_word' id='word_1_590' title='bbox 1406 4140 1616 4209; x_wconf 90' lang='lat' dir='ltr'><strong>publica</strong></span> <span class='ocrx_word' id='word_1_591' title='bbox 1647 4156 1752 4194; x_wconf 89' lang='lat' dir='ltr'><strong>non</strong></span> <span class='ocrx_word' id='word_1_592' title='bbox 1779 4155 1902 4199; x_wconf 81' lang='lat' dir='ltr'><strong>esse</strong></span> 
     </span>
    </p>
   </div>
   <div class='ocr_carea' id='block_1_76' title="bbox 316 4228 1900 4301">
    <p class='ocr_par' dir='ltr' id='par_1_76' title="bbox 316 4228 1900 4301">
     <span class='ocr_line' id='line_1_76' title="bbox 316 4228 1900 4301; baseline 0.005 -18"><span class='ocrx_word' id='word_1_593' title='bbox 316 4230 620 4293; x_wconf 87' lang='lat' dir='ltr'><strong>conversio,</strong></span> <span class='ocrx_word' id='word_1_594' title='bbox 647 4228 771 4284; x_wconf 88' lang='lat' dir='ltr'><strong>dum</strong></span> <span class='ocrx_word' id='word_1_595' title='bbox 800 4230 1157 4296; x_wconf 89' lang='lat' dir='ltr'><strong>reconciliari,</strong></span> <span class='ocrx_word' id='word_1_596' title='bbox 1183 4231 1308 4287; x_wconf 91' lang='lat' dir='ltr'><strong>dum</strong></span> <span class='ocrx_word' id='word_1_597' title='bbox 1338 4232 1592 4301; x_wconf 81' lang='lat' dir='ltr'><strong>baptizari</strong></span> <span class='ocrx_word' id='word_1_598' title='bbox 1619 4232 1686 4286; x_wconf 87' lang='lat' dir='ltr'><strong>ab</strong></span> <span class='ocrx_word' id='word_1_599' title='bbox 1714 4232 1900 4291; x_wconf 80' lang='lat' dir='ltr'><strong>Eccle-</strong></span> 
     </span>
    </p>
   </div>
   <div class='ocr_carea' id='block_1_77' title="bbox 317 4320 1891 4390">
    <p class='ocr_par' dir='ltr' id='par_1_77' title="bbox 317 4320 1891 4390">
     <span class='ocr_line' id='line_1_77' title="bbox 317 4320 1891 4390; baseline 0.001 -16"><span class='ocrx_word' id='word_1_600' title='bbox 317 4320 397 4374; x_wconf 85' lang='lat' dir='ltr'><strong>sia</strong></span> <span class='ocrx_word' id='word_1_601' title='bbox 427 4320 810 4389; x_wconf 85' lang='lat' dir='ltr'><strong>supplicarent,</strong></span> <span class='ocrx_word' id='word_1_602' title='bbox 838 4322 963 4375; x_wconf 89' lang='lat' dir='ltr'><strong>dum</strong></span> <span class='ocrx_word' id='word_1_603' title='bbox 996 4333 1269 4390; x_wconf 88' lang='lat' dir='ltr'><strong>postremo</strong></span> <span class='ocrx_word' id='word_1_604' title='bbox 1300 4324 1772 4379; x_wconf 86' lang='lat' dir='ltr'><strong>reconciliarentur</strong></span> <span class='ocrx_word' id='word_1_605' title='bbox 1796 4339 1891 4378; x_wconf 90' lang='lat' dir='ltr'><strong>seu</strong></span> 
     </span>
    </p>
   </div>
   <div class='ocr_carea' id='block_1_78' title="bbox 316 4409 1970 4483">
    <p class='ocr_par' dir='ltr' id='par_1_78' title="bbox 316 4409 1970 4483">
     <span class='ocr_line' id='line_1_78' title="bbox 316 4409 1970 4483; baseline 0.003 -20"><span class='ocrx_word' id='word_1_606' title='bbox 316 4409 743 4477; x_wconf 81' lang='lat' dir='ltr'><strong>baptizarentur;</strong></span> <span class='ocrx_word' id='word_1_607' title='bbox 772 4411 1043 4465; x_wconf 90' lang='lat' dir='ltr'><strong>occultam</strong></span> <span class='ocrx_word' id='word_1_608' title='bbox 1074 4427 1203 4467; x_wconf 91' lang='lat' dir='ltr'><strong>vero</strong></span> <span class='ocrx_word' id='word_1_609' title='bbox 1231 4426 1383 4467; x_wconf 89' lang='lat' dir='ltr'><strong>suam</strong></span> <span class='ocrx_word' id='word_1_610' title='bbox 1423 4413 1771 4483; x_wconf 88' lang='lat' dir='ltr'><strong>ignorantiam</strong></span> <span class='ocrx_word' id='word_1_611' title='bbox 1790 4456 1805 4480; x_wconf 92' lang='lat'><strong>,</strong></span> <span class='ocrx_word' id='word_1_612' title='bbox 1837 4421 1893 4468; x_wconf 88' lang='lat' dir='ltr'><strong>et</strong></span> <span class='ocrx_word' id='word_1_613' title='bbox 1922 4409 1970 4468; x_wconf 92' lang='lat' dir='ltr'><strong>D</strong></span> 
     </span>
    </p>
   </div>
   <div class='ocr_carea' id='block_1_79' title="bbox 314 4500 1891 4573">
    <p class='ocr_par' dir='ltr' id='par_1_79' title="bbox 314 4500 1891 4573">
     <span class='ocr_line' id='line_1_79' title="bbox 314 4500 1891 4573; baseline 0.004 -20"><span class='ocrx_word' id='word_1_614' title='bbox 314 4514 345 4553; x_wconf 83' lang='lat' dir='ltr'><strong>a</strong></span> <span class='ocrx_word' id='word_1_615' title='bbox 375 4500 522 4554; x_wconf 84' lang='lat' dir='ltr'><strong>nullo</strong></span> <span class='ocrx_word' id='word_1_616' title='bbox 550 4502 839 4570; x_wconf 87' lang='lat' dir='ltr'><strong>culpatam.</strong></span> <span class='ocrx_word' id='word_1_617' title='bbox 871 4519 1028 4573; x_wconf 90' lang='lat' dir='ltr'><strong>quam</strong></span> <span class='ocrx_word' id='word_1_618' title='bbox 1060 4502 1371 4559; x_wconf 86' lang='lat' dir='ltr'><strong>Theodorus</strong></span> <span class='ocrx_word' id='word_1_619' title='bbox 1396 4505 1593 4560; x_wconf 89' lang='lat' dir='ltr'><strong>dicitur</strong></span> <span class='ocrx_word' id='word_1_620' title='bbox 1622 4505 1891 4571; x_wconf 90' lang='lat' dir='ltr'><strong>habuisse,</strong></span> 
     </span>
    </p>
   </div>
   <div class='ocr_carea' id='block_1_80' title="bbox 313 4594 1893 4667">
    <p class='ocr_par' dir='ltr' id='par_1_80' title="bbox 313 4594 1893 4667">
     <span class='ocr_line' id='line_1_80' title="bbox 313 4594 1893 4667; baseline 0.003 -19"><span class='ocrx_word' id='word_1_621' title='bbox 313 4594 399 4648; x_wconf 90' lang='lat' dir='ltr'><strong>cui</strong></span> <span class='ocrx_word' id='word_1_622' title='bbox 442 4601 497 4647; x_wconf 87' lang='lat' dir='ltr'><strong>et</strong></span> <span class='ocrx_word' id='word_1_623' title='bbox 534 4594 793 4650; x_wconf 77' lang='lat' dir='ltr'><strong>orieiitale</strong></span> <span class='ocrx_word' id='word_1_624' title='bbox 838 4595 1121 4651; x_wconf 85' lang='lat' dir='ltr'><strong>concilium</strong></span> <span class='ocrx_word' id='word_1_625' title='bbox 1164 4604 1469 4663; x_wconf 88' lang='lat' dir='ltr'><strong>attestatur,</strong></span> <span class='ocrx_word' id='word_1_626' title='bbox 1507 4597 1649 4667; x_wconf 88' lang='lat' dir='ltr'><strong>quod</strong></span> <span class='ocrx_word' id='word_1_627' title='bbox 1696 4597 1893 4653; x_wconf 88' lang='lat' dir='ltr'><strong>nullam</strong></span> 
     </span>
    </p>
   </div>
   <div class='ocr_carea' id='block_1_81' title="bbox 312 4684 1895 4756">
    <p class='ocr_par' dir='ltr' id='par_1_81' title="bbox 312 4684 1895 4756">
     <span class='ocr_line' id='line_1_81' title="bbox 312 4684 1895 4756; baseline 0.003 -18"><span class='ocrx_word' id='word_1_628' title='bbox 312 4684 693 4753; x_wconf 84' lang='lat' dir='ltr'><strong>detractionem</strong></span> <span class='ocrx_word' id='word_1_629' title='bbox 722 4686 790 4739; x_wconf 88' lang='lat' dir='ltr'><strong>ab</strong></span> <span class='ocrx_word' id='word_1_630' title='bbox 827 4685 1138 4740; x_wconf 83' lang='lat' dir='ltr'><strong>orthodoxis</strong></span> <span class='ocrx_word' id='word_1_631' title='bbox 1170 4686 1223 4741; x_wconf 93' lang='lat' dir='ltr'><strong>in</strong></span> <span class='ocrx_word' id='word_1_632' title='bbox 1254 4687 1358 4741; x_wconf 80' lang='lat' dir='ltr'><strong>vita</strong></span> <span class='ocrx_word' id='word_1_633' title='bbox 1388 4688 1708 4756; x_wconf 88' lang='lat' dir='ltr'><strong>susceperit,</strong></span> <span class='ocrx_word' id='word_1_634' title='bbox 1742 4698 1798 4743; x_wconf 93' lang='lat' dir='ltr'><strong>et</strong></span> <span class='ocrx_word' id='word_1_635' title='bbox 1827 4688 1895 4743; x_wconf 89' lang='lat' dir='ltr'><strong>de</strong></span> 
     </span>
    </p>
   </div>
   <div class='ocr_carea' id='block_1_82' title="bbox 311 4774 1896 4847">
    <p class='ocr_par' dir='ltr' id='par_1_82' title="bbox 311 4774 1896 4847">
     <span class='ocr_line' id='line_1_82' title="bbox 311 4774 1896 4847; baseline 0.005 -21"><span class='ocrx_word' id='word_1_636' title='bbox 311 4790 422 4841; x_wconf 90' lang='lat' dir='ltr'><strong>quo</strong></span> <span class='ocrx_word' id='word_1_637' title='bbox 459 4782 517 4829; x_wconf 89' lang='lat' dir='ltr'><strong>et</strong></span> <span class='ocrx_word' id='word_1_638' title='bbox 560 4774 679 4830; x_wconf 83' lang='lat' dir='ltr'><strong>aliis</strong></span> <span class='ocrx_word' id='word_1_639' title='bbox 726 4775 946 4831; x_wconf 84' lang='lat' dir='ltr'><strong>Procius</strong></span> <span class='ocrx_word' id='word_1_640' title='bbox 975 4778 1256 4847; x_wconf 76' lang='lat' dir='ltr'><strong>episcOpus</strong></span> <span class='ocrx_word' id='word_1_641' title='bbox 1286 4778 1436 4846; x_wconf 90' lang='lat' dir='ltr'><strong>dicit,</strong></span> <span class='ocrx_word' id='word_1_642' title='bbox 1462 4794 1595 4846; x_wconf 87' lang='lat' dir='ltr'><strong>quos</strong></span> <span class='ocrx_word' id='word_1_643' title='bbox 1625 4794 1723 4835; x_wconf 89' lang='lat' dir='ltr'><strong>nec</strong></span> <span class='ocrx_word' id='word_1_644' title='bbox 1747 4780 1896 4834; x_wconf 83' lang='lat' dir='ltr'><strong>vivos</strong></span> 
     </span>
    </p>
   </div>
   <div class='ocr_carea' id='block_1_83' title="bbox 309 4862 1885 4936">
    <p class='ocr_par' dir='ltr' id='par_1_83' title="bbox 309 4862 1885 4936">
     <span class='ocr_line' id='line_1_83' title="bbox 309 4862 1885 4936; baseline 0.004 -20"><span class='ocrx_word' id='word_1_645' title='bbox 309 4862 592 4930; x_wconf 88' lang='lat' dir='ltr'><strong>aliquando</strong></span> <span class='ocrx_word' id='word_1_646' title='bbox 618 4865 966 4932; x_wconf 81' lang='lat' dir='ltr'><strong>culpavimus,</strong></span> <span class='ocrx_word' id='word_1_647' title='bbox 990 4877 1168 4935; x_wconf 87' lang='lat' dir='ltr'><strong>posset</strong></span> <span class='ocrx_word' id='word_1_648' title='bbox 1194 4868 1399 4923; x_wconf 84' lang='lat' dir='ltr'><strong>occulte</strong></span> <span class='ocrx_word' id='word_1_649' title='bbox 1427 4882 1700 4936; x_wconf 84' lang='lat' dir='ltr'><strong>respuere.</strong></span> <span class='ocrx_word' id='word_1_650' title='bbox 1732 4867 1885 4934; x_wconf 87' lang='lat' dir='ltr'><strong>Quod</strong></span> 
     </span>
    </p>
   </div>
   <div class='ocr_carea' id='block_1_84' title="bbox 310 4954 1884 5027">
    <p class='ocr_par' dir='ltr' id='par_1_84' title="bbox 310 4954 1884 5027">
     <span class='ocr_line' id='line_1_84' title="bbox 310 4954 1884 5027; baseline 0.003 -20"><span class='ocrx_word' id='word_1_651' title='bbox 310 4954 358 5009; x_wconf 90' lang='lat' dir='ltr'><strong>si</strong></span> <span class='ocrx_word' id='word_1_652' title='bbox 385 4962 437 5005; x_wconf 87' lang='lat' dir='ltr'><strong>et</strong></span> <span class='ocrx_word' id='word_1_653' title='bbox 460 4968 565 5008; x_wconf 89' lang='lat' dir='ltr'><strong>non</strong></span> <span class='ocrx_word' id='word_1_654' title='bbox 591 4957 823 5021; x_wconf 87' lang='lat' dir='ltr'><strong>occulte,</strong></span> <span class='ocrx_word' id='word_1_655' title='bbox 846 4956 938 5012; x_wconf 89' lang='lat' dir='ltr'><strong>sed</strong></span> <span class='ocrx_word' id='word_1_656' title='bbox 967 4958 1227 5027; x_wconf 85' lang='lat' dir='ltr'><strong>aliquibus</strong></span> <span class='ocrx_word' id='word_1_657' title='bbox 1252 4957 1478 5012; x_wconf 80' lang='lat' dir='ltr'><strong>consciis</strong></span> <span class='ocrx_word' id='word_1_658' title='bbox 1510 4958 1647 5012; x_wconf 87' lang='lat' dir='ltr'><strong>hanc</strong></span> <span class='ocrx_word' id='word_1_659' title='bbox 1671 4957 1884 5027; x_wconf 86' lang='lat' dir='ltr'><strong>abjecit,</strong></span> 
     </span>
    </p>
   </div>
   <div class='ocr_carea' id='block_1_85' title="bbox 308 5044 1888 5117">
    <p class='ocr_par' dir='ltr' id='par_1_85' title="bbox 308 5044 1888 5117">
     <span class='ocr_line' id='line_1_85' title="bbox 308 5044 1888 5117; baseline 0.006 -23"><span class='ocrx_word' id='word_1_660' title='bbox 308 5052 488 5096; x_wconf 73' lang='lat' dir='ltr'><strong>tanien</strong></span> <span class='ocrx_word' id='word_1_661' title='bbox 518 5044 618 5098; x_wconf 91' lang='lat' dir='ltr'><strong>hoc</strong></span> <span class='ocrx_word' id='word_1_662' title='bbox 643 5053 842 5100; x_wconf 82' lang='lat' dir='ltr'><strong>sanetae</strong></span> <span class='ocrx_word' id='word_1_663' title='bbox 865 5047 1069 5117; x_wconf 85' lang='lat' dir='ltr'><strong>synodo</strong></span> <span class='ocrx_word' id='word_1_664' title='bbox 1090 5061 1211 5103; x_wconf 89' lang='lat' dir='ltr'><strong>esse</strong></span> <span class='ocrx_word' id='word_1_665' title='bbox 1239 5055 1419 5116; x_wconf 88' lang='lat' dir='ltr'><strong>posset</strong></span> <span class='ocrx_word' id='word_1_666' title='bbox 1438 5048 1719 5113; x_wconf 85' lang='lat' dir='ltr'><strong>occultum,</strong></span> <span class='ocrx_word' id='word_1_667' title='bbox 1744 5059 1795 5104; x_wconf 91' lang='lat' dir='ltr'><strong>et</strong></span> <span class='ocrx_word' id='word_1_668' title='bbox 1821 5049 1888 5104; x_wconf 92' lang='lat' dir='ltr'><strong>de</strong></span> 
     </span>
    </p>
   </div>
   <div class='ocr_carea' id='block_1_86' title="bbox 306 5132 1888 5208">
    <p class='ocr_par' dir='ltr' id='par_1_86' title="bbox 306 5132 1888 5208">
     <span class='ocr_line' id='line_1_86' title="bbox 306 5132 1888 5208; baseline 0.011 -29"><span class='ocrx_word' id='word_1_669' title='bbox 306 5132 520 5185; x_wconf 78' lang='lat' dir='ltr'><strong>occulto</strong></span> <span class='ocrx_word' id='word_1_670' title='bbox 547 5132 785 5200; x_wconf 88' lang='lat' dir='ltr'><strong>judicare</strong></span> <span class='ocrx_word' id='word_1_671' title='bbox 825 5151 932 5190; x_wconf 89' lang='lat' dir='ltr'><strong>non</strong></span> <span class='ocrx_word' id='word_1_672' title='bbox 976 5148 1180 5207; x_wconf 85' lang='lat' dir='ltr'><strong>posset,</strong></span> <span class='ocrx_word' id='word_1_673' title='bbox 1211 5139 1329 5207; x_wconf 87' lang='lat' dir='ltr'><strong>quia</strong></span> <span class='ocrx_word' id='word_1_674' title='bbox 1378 5136 1478 5197; x_wconf 88' lang='lat' dir='ltr'><strong>hoc</strong></span> <span class='ocrx_word' id='word_1_675' title='bbox 1522 5136 1615 5193; x_wconf 90' lang='lat' dir='ltr'><strong>Dei</strong></span> <span class='ocrx_word' id='word_1_676' title='bbox 1656 5147 1739 5194; x_wconf 89' lang='lat' dir='ltr'><strong>est</strong></span> <span class='ocrx_word' id='word_1_677' title='bbox 1767 5156 1888 5208; x_wconf 86' lang='lat' dir='ltr'><strong>pro-</strong></span> 
     </span>
    </p>
   </div>
   <div class='ocr_carea' id='block_1_87' title="bbox 307 5220 1887 5297">
    <p class='ocr_par' dir='ltr' id='par_1_87' title="bbox 307 5220 1887 5297">
     <span class='ocr_line' id='line_1_87' title="bbox 307 5220 1887 5297; baseline 0.007 -25"><span class='ocrx_word' id='word_1_678' title='bbox 307 5220 502 5287; x_wconf 81' lang='lat' dir='ltr'><strong>prium,</strong></span> <span class='ocrx_word' id='word_1_679' title='bbox 534 5222 745 5278; x_wconf 72' lang='lat' dir='ltr'><strong>dicente</strong></span> <span class='ocrx_word' id='word_1_680' title='bbox 789 5224 972 5297; x_wconf 76' lang='lat' dir='ltr'><strong>Moyse</strong></span> <span class='ocrx_word' id='word_1_681' title='bbox 1020 5243 1035 5279; x_wconf 92' lang='lat'><strong>:</strong></span> <span class='ocrx_word' id='word_1_682' title='bbox 1087 5226 1216 5291; x_wconf 64' lang='lat' dir='ltr'><strong>Qut:</strong></span> <span class='ocrx_word' id='word_1_683' title='bbox 1255 5227 1451 5282; x_wconf 81' lang='lat' dir='ltr'><strong>occulta</strong></span> <span class='ocrx_word' id='word_1_684' title='bbox 1494 5237 1612 5283; x_wconf 80' lang='lat' dir='ltr'><strong>sunt</strong></span> <span class='ocrx_word' id='word_1_685' title='bbox 1657 5228 1793 5283; x_wconf 71' lang='lat' dir='ltr'><strong>vobis</strong></span> <span class='ocrx_word' id='word_1_686' title='bbox 1840 5239 1887 5283; x_wconf 82' lang='lat' dir='ltr'><strong>et</strong></span> 
     </span>
    </p>
   </div>
   <div class='ocr_carea' id='block_1_88' title="bbox 302 5311 1884 5388">
    <p class='ocr_par' dir='ltr' id='par_1_88' title="bbox 302 5311 1884 5388">
     <span class='ocr_line' id='line_1_88' title="bbox 302 5311 1884 5388; baseline 0.008 -27"><span class='ocrx_word' id='word_1_687' title='bbox 302 5311 430 5380; x_wconf 73' lang='lat' dir='ltr'><strong>ﬁliis</strong></span> <span class='ocrx_word' id='word_1_688' title='bbox 454 5313 648 5368; x_wconf 74' lang='lat' dir='ltr'><strong>vestris.</strong></span> <span class='ocrx_word' id='word_1_689' title='bbox 669 5312 819 5369; x_wconf 85' lang='lat' dir='ltr'><strong>Unde</strong></span> <span class='ocrx_word' id='word_1_690' title='bbox 846 5325 900 5371; x_wconf 91' lang='lat' dir='ltr'><strong>et</strong></span> <span class='ocrx_word' id='word_1_691' title='bbox 928 5317 1115 5372; x_wconf 87' lang='lat' dir='ltr'><strong>beatus</strong></span> <span class='ocrx_word' id='word_1_692' title='bbox 1142 5317 1369 5388; x_wconf 87' lang='lat' dir='ltr'><strong>Cyrillus</strong></span> <span class='ocrx_word' id='word_1_693' title='bbox 1392 5320 1465 5373; x_wconf 88' lang='lat' dir='ltr'><strong>ait</strong></span> <span class='ocrx_word' id='word_1_694' title='bbox 1486 5336 1501 5372; x_wconf 90' lang='lat'><strong>:</strong></span> <span class='ocrx_word' id='word_1_695' title='bbox 1525 5318 1884 5375; x_wconf 69' lang='lat' dir='ltr'><strong>iustissimum</strong></span> 
     </span>
    </p>
   </div>
   <div class='ocr_carea' id='block_1_89' title="bbox 302 5404 1881 5478">
    <p class='ocr_par' dir='ltr' id='par_1_89' title="bbox 302 5404 1881 5478">
     <span class='ocr_line' id='line_1_89' title="bbox 302 5404 1881 5478; baseline 0.005 -22"><span class='ocrx_word' id='word_1_696' title='bbox 302 5413 526 5469; x_wconf 80' lang='lat' dir='ltr'><strong>apparet</strong></span> <span class='ocrx_word' id='word_1_697' title='bbox 571 5404 915 5471; x_wconf 88' lang='lat' dir='ltr'><strong>prudentibus</strong></span> <span class='ocrx_word' id='word_1_698' title='bbox 955 5407 1085 5461; x_wconf 86' lang='lat' dir='ltr'><strong>viris</strong></span> <span class='ocrx_word' id='word_1_699' title='bbox 1122 5410 1315 5463; x_wconf 88' lang='lat' dir='ltr'><strong>cedere</strong></span> <span class='ocrx_word' id='word_1_700' title='bbox 1361 5412 1657 5478; x_wconf 71' lang='lat' dir='ltr'><strong>prazscienti</strong></span> <span class='ocrx_word' id='word_1_701' title='bbox 1703 5412 1881 5464; x_wconf 86' lang='lat' dir='ltr'><strong>unius-</strong></span> 
     </span>
    </p>
   </div>
   <div class='ocr_carea' id='block_1_90' title="bbox 296 5494 1883 5573">
    <p class='ocr_par' dir='ltr' id='par_1_90' title="bbox 296 5494 1883 5573">
     <span class='ocr_line' id='line_1_90' title="bbox 296 5494 1883 5573; baseline 0.01 -29"><span class='ocrx_word' id='word_1_702' title='bbox 296 5494 561 5560; x_wconf 78' lang='lat' dir='ltr'><strong>cujusque</strong></span> <span class='ocrx_word' id='word_1_703' title='bbox 584 5494 930 5551; x_wconf 81' lang='lat' dir='ltr'><strong>voluntatem.</strong></span> <span class='ocrx_word' id='word_1_704' title='bbox 954 5496 1064 5553; x_wconf 88' lang='lat' dir='ltr'><strong>Cur</strong></span> <span class='ocrx_word' id='word_1_705' title='bbox 1089 5514 1215 5569; x_wconf 90' lang='lat' dir='ltr'><strong>ergo</strong></span> <span class='ocrx_word' id='word_1_706' title='bbox 1243 5500 1550 5569; x_wconf 86' lang='lat' dir='ltr'><strong>culparetur</strong></span> <span class='ocrx_word' id='word_1_707' title='bbox 1580 5504 1692 5562; x_wconf 69' lang='lat' dir='ltr'><strong>hazc</strong></span> <span class='ocrx_word' id='word_1_708' title='bbox 1720 5516 1883 5573; x_wconf 82' lang='lat' dir='ltr'><strong>syno-</strong></span> 
     </span>
    </p>
   </div>
   <div class='ocr_carea' id='block_1_91' title="bbox 378 5600 1063 5679">
    <p class='ocr_par' dir='ltr' id='par_1_91' title="bbox 378 5600 1063 5679">
     <span class='ocr_line' id='line_1_91' title="bbox 378 5600 1063 5679; baseline 0.016 -25"><span class='ocrx_word' id='word_1_709' title='bbox 378 5600 394 5630; x_wconf 85' lang='lat'><strong>‘</strong></span> <span class='ocrx_word' id='word_1_710' title='bbox 427 5600 558 5657; x_wconf 86' lang='lat' dir='ltr'><strong>Cod.</strong></span> <span class='ocrx_word' id='word_1_711' title='bbox 595 5603 810 5679; x_wconf 78' lang='lat' dir='ltr'><strong>Veron.,</strong></span> <span class='ocrx_word' id='word_1_712' title='bbox 840 5608 1063 5665; x_wconf 80' lang='lat' dir='ltr'><strong>haberet.</strong></span> 
     </span>
    </p>
   </div>
   <div class='ocr_carea' id='block_1_92' title="bbox 2010 3181 3589 3253">
    <p class='ocr_par' dir='ltr' id='par_1_92' title="bbox 2010 3181 3589 3253">
     <span class='ocr_line' id='line_1_92' title="bbox 2010 3181 3589 3253; baseline -0.001 -18"><span class='ocrx_word' id='word_1_713' title='bbox 2010 3197 2118 3248; x_wconf 90' lang='lat' dir='ltr'><strong>ras,</strong></span> <span class='ocrx_word' id='word_1_714' title='bbox 2145 3182 2455 3250; x_wconf 84' lang='lat' dir='ltr'><strong>imperator,</strong></span> <span class='ocrx_word' id='word_1_715' title='bbox 2479 3190 2672 3251; x_wconf 88' lang='lat' dir='ltr'><strong>quanta</strong></span> <span class='ocrx_word' id='word_1_716' title='bbox 2689 3181 3032 3251; x_wconf 85' lang='lat' dir='ltr'><strong>Eutychiauis</strong></span> <span class='ocrx_word' id='word_1_717' title='bbox 3061 3196 3351 3253; x_wconf 86' lang='lat' dir='ltr'><strong>eorumque</strong></span> <span class='ocrx_word' id='word_1_718' title='bbox 3376 3182 3589 3237; x_wconf 82' lang='lat' dir='ltr'><strong>fautori-</strong></span> 
     </span>
    </p>
   </div>
   <div class='ocr_carea' id='block_1_93' title="bbox 2008 3270 3589 3342">
    <p class='ocr_par' dir='ltr' id='par_1_93' title="bbox 2008 3270 3589 3342">
     <span class='ocr_line' id='line_1_93' title="bbox 2008 3270 3589 3342; baseline 0.001 -15"><span class='ocrx_word' id='word_1_719' title='bbox 2008 3272 2106 3327; x_wconf 90' lang='lat' dir='ltr'><strong>bus</strong></span> <span class='ocrx_word' id='word_1_720' title='bbox 2134 3271 2275 3325; x_wconf 87' lang='lat' dir='ltr'><strong>nulla</strong></span> <span class='ocrx_word' id='word_1_721' title='bbox 2307 3272 2512 3327; x_wconf 88' lang='lat' dir='ltr'><strong>ratione</strong></span> <span class='ocrx_word' id='word_1_722' title='bbox 2546 3280 2770 3342; x_wconf 85' lang='lat' dir='ltr'><strong>cegente</strong></span> <span class='ocrx_word' id='word_1_723' title='bbox 2810 3282 3000 3339; x_wconf 90' lang='lat' dir='ltr'><strong>sponte</strong></span> <span class='ocrx_word' id='word_1_724' title='bbox 3028 3270 3296 3340; x_wconf 88' lang='lat' dir='ltr'><strong>dedimus,</strong></span> <span class='ocrx_word' id='word_1_725' title='bbox 3323 3275 3434 3327; x_wconf 88' lang='lat' dir='ltr'><strong>sive</strong></span> <span class='ocrx_word' id='word_1_726' title='bbox 3463 3288 3589 3329; x_wconf 88' lang='lat' dir='ltr'><strong>con-</strong></span> 
     </span>
    </p>
   </div>
   <div class='ocr_carea' id='block_1_94' title="bbox 2007 3363 3589 3432">
    <p class='ocr_par' dir='ltr' id='par_1_94' title="bbox 2007 3363 3589 3432">
     <span class='ocr_line' id='line_1_94' title="bbox 2007 3363 3589 3432; baseline 0 -14"><span class='ocrx_word' id='word_1_727' title='bbox 2007 3365 2297 3431; x_wconf 86' lang='lat' dir='ltr'><strong>cessimus;</strong></span> <span class='ocrx_word' id='word_1_728' title='bbox 2327 3371 2382 3421; x_wconf 90' lang='lat' dir='ltr'><strong>et</strong></span> <span class='ocrx_word' id='word_1_729' title='bbox 2412 3374 2590 3420; x_wconf 90' lang='lat' dir='ltr'><strong>tamen</strong></span> <span class='ocrx_word' id='word_1_730' title='bbox 2618 3365 2696 3419; x_wconf 90' lang='lat' dir='ltr'><strong>eis</strong></span> <span class='ocrx_word' id='word_1_731' title='bbox 2723 3363 2921 3418; x_wconf 88' lang='lat' dir='ltr'><strong>veritas</strong></span> <span class='ocrx_word' id='word_1_732' title='bbox 2948 3378 3053 3418; x_wconf 91' lang='lat' dir='ltr'><strong>non</strong></span> <span class='ocrx_word' id='word_1_733' title='bbox 3082 3363 3347 3432; x_wconf 87' lang='lat' dir='ltr'><strong>concedit,</strong></span> <span class='ocrx_word' id='word_1_734' title='bbox 3376 3372 3435 3419; x_wconf 88' lang='lat' dir='ltr'><strong>ut</strong></span> <span class='ocrx_word' id='word_1_735' title='bbox 3462 3378 3589 3419; x_wconf 88' lang='lat' dir='ltr'><strong>sen-</strong></span> 
     </span>
    </p>
   </div>
   <div class='ocr_carea' id='block_1_95' title="bbox 2008 3454 3587 3525">
    <p class='ocr_par' dir='ltr' id='par_1_95' title="bbox 2008 3454 3587 3525">
     <span class='ocr_line' id='line_1_95' title="bbox 2008 3454 3587 3525; baseline 0 -16"><span class='ocrx_word' id='word_1_736' title='bbox 2008 3456 2169 3510; x_wconf 90' lang='lat' dir='ltr'><strong>tentia</strong></span> <span class='ocrx_word' id='word_1_737' title='bbox 2201 3470 2405 3525; x_wconf 67' lang='lat' dir='ltr'><strong>magna:</strong></span> <span class='ocrx_word' id='word_1_738' title='bbox 2430 3455 2625 3525; x_wconf 86' lang='lat' dir='ltr'><strong>synodi</strong></span> <span class='ocrx_word' id='word_1_739' title='bbox 2653 3471 2771 3525; x_wconf 75' lang='lat' dir='ltr'><strong>quae</strong></span> <span class='ocrx_word' id='word_1_740' title='bbox 2796 3455 3074 3523; x_wconf 79' lang='lat' dir='ltr'><strong>epistolam</strong></span> <span class='ocrx_word' id='word_1_741' title='bbox 3107 3454 3289 3509; x_wconf 89' lang='lat' dir='ltr'><strong>laudes</strong></span> <span class='ocrx_word' id='word_1_742' title='bbox 3316 3454 3587 3509; x_wconf 85' lang='lat' dir='ltr'><strong>Theodori</strong></span> 
     </span>
    </p>
   </div>
   <div class='ocr_carea' id='block_1_96' title="bbox 2004 3541 3587 3615">
    <p class='ocr_par' dir='ltr' id='par_1_96' title="bbox 2004 3541 3587 3615">
     <span class='ocr_line' id='line_1_96' title="bbox 2004 3541 3587 3615; baseline -0.003 -13"><span class='ocrx_word' id='word_1_743' title='bbox 2004 3547 2366 3602; x_wconf 88' lang='lat' dir='ltr'><strong>continentem</strong></span> <span class='ocrx_word' id='word_1_744' title='bbox 2394 3545 2756 3615; x_wconf 91' lang='lat' dir='ltr'><strong>pronuntiavit</strong></span> <span class='ocrx_word' id='word_1_745' title='bbox 2784 3544 3134 3599; x_wconf 81' lang='lat' dir='ltr'><strong>orthodoxam</strong></span> <span class='ocrx_word' id='word_1_746' title='bbox 3156 3584 3172 3611; x_wconf 92' lang='lat'><strong>,</strong></span> <span class='ocrx_word' id='word_1_747' title='bbox 3201 3541 3476 3613; x_wconf 89' lang='lat' dir='ltr'><strong>culpabilis</strong></span> <span class='ocrx_word' id='word_1_748' title='bbox 3505 3542 3587 3612; x_wconf 85' lang='lat' dir='ltr'><strong>ju-</strong></span> 
     </span>
    </p>
   </div>
   <div class='ocr_carea' id='block_1_97' title="bbox 2004 3633 3586 3703">
    <p class='ocr_par' dir='ltr' id='par_1_97' title="bbox 2004 3633 3586 3703">
     <span class='ocr_line' id='line_1_97' title="bbox 2004 3633 3586 3703; baseline -0.003 -13"><span class='ocrx_word' id='word_1_749' title='bbox 2004 3636 2229 3691; x_wconf 81' lang='lat' dir='ltr'><strong>dicctur.</strong></span> <span class='ocrx_word' id='word_1_750' title='bbox 2256 3635 2408 3702; x_wconf 83' lang='lat' dir='ltr'><strong>Quod</strong></span> <span class='ocrx_word' id='word_1_751' title='bbox 2448 3633 2491 3688; x_wconf 90' lang='lat' dir='ltr'><strong>si</strong></span> <span class='ocrx_word' id='word_1_752' title='bbox 2534 3641 2694 3688; x_wconf 61' lang='lat' dir='ltr'><strong>tanta!</strong></span> <span class='ocrx_word' id='word_1_753' title='bbox 2742 3635 2894 3688; x_wconf 90' lang='lat' dir='ltr'><strong>nobis</strong></span> <span class='ocrx_word' id='word_1_754' title='bbox 2921 3634 3285 3689; x_wconf 89' lang='lat' dir='ltr'><strong>convictiooes</strong></span> <span class='ocrx_word' id='word_1_755' title='bbox 3315 3647 3448 3703; x_wconf 83' lang='lat' dir='ltr'><strong>quas</strong></span> <span class='ocrx_word' id='word_1_756' title='bbox 3493 3648 3586 3701; x_wconf 90' lang='lat' dir='ltr'><strong>pro</strong></span> 
     </span>
    </p>
   </div>
   <div class='ocr_carea' id='block_1_98' title="bbox 2003 3723 3586 3793">
    <p class='ocr_par' dir='ltr' id='par_1_98' title="bbox 2003 3723 3586 3793">
     <span class='ocr_line' id='line_1_98' title="bbox 2003 3723 3586 3793; baseline 0 -15"><span class='ocrx_word' id='word_1_757' title='bbox 2003 3733 2218 3793; x_wconf 86' lang='lat' dir='ltr'><strong>experta</strong></span> <span class='ocrx_word' id='word_1_758' title='bbox 2248 3723 2610 3779; x_wconf 90' lang='lat' dir='ltr'><strong>obstinatione</strong></span> <span class='ocrx_word' id='word_1_759' title='bbox 2640 3723 3069 3779; x_wconf 87' lang='lat' dir='ltr'><strong>adversariorum</strong></span> <span class='ocrx_word' id='word_1_760' title='bbox 3108 3724 3452 3792; x_wconf 88' lang='lat' dir='ltr'><strong>protulimus,</strong></span> <span class='ocrx_word' id='word_1_761' title='bbox 3486 3723 3586 3778; x_wconf 84' lang='lat' dir='ltr'><strong>tle-</strong></span> 
     </span>
    </p>
   </div>
   <div class='ocr_carea' id='block_1_99' title="bbox 2003 3812 3585 3885">
    <p class='ocr_par' dir='ltr' id='par_1_99' title="bbox 2003 3812 3585 3885">
     <span class='ocr_line' id='line_1_99' title="bbox 2003 3812 3585 3885; baseline 0.001 -17"><span class='ocrx_word' id='word_1_762' title='bbox 2003 3814 2259 3881; x_wconf 80' lang='lat' dir='ltr'><strong>fuissent,</strong></span> <span class='ocrx_word' id='word_1_763' title='bbox 2300 3814 2419 3884; x_wconf 90' lang='lat' dir='ltr'><strong>quis</strong></span> <span class='ocrx_word' id='word_1_764' title='bbox 2466 3814 2748 3885; x_wconf 88' lang='lat' dir='ltr'><strong>religiosus</strong></span> <span class='ocrx_word' id='word_1_765' title='bbox 2796 3812 3189 3882; x_wconf 87' lang='lat' dir='ltr'><strong>reprehendere</strong></span> <span class='ocrx_word' id='word_1_766' title='bbox 3231 3824 3407 3883; x_wconf 90' lang='lat' dir='ltr'><strong>posset</strong></span> <span class='ocrx_word' id='word_1_767' title='bbox 3451 3817 3585 3870; x_wconf 88' lang='lat' dir='ltr'><strong>hane</strong></span> 
     </span>
    </p>
   </div>
   <div class='ocr_carea' id='block_1_100' title="bbox 2001 3902 3584 3975">
    <p class='ocr_par' dir='ltr' id='par_1_100' title="bbox 2001 3902 3584 3975">
     <span class='ocr_line' id='line_1_100' title="bbox 2001 3902 3584 3975; baseline 0.001 -16"><span class='ocrx_word' id='word_1_768' title='bbox 2001 3903 2285 3975; x_wconf 77' lang='lat' dir='ltr'><strong>synodum,</strong></span> <span class='ocrx_word' id='word_1_769' title='bbox 2317 3919 2433 3973; x_wconf 71' lang='lat' dir='ltr'><strong>qua:</strong></span> <span class='ocrx_word' id='word_1_770' title='bbox 2485 3902 2629 3974; x_wconf 88' lang='lat' dir='ltr'><strong>quod</strong></span> <span class='ocrx_word' id='word_1_771' title='bbox 2668 3904 2770 3959; x_wconf 90' lang='lat' dir='ltr'><strong>sibi</strong></span> <span class='ocrx_word' id='word_1_772' title='bbox 2814 3903 2997 3958; x_wconf 88' lang='lat' dir='ltr'><strong>datum</strong></span> <span class='ocrx_word' id='word_1_773' title='bbox 3048 3920 3152 3958; x_wconf 90' lang='lat' dir='ltr'><strong>non</strong></span> <span class='ocrx_word' id='word_1_774' title='bbox 3200 3914 3282 3961; x_wconf 89' lang='lat' dir='ltr'><strong>est</strong></span> <span class='ocrx_word' id='word_1_775' title='bbox 3330 3920 3584 3975; x_wconf 84' lang='lat' dir='ltr'><strong>usurpare</strong></span> 
     </span>
    </p>
   </div>
   <div class='ocr_carea' id='block_1_101' title="bbox 1978 4002 3581 4062">
    <p class='ocr_par' dir='ltr' id='par_1_101' title="bbox 1978 4002 3581 4062">
     <span class='ocr_line' id='line_1_101' title="bbox 1978 4002 3581 4062; baseline 0.002 -4"><span class='ocrx_word' id='word_1_776' title='bbox 1978 4006 2105 4059; x_wconf 79' lang='lat' dir='ltr'><strong>&#39;non</strong></span> <span class='ocrx_word' id='word_1_777' title='bbox 2131 4019 2259 4059; x_wconf 87' lang='lat' dir='ltr'><strong>ausa</strong></span> <span class='ocrx_word' id='word_1_778' title='bbox 2288 4004 2405 4059; x_wconf 71' lang='lat' dir='ltr'><strong>est?</strong></span> <span class='ocrx_word' id='word_1_779' title='bbox 2433 4002 2565 4058; x_wconf 88' lang='lat' dir='ltr'><strong>Nam</strong></span> <span class='ocrx_word' id='word_1_780' title='bbox 2599 4004 2850 4059; x_wconf 64' lang='lat' dir='ltr'><strong>Ecclesiae</strong></span> <span class='ocrx_word' id='word_1_781' title='bbox 2880 4019 2990 4059; x_wconf 71' lang='lat' dir='ltr'><strong>sua:</strong></span> <span class='ocrx_word' id='word_1_782' title='bbox 3017 4004 3217 4059; x_wconf 74' lang='lat' dir='ltr'><strong>nullam</strong></span> <span class='ocrx_word' id='word_1_783' title='bbox 3249 4005 3502 4061; x_wconf 88' lang='lat' dir='ltr'><strong>Dominus</strong></span> <span class='ocrx_word' id='word_1_784' title='bbox 3528 4008 3581 4062; x_wconf 91' lang='lat' dir='ltr'><strong>in</strong></span> 
     </span>
    </p>
   </div>
   <div class='ocr_carea' id='block_1_102' title="bbox 2001 4095 3581 4167">
    <p class='ocr_par' dir='ltr' id='par_1_102' title="bbox 2001 4095 3581 4167">
     <span class='ocr_line' id='line_1_102' title="bbox 2001 4095 3581 4167; baseline 0.002 -16"><span class='ocrx_word' id='word_1_785' title='bbox 2001 4096 2222 4151; x_wconf 84' lang='lat' dir='ltr'><strong>mortuis</strong></span> <span class='ocrx_word' id='word_1_786' title='bbox 2251 4095 2447 4166; x_wconf 88' lang='lat' dir='ltr'><strong>ligandi</strong></span> <span class='ocrx_word' id='word_1_787' title='bbox 2492 4106 2545 4151; x_wconf 90' lang='lat' dir='ltr'><strong>et</strong></span> <span class='ocrx_word' id='word_1_788' title='bbox 2591 4096 2836 4152; x_wconf 87' lang='lat' dir='ltr'><strong>solvendi</strong></span> <span class='ocrx_word' id='word_1_789' title='bbox 2883 4097 3066 4152; x_wconf 89' lang='lat' dir='ltr'><strong>tribuit</strong></span> <span class='ocrx_word' id='word_1_790' title='bbox 3099 4106 3581 4167; x_wconf 87' lang='lat' dir='ltr'><strong>potestatem,cum</strong></span> 
     </span>
    </p>
   </div>
   <div class='ocr_carea' id='block_1_103' title="bbox 1998 4186 3583 4259">
    <p class='ocr_par' dir='ltr' id='par_1_103' title="bbox 1998 4186 3583 4259">
     <span class='ocr_line' id='line_1_103' title="bbox 1998 4186 3583 4259; baseline 0.001 -18"><span class='ocrx_word' id='word_1_791' title='bbox 1998 4186 2277 4255; x_wconf 86' lang='lat' dir='ltr'><strong>discipulis</strong></span> <span class='ocrx_word' id='word_1_792' title='bbox 2307 4188 2417 4241; x_wconf 90' lang='lat' dir='ltr'><strong>suis</strong></span> <span class='ocrx_word' id='word_1_793' title='bbox 2445 4186 2689 4242; x_wconf 84' lang='lat' dir='ltr'><strong>diceret:</strong></span> <span class='ocrx_word' id='word_1_794' title='bbox 2720 4186 3047 4259; x_wconf 65' lang='lat' dir='ltr'><strong>Quaecunque</strong></span> <span class='ocrx_word' id='word_1_795' title='bbox 3073 4188 3404 4257; x_wconf 76' lang='lat' dir='ltr'><strong>alligaveritis</strong></span> <span class='ocrx_word' id='word_1_796' title='bbox 3434 4205 3583 4257; x_wconf 80' lang='lat' dir='ltr'><strong>super</strong></span> 
     </span>
    </p>
   </div>
   <div class='ocr_carea' id='block_1_104' title="bbox 1998 4278 3582 4349">
    <p class='ocr_par' dir='ltr' id='par_1_104' title="bbox 1998 4278 3582 4349">
     <span class='ocr_line' id='line_1_104' title="bbox 1998 4278 3582 4349; baseline 0.002 -17"><span class='ocrx_word' id='word_1_797' title='bbox 1998 4289 2207 4343; x_wconf 81' lang='lat' dir='ltr'><strong>terram,</strong></span> <span class='ocrx_word' id='word_1_798' title='bbox 2226 4287 2369 4332; x_wconf 81' lang='lat' dir='ltr'><strong>erunt</strong></span> <span class='ocrx_word' id='word_1_799' title='bbox 2394 4279 2554 4349; x_wconf 82' lang='lat' dir='ltr'><strong>ligata</strong></span> <span class='ocrx_word' id='word_1_800' title='bbox 2581 4288 2628 4332; x_wconf 84' lang='lat' dir='ltr'><strong>et</strong></span> <span class='ocrx_word' id='word_1_801' title='bbox 2660 4281 2709 4332; x_wconf 83' lang='lat' dir='ltr'><strong>in</strong></span> <span class='ocrx_word' id='word_1_802' title='bbox 2737 4278 2892 4344; x_wconf 79' lang='lat' dir='ltr'><strong>ctelo;</strong></span> <span class='ocrx_word' id='word_1_803' title='bbox 2922 4287 2967 4332; x_wconf 86' lang='lat' dir='ltr'><strong>et</strong></span> <span class='ocrx_word' id='word_1_804' title='bbox 2997 4295 3309 4348; x_wconf 68' lang='lat' dir='ltr'><strong>quacunque</strong></span> <span class='ocrx_word' id='word_1_805' title='bbox 3333 4281 3582 4335; x_wconf 77' lang='lat' dir='ltr'><strong>solveritis</strong></span> 
     </span>
    </p>
   </div>
   <div class='ocr_carea' id='block_1_105' title="bbox 1996 4370 3580 4441">
    <p class='ocr_par' dir='ltr' id='par_1_105' title="bbox 1996 4370 3580 4441">
     <span class='ocr_line' id='line_1_105' title="bbox 1996 4370 3580 4441; baseline 0.001 -17"><span class='ocrx_word' id='word_1_806' title='bbox 1996 4389 2147 4439; x_wconf 80' lang='lat' dir='ltr'><strong>super</strong></span> <span class='ocrx_word' id='word_1_807' title='bbox 2177 4380 2385 4437; x_wconf 83' lang='lat' dir='ltr'><strong>terram,</strong></span> <span class='ocrx_word' id='word_1_808' title='bbox 2418 4382 2561 4424; x_wconf 84' lang='lat' dir='ltr'><strong>erunt</strong></span> <span class='ocrx_word' id='word_1_809' title='bbox 2586 4372 2751 4425; x_wconf 78' lang='lat' dir='ltr'><strong>soluta</strong></span> <span class='ocrx_word' id='word_1_810' title='bbox 2776 4380 2823 4424; x_wconf 86' lang='lat' dir='ltr'><strong>et</strong></span> <span class='ocrx_word' id='word_1_811' title='bbox 2852 4372 2902 4423; x_wconf 87' lang='lat' dir='ltr'><strong>in</strong></span> <span class='ocrx_word' id='word_1_812' title='bbox 2927 4371 3051 4424; x_wconf 72' lang='lat' dir='ltr'><strong>cazlo</strong></span> <span class='ocrx_word' id='word_1_813' title='bbox 3081 4370 3580 4441; x_wconf 62' lang='lat' dir='ltr'><strong>(MatthdtvaS).</strong></span> 
     </span>
    </p>
   </div>
   <div class='ocr_carea' id='block_1_106' title="bbox 1998 4459 3575 4532">
    <p class='ocr_par' dir='ltr' id='par_1_106' title="bbox 1998 4459 3575 4532">
     <span class='ocr_line' id='line_1_106' title="bbox 1998 4459 3575 4532; baseline -0.001 -16"><span class='ocrx_word' id='word_1_814' title='bbox 1998 4463 2104 4517; x_wconf 85' lang='lat' dir='ltr'><strong>Eos</strong></span> <span class='ocrx_word' id='word_1_815' title='bbox 2131 4463 2286 4532; x_wconf 88' lang='lat' dir='ltr'><strong>igitur</strong></span> <span class='ocrx_word' id='word_1_816' title='bbox 2325 4462 2496 4515; x_wconf 86' lang='lat' dir='ltr'><strong>solum</strong></span> <span class='ocrx_word' id='word_1_817' title='bbox 2532 4460 2621 4529; x_wconf 90' lang='lat' dir='ltr'><strong>qui</strong></span> <span class='ocrx_word' id='word_1_818' title='bbox 2655 4471 2776 4515; x_wconf 89' lang='lat' dir='ltr'><strong>sunt</strong></span> <span class='ocrx_word' id='word_1_819' title='bbox 2808 4461 2861 4512; x_wconf 90' lang='lat' dir='ltr'><strong>in</strong></span> <span class='ocrx_word' id='word_1_820' title='bbox 2894 4460 3049 4513; x_wconf 88' lang='lat' dir='ltr'><strong>terris</strong></span> <span class='ocrx_word' id='word_1_821' title='bbox 3078 4459 3241 4527; x_wconf 88' lang='lat' dir='ltr'><strong>ligare</strong></span> <span class='ocrx_word' id='word_1_822' title='bbox 3287 4460 3491 4527; x_wconf 87' lang='lat' dir='ltr'><strong>accepit</strong></span> <span class='ocrx_word' id='word_1_823' title='bbox 3518 4470 3575 4514; x_wconf 90' lang='lat' dir='ltr'><strong>et</strong></span> 
     </span>
    </p>
   </div>
   <div class='ocr_carea' id='block_1_107' title="bbox 1997 4551 3578 4623">
    <p class='ocr_par' dir='ltr' id='par_1_107' title="bbox 1997 4551 3578 4623">
     <span class='ocr_line' id='line_1_107' title="bbox 1997 4551 3578 4623; baseline -0.003 -12"><span class='ocrx_word' id='word_1_824' title='bbox 1997 4559 2223 4621; x_wconf 87' lang='lat' dir='ltr'><strong>solvere,</strong></span> <span class='ocrx_word' id='word_1_825' title='bbox 2252 4564 2305 4611; x_wconf 91' lang='lat' dir='ltr'><strong>et</strong></span> <span class='ocrx_word' id='word_1_826' title='bbox 2335 4556 2530 4611; x_wconf 91' lang='lat' dir='ltr'><strong>idcirco</strong></span> <span class='ocrx_word' id='word_1_827' title='bbox 2555 4554 2873 4623; x_wconf 87' lang='lat' dir='ltr'><strong>reprehendi</strong></span> <span class='ocrx_word' id='word_1_828' title='bbox 2906 4569 3008 4607; x_wconf 88' lang='lat' dir='ltr'><strong>non</strong></span> <span class='ocrx_word' id='word_1_829' title='bbox 3037 4551 3201 4606; x_wconf 85' lang='lat' dir='ltr'><strong>debet</strong></span> <span class='ocrx_word' id='word_1_830' title='bbox 3238 4552 3380 4621; x_wconf 91' lang='lat' dir='ltr'><strong>quod</strong></span> <span class='ocrx_word' id='word_1_831' title='bbox 3409 4552 3578 4607; x_wconf 84' lang='lat' dir='ltr'><strong>Theo-</strong></span> 
     </span>
    </p>
   </div>
   <div class='ocr_carea' id='block_1_108' title="bbox 1996 4643 3577 4715">
    <p class='ocr_par' dir='ltr' id='par_1_108' title="bbox 1996 4643 3577 4715">
     <span class='ocr_line' id='line_1_108' title="bbox 1996 4643 3577 4715; baseline -0.003 -12"><span class='ocrx_word' id='word_1_832' title='bbox 1996 4647 2308 4709; x_wconf 88' lang='lat' dir='ltr'><strong>dorum.vel</strong></span> <span class='ocrx_word' id='word_1_833' title='bbox 2338 4648 2382 4701; x_wconf 93' lang='lat' dir='ltr'><strong>si</strong></span> <span class='ocrx_word' id='word_1_834' title='bbox 2410 4645 2726 4715; x_wconf 88' lang='lat' dir='ltr'><strong>culpabilem</strong></span> <span class='ocrx_word' id='word_1_835' title='bbox 2756 4654 2952 4709; x_wconf 85' lang='lat' dir='ltr'><strong>nosset,</strong></span> <span class='ocrx_word' id='word_1_836' title='bbox 2978 4654 3153 4697; x_wconf 88' lang='lat' dir='ltr'><strong>tamen</strong></span> <span class='ocrx_word' id='word_1_837' title='bbox 3176 4643 3296 4713; x_wconf 82' lang='lat' dir='ltr'><strong>quia</strong></span> <span class='ocrx_word' id='word_1_838' title='bbox 3328 4658 3432 4698; x_wconf 91' lang='lat' dir='ltr'><strong>non</strong></span> <span class='ocrx_word' id='word_1_839' title='bbox 3458 4654 3577 4699; x_wconf 85' lang='lat' dir='ltr'><strong>erat</strong></span> 
     </span>
    </p>
   </div>
   <div class='ocr_carea' id='block_1_109' title="bbox 1994 4736 3575 4813">
    <p class='ocr_par' dir='ltr' id='par_1_109' title="bbox 1994 4736 3575 4813">
     <span class='ocr_line' id='line_1_109' title="bbox 1994 4736 3575 4813; baseline -0.001 -20"><span class='ocrx_word' id='word_1_840' title='bbox 1994 4741 2049 4793; x_wconf 93' lang='lat' dir='ltr'><strong>in</strong></span> <span class='ocrx_word' id='word_1_841' title='bbox 2080 4739 2257 4803; x_wconf 89' lang='lat' dir='ltr'><strong>terris,</strong></span> <span class='ocrx_word' id='word_1_842' title='bbox 2287 4739 2503 4807; x_wconf 85' lang='lat' dir='ltr'><strong>alligare</strong></span> <span class='ocrx_word' id='word_1_843' title='bbox 2542 4753 2647 4791; x_wconf 90' lang='lat' dir='ltr'><strong>non</strong></span> <span class='ocrx_word' id='word_1_844' title='bbox 2691 4752 2817 4790; x_wconf 91' lang='lat' dir='ltr'><strong>ausa</strong></span> <span class='ocrx_word' id='word_1_845' title='bbox 2852 4745 2953 4791; x_wconf 89' lang='lat' dir='ltr'><strong>est.</strong></span> <span class='ocrx_word' id='word_1_846' title='bbox 2986 4736 3223 4813; x_wconf 71' lang='lat' dir='ltr'><strong>Aliorum</strong></span> <span class='ocrx_word' id='word_1_847' title='bbox 3254 4736 3445 4804; x_wconf 80' lang='lat' dir='ltr'><strong>quibus</strong></span> <span class='ocrx_word' id='word_1_848' title='bbox 3475 4736 3575 4792; x_wconf 85' lang='lat' dir='ltr'><strong>hoc</strong></span> 
     </span>
    </p>
   </div>
   <div class='ocr_carea' id='block_1_110' title="bbox 2000 4825 3575 4897">
    <p class='ocr_par' dir='ltr' id='par_1_110' title="bbox 2000 4825 3575 4897">
     <span class='ocr_line' id='line_1_110' title="bbox 2000 4825 3575 4897; baseline 0 -16"><span class='ocrx_word' id='word_1_849' title='bbox 2000 4830 2217 4897; x_wconf 86' lang='lat' dir='ltr'><strong>placuit,</strong></span> <span class='ocrx_word' id='word_1_850' title='bbox 2248 4843 2352 4881; x_wconf 92' lang='lat' dir='ltr'><strong>non</strong></span> <span class='ocrx_word' id='word_1_851' title='bbox 2393 4827 2507 4897; x_wconf 87' lang='lat' dir='ltr'><strong>ejus</strong></span> <span class='ocrx_word' id='word_1_852' title='bbox 2550 4828 2707 4882; x_wconf 84' lang='lat' dir='ltr'><strong>fuerit</strong></span> <span class='ocrx_word' id='word_1_853' title='bbox 2732 4827 2833 4880; x_wconf 88' lang='lat' dir='ltr'><strong>ista</strong></span> <span class='ocrx_word' id='word_1_854' title='bbox 2866 4826 3229 4895; x_wconf 66' lang='lat' dir='ltr'><strong>prmsumptio.</strong></span> <span class='ocrx_word' id='word_1_855' title='bbox 3257 4825 3388 4880; x_wconf 84' lang='lat' dir='ltr'><strong>Nam</strong></span> <span class='ocrx_word' id='word_1_856' title='bbox 3435 4827 3575 4882; x_wconf 88' lang='lat' dir='ltr'><strong>sicut</strong></span> 
     </span>
    </p>
   </div>
   <div class='ocr_carea' id='block_1_111' title="bbox 1992 4928 3573 5000">
    <p class='ocr_par' dir='ltr' id='par_1_111' title="bbox 1992 4928 3573 5000">
     <span class='ocr_line' id='line_1_111' title="bbox 1992 4928 3573 5000; baseline -0.001 -15"><span class='ocrx_word' id='word_1_857' title='bbox 1992 4946 2099 4985; x_wconf 88' lang='lat' dir='ltr'><strong>non</strong></span> <span class='ocrx_word' id='word_1_858' title='bbox 2130 4932 2365 5000; x_wconf 85' lang='lat' dir='ltr'><strong>oportuit</strong></span> <span class='ocrx_word' id='word_1_859' title='bbox 2395 4939 2450 4984; x_wconf 94' lang='lat' dir='ltr'><strong>ut</strong></span> <span class='ocrx_word' id='word_1_860' title='bbox 2476 4930 2695 4983; x_wconf 86' lang='lat' dir='ltr'><strong>auderet</strong></span> <span class='ocrx_word' id='word_1_861' title='bbox 2723 4928 2936 4983; x_wconf 89' lang='lat' dir='ltr'><strong>solvere</strong></span> <span class='ocrx_word' id='word_1_862' title='bbox 2965 4937 3086 4997; x_wconf 91' lang='lat' dir='ltr'><strong>post</strong></span> <span class='ocrx_word' id='word_1_863' title='bbox 3114 4937 3340 4982; x_wconf 85' lang='lat' dir='ltr'><strong>mortem</strong></span> <span class='ocrx_word' id='word_1_864' title='bbox 3364 4942 3459 4983; x_wconf 87' lang='lat' dir='ltr'><strong>eos</strong></span> <span class='ocrx_word' id='word_1_865' title='bbox 3480 4928 3573 4996; x_wconf 87' lang='lat' dir='ltr'><strong>qui</strong></span> 
     </span>
    </p>
   </div>
   <div class='ocr_carea' id='block_1_112' title="bbox 1990 5019 3574 5097">
    <p class='ocr_par' dir='ltr' id='par_1_112' title="bbox 1990 5019 3574 5097">
     <span class='ocr_line' id='line_1_112' title="bbox 1990 5019 3574 5097; baseline -0.003 -17"><span class='ocrx_word' id='word_1_866' title='bbox 1990 5025 2189 5097; x_wconf 77' lang='lat' dir='ltr'><strong>al‘igati</strong></span> <span class='ocrx_word' id='word_1_867' title='bbox 2216 5033 2368 5079; x_wconf 89' lang='lat' dir='ltr'><strong>erant</strong></span> <span class='ocrx_word' id='word_1_868' title='bbox 2407 5023 2461 5076; x_wconf 86' lang='lat' dir='ltr'><strong>in</strong></span> <span class='ocrx_word' id='word_1_869' title='bbox 2508 5022 2684 5084; x_wconf 85' lang='lat' dir='ltr'><strong>terris,</strong></span> <span class='ocrx_word' id='word_1_870' title='bbox 2712 5021 2852 5089; x_wconf 89' lang='lat' dir='ltr'><strong>quod</strong></span> <span class='ocrx_word' id='word_1_871' title='bbox 2882 5020 3095 5090; x_wconf 84' lang='lat' dir='ltr'><strong>quidem</strong></span> <span class='ocrx_word' id='word_1_872' title='bbox 3132 5019 3335 5077; x_wconf 86' lang='lat' dir='ltr'><strong>habere</strong></span> <span class='ocrx_word' id='word_1_873' title='bbox 3362 5021 3574 5076; x_wconf 90' lang='lat' dir='ltr'><strong>videtur</strong></span> 
     </span>
    </p>
   </div>
   <div class='ocr_carea' id='block_1_113' title="bbox 1992 5113 3571 5182">
    <p class='ocr_par' dir='ltr' id='par_1_113' title="bbox 1992 5113 3571 5182">
     <span class='ocr_line' id='line_1_113' title="bbox 1992 5113 3571 5182; baseline -0.001 -12"><span class='ocrx_word' id='word_1_874' title='bbox 1992 5117 2296 5171; x_wconf 86' lang='lat' dir='ltr'><strong>nonnullam</strong></span> <span class='ocrx_word' id='word_1_875' title='bbox 2331 5113 2539 5182; x_wconf 88' lang='lat' dir='ltr'><strong>pietatis</strong></span> <span class='ocrx_word' id='word_1_876' title='bbox 2567 5114 2873 5181; x_wconf 88' lang='lat' dir='ltr'><strong>imaginem,</strong></span> <span class='ocrx_word' id='word_1_877' title='bbox 2903 5113 2972 5165; x_wconf 85' lang='lat' dir='ltr'><strong>ita</strong></span> <span class='ocrx_word' id='word_1_878' title='bbox 3003 5127 3107 5166; x_wconf 89' lang='lat' dir='ltr'><strong>non</strong></span> <span class='ocrx_word' id='word_1_879' title='bbox 3133 5114 3368 5181; x_wconf 91' lang='lat' dir='ltr'><strong>oportuit</strong></span> <span class='ocrx_word' id='word_1_880' title='bbox 3397 5122 3453 5166; x_wconf 91' lang='lat' dir='ltr'><strong>ut</strong></span> <span class='ocrx_word' id='word_1_881' title='bbox 3475 5128 3571 5168; x_wconf 88' lang='lat' dir='ltr'><strong>au-</strong></span> 
     </span>
    </p>
   </div>
   <div class='ocr_carea' id='block_1_114' title="bbox 1991 5201 3570 5275">
    <p class='ocr_par' dir='ltr' id='par_1_114' title="bbox 1991 5201 3570 5275">
     <span class='ocr_line' id='line_1_114' title="bbox 1991 5201 3570 5275; baseline -0.004 -11"><span class='ocrx_word' id='word_1_882' title='bbox 1991 5212 2141 5265; x_wconf 85' lang='lat' dir='ltr'><strong>deret</strong></span> <span class='ocrx_word' id='word_1_883' title='bbox 2167 5222 2288 5262; x_wconf 87' lang='lat' dir='ltr'><strong>eum</strong></span> <span class='ocrx_word' id='word_1_884' title='bbox 2318 5206 2407 5275; x_wconf 88' lang='lat' dir='ltr'><strong>qui</strong></span> <span class='ocrx_word' id='word_1_885' title='bbox 2436 5203 2681 5275; x_wconf 87' lang='lat' dir='ltr'><strong>alligatus</strong></span> <span class='ocrx_word' id='word_1_886' title='bbox 2728 5219 2832 5258; x_wconf 93' lang='lat' dir='ltr'><strong>non</strong></span> <span class='ocrx_word' id='word_1_887' title='bbox 2879 5214 2995 5258; x_wconf 87' lang='lat' dir='ltr'><strong>erat</strong></span> <span class='ocrx_word' id='word_1_888' title='bbox 3041 5204 3093 5257; x_wconf 90' lang='lat' dir='ltr'><strong>in</strong></span> <span class='ocrx_word' id='word_1_889' title='bbox 3141 5204 3318 5267; x_wconf 86' lang='lat' dir='ltr'><strong>terris,</strong></span> <span class='ocrx_word' id='word_1_890' title='bbox 3351 5201 3570 5272; x_wconf 90' lang='lat' dir='ltr'><strong>alligare</strong></span> 
     </span>
    </p>
   </div>
   <div class='ocr_carea' id='block_1_115' title="bbox 1988 5293 3568 5369">
    <p class='ocr_par' dir='ltr' id='par_1_115' title="bbox 1988 5293 3568 5369">
     <span class='ocr_line' id='line_1_115' title="bbox 1988 5293 3568 5369; baseline -0.004 -19"><span class='ocrx_word' id='word_1_891' title='bbox 1988 5307 2108 5369; x_wconf 82' lang='lat' dir='ltr'><strong>post</strong></span> <span class='ocrx_word' id='word_1_892' title='bbox 2139 5306 2397 5361; x_wconf 84' lang='lat' dir='ltr'><strong>mortem;</strong></span> <span class='ocrx_word' id='word_1_893' title='bbox 2429 5295 2569 5363; x_wconf 89' lang='lat' dir='ltr'><strong>quod</strong></span> <span class='ocrx_word' id='word_1_894' title='bbox 2607 5301 2663 5349; x_wconf 89' lang='lat' dir='ltr'><strong>et</strong></span> <span class='ocrx_word' id='word_1_895' title='bbox 2691 5304 2877 5362; x_wconf 90' lang='lat' dir='ltr'><strong>aperte</strong></span> <span class='ocrx_word' id='word_1_896' title='bbox 2910 5294 3195 5362; x_wconf 85' lang='lat' dir='ltr'><strong>impietatis</strong></span> <span class='ocrx_word' id='word_1_897' title='bbox 3223 5302 3335 5357; x_wconf 74' lang='lat' dir='ltr'><strong>est,</strong></span> <span class='ocrx_word' id='word_1_898' title='bbox 3368 5301 3421 5345; x_wconf 89' lang='lat' dir='ltr'><strong>et</strong></span> <span class='ocrx_word' id='word_1_899' title='bbox 3449 5293 3568 5359; x_wconf 83' lang='lat' dir='ltr'><strong>ejus</strong></span> 
     </span>
    </p>
   </div>
   <div class='ocr_carea' id='block_1_116' title="bbox 1987 5382 3565 5459">
    <p class='ocr_par' dir='ltr' id='par_1_116' title="bbox 1987 5382 3565 5459">
     <span class='ocr_line' id='line_1_116' title="bbox 1987 5382 3565 5459; baseline -0.006 -14"><span class='ocrx_word' id='word_1_900' title='bbox 1987 5389 2232 5459; x_wconf 87' lang='lat' dir='ltr'><strong>potestati</strong></span> <span class='ocrx_word' id='word_1_901' title='bbox 2259 5402 2362 5441; x_wconf 93' lang='lat' dir='ltr'><strong>non</strong></span> <span class='ocrx_word' id='word_1_902' title='bbox 2383 5385 2662 5440; x_wconf 84' lang='lat' dir='ltr'><strong>creditum.</strong></span> <span class='ocrx_word' id='word_1_903' title='bbox 2683 5385 3016 5453; x_wconf 81' lang='lat' dir='ltr'><strong>Quapmpter</strong></span> <span class='ocrx_word' id='word_1_904' title='bbox 3035 5385 3194 5439; x_wconf 87' lang='lat' dir='ltr'><strong>etiam</strong></span> <span class='ocrx_word' id='word_1_905' title='bbox 3219 5383 3354 5438; x_wconf 87' lang='lat' dir='ltr'><strong>beati</strong></span> <span class='ocrx_word' id='word_1_906' title='bbox 3379 5382 3565 5435; x_wconf 80' lang='lat' dir='ltr'><strong>Patres</strong></span> 
     </span>
    </p>
   </div>
   <div class='ocr_carea' id='block_1_117' title="bbox 1986 5479 3561 5555">
    <p class='ocr_par' dir='ltr' id='par_1_117' title="bbox 1986 5479 3561 5555">
     <span class='ocr_line' id='line_1_117' title="bbox 1986 5479 3561 5555; baseline -0.008 -10"><span class='ocrx_word' id='word_1_907' title='bbox 1986 5490 2307 5546; x_wconf 84' lang='lat' dir='ltr'><strong>definierunt</strong></span> <span class='ocrx_word' id='word_1_908' title='bbox 2347 5486 2469 5555; x_wconf 92' lang='lat' dir='ltr'><strong>quia</strong></span> <span class='ocrx_word' id='word_1_909' title='bbox 2517 5500 2620 5538; x_wconf 91' lang='lat' dir='ltr'><strong>non</strong></span> <span class='ocrx_word' id='word_1_910' title='bbox 2674 5494 2912 5539; x_wconf 85' lang='lat' dir='ltr'><strong>nostrum</strong></span> <span class='ocrx_word' id='word_1_911' title='bbox 2958 5492 3040 5538; x_wconf 89' lang='lat' dir='ltr'><strong>est</strong></span> <span class='ocrx_word' id='word_1_912' title='bbox 3080 5482 3319 5551; x_wconf 86' lang='lat' dir='ltr'><strong>judicare</strong></span> <span class='ocrx_word' id='word_1_913' title='bbox 3347 5492 3439 5532; x_wconf 89' lang='lat' dir='ltr'><strong>eos</strong></span> <span class='ocrx_word' id='word_1_914' title='bbox 3469 5479 3561 5546; x_wconf 92' lang='lat' dir='ltr'><strong>qui</strong></span> 
     </span>
    </p>
   </div>
   <div class='ocr_carea' id='block_1_118' title="bbox 2058 5601 2561 5669">
    <p class='ocr_par' dir='ltr' id='par_1_118' title="bbox 2058 5601 2561 5669">
     <span class='ocr_line' id='line_1_118' title="bbox 2058 5601 2561 5669; baseline 0.01 -8"><span class='ocrx_word' id='word_1_915' title='bbox 2058 5611 2076 5638; x_wconf 81' lang='grc'>¹</span> <span class='ocrx_word' id='word_1_916' title='bbox 2107 5602 2418 5669; x_wconf 78' lang='lat' dir='ltr'><strong>Idem,cod..</strong></span> <span class='ocrx_word' id='word_1_917' title='bbox 2445 5601 2561 5666; x_wconf 62' lang='lat'><strong>53185-</strong></span> 
     </span>
    </p>
   </div>
  </div>
