3978 6350
412 252 518 310 783
1504 227 1805 289 FACUNDI
1844 222 2059 282 EPISC.
2101 211 2608 273 HERMIANENSIS
2878 215 2882 219 “
3588 198 3704 253 7S5

404 368 673 423 honorate
700 355 933 416 deluncti
954 360 1108 421 sunt,
1140 348 1235 406 sed
1260 345 1427 404 solius
1450 342 1646 415 judicia
1671 339 1916 395 vivorum
1944 345 1999 392 et
2025 338 2081 397 Α
2102 328 2226 383 dem
2255 322 2700 423 benedefunctus
2718 325 2825 382 est,
2850 322 2905 371 et
2925 312 3182 370 memoria
3214 310 3337 413 ejus
3358 323 3503 412 nunc
3527 323 3710 380 usque

414 401 822 516 Ignorant"
865 401 918 414 ν’
967 401 994 412 ⁷
1095 401 1108 421 ι
1349 401 1383 402 Ὗ
1450 401 1468 415 ’
1794 480 1795 483 η
2108 432 2230 473 cum
2263 413 2513 469 Patribus
2544 410 2870 473 celebratur,
2892 416 2945 460 et
2967 419 3160 460 nomen
3174 402 3297 472 ejus
3312 401 3568 470 scriptum
3594 410 3707 453 est.

2116 511 2166 516 μ-
2263 510 2274 516 -
2391 507 2424 516 ..
2502 504 2551 516 ..
2576 505 2589 516 .
2630 511 2639 516 .
2871 498 3052 516 κήπὶ-.
3100 496 3183 516 --ΑΙ
3219 495 3273 516 sla
3309 493 3390 516 LI-
3424 508 3537 516 ..η-η
3570 491 3681 516 ..-ι-2

2109 511 2168 568 Si
2190 510 2333 565 enim
2356 504 2556 575 aliquid
2576 505 2801 559 istorum
2831 498 3078 567 sentiret,
3099 496 3185 551 vel
3210 495 3278 550 de
3302 493 3392 549 his
3421 508 3541 563 quae
3569 491 3713 546 scri-

2113 601 2220 671 psit
2238 596 2639 654 excusationem
2669 607 2773 647 non
2792 590 3012 654 faceret,
3038 587 3156 641 sine
3172 585 3522 655 ambiguitate
3541 583 3711 637 etiam

2115 692 2230 762 ipse
2258 688 2453 745 similia
2487 693 2779 756 pateretur.
2806 681 2874 736 Et
2898 679 3239 736 suﬂ'ccissent
3261 676 3475 747 quidem
3509 677 3614 729 ista
3641 675 3712 728 ad

2114 782 2543 851 redargutionem
2568 791 2829 833 novorum
2850 773 3387 838 Judaeorum,eorum
3425 770 3511 839 qui
3552 766 3718 822 Chri-

2112 886 2258 931 stum
2284 879 2631 943 negaverunt,
2679 878 2730 924 et
2772 867 2959 922 Patres
2988 871 3395 927 accusaverunt,
3423 871 3477 917 et
3520 875 3718 917 omnes

2114 966 2466 1023 Christianos
2492 962 2677 1017 fallere
2705 965 3002 1015 noscuntur
3034 955 3075 1008 ³.
3108 954 3376 1021 Quoniam
3404 966 3533 1007 vero
3555 965 3712 1006 accu-

1026 554 1270 614 CAPUT
1306 552 1373 609 γ.

422 705 571 773 Quod
598 697 955 773 Athanasium_
968 691 1362 773 nemoudainnat
1393 679 2004 773 propter

488 748 887 843 iiJaii'Etiicéﬁn
912 762 1148 843 Dionysii
1176 748 1557 843 {iterandi-ini;
1591 766 1639 808 et
1681 749 1816 821 quod
1844 748 2006 801 multo

491 830 695 914 facilius
719 841 783 894 sit
810 830 1133 891 Theodorum
1162 830 1459 901 defendere.

492 974 773 1044 Quomodo
800 980 976 1027 autem
1005 966 1188 1022 dicunt
1208 959 1583 1019 Nestorianam
1606 966 1727 1009 esse
1750 948 2013 1019 synodum

424 1083 530 1123 non
552 1065 952 1127 defendentem,
972 1072 1070 1115 nec
1092 1055 1424 1125 aliquatenus
1451 1054 1795 1111 excusantem
1819 1038 2018 1107 scripta

427 1156 728 1219 Theodori,
759 1168 917 1225 quem
947 1150 1096 1205 velut
1124 1146 1434 1216 magistrum
1465 1136 1698 1195 Nestorii
1727 1131 2018 1188 criminano

431 1263 547 1315 tur,
580 1263 700 1303 cum
736 1222 1088 1300 Athanasium
1117 1239 1313 1307 scripta
1338 1231 1638 1290 decessoris
1669 1228 1750 1282 sui
1781 1222 2019 1294 Dionysii

429 1341 803 1397 defendentem
834 1336 1015 1391 dicere
1043 1348 1148 1388 non
1178 1329 1409 1385 audeant
1434 1321 1728 1382 Arianum?
1758 1318 1889 1374 Nam
1923 1330 2021 1370 ne-

430 1448 534 1502 que
560 1445 681 1485 cum
710 1427 895 1483 Ariani
924 1426 1127 1481 vellent
1148 1421 1393 1494 quaedam
1423 1433 1485 1473 ex
1516 1415 1676 1469 dictis
1701 1406 2025 1465 venerabilis

432 1519 670 1592 Dionysii
696 1516 1093 1573 Alexandrini"
1123 1510 1361 1583 episcopi
1389 1509 1440 1563 in
1470 1503 1832 1562 testimonium
1859 1508 1911 1553 et
1937 1513 2027 1553 as-

433 1612 735 1670 sertionem
781 1607 863 1663 sui
910 1608 1110 1661 erroris
1156 1602 1440 1665 asciscere,
1482 1607 1540 1651 ut
1586 1611 1651 1651 ex
1698 1593 1802 1647 hoc
1848 1600 2030 1646 osten-

2122 1060 2356 1114 sationes
2408 1068 2431 1094 ε
2479 1070 2539 1111 se
2582 1052 2781 1108 habere
2806 1058 2994 1121 putant
3017 1048 3081 1102 ad
3111 1046 3470 1102 accusandum
3495 1046 3714 1114 episcoo

2125 1166 2271 1219 pttm,
2299 1156 2479 1218 partes
2509 1145 2716 1214 aliquas
2748 1142 2990 1210 epistolas
3017 1139 3131 1209 ejus
3158 1152 3257 1206 age
3279 1147 3333 1191 et
3362 1137 3505 1204 ipsas
3535 1135 3721 1189 videa-

2110 1257 2242 1303 mus
2272 1257 2286 1294 :
2322 1247 2379 1292 ut
2406 1238 2572 1291 etiam
2612 1251 2679 1290 ex
2726 1235 2826 1289 hoc
2851 1246 3037 1288 eorum
3063 1229 3270 1284 vanitas
3298 1227 3723 1292 demonstretur,

2124 1340 2181 1386 et
2227 1331 2506 1400 quiescant
2566 1326 2650 1380 vel
2683 1340 2805 1381 sero
2845 1321 3217 1390 blasphemare
3253 1318 3535 1372 Dominum
3579 1318 3723 1385 apud

2126 1422 2353 1491 scipsos,
2377 1418 2733 1474 conﬁteantur
2763 1422 2940 1469 autem
2961 1411 3048 1467 vel
3068 1426 3191 1466 cum
3219 1409 3500 1475 militibus,
3533 1408 3725 1461 viden-

2130 1521 2210 1567 tes
2233 1510 2603 1567 testiﬁcantem
2628 1517 2953 1571 creaturam,
2980 1502 3103 1574 quia
3134 1517 3260 1557 vere
3285 1501 3385 1555 iSte
3419 1499 3589 1553 Filius
3626 1499 3725 1553 Dei

2132 1611 2234 1671 est,
2266 1610 2321 1657 et
2364 1616 2471 1656 non
2521 1607 2607 1655 est
2652 1614 2722 1653 ex
2771 1596 3056 1652 creaturis.
3091 1595 3284 1649 Dicunt
3331 1592 3509 1660 itaque
3554 1592 3607 1643 in
3639 1592 3728 1645 illa

436 1701 634 1756 derent
662 1698 848 1753 Arium
891 1711 996 1750 non
1036 1707 1157 1749 esse
1203 1692 1325 1746 novi
1365 1686 1628 1758 dogmatis
1673 1685 2028 1745 inventorem,

2154 1691 2361 1761 epistola
2413 1690 2631 1745 beatum
2678 1688 2988 1756 Dionysium
3028 1685 3228 1741 dixisse
3260 1685 3519 1741 faeturam
3567 1694 3625 1740 et
3655 1684 3730 1737 fa-

436 1791 634 1861 quippe
672 1804 791 1844 cum
832 1785 1115 1857 Dionysius
1154 1785 1282 1839 olim
1325 1781 1596 1837 docuisset
1627 1776 1883 1830 facturam
1914 1783 2036 1825 esse

2154 1793 2281 1839 :tum
2318 1797 2439 1839 esse
2487 1782 2681 1836 Filium
2713 1780 2838 1846 Dei;
2866 1794 3037 1849 neque
3067 1786 3253 1833 natura
3283 1778 3579 1849 proprium,
3632 1776 3728 1832 sed

440 1880 634 1936 Filium
666 1879 781 1944 Dei,
813 1891 985 1947 neque
1019 1885 1213 1929 natura
1258 1871 1558 1943 proprium,
1587 1866 1683 1922 sed
1720 1872 2034 1919 extraneum

432 1978 510 2031 ab
536 1973 771 2031 essentia
800 1970 991 2035 Patris,
1025 1977 1078 2022 et
1098 1967 1221 2037 quia
1253 1964 1393 2019 idem
1425 1961 1593 2017 Filius
1634 1972 1738 2012 non
1785 1964 1902 2010 erat
1943 1967 2038 2006 an-

426 2076 663 2136 «tequam
696 2062 867 2127 ﬁeret,
900 2061 1111 2129 aliaque
1158 2056 1350 2112 similia
1391 2067 1512 2125 quae
1556 2052 1611 2105 in
1655 2048 1847 2104 eodem
1876 2058 2039 2113 opere

443 2156 821 2220 continentur;
846 2150 1517 2217 Athanasius,germanum
1546 2140 1813 2211 specimen
1842 2144 1898 2194 et
1918 2150 2042 2206 pro-

435 2248 634 2304 babile
662 2245 941 2317 catholicae
981 2241 1241 2297 doctrinae
1272 2251 1432 2307 atque
1458 2235 1671 2291 virtutis
1700 2231 2005 2301 exemplum
2025 2269 2040 2294 ,

444 2356 507 2397 ea
565 2346 877 2396 constanter
903 2334 1150 2405 excepit,
1173 2341 1228 2387 et
1277 2330 1525 2398 quamvis
1578 2326 1778 2382 nostris
1825 2323 2043 2379 auribus

448 2433 576 2487 dura
617 2442 674 2487 et
715 2429 781 2484 ad
830 2426 1196 2484 excusandum
1243 2421 1483 2476 difﬁcilia
1518 2420 1559 2482 ί,
1603 2415 1896 2472 defendere
1935 2429 2043 2467 non

452 2524 679 2595 retugit,
723 2530 779 2576 et
826 2520 973 2590 prius
1019 2531 1207 2573 eorum
1252 2524 1527 2569 auctorem
1577 2509 1893 2580 Dionysium
1950 2520 2046 2575 per

453 2615 557 2669 hoc
598 2612 764 2669 voluit
802 2625 922 2666 esse
972 2614 1275 2679 purgatum,
1306 2612 1466 2674 atque
1488 2603 1555 2656 ab
1582 2602 1905 2656 Arianorum
1940 2595 2047 2652 cri-

453 2709 600 2763 mine
645 2706 877 2760 alienum
909 2743 924 2767 .
967 2701 1111 2772 quod
1157 2700 1271 2770 ipse
1318 2712 1427 2752 non
1474 2696 1611 2751 sicut
1663 2694 1865 2758 Arius,
1923 2705 2045 2744 cum

444 2798 683 2862 .viveret,
706 2797 774 2851 de
795 2795 1071 2866 impietate
1098 2790 1261 2847 fuerit
1288 2796 1588 2853 accusatus,
1624 2795 1716 2840 aut
1742 2784 1809 2839 de
1840 2783 2050 2852 episco-

458 2900 582 2959 patu
635 2888 911 2957 dejectus;
958 2897 1134 2954 neque
1177 2881 1323 2945 velut
1356 2878 1609 2934 haeresim
1635 2875 1948 2937 defendens,
1984 2872 2051 2927 de

439 2978 696 3037 Ecclesia
718 2978 856 3031 sicut
877 2974 965 3030 ille
993 2971 1319 3037 discesserit,
1345 2968 1441 3023 sed
1485 2967 1538 3021 in
1577 2966 1693 3035 ejus
1740 2974 2051 3033 permanse-

459 3071 531 3125 rit
585 3069 784 3123 unitate
833 3082 848 3119 :

461 3168 682 3218 conatus
704 3166 803 3213 est.
839 3154 993 3211 Unde
1021 3150 1425 3209 conveniendus
1454 3156 1613 3219 puto,
1642 3152 1703 3200 ut
1731 3146 1775 3199 si
1806 3158 1910 3197 non
1931 3156 2048 3197 om-

462 3253 572 3315 nia,
595 3250 716 3320 quia
746 3246 1012 3318 prolixutn
1035 3252 1117 3297 est
1135 3286 1151 3312 ,
1176 3243 1350 3312 aliqua
1378 3231 1554 3295 tanien
1584 3238 1637 3293 in
1670 3234 1902 3307 propriis
1930 3247 2049 3289 ver-

440 3344 596 3399 bis"
622 3338 925 3397 ostendam.
962 3354 980 3387 ι
1021 3334 1253 3399 Etenim,
1284 3332 1378 3398 ait,
1402 3337 1458 3386 et
1496 3329 1712 3385 Judaeos
1757 3325 1809 3380 in
1862 3324 2053 3394 quibus

442 3443 651 3492 .contra
676 3433 849 3502 legem
875 3428 1127 3500 agebant,
1153 3423 1511 3494 redarguebat
1538 3419 1797 3474 Dominus
1824 3417 2010 3471 dicens
2037 3432 2049 3466 :

466 3526 585 3582 Hoc
604 3525 863 3579 Abraham
896 3538 997 3575 non
1032 3520 1149 3590 fecit
1183 3516 1361 3589 (Joan.
1389 3531 1503 3581 vut,
1532 3512 1649 3583 £0);
1682 3521 1735 3568 et
1777 3511 1909 3565 istos
1952 3509 2052 3562 im-

452 3618 585 3687 pios
622 3626 676 3670 et
714 3613 1002 3670 mendaces
1045 3608 1233 3664 eadem
1287 3609 1401 3674 ipsa
1450 3607 1649 3661 veritas
1690 3602 1963 3671 redarguit
2001 3598 2055 3664 1',

468 3707 721 3779 quoniam
769 3704 881 3761 Arii
943 3701 1145 3772 aliquid
1213 3699 1501 3769 Dionysius
1549 3697 1834 3765 episcopus
1883 3704 2058 3760 neque

471 3799 667 3865 sensit,
696 3811 871 3867 neque
891 3794 1168 3850 veritatem
1195 3791 1480 3862 ignoravit.
1507 3787 1613 3843 Sed
1635 3796 1688 3842 et
1705 3795 1832 3841 tunc
1854 3792 2061 3851 tempo-

470 3891 547 3945 ris
566 3888 761 3954 Judaei,
786 3895 843 3943 et
872 3899 1011 3942 nunc
1032 3884 1120 3939 isti
1149 3882 1296 3946 nevi,
1318 3896 1348 3934 a
1381 3888 1530 3950 patre
1555 3892 1653 3933 suo
1682 3875 1896 3930 diabolo
1921 3874 2060 3927 hanc

473 3979 666 4034 furiam
697 3977 956 4032 adversus
983 3974 1255 4028 Christum
1284 3970 1541 4025 rebellem
1566 3964 1866 4021 haereditati
1892 3973 2017 4017 sunt
2046 3980 2059 4017 :

476 4069 621 4138 quod
652 4067 845 4135 magno
869 4062 1069 4118 indicio
1108 4069 1193 4117 est
1232 4058 1357 4129 quia
1396 4054 1710 4112 calumniari
1738 4061 2067 4108 tantumvo-

478 4158 697 4216 lttnt'illi
736 4157 876 4224 viro,
905 4164 960 4211 et
980 4169 1086 4207 non
1113 4151 1393 4223 attendere
1436 4147 1576 4219 quod
1617 4161 1789 4217 neque
1833 4147 1901 4200 ab
1947 4146 2067 4202 aliis

481 4250 753 4321 episcopis
783 4249 853 4304 de
899 4247 1174 4316 impietate
1203 4253 1485 4299 accusatus
1515 4250 1627 4309 est,
1657 4249 1751 4295 aut
1771 4241 1839 4295 de
1860 4240 2068 4308 episco-

481 4353 608 4416 patu
637 4341 897 4412 deiectus,
928 4338 1069 4393 sicut
1088 4338 1173 4392 isti
1203 4336 1271 4391 de
1294 4334 1549 4390 elericatu
1574 4349 1595 4398 ;‘
1615 4348 1786 4401 neque
1806 4331 1896 4387 ille
1926 4331 2071 4385 velut

2139 1890 2452 1936 extraneum
2510 1878 2577 1931 ab
2618 1874 2851 1931 essentia
2898 1874 3067 1928 Patris
3115 1887 3238 1928 eum
3292 1888 3432 1938 esse,
3458 1874 3618 1928 sicuti
3648 1881 3733 1926 est

2140 1970 2371 2042 agricola
2394 1968 2461 2024 ad
2484 1969 2667 2033 vitem,
2692 1977 2745 2021 et
2774 1965 2924 2019 navis
2956 1964 3142 2034 opifex
3174 1964 3242 2018 ad
3267 1979 3458 2018 navem
3483 1981 3498 2015 :
3529 1973 3582 2017 et
3605 1963 3735 2031 quia

2140 2072 2393 2133 tanquam
2448 2060 2656 2116 factura
2705 2072 2811 2113 non
2843 2064 2962 2111 erat
2994 2063 3279 2124 antequam
3312 2053 3483 2108 ﬁeret.
3517 2053 3596 2108 lta
3626 2062 3732 2119 est,

2142 2152 2356 2222 scripsit
2384 2149 2742 2205 :confitemur
2764 2154 2817 2201 et
2840 2159 2938 2200 nos
2958 2159 3078 2199 esse
3101 2144 3260 2198 talem
3285 2144 3567 2213 epistolam
3591 2143 3733 2211 ejus.

2143 2244 2249 2302 Sed
2271 2246 2411 2299 sicut
2432 2243 2576 2297 illam
2601 2241 2836 2310 scripsit,
2867 2239 2939 2293 ita
2964 2248 3020 2293 et
3041 2237 3173 2292 alias
3203 2237 3456 2306 plurimas
3484 2236 3735 2305 scripsit;

2144 2345 2199 2391 et
2225 2336 2509 2405 oportebat
2554 2346 2649 2387 eos
2691 2341 2746 2387 et
2784 2331 2900 2385 illas
2953 2330 3155 2400 legere,
3180 2338 3240 2383 ut
3268 2344 3333 2383 ex
3364 2329 3636 2392 omnibus,
3683 2338 3738 2381 et

2148 2442 2253 2481 non
2283 2442 2347 2480 ex
2400 2424 2499 2479 ista
2538 2424 2674 2489 sola,
2716 2422 2850 2478 fides
2890 2421 3031 2476 illius
3088 2420 3188 2475 viri
3232 2429 3573 2489 agnoscatur.
3609 2438 3628 2470 ι
3672 2419 3737 2474 Ει

2148 2520 2347 2576 deinde
2397 2519 2637 2589 sequitur
2680 2531 2866 2571 eorum
2908 2529 3033 2585 quas
3074 2514 3487 2569 memoravimus
3508 2527 3735 2567 excusa-

2144 2612 2227 2665 tio
2257 2627 2271 2664 :
2297 2625 2455 2680 quam
2480 2624 2584 2664 non
2609 2608 2661 2661 in
2684 2606 2808 2672 isto,
2833 2606 2957 2675 quia
2984 2604 3247 2675 prolixum
3268 2604 3388 2670 fuit,
3416 2604 3509 2658 sed
3538 2606 3589 2657 in
3617 2603 3736 2669 eius

2150 2715 2316 2769 opt-re
2370 2700 2539 2754 lector
2589 2697 2844 2767 inquirat.
2876 2695 3087 2764 Aspicis
3135 2709 3284 2758 vero,
3315 2695 3584 2763 Anguste,
3617 2709 3739 2763 quae

2152 2791 2337 2845 beatus
2369 2788 2689 2843 Athanasius
2713 2788 2764 2841 in
2798 2786 3053 2857 Dionysio
3082 2786 3383 2841 excusanda
3413 2786 3739 2854 susciperet,

2152 2896 2258 2935 non
2290 2881 2360 2935 ob
2384 2879 2552 2943 aliud,
2581 2878 2683 2933 nisi
2730 2877 2853 2946 quia
2885 2890 2989 2931 non
3012 2891 3077 2931 ex
3117 2875 3222 2930 levi
3254 2891 3387 2930 sono
3418 2876 3737 2942 verborum,

2153 2975 2246 3029 sed
2262 2966 2332 3028 rex
2352 2973 2648 3027 intentione
2674 2969 2902 3025 dicentis
2930 2967 3241 3023 aestimanda
3262 2975 3390 3021 sunt
3410 2982 3531 3036 qua:
3550 2966 3746 3021 dicun-

902 3062 1098 3119 deinde
1143 3060 1334 3116 melius
1376 3058 1492 3113 haec
1540 3056 1653 3126 ipsa
1707 3050 2046 3123 interpretari

2156 3075 2258 3119 tur.
2284 3063 2522 3120 Dicentis
2567 3071 2746 3116 autem
2798 3060 3048 3123 intentio,
3082 3074 3203 3114 cum
3232 3058 3342 3128 jam
3372 3072 3605 3128 persona
3648 3058 3744 3114 des

2154 3155 2336 3208 functa
2365 3164 2480 3212 est.
2507 3168 2573 3207 ex
2605 3151 2985 3207 communione
3022 3148 3044 3181 ⁸
3078 3148 3377 3219 religiosius
3420 3146 3743 3203 aestimatur.

2155 3243 2268 3299 Hoc
2294 3252 2379 3300 est
2405 3243 2548 3299 enim
2576 3241 2716 3311 quod
2740 3242 2816 3295 ait
2854 3257 2868 3295 :
2901 3240 2957 3296 Si
2980 3240 3123 3295 enim
3142 3238 3340 3307 aliquid
3367 3237 3594 3293 istorum
3621 3253 3745 3294 sen-

2156 3339 2300 3402 tiret,
2316 3336 2399 3391 vel
2422 3336 2489 3391 de
2511 3335 2574 3390 iis
2587 3349 2706 3404 qua:
2728 3333 2942 3402 scripsit
2962 3330 3365 3387 excusationem
3385 3345 3491 3385 non
3519 3330 3742 3399 faceret,

2153 3427 2272 3482 sine
2292 3425 2639 3495 ambiguitate
2677 3424 2839 3479 etiam
2874 3422 2989 3493 ipse
3036 3423 3230 3476 similia
3272 3430 3589 3491 pateretur:
3625 3430 3746 3476 tan-

2157 3533 2315 3588 quam
2340 3517 2562 3571 dicens:
2595 3513 2709 3570 Non
2737 3514 2877 3584 quod
2908 3514 2960 3568 in
2978 3512 3157 3568 verbis
3189 3512 3632 3568 sonatdebemus
3664 3522 3746 3567 at-

2160 3609 2406 3674 tendere,
2430 3608 2524 3663 sed
2546 3607 2766 3663 credere
2788 3605 2965 3678 potius
2985 3605 3053 3661 de
3077 3605 3317 3661 Ecclesia
3340 3606 3562 3672 Christi,
3588 3622 3750 3676 quam

2174 3702 2308 3771 regit
2335 3702 2449 3769 ipse
2476 3700 2564 3769 qni
2596 3700 2856 3769 sanguine
2898 3714 2996 3754 suo
3044 3699 3300 3762 redemit,
3343 3699 3601 3767 quoniam
3652 3700 3753 3755 nisi

2163 3792 2277 3846 haec
2320 3790 2463 3846 bona
2506 3791 2811 3845 intentione
2852 3788 3148 3857 proferret,
3181 3797 3273 3842 aut
3300 3790 3417 3843 aliis
3444 3792 3562 3856 ejus
3594 3790 3753 3844 dictis

2164 3884 2468 3940 auferretur
2495 3881 2755 3948 oll'ensio,
2786 3882 2903 3935 sine
2946 3880 3112 3935 dubio
3168 3879 3452 3951 Dionysius
3476 3881 3530 3934 in
3558 3896 3625 3935 ea
3654 3897 3755 3936 non

2166 3972 2412 4029 maneret
2440 3972 2750 4040 episcopus.
2782 3969 2944 4038 Igitur
2976 3970 3332 4035 Athanasius,
3360 3971 3449 4041 qui
3490 3986 3600 4026 non
3645 3982 3755 4025 tan-

2163 4071 2280 4116 tum
2308 4058 2457 4115 verbi
2488 4058 2752 4123 doctrina,
2776 4066 3030 4126 quantum
3063 4057 3425 4126 passionlbos,
3451 4059 3614 4113 trina:
3637 4062 3759 4114 uni-

2172 4154 2298 4207 tatis
2313 4161 2432 4207 erat
2460 4160 2719 4215 assertor,
2750 4157 2806 4203 et
2830 4148 2983 4216 cujus
3014 4156 3126 4203 tota
3153 4148 3260 4205 vita
3287 4149 3609 4219 martyrium
3644 4149 3763 4217 fuit,

2172 4242 2488 4298 auctoritati
2547 4255 2607 4296 se
2660 4238 2838 4295 subdit
2884 4237 3167 4303 Ecclesiae,
3221 4245 3277 4293 et
3318 4238 3459 4308 quod
3512 4238 3766 4310 Dionysio

2179 4332 2606 4392 communicavit
2634 4346 2805 4401 usque
2852 4332 2906 4386 in
2959 4331 3157 4396 linem,
3202 4329 3307 4385 hoc
3350 4330 3524 4385 solum
3562 4331 3766 4400 judicat

474 4438 755 4494 .bmrcsem
781 4431 1099 4499 defendens,
1124 4429 1193 4485 de
1221 4427 1459 4483 Ecclesia
1487 4426 1760 4490 discessit,
1786 4424 1881 4479 sed
1908 4425 1959 4477 in
1981 4438 2068 4479 ea-
2102 4456 2157 4515 D
2185 4430 2301 4501 ejus
2333 4424 2634 4499 purgationi
2662 4425 2927 4489 sufﬁcere,
2955 4423 3027 4477 ita
3054 4432 3111 4478 ut
3139 4422 3287 4477 illum
3318 4437 3414 4491 pro
3437 4422 3636 4477 talibus
3662 4424 3768 4478 dic-

557 4622 585 4652 ι
605 4609 1013 4681 Τοωῠίοηγείἰ
1042 4606 1334 4681 accusatio,
1359 4615 1421 4681 ut
1444 4606 1764 4681 Athanasius
1789 4607 1839 4681 ἐν
1865 4613 1926 4680 τῇ
1952 4608 2078 4661 ἀπο-

466 4687 629 4759 έλοιχίᾳ
655 4686 787 4759 ᾇπέρ
816 4668 1067 4737 Ara-nimiae
1099 4668 1382 4759 ἐξιςκᾷῖςὸυ
1409 4675 1781 4759 ’Δλεξανδρεζας
1797 4668 1984 4759 μείξει..
2011 4677 2079 4729 ab

487 4746 712 4823 ep'is'tola
737 4746 895 4822 quam
920 4760 1103 4806 contra
1127 4749 1418 4823 Sabelliutn
1434 4746 1731 4823 scripserat
1747 4746 1813 4800 ad
1841 4746 2083 4814 Euphra-

493 4817 679 4880 norem
709 4817 769 4876 et
790 4823 1134 4875 Ammonium
1155 4860 1170 4883 ,
1199 4817 1268 4872 de
1300 4832 1402 4887 qua
1432 4818 1616 4874 Romae
1643 4830 1870 4886 purgare
1899 4832 1958 4872 se
1986 4831 2080 4870 co-

492 4902 646 4948 actus
666 4902 750 4946 cst
770 4891 910 4961 apud
930 4890 1483 4961 Dionysiumgpapam.
1510 4887 1563 4940 ln
1587 4902 1651 4941 ea
1674 4888 2086 4961 continebantur

496 4946 613 5019 haec
668 4946 845 5015 omnia
890 4975 1009 5030 quae
1056 4946 1360 5030 Facundos
1381 4958 1449 5012 ab
1494 4972 1559 5030 eo
1601 4971 1879 5030 perperam
1941 4957 2083 5030 dicta

497 5027 1202 5088 commentoratJCazterum
1250 5028 1573 5099 Athanasius
1598 5027 1937 5099 Dionysium
1972 5028 2087 5099 vult

498 5118 603 5159 non
649 5116 832 5157 errore
877 5112 968 5155 aut
1013 5099 1326 5170 ignorantia,
1357 5098 1452 5170 sed
1501 5096 1611 5170 κατ’
1650 5096 1928 5170 οἰκοῦομὶαν
1972 5096 2085 5170 base

498 5171 779 5243 scripsisse
800 5179 997 5243 contra
1014 5167 1370 5243 Sabellianos.
1396 5167 1622 5222 Basilius
1636 5184 1771 5243 vero
1800 5167 1959 5237 eptSI.
1993 5167 2053 5222 Η
2070 5209 2085 5234 ,

499 5238 626 5299 dimi
672 5244 726 5299 in
767 5242 1095 5299 contrarium
1126 5238 1323 5307 tendit,
1351 5246 1506 5294 κακοῦ
1535 5240 1681 5294 κακὸν
1721 5239 2007 5315 διαμεῖψαι,
2033 5248 2089 5294 et

582 5487 600 5518 ί
632 5484 764 5542 Cod.
794 5483 1015 5548 Veram,
1039 5482 1189 5537 nimia
1229 5481 1475 5551 diﬁicilia.

576 5559 599 5590 ⁸
640 5556 787 5611 idem
814 5554 959 5621 cod.,
981 5554 1143 5624 verbis
1160 5555 1270 5624 ejus
1293 5552 1578 5606 ostendam.

578 5625 598 5660 '
637 5626 785 5683 [dem
837 5618 984 5694 cod.,
1035 5618 1215 5695 [altera
1269 5624 1568 5678 moliuntur.
1620 5618 1805 5677 Graeca
1832 5634 1947 5677 vox
1997 5629 2084 5678 est

2164 4607 2624 4690 incauteAIapsutn
2650 4613 2819 4690 pultat.
2849 4604 3157 4690 ’Δνειϐξείνωγ
3178 4607 3277 4690 γὰρ
3303 4602 3771 4690 σφρδρέξς,.ἰηᾳυίί,

2181 4688 2244 4752 τῇ
2278 4678 2491 4752 ᾀσεϐεξᾳ
2536 4684 2629 4731 τοῦ
2653 4672 2881 4752 Exierant.
2907 4672 3083 4729 ἔλαθεν
3123 4672 3302 4729 satur-6v
3345 4672 3515 4735 ξεί-’τὸ
3561 4672 3777 4732 ἓναῆὼὺ

2186 4743 2329 4828 xorabo
2368 4743 2479 4828 131:5-
2510 4755 2601 4805 τῆς
2643 4743 2780 4828 (εἶ’γεπιν⁸
2816 4744 3095 4828 adaugere
3128 4745 3448 4828 ἑπεηςχθεξς.
3483 4745 3556 4799 De
3585 4757 3772 4801 eventu

2190 4819 2350 4871 etiam
2380 4814 2849 4891 discrepant'inte'r
2875 4814 3112 4891 se._'nNam
3141 4814 3366 4891 Basilius
3385 4816 3617 4891 haeresis
3642 4817 3771 4871 Ano-

2190 4902 2417 4942 maaanae
2460 4885 2662 4940 semina
2701 4885 2895 4954 jecisse
2924 4884 3154 4938 allii-mat
3184 4884 3514 4954 Dionysium.
3548 4888 3772 4940 Athana

2192 4959 2304 5012 sius
2345 4970 2529 5010 contra
2572 4956 2858 5029 immerito‘
2893 4953 3387 5029 Arianoséno'doioa
3415 4960 3503 5029 atati
3531 4956 3772 5029 ὁμόφρονα

2194 5029 2477 5081 sententia:
2518 5041 2627 5079 sua:
2646 5024 3090 5096 astipulatorem
3112 5020 3311 5091 jactare
3338 5026 3414 5078 ait
3445 5020 3775 5096 Dionysium.

2193 5112 2313 5151 cum
2353 5111 2418 5151 ex
2461 5096 2579 5149 aliis
2607 5095 2724 5164 ejus
2753 5094 2964 5162 scriptis
3006 5094 3287 5158 deberent,
3314 5108 3419 5149 non
3446 5110 3518 5150 ex
3552 5094 3653 5149 hac
3682 5112 3773 5150 una

2194 5165 2535 5239 epistola,_de
2563 5166 2705 5239 illius
2737 5164 3215 5239 fidedoctrinaque
3244 5164 3422 5220 facere
3444 5164 3731 5234 judicium.

2266 5237 2293 5276 δ
2337 5237 2390 5289 In
2421 5236 2631 5307 Graeco,
2663 5234 2917 5307 διελέγξει,
2951 5245 3209 5307 coarguet.

2271 5318 2293 5345 ο
2334 5307 2390 5361 In
2413 5305 2937 5378 Graeconrpooo'zam,
2956 5305 3331 5372 excusationes,
3356 5305 3443 5361 vel
3465 5306 3776 5359 occasiones.

2612 5484 2752 5557 apud
2770 5484 3117 5598 Athanasium
3145 5484 3203 5539 in
3228 5480 3453 5555 epistola
3483 5483 3547 5538 de
3588 5495 3775 5541 senta-

2215 5576 2264 5614 ta
2291 5575 2548 5627 monysn.

2267 5630 2289 5659 ⁸
2328 5623 2469 5687 idem
2490 5628 2636 5697 cod.,
2664 5626 3021 5684 communione
3051 5623 3296 5683 Ecclesia
3317 5623 3626 5696 religiosius.
