3992 6344
221 431 327 486 785

1114 430 1248 487 PRO
1287 429 1716 488 DEFENSIONE
1755 428 1967 485 τηιωι
2003 426 2319 484 CAPITUL.
2363 425 2497 481 LIB.
2538 425 2604 483 Χ.

3401 421 3502 477 786

223 549 294 601 tis
327 556 432 597 non
456 538 821 595 condemnare
848 538 991 607 dico,
1014 557 1200 598 verum
1222 541 1321 598 nec
1340 545 1532 618 leviter
1552 544 1773 614 culpare
1805 545 1820 574 ¹
1853 544 1903 606 Α
1934 544 2057 598 dcm
2090 544 2269 599 verbis
2299 543 2492 613 quibus
2514 541 2725 598 Arianis
2778 540 2865 595 ille
2916 541 3211 610 respondit,
3241 554 3340 613 ego
3377 556 3507 610 quo-

226 640 557 706 prmsutnat;
586 631 762 685 sciens
811 631 1063 700 quoniam
1108 634 1157 687 si
1210 637 1310 689 hoc
1346 632 1584 699 faceret,
1630 643 1816 700 totam,

227 743 349 799 quae
398 724 469 779 illi
501 724 936 790 communicavit,
976 725 1220 794 culparet
1272 728 1585 783 Ecclesiam.
1623 728 1690 782 Et
1728 742 1823 782 ne-

227 819 345 873 scio
370 816 481 886 qui,
510 814 863 885 quosutinam
892 829 1016 869 vere
1048 817 1397 881 nesciremus,
1424 818 1765 886 przedicatnm
1791 834 1820 871 a

231 908 395 962 tantis
439 902 688 959 Patribus
728 904 1067 960 Theodorum
1106 907 1157 959 in
1200 908 1670 977 reprehensionem
1717 908 1818 962 Ec.

228 1001 409 1055 clesia:
458 996 817 1053 condemnare
865 1006 1192 1066 praesumunt
1212 1038 1229 1063 ,
1258 1007 1312 1053 et
1341 1000 1556 1075 insuper
1582 1007 1823 1054 sanctam

230 1091 520 1162 synodum,
554 1088 693 1159 quod
742 1086 843 1141 hoc
895 1103 999 1142 non
1048 1091 1447 1158 praesumpserit
1504 1089 1826 1144 criminari?

232 1181 370 1249 Quid
394 1188 477 1236 est
500 1188 676 1232 autem
707 1178 855 1247 quod
880 1179 932 1232 in
959 1178 1568 1250 illoinexcusabilejam
1597 1182 1820 1237 invene-

234 1280 376 1335 rant,
409 1270 452 1324 si
480 1269 532 1323 in
580 1268 838 1339 Dionysio
872 1270 1043 1336 potuit
1076 1272 1344 1338 excusari,
1377 1271 1518 1340 quod
1557 1273 1815 1326 facturam
1860 1310 1861 1313 η

233 1376 359 1418 esse
404 1361 535 1416 dicit
582 1360 776 1414 Filium
816 1361 937 1426 Dei,
957 1371 1009 1416 et
1030 1371 1342 1418 extraneum
1371 1365 1438 1419 ab
1465 1365 1694 1419 essentia
1725 1365 1826 1419 Pa—

236 1457 357 1519 tris,
389 1461 443 1507 ct
472 1454 593 1522 quia
644 1469 748 1508 non
801 1456 917 1507 era‘t
948 1463 1233 1523 antequam
1279 1455 1457 1523 fieret,
1489 1471 1611 1511 cum
1642 1457 1827 1512 Patres

241 1545 383 1615 apud
430 1544 663 1598 Nicaeam
703 1545 1275 1601 anathematizaverint
1328 1562 1424 1602 eos
1467 1548 1557 1616 qui
1598 1546 1828 1601 dicunt:

239 1640 367 1691 Erat
394 1634 610 1706 quando
635 1650 739 1689 non
764 1644 913 1700 erat,
947 1645 1001 1690 et
1056 1646 1339 1707 antequam
1374 1645 1689 1692 nasceretur
1722 1652 1842 1692 non-

238 1736 398 1793 crat;
431 1736 484 1782 et
508 1726 599 1795 qui
638 1712 823 1781 diennt
875 1726 1070 1781 factum
1102 1727 1189 1781 vel
1217 1743 1282 1783 ex
1313 1727 1417 1781 alia
1448 1728 1681 1782 essentia
1709 1742 1833 1783 esse

250 1818 442 1873 Filium
469 1817 604 1872 Dei?
631 1816 739 1872 Sed
791 1816 1136 1882 Athanasius,
1170 1818 1249 1871 vir
1300 1831 1502 1887 magna.
1533 1818 1741 1872 ratione
1780 1826 1835 1872 et

1923 652 2028 705 que
2082 638 2201 691 istis
2252 651 2347 704 pro
2402 633 2688 690 Theodoro
2734 633 3104 703 Mopsuesteno
3126 632 3503 701 respondeam,

1924 731 2111 786 dicens
2142 748 2154 783 :
2186 729 2553 801 Nequidquam
2578 727 2659 783 illi
2685 728 2801 782 viro
2847 725 3268 791 calumniamini,
3299 725 3388 795 qui
3410 740 3507 781 ne-

1927 840 2029 892 que
2059 824 2126 879 ab
2150 824 2269 879 aliis
2300 823 2566 893 episcopis
2594 823 2661 877 de
2690 822 2961 891 impietate
2982 828 3262 875 accusatus
3290 828 3392 883 est,
3416 827 3509 872 aut

1926 915 1994 968 de
2024 915 2334 982 episcopatu
2370 912 2633 982 dejectus,
2660 912 2803 967 sicut
2850 910 3148 979 Nestorius,
3200 924 3374 978 neque
3422 908 3512 963 ille

1926 1005 2073 1059 velut
2100 1003 2357 1058 hrercsem
2402 1002 2694 1057 defendens
2724 1000 2790 1055 ab
2823 999 3062 1053 Ecclesia
3118 997 3384 1062 discessit,
3415 995 3508 1050 sed

1928 1097 1979 1151 in
2011 1097 2195 1151 eadem
2222 1095 2358 1150 bene
2379 1093 2661 1150 defunctus
2684 1102 2785 1149 est.
2811 1091 2867 1148 Si
2885 1092 3028 1146 enim
3057 1088 3261 1158 aliquid
3285 1092 3506 1142 istorum

1929 1187 2175 1251 sentiret,
2199 1185 2281 1239 vel
2328 1185 2397 1241 de
2448 1184 2531 1238 bis
2571 1198 2693 1255 quas
2736 1180 2946 1251 scripsit
2974 1180 3371 1235 excusationem
3404 1192 3511 1233 non

1931 1277 2160 1341 faceret,
2187 1276 2305 1330 sine
2348 1273 2698 1344 ambiguitate
2742 1272 2903 1327 etiam
2950 1272 3065 1341 ipse
3090 1269 3283 1325 similia
3307 1275 3517 1336 patere—

1932 1378 2041 1423 tur.
2081 1369 2137 1423 In
2182 1368 2299 1422 aliis
2329 1381 2540 1437 quoque
2569 1363 2935 1433 responsionis
2988 1360 3107 1430 ejus
3147 1358 3396 1415 ordinem
3440 1366 3518 1411 te-

1934 1474 2092 1524 nens,
2118 1459 2311 1514 iterum
2337 1456 2536 1521 dicam,
2569 1456 2692 1524 quia
2716 1454 2855 1509 sicut
2900 1451 3001 1506 ista
3030 1450 3245 1520 scripsit
3265 1449 3514 1504 Theodo-

1933 1563 2049 1613 rus,
2087 1549 2156 1602 ita
2183 1549 2345 1603 etiam
2379 1548 2499 1603 alia
2514 1544 2740 1616 plurima
2770 1544 3002 1613 scripsit,
3032 1551 3087 1598 et
3114 1548 3323 1609 oportet
3348 1554 3443 1595 vos
3466 1548 3522 1594 et

1934 1642 2022 1695 illa
2051 1640 2251 1708 legere,
2270 1647 2327 1693 ut
2356 1654 2422 1693 ex
2452 1638 2723 1703 omnibus,
2753 1644 2809 1691 et
2839 1649 2946 1689 non
2985 1649 3050 1689 ex
3089 1633 3224 1697 istis,
3253 1631 3387 1687 fides
3414 1630 3512 1684 viri

1937 1729 2087 1783 illius
2113 1736 2449 1797 agnoscatur.
2484 1726 2547 1781 Et
2577 1724 2846 1795 proferam
2868 1722 2985 1792 ejus
3008 1719 3513 1776 multaNcstoriano

1936 1817 2109 1873 errori
2138 1817 2427 1883 contraria,
2467 1816 2537 1870 de
2594 1814 2790 1884 quibus
2817 1826 2983 1883 pauca
3038 1810 3187 1866 libris
3227 1808 3440 1878 alligavi
3472 1808 3520 1861 ⁸.·

245 1910 511 1979 gravitate
538 1908 809 1968 fundatus.
841 1917 895 1961 et
940 1910 1021 1961 cui
1073 1916 1321 1976 tanquam
1353 1907 1831 1977 experientissimo
1867 1914 1914 1975 Β
1944 1912 2314 1965 Demonstrem
2343 1923 2472 1963 vero
2503 1907 2605 1962 illis
2626 1915 2692 1961 et.
2709 1919 2935 1960 causam.
2956 1918 3053 1959 cur
3080 1902 3199 1956 talia
3222 1900 3519 1970 scripserit,

244 2000 369 2056 duci
391 2013 600 2054 summa
628 1997 813 2067 prmlia
853 1997 1108 2052 adversus
1138 1998 1319 2053 hostes
1352 1997 1605 2052 Ecclesia:
1636 1998 1852 2052 merito»

244 2092 620 2153 crederentur,
655 2098 875 2145 noverat
905 2090 1034 2159 ipsis
1077 2090 1417 2147 exercitatus.
1452 2091 1701 2160 periculis
1724 2091 1833 2145 ha:-

250 2183 544 2238 rcticorum
601 2176 838 2236 fallacias
886 2181 1177 2250 prudenter
1224 2183 1499 2251 excipere.
1518 2183 1650 2237 Nam
1678 2190 1733 2238 et
1762 2182 1839 2239 illi

254 2289 362 2329 non
397 2275 625 2341 minore,
657 2274 765 2328 imo
795 2272 1070 2329 callidiore
1091 2275 1549 2340 astutia,incautis
1581 2275 1842 2345 frequen-

249 2374 333 2421 ter
380 2364 641 2430 illudunt,
670 2373 728 2418 ut
756 2378 890 2433 quos
936 2364 988 2418 in
1024 2364 1260 2420 Ecclesia
1292 2365 1578 2431 catholica,
1609 2366 1758 2422 velut
1786 2366 1840 2419 in

256 2458 450 2511 castris
470 2457 745 2525 cujusdam
777 2469 983 2525 magna:
1004 2455 1315 2525 reipublicae
1361 2450 1630 2525 sapientes
1656 2465 1709 2510 et
1729 2455 1846 2511 for-

253 2556 336 2600 tes
366 2546 616 2610 viderint,
643 2559 709 2599 ne
747 2544 960 2600 illorum
1012 2544 1097 2598 vel
1141 2544 1370 2600 consilio
1424 2544 1730 2609 credamus,
1754 2544 1841 2599 vel

255 2635 634 2689 confirmentur
655 2634 923 2704 exemplo,
946 2633 1069 2703 quia
1099 2648 1229 2689 suos
1253 2633 1430 2688 facere
1452 2649 1557 2688 non
1594 2643 1838 2702 possunt,

263 2728 347 2781 vel
374 2727 530 2782 nobis
560 2727 754 2782 faciant
780 2742 900 2783 esse
928 2736 1227 2797 suspectos.
1258 2727 1326 2781 Et
1353 2726 1424 2782 ob
1452 2727 1553 2783 hoc
1589 2728 1702 2793 ille,
1736 2741 1845 2782 non

258 2822 407 2881 velut
447 2819 662 2891 quidam
702 2819 859 2887 levis,
889 2827 1051 2891 atque
1085 2820 1152 2875 ad
1178 2821 1359 2876 omnia
1386 2823 1406 2852 '
1448 2814 1635 2878 eorum
1660 2819 1848 2875 factio-

261 2916 420 2970 nibus
449 2913 760 2970 movebatur
794 2930 809 2967 :
843 2922 900 2967 ut
922 2913 1372 2983 quemadmodum
1396 2914 1650 2970 malitiosi
1688 2928 1750 2968 ac
1786 2912 1854 2967 ti-

262 3004 417 3070 midi,
451 3012 506 3059 et
536 3014 641 3057 tam
667 3003 918 3058 malitiosi
958 3019 1120 3073 quam
1169 3003 1361 3069 timidi,
1395 3003 1557 3059 duces
1586 3003 1853 3058 exercitus

267 3095 469 3160 solent,
492 3096 614 3164 quia
643 3093 957 3163 Dionysium
1005 3093 1191 3147 Ariani
1242 3092 1409 3146 videri
1450 3094 1551 3148 sibi
1580 3092 1855 3148 conscium

264 3186 518 3241 volebant
549 3192 603 3238 et
648 3184 901 3247 amicum,
932 3197 1054 3238 eum
1110 3182 1401 3236 crudeliter
1427 3190 1481 3237 et
1501 3191 1703 3237 temere
1728 3196 1861 3235 con-

1939 2008 1996 2056 et
2023 2000 2241 2055 doceam
2271 1999 2412 2070 quod
2442 2006 2628 2053 contra
2665 1995 3009 2068 Synusiastas
3031 2036 3047 2058 ,
3077 1994 3166 2063 qui
3195 1991 3524 2060 temporibus

1939 2091 2056 2161 ejus
2084 2090 2319 2146 maxime
2344 2090 2643 2153 fervebant,
2666 2087 2973 2154 ubicunque
3001 2085 3215 2139 inventa
3243 2083 3526 2138 occasione

1940 2184 2180 2239 securius
2209 2182 2335 2237 talia
2366 2183 2705 2252 loquebatur,
2735 2179 2963 2234 necdum
2994 2193 3059 2232 ex
3089 2176 3308 2231 diverso
3334 2174 3525 2229 Nesto-

1942 2274 2008 2328 rii
2038 2273 2359 2329 sollicitante
2381 2272 2625 2343 perﬁdia.
2655 2272 2719 2326 Et
2746 2270 2876 2326 mihi
2906 2268 3152 2339 quidem,
3181 2266 3269 2321 vel
3314 2264 3531 2334 quibus.

1946 2383 2051 2438 que
2071 2368 2369 2434 catholicis,
2399 2366 2514 2421 haec
2531 2364 2644 2420 sola
2664 2372 2853 2420 contra
2873 2362 3219 2417 Nestorianos
3238 2358 3527 2423 sufficient,

1943 2473 2077 2528 quae.
2115 2472 2308 2527 magno
2355 2454 2864 2517 Athanasiocontra
2910 2452 3139 2509 Arianos
3166 2449 3258 2504 illo
3290 2457 3533 2517 tempore

1946 2549 2301 2606 suffecerunt.
2332 2549 2465 2616 Qum
2486 2557 2664 2602 autem
2708 2561 2806 2601 nos
2840 2544 3069 2614 amplius
3120 2542 3411 2597 habeamus
3434 2555 3532 2609 pro

1948 2640 2257 2707 Theodoro,
2281 2653 2445 2708 quam
2468 2637 2793 2692 Athanasius
2817 2651 2917 2705 pro
2939 2635 3193 2706 Dionysio
3216 2632 3421 2696 habuit,
3442 2645 3530 2685 os-

1949 2730 2171 2787 tendere
2192 2771 2208 2796 ,
2235 2730 2363 2799 quin
2387 2729 2566 2799 potius
2590 2737 2808 2784 ostensa
2839 2739 3264 2782 commemorare
3294 2737 3399 2778 non
3428 2720 3539 2777 dif-

1949 2821 2142 2877 feram.
2165 2818 2407 2875 Providit
2446 2820 2591 2873 enim
2643 2816 3012 2873 misericordia
3055 2815 3285 2881 Domini,
3318 2813 3402 2869 vel
3442 2828 3539 2883 pro

1952 2922 2136 2967 nostra
2170 2910 2404 2977 inscitia,
2433 2909 2524 2980 qui
2555 2910 2737 2968 minus
2786 2907 2997 2963 habiles
3031 2905 3099 2961 ad
3143 2904 3543 2961 defendendum

1954 3017 2164 3067 sumus,
2190 3002 2273 3057 vel
2319 3016 2418 3072 pro
2460 3001 2757 3069 pertinacia
2788 3001 3204 3063 contrariorum,
3237 2996 3328 3067 qui
3375 2996 3545 3051 mani-

1958 3096 2109 3149 festa:
2160 3093 2351 3147 nolunt
2398 3096 2744 3163 acquiescere
2773 3091 3005 3157 veritati,
3032 3098 3089 3144 ut
3110 3089 3277 3144 multo
3309 3086 3547 3158 pluribus

1962 3187 2137 3243 modis
2168 3183 2487 3240 Theodorus
2534 3183 2791 3239 excusari
2839 3199 2998 3253 quam
3031 3184 3315 3253 Dionysius
3341 3191 3545 3252 posset.

265 3276 570 3339 demnaret,
593 3284 647 3329 et
676 3289 834 3343 quem
862 3288 1044 3329 secum
1094 3283 1546 3342 propugnatorem
1593 3273 1850 3328 adversus
1881 3273 1927 3335 C
1958 3275 2109 3344 Quod
2141 3273 2284 3329 enim
2327 3288 2425 3329 nos
2470 3274 2779 3337 asserimus,
2806 3274 2941 3329 adeo
2986 3273 3255 3329 diversum
3306 3273 3472 3329 fuisse
3515 3289 3546 3327 a

276 3367 465 3420 hostes
512 3363 774 3429 habebat,
825 3377 856 3417 a
915 3362 1226 3417 coelestibus
1278 3365 1468 3416 castris
1523 3362 1853 3432 excluderet.

270 3458 425 3511 llunc
456 3455 634 3523 itaque
658 3452 1024 3509 doctissimum
1060 3462 1219 3522 atque
1260 3455 1657 3509 sanctissimum
1683 3456 1859 3509 virum

271 3545 498 3612 imitari,
531 3540 952 3599 clementissime
985 3544 1278 3612 imperator
1297 3585 1311 3607 ,
1341 3544 1497 3615 hujus
1518 3546 1781 3600 rationem
1808 3553 1863 3599 et

270 3639 417 3692 circa
465 3650 649 3705 pacem
693 3633 952 3690 Ecclesim
972 3635 1368 3689 observantiam
1397 3636 1548 3705 sequi
1576 3634 1857 3689 debemus.

238 3740 245 3745 '
272 3730 405 3785 Nam
436 3728 648 3783 illorum
707 3726 1015 3781 deridemus
1068 3725 1440 3782 crudelitatem
1472 3727 1558 3796 qui
1580 3725 1651 3780 ad
1675 3726 1863 3781 defen-

276 3819 512 3874 dendum
544 3831 670 3872 suos
697 3816 897 3887 ignavi,
930 3816 998 3870 ad
1053 3807 1517 3871 condemnandum
1560 3831 1685 3871 vero
1717 3816 1861 3872 festi-

276 3911 355 3973 ni,
380 3910 445 3963 de
474 3896 912 3977 reprehensione
953 3907 1216 3976 majorum
1245 3904 1652 3974 ignominiosam
1674 3918 1727 3960 et
1756 3905 1862 3958 ha»

278 4001 457 4056 reticis
488 4014 827 4053 communem
857 3996 1078 4068 gloriam
1109 4004 1345 4066 captant.
1374 3996 1507 4051 Nam
1531 3995 1691 4051 credo
1714 3994 1860 4065 quod

279 4094 561 4162 magistros
592 4091 794 4146 militiae
824 4102 927 4144 tuae
959 4090 1097 4144 hanc
1124 4090 1177 4144 in
1203 4091 1397 4144 castris
1419 4104 1447 4143 a
1473 4098 1525 4144 te
1555 4089 1656 4143 sibi
1689 4087 1864 4143 credi-

281 4187 350 4239 tis
388 4199 511 4255 erga
560 4183 789 4239 hostium
809 4183 960 4241 dolos
991 4194 1043 4239 et
1065 4197 1282 4239 suorum
1300 4182 1661 4238 defensionem
1683 4191 1865 4236 caute-

281 4279 388 4332 lam
410 4276 685 4345 praecipias
709 4277 1020 4341 observare,
1050 4291 1209 4345 quam
1226 4272 1692 4344 magisterntilitiae
1713 4270 1865 4328 Chri-

282 4368 351 4423 sti
392 4366 713 4421 Athanasius
762 4367 1067 4422 observavit
1099 4384 1113 4420 :
1141 4376 1194 4421 et
1223 4366 1344 4421 ideo
1388 4382 1492 4421 non
1539 4366 1728 4434 dignos
1763 4365 1868 4420 exi-

282 4459 475 4514 stimes
497 4458 863 4514 Ecclesiarum
894 4458 989 4513 Dei
1019 4458 1358 4528 praepositos,
1390 4458 1577 4527 quales
1600 4459 1642 4512 si
1667 4466 1863 4511 castro«
1899 4450 1902 4454 ’

284 4565 403 4605 rum
426 4558 635 4604 tuorum
664 4550 912 4611 haberes.
944 4550 1216 4617 judicares
1248 4547 1516 4617 indignos.
1540 4548 1689 4602 Nunc
1719 4562 1867 4617 ergo,

1964 3365 2236 3423 Theodori
2291 3380 2455 3419 sensu
2523 3363 2875 3429 Nestorium,
2926 3372 2984 3418 ttt
3034 3379 3067 3418 a
3113 3364 3551 3421 reverentissimo

1962 3458 2171 3514 Joanne
2220 3456 2556 3512 Antiocheno
2607 3456 3120 3519 admonitus“,non
3174 3470 3338 3509 ausus
3392 3454 3551 3513 fuerit

1965 3551 2227 3607 dictorum
2250 3550 2394 3604 illius
2417 3548 2735 3603 testimoniis
2758 3562 2851 3601 sua
2877 3548 3015 3602 male
3043 3547 3187 3601 dicta
3210 3546 3503 3603 defendere
3535 3565 3549 3601 :

1965 3641 2107 3711 quod
2141 3640 2326 3710 utique
2359 3655 2464 3693 non
2494 3640 2804 3705 omitteret,
2837 3639 2940 3693 n‘si
2960 3638 3213 3693 catholici
3242 3638 3336 3692 viri
3358 3639 3555 3693 doctri-
3598 3632 3601 3637 ί

1966 3747 2092 3785 nam
2125 3730 2454 3786 contrariam
2494 3729 2597 3784 sibi
2628 3730 2859 3784 videret.
2894 3730 3087 3784 Beatus
3119 3731 3447 3785 Athanasius
3469 3730 3552 3784 ni-

1968 3821 2043 3876 hil
2074 3821 2179 3876 tale
2204 3820 2258 3874 in
2290 3819 2664 3875 defensionem
2696 3820 3017 3875 venerabilis
3048 3820 3281 3890 Dionysii
3311 3820 3450 3890 quod
3469 3822 3553 3883 di-

1966 3919 2114 3967 ceret
2142 3910 2331 3965 habuit
2362 3926 2377 3964 :
2408 3910 2533 3979 quia
2564 3925 2669 3965 non
2691 3909 2831 3966 sicut
2852 3910 3121 3966 Theodori
3151 3909 3451 3977 Nestorius,
3485 3912 3559 3969 ita

1967 4003 2208 4075 Dionysii
2253 4003 2411 4058 Arius
2446 4003 2696 4073 exemplo
2720 4001 2897 4059 fuerat
2920 4003 3225 4060 admonitus
3267 4015 3321 4060 et
3373 4007 3556 4060 convi-

1966 4104 2104 4151 ctus.
2126 4094 2326 4151 Deinde
2346 4096 2489 4165 quod
2503 4095 2819 4151 Theodorus
2840 4098 2981 4152 ultro
3001 4097 3349 4167 semetipsum
3373 4112 3557 4167 reprc-

1969 4184 2211 4241 hendens
2256 4186 2309 4239 in
2362 4186 2700 4255 expositione
2750 4186 3103 4255 psalmorum,
3148 4188 3426 4243 confessus
3478 4198 3561 4244 est

1967 4276 2109 4345 quod
2141 4277 2474 4347 negligenter
2501 4292 2531 4331 a
2562 4291 2622 4333 se
2650 4277 2945 4346 composita
2990 4276 3187 4333 fuerint
3228 4278 3579 4347 plurima,.et.

1969 4371 2199 4426 maxime
2229 4372 2316 4427 illa
2346 4385 2465 4441 quae
2492 4371 2659 4439 prima
2686 4381 2852 4438 sunt,
2884 4380 2935 4427 et
2967 4373 3109 4440 quod
3166 4370 3438 4442 perhibuit
3458 4372 3559 4425 ali-

1969 4477 2072 4531 qua
2103 4462 2157 4516 in
2189 4477 2314 4516 suos
2357 4461 2522 4516 libros
2552 4461 2621 4516 ab
2649 4462 3028 4531 Apolinaristis
3061 4463 3327 4517 immissa.
3364 4462 3560 4515 Possu-

1972 4570 2090 4610 mus
2122 4568 2251 4624 ergo
2276 4553 2607 4615 Nestorianis
2649 4553 2827 4609 dicere
2882 4553 3024 4622 quod
3073 4567 3139 4606 ex
3178 4551 3284 4605 illis
3317 4552 3561 4619 plurimis

286 4641 333 4696 si
363 4640 493 4695 mihi
535 4639 837 4696 Nestoriani
866 4638 1103 4693 dixerint
1149 4655 1161 4689 :
1188 4637 1504 4693 Theodorus
1531 4638 1863 4707 Mopsucste-
1895 4651 1948 4710 Β
1973 4647 2303 4715 negligenter
2326 4644 2395 4698 ab
2425 4659 2490 4699 eo
2516 4644 2834 4713 compositis
2879 4643 3147 4699 credenda
3180 4644 3288 4696 sint
3311 4643 3397 4696 illa
3422 4642 3559 4711 ipsa,

286 4746 410 4798 nus,
433 4731 521 4801 qui
539 4742 594 4787 et
620 4733 674 4785 in
704 4732 1011 4798 episcopatu
1034 4729 1312 4785 defunctus
1338 4741 1442 4797 est,
1473 4739 1527 4785 et
1557 4746 1662 4785 non
1688 4730 1864 4784 solum

288 4823 345 4876 in
372 4821 598 4892 epistola
643 4836 801 4889 quam
857 4830 1040 4876 nostra
1070 4821 1091 4851 ³
1121 4820 1362 4890 synodus
1390 4823 1750 4891 pronuntiavit
1776 4839 1865 4875 or-

291 4913 607 4978 thodoxam,
636 4928 816 4968 verum
843 4914 1003 4967 etiam
1029 4914 1081 4967 in
1109 4913 1214 4967 illis
1235 4913 1477 4982 epistolis
1499 4930 1724 4984 quarum
1770 4929 1867 4967 au-

292 5009 542 5062 ctoritate
571 5006 796 5061 Romani
815 5005 1009 5060 Leonis
1031 5005 1383 5075 dogmaticam
1411 5004 1652 5061 defendit
1670 5007 1871 5075 episto-

295 5100 421 5163 lam,
447 5110 639 5166 magna
684 5095 1064 5165 praedicatione
1110 5094 1387 5162 laudatus,
1420 5097 1501 5151 ita
1539 5096 1609 5151 de
1655 5097 1873 5151 Christo

297 5187 747 5258 quemadmodum
777 5186 1054 5242 Nestorius
1101 5187 1292 5254 sensit,
1326 5195 1381 5242 et
1410 5187 1461 5240 in
1507 5186 1873 5242 defensionem

296 5280 378 5334 sui
428 5278 709 5348 dogmatis,
751 5278 892 5333 sicut
935 5278 1007 5348 de
1058 5278 1315 5349 Dionysio
1368 5279 1553 5335 Ariani
1608 5278 1871 5347 fecerunt,

299 5370 544 5442 quaedam
574 5370 640 5424 de
670 5370 824 5425 libris
847 5369 962 5440 ejus
984 5370 1214 5437 capitula
1242 5370 1309 5425 ad
1352 5370 1495 5425 aliud
1524 5370 1878 5436 intendentis,

299 5471 355 5515 ct
382 5462 638 5515 adversus
679 5461 812 5516 alios
853 5462 1154 5530 conscripta
1184 5462 1541 5532 protulerunt,
1571 5478 1690 5533 qua
1741 5461 1883 5516 indi-

302 5561 460 5621 geant
486 5554 728 5615 excusari
757 5593 772 5618 ,
805 5552 1085 5609 confestim
1119 5552 1344 5609 formam
1364 5569 1524 5623 quam
1574 5555 1727 5609 nobis
1755 5555 1884 5608 bea.

304 5654 389 5697 tus
413 5643 734 5697 Athanasius
780 5644 846 5699 de
888 5644 1139 5715 Dionysio
1162 5645 1411 5713 praebuit,
1439 5660 1657 5717 sequar,
1690 5653 1746 5702 et
1792 5644 1883 5700 iis-

388 5753 404 5783 ¹
445 5752 576 5806 Cod.
607 5752 831 5818 Veron.,
863 5754 1041 5809 saltem
1065 5754 1289 5822 culpare.

380 5823 403 5855 ³
443 5822 584 5877 Idem
616 5825 762 5885 cod.,
791 5826 859 5879 ad
888 5827 1057 5879 omnia
1087 5825 1282 5881 mobilis
1309 5840 1500 5880 eorum.

387 5891 410 5925 ³
447 5892 590 5950 ldent
620 5894 764 5961 cod.,
798 5906 978 5950 rostra.

1970 4752 2091 4807 quae
2123 4746 2309 4805 putant
2337 4751 2436 4791 suo
2473 4735 2704 4804 dogmati
2755 4733 3080 4799 convenire,
3114 4740 3206 4786 aut
3234 4747 3297 4787 ex
3330 4732 3410 4787 eis
3443 4748 3562 4803 quat

1972 4826 2361 4896 Apolinaristas
2409 4826 2461 4879 in
2510 4838 2638 4878 suos
2696 4823 2859 4877 libros
2907 4821 3195 4877 immisisse
3237 4832 3563 4892 conquestus

1974 4930 2076 4976 est.
2102 4920 2394 4975 Possumus
2410 4917 2570 4972 etiam
2589 4915 2826 4985 proferre
2850 4913 2989 4983 quod
3012 4912 3064 4967 in
3084 4914 3269 4983 quinto
3290 4914 3357 4970 de
3381 4914 3560 4971 lncar-

1978 5013 2194 5067 natione
2240 5010 2376 5064 libro
2430 5010 2571 5065 idem
2604 5006 2927 5061 Theodorus
2958 5006 3054 5075 ait,
3086 5014 3139 5060 et
3167 5021 3264 5061 nos
3289 5007 3341 5060 in
3374 5016 3579 5062 nostro.

1981 5102 2259 5170 superiore
2289 5100 2586 5168 posuimus,
2631 5098 2771 5169 quod
2796 5096 3096 5167 ubicunque
3123 5097 3189 5151 de
3218 5098 3430 5153 Christo
3455 5099 3561 5152 dis-

1982 5200 2173 5262 putans
2202 5189 2429 5242 alterum
2482 5198 2539 5243 et
2587 5190 2817 5243 alterum
2857 5187 3005 5252 dicit,
3038 5203 3145 5241 non
3189 5202 3436 5256 persona,
3467 5188 3567 5243 sed

1983 5290 2173 5335 natura
2201 5279 2425 5333 alterum
2458 5280 2622 5334 dicat.
2657 5278 2784 5334 Haec
2812 5279 2992 5333 omnia
3048 5293 3167 5347 quan
3189 5280 3343 5335 nobis
3372 5294 3557 5347 super-

1982 5371 2276 5439 abundant,
2306 5373 2461 5427 beato
2507 5372 2798 5427 Athanasio
2824 5371 2889 5425 ad
2933 5371 3291 5425 excusandam
3327 5370 3563 5439 Dionysii

1986 5465 2271 5533 epistolam
2302 5465 2615 5520 defuerunt.
2645 5465 2813 5533 Quem
2845 5478 2965 5519 cum
3000 5464 3316 5534 Eutychiani
3350 5463 3431 5515 vel
3463 5462 3562 5517 Se-

1988 5555 2368 5628 mieutychiani
2393 5556 2645 5625 Acephali
2663 5557 2879 5625 culpare
2903 5570 3009 5609 non
3031 5553 3282 5621 audeant,
3298 5551 3571 5620 quomodo

1985 5647 2479 5705 Cltalcedoncnsem
2529 5648 2790 5718 synodum
2842 5644 3076 5713 culpent,
3119 5658 3238 5711 qua:
3297 5642 3570 5699 Theodori

2056 5760 2078 5791 ⁸
2119 5759 2265 5815 Idem
2291 5760 2437 5824 cod.,
2465 5761 2607 5814 libris
2637 5754 2981 5828 super-intibus
3011 5754 3248 5828 allegavi.

2058 5832 2079 5861 ο
2118 5806 2852 5899 tias,ait;tetigerat.
2873 5806 3196 5881 gaianas
3235 5806 3247 5808 “
3496 5806 3533 5833 ⁸
