3978 6350
261 388 363 447 783

1162 395 1297 451 ριιο
1338 392 1761 454 DEFENSlONE
1791 395 2008 457 TRIUM
2045 400 2359 461 CAPITUL.
2400 404 2527 463 LIB.
2570 408 2636 463 Χ.

3432 422 3537 478 790

259 511 425 567 ratos.
460 502 596 557 hanc
619 502 1008 559 absolutionem
1028 504 1312 574 quaestioni
1382 505 1548 576 dedit,
1598 507 1853 579 quoniam
1886 513 1929 570 Α
1962 527 2091 582 ergo
2118 514 2429 583 Athanasio,
2464 490 2578 573 bazc
2606 518 2821 586 Basilio,
2850 517 2965 579 haec
3018 514 3220 582 Hilario
3258 535 3313 583 et
3358 534 3534 589 omnl-

258 602 315 650 et
371 592 448 648 illi
512 594 815 663 octuaginta
878 604 1060 650 contra
1136 596 1451 657 bzereticum
1502 599 1850 667 improbave-

262 692 387 740 runt
416 675 755 749 homousion,
780 693 836 739 et
864 685 1087 740 trecenti
1110 687 1295 741 decem
1324 696 1379 742 et
1426 698 1548 744 octo
1575 689 1627 743 id
1676 688 1851 757 ipsum

259 783 446 829 contra
511 774 821 830 haereticum
873 775 1260 844 probaverunt.
1295 778 1409 833 Hoc
1454 794 1669 849 quoque
1718 780 1854 850 adji-

257 865 406 919 i-iens
432 863 569 934 (Sub
599 865 779 936 ﬁnem)
814 884 828 920 :
859 885 878 918 ο
912 867 1221 938 Cogitemus
1266 877 1342 923 tot
1370 870 1684 927 sacerdotes
1730 884 1855 926 san-

256 966 378 1013 ctos
401 966 458 1013 et
484 958 824 1025 quiescentes
847 958 960 1028 jam
992 978 1005 1013 :
1037 961 1162 1030 quid
1194 962 1261 1015 de
1302 963 1458 1017 nobis
1483 964 1585 1018 erit
1614 963 1707 1033 qui
1737 979 1850 1020 rem

256 1061 322 1102 eo
347 1045 681 1113 deducimus,
712 1055 770 1102 ut
793 1048 914 1117 quia
937 1049 1177 1119 episcopi
1201 1066 1305 1106 non
1327 1050 1569 1117 fuerunt,
1588 1067 1690 1107 nos
1714 1068 1850 1123 quo-

254 1152 363 1207 que
393 1152 493 1194 nec
516 1139 873 1208 coeperimus;
897 1140 1127 1195 ordinati
1165 1143 1306 1196 enim
1351 1143 1424 1197 ab
1450 1144 1532 1200 his
1565 1159 1772 1213 sumus,
1800 1156 1853 1202 et

253 1244 443 1285 eorum
486 1230 969 1285 sumussuccessio
1008 1247 1023 1285 :
1079 1234 1448 1290 renuntiemus
1491 1236 1847 1306 episcopatui,

255 1320 377 1388 quia
411 1320 645 1375 officium
658 1321 775 1391 ejus
795 1322 1217 1379 abanathemate
1243 1326 1653 1395 sumpserimus.
1696 1346 1717 1379 ι
1745 1327 1851 1383 Vc-

256 1425 375 1465 rum
412 1411 525 1466 lucc
546 1412 749 1476 omnia,
772 1427 893 1481 qua:
923 1412 1010 1467 vel
1041 1414 1289 1481 privatim
1318 1430 1347 1468 a
1370 1416 1571 1470 sanctis
1602 1416 1853 1489 Dionysio

253 1508 415 1571 atque
428 1499 685 1570 Gregorio
708 1501 870 1570 dicta,
890 1503 975 1561 vel
995 1503 1203 1573 publice
1223 1506 1275 1559 in
1292 1506 1519 1562 concilio
1539 1523 1569 1562 a
1590 1520 1853 1563 memora-

256 1592 322 1645 tis
342 1594 642 1659 octuag?nta
667 1591 913 1647 Patribus
944 1595 986 1660 ⁸,
1020 1611 1127 1650 non
1179 1605 1382 1651 tantum
1428 1602 1717 1657 excusandi
1759 1600 1853 1655 ba—

254 1680 382 1736 bere
419 1682 797 1738 difﬁcultatem
826 1684 1112 1750 videntur,
1168 1687 1422 1757 quoniam
1477 1698 1605 1745 ante
1655 1691 1850 1745 defini-

256 1774 456 1829 tionem
484 1775 715 1830 Nicmnaa
740 1777 931 1847 synodi
987 1779 1189 1848 prolata
1223 1782 1579 1850 reperiuntur.
1604 1783 1743 1837 illud
1767 1786 1851 1839 est

1950 605 2057 660 bus
2081 609 2209 661 viris
2258 610 2457 663 sanctis
2485 610 2788 667 sollicitudo
2836 612 2957 682 fuit,
3003 630 3070 672 ne
3114 616 3338 688 culpatis
3391 623 3538 679 velut

1956 695 2223 751 haereticis
2250 698 2330 751 eis
2353 698 2441 767 qui
2472 700 2523 754 in
2558 699 2813 757 Ecclesiae
2836 717 2963 770 pace
2990 715 3152 775 atque
3190 704 3397 765 honore
3443 711 3538 767 de-

1957 785 2123 842 functi
2176 797 2324 856 sunt,
2355 794 2467 860 ipsa
2498 807 2616 859 qua:
2656 793 2777 848 illos
2826 811 3023 866 magno
3074 797 3281 857 honore
3320 800 3534 873 dignata

1955 887 2038 933 est
2056 879 2293 934 Ecclesia
2319 882 2645 951 culparetur.
2676 885 2737 940 Et
2770 886 2890 942 ideo
2918 889 2999 943 vel
3027 890 3072 944 si
3105 887 3242 948 forte
3267 893 3540 951 invenian-

1955 977 2041 1023 tur
2060 966 2223 1038 aliqui
2254 971 2308 1024 in
2332 972 2578 1040 plurimis
2608 976 2908 1045 approbati,
2937 979 3028 1048 qui
3054 982 3301 1038 eumdem
3355 978 3532 1042 Theo-

1955 1059 2144 1114 dorum
2175 1060 2431 1118 damnent
2461 1064 2604 1120 velut
2660 1068 2995 1134 haereticum,
3047 1069 3149 1127 hoc
3190 1072 3536 1142 probabiliter

1956 1150 2195 1218 profecto
2226 1170 2331 1207 non
2382 1154 2612 1221 faciunt;
2639 1172 2738 1213 nec
2786 1160 2839 1214 in
2870 1174 2938 1215 eo
2984 1164 3243 1232 sequendi
3284 1176 3427 1231 sunt,
3483 1170 3535 1223 in

1955 1255 2062 1310 quo
2090 1245 2532 1300 consuetudinem
2559 1248 2816 1305 Ecclesia:
2835 1265 2942 1306 non
2970 1262 3287 1322 sequuntur.
3317 1257 3466 1313 Unde
3489 1262 3535 1315 si

1955 1333 2411 1391 Chalcedonensis
2441 1341 2697 1409 synodus,
2732 1343 2984 1399 Ecclesia:
3012 1361 3213 1402 morem
3258 1349 3309 1404 in
3351 1350 3538 1406 defen-

1956 1426 2158 1479 sionem
2191 1427 2357 1496 ipsius
2383 1429 2635 1485 Ecclesiae
2655 1448 2905 1501 sequens,
2930 1436 3068 1490 dicta
3090 1436 3358 1494 Theodori
3382 1442 3534 1496 simi—

1959 1512 2080 1570 liter
2108 1527 2409 1585 excusaret,
2440 1519 2556 1589 quis
2580 1538 2695 1576 eam
2739 1522 2806 1577 de
2836 1522 2937 1579 ltac
2962 1527 3159 1595 pietate
3203 1537 3363 1599 atque
3407 1545 3535 1585 cau-

1957 1606 2057 1658 tela
2082 1606 2182 1659 nisi
2213 1608 2466 1676 profanus
2488 1611 2778 1678 argueret?
2805 1612 2915 1667 Nec
2961 1621 3140 1672 tamen
3164 1651 3169 1657 ~
3193 1626 3247 1672 et
3297 1618 3398 1673 hoc
3418 1622 3533 1677 sine

1955 1697 2327 1756 Athanasioet
2358 1701 2559 1757 liilario
2582 1704 2603 1734 ⁸
2636 1714 2836 1772 posset.
2863 1706 3031 1760 Porro
3060 1707 3258 1777 aliquid
3291 1711 3396 1766 tale
3426 1728 3530 1767 non

1957 1786 2102 1853 fecit,
2125 1803 2243 1855 qua:
2273 1788 2398 1844 hinc
2430 1790 2680 1846 invidiam
2712 1795 2961 1861 sustinet,
2993 1797 3133 1864 quod
3189 1797 3409 1854 alterius
3464 1801 3531 1857 ad

254 1866 426 1921 multo
445 1867 696 1936 amplius,
730 1869 872 1938 quod
897 1870 1039 1925 idem
1068 1885 1284 1927 sanctus
1315 1873 1548 1929 Hilarius
1577 1875 1633 1931 in
1657 1877 1845 1932 cadent
1879 1878 1923 1936 B
1952 1890 2010 1931 se
2028 1878 2257 1933 delatam
2289 1882 2588 1948 epistolam,
2615 1898 2712 1937 nec
2739 1884 2806 1940 de
2836 1884 2991 1942 laude
3020 1886 3290 1943 Theodori
3311 1903 3531 1945 accusa-

257 1971 354 2027 sua
391 1957 617 2026 epistola
643 1960 846 2024 prolata
878 1976 1028 2030 teque
1053 1961 1295 2018 defendit
1326 1964 1621 2021 Sirtuiense
1671 1969 1850 2022 conci-

250 2046 383 2103 lium
405 2057 432 2085 ει
468 2060 586 2119 post
618 2050 893 2107 Niczenum
915 2064 1324 2122 congregatum,
1370 2055 1423 2107 in
1447 2056 1601 2124 cuius
1618 2057 1850 2113 decretis

252 2140 456 2195 dictum
487 2151 569 2196 est
596 2159 610 2195 :
643 2160 662 2194 ι
699 2142 755 2198 Si
782 2144 905 2213 quis
933 2160 1094 2200 unum
1125 2145 1311 2203 dicens
1348 2146 1543 2212 Deum,
1578 2149 1848 2206 Christum

253 2239 435 2285 autem
461 2231 628 2287 Deum
654 2241 782 2289 ante
805 2236 1001 2290 saecula
1044 2236 1234 2291 Filium
1271 2237 1365 2291 Dei
1408 2239 1721 2294 obsecutum
1751 2240 1851 2294 Pa-

250 2321 318 2376 tri
347 2321 402 2375 in
431 2322 704 2379 creatione
749 2326 987 2381 omnium
1042 2340 1149 2381 non
1194 2327 1505 2391 ccttiitetur.
1557 2328 1847 2386 anathema

249 2415 351 2468 sit.
383 2432 407 2466 ι
440 2416 507 2470 Ει
528 2416 721 2471 iterum
758 2434 772 2470 :
807 2435 828 2469 ι
861 2418 917 2473 Si
946 2420 1066 2487 quis
1094 2418 1262 2473 Deum
1295 2434 1401 2475 non
1438 2419 1723 2474 Dominum
1751 2420 1840 2474 Pa-

251 2511 389 2559 trem
420 2505 465 2571 ¹,
496 2514 550 2559 et
579 2505 771 2560 Filium
794 2507 948 2577 quasi
978 2508 1262 2563 Dominum
1284 2523 1317 2563 a
1345 2509 1589 2576 Domino,
1609 2510 1744 2566 duos
1764 2510 1848 2565 di-

249 2598 338 2644 rat
371 2589 526 2655 Deos,
553 2592 836 2647 anathema
871 2595 963 2648 sit.
1016 2594 1133 2650 Non
1181 2596 1325 2651 enim
1367 2611 1713 2667 essequamus
1762 2599 1847 2654 vel

248 2694 625 2748 comparamus
651 2681 848 2737 Filium
878 2683 1041 2749 Patri,
1097 2685 1197 2741 sed
1246 2686 1548 2756 subjectum
1594 2687 1847 2757 intelligi-

249 2788 387 2828 mus.
421 2774 604 2843 Neque
647 2777 789 2832 enim
818 2778 1096 2836 descendit
1124 2781 1176 2836 in
1234 2782 1467 2837 Sodoma
1515 2784 1634 2840 sine
1672 2784 1852 2840 Patris

249 2864 543 2932 voluntate,
572 2883 747 2938 neque
768 2869 903 2938 pluit
940 2886 1011 2926 ex
1043 2887 1125 2936 se,
1153 2872 1247 2929 sed
1278 2889 1307 2927 a
1356 2873 1563 2930 Domini
1608 2875 1845 2930 auctori-

252 2962 388 3022 tate,
416 2955 627 3012 scilicet
646 2957 851 3025 Patris;
880 2974 980 3015 nec
1005 2963 1159 3019 sedet
1182 2962 1248 3017 ad
1275 2963 1550 3019 dexteram
1595 2979 1628 3019 a
1646 2972 1848 3020 semet-

256 3044 395 3111 ipso,
420 3044 514 3100 sed
538 3046 689 3101 audit
713 3047 981 3103 dicentem
1019 3050 1253 3119 Patrem,
1284 3051 1421 3108 Sede
1465 3053 1535 3106 ad
1584 3053 1851 3108 dexteram

249 3151 416 3188 meam
441 3134 618 3205 (Psal.
643 3152 752 3205 CIX,
787 3139 864 3207 t).
903 3156 923 3189 ι
961 3138 1336 3211 Rursumque:
1374 3158 1396 3195 ι
1448 3141 1505 3197 Si
1534 3142 1657 3209 quis
1691 3142 1847 3198 inna-

1957 1976 2085 2031 tam,
2110 1980 2209 2037 pro
2231 1986 2372 2025 verae
2398 1973 2520 2027 fidei
2550 1974 2889 2032 confessione
2914 1992 3075 2049 quam
3106 1981 3368 2048 continet,
3408 1997 3533 2053 pro-

1954 2056 2214 2114 nuntiavit
2241 2062 2617 2117 orthodoxam.

2557 2222 2785 2282 CAPUT
2826 2227 2931 2285 VII.

1954 2376 2105 2443 Quod
2128 2368 2414 2429 adversarii
2442 2377 2495 2429 in
2538 2393 2643 2431 una
2689 2381 3036 2434 damnationis
3093 2381 3348 2437 Theodori
3395 2384 3531 2445 brevi

2094 2446 2342 2499 sententia
2361 2456 2585 2517 quatuor
2611 2448 2664 2500 in
2694 2466 2879 2522 magna
2908 2450 3030 2503 vitia
3056 2451 3385 2509 incurrerint.

2021 2585 2366 2654 inspiciamus
2389 2594 2569 2641 autem
2593 2587 2737 2657 ipsos
2764 2588 3218 2659 Eutychianorutn
3268 2591 3526 2660 fautores,

1948 2674 2043 2741 qui
2096 2674 2239 2729 dicta
2280 2675 2335 2729 in
2383 2675 2638 2732 Ecclesim
2704 2690 2837 2747 pace
2909 2680 3333 2747 qniesccmium,
3403 2698 3530 2751 quo-

1949 2764 2091 2820 niam
2119 2766 2410 2821 obscurum
2459 2767 2659 2836 aliquid
2704 2770 2759 2822 in
2807 2770 2888 2825 eis
2940 2770 3229 2841 invenitur,
3284 2773 3529 2831 damnari

1948 2858 2117 2926 magis
2162 2871 2320 2925 quam
2361 2859 2609 2914 excusari
2630 2861 2834 2927 volunt,
2887 2870 3065 2917 utram
3116 2863 3190 2920 ita
3246 2864 3532 2936 vigilanter

1947 2949 2089 3003 cauti
2114 2949 2315 3014 sint,ut
2331 2949 2509 3006 iussis
2531 2949 2686 3007 dictis
2698 2961 2856 3021 atque
2868 2955 3185 3024 conscriptis
3209 2956 3528 3025 reprehendi

1949 3038 2253 3101 nullatenus
2275 3050 2496 3108 queant.
2527 3040 2584 3095 Si
2612 3042 2753 3097 enim
2806 3050 2915 3098 tam
2955 3044 3328 3114 circumspecti
3381 3057 3529 3115 sunt,

1948 3135 2011 3182 ut
2038 3127 2092 3182 in
2120 3127 2269 3183 nullo
2295 3128 2767 3198 deprehendantur
2788 3130 3083 3195 oﬂ'ettdere,
3115 3130 3397 3192 tolerabile
3422 3136 3533 3193 for-

250 3226 492 3281 scibilem
522 3234 577 3281 et
596 3227 714 3283 sine
744 3228 897 3286 initio
911 3228 1052 3284 dicat
1083 3230 1297 3297 Filium,
1323 3239 1573 3300 tanquam
1602 3232 1708 3287 duo
1724 3232 1845 3289 sine

1957 3228 2099 3274 tasse
2128 3218 2338 3273 dicatur
2361 3218 2527 3286 quod,
2552 3230 2647 3274 sua
2664 3222 2924 3290 sapientia
2947 3222 3090 3292 freti,
3118 3225 3185 3281 ad
3210 3240 3312 3283 nos
3337 3231 3534 3285 nostri-

252 3316 537 3387 principio,
570 3326 624 3372 et
666 3318 773 3374 duo
822 3320 1179 3387 innascibilia,
1209 3329 1265 3375 et
1294 3320 1399 3376 duo
1426 3324 1607 3376 innata
1637 3321 1851 3389 dicens,

251 3408 392 3464 duos
416 3410 559 3464 dicat
586 3409 745 3477 Deos,
776 3411 1063 3465 anathema
1088 3412 1177 3466 sit.
1202 3410 1381 3481 Caput
1406 3412 1550 3468 enim
1580 3411 1722 3480 quod
1763 3419 1851 3468 est

254 3500 573 3571 principium
605 3503 845 3559 omnium
874 3502 1161 3569 Christus;
1206 3513 1366 3574 caput
1390 3512 1569 3561 autem
1594 3504 1744 3574 quod
1768 3512 1855 3559 est

254 3592 576 3661 principium
604 3592 805 3648 Christi
836 3593 1000 3650 Deus.
1042 3595 1116 3648 Ita
1137 3595 1282 3649 enim
1313 3595 1378 3649 ad
1408 3609 1593 3659 unum,
1626 3593 1714 3663 qui
1769 3603 1855 3649 est

250 3681 372 3736 sine
396 3683 657 3753 principio
682 3684 924 3751 omnium
953 3684 1297 3754 principium,
1337 3699 1435 3753 per
1488 3683 1682 3739 Filium
1736 3684 1855 3738 unis

252 3789 410 3840 versa
432 3774 733 3833 referimus.
759 3795 778 3830 ι
803 3777 869 3831 Et
893 3778 1088 3834 iterum
1104 3778 1258 3849 (Cap.
1287 3780 1385 3850 27)
1415 3796 1429 3833 :
1466 3799 1487 3833 ι
1513 3778 1851 3835 Confirman-

254 3874 341 3920 Ies
359 3865 757 3922 Christianismi
778 3867 1132 3936 intellectum,
1145 3870 1375 3925 dicimus
1389 3872 1643 3939 quoniam
1664 3870 1707 3925 si
1731 3872 1853 3940 quis

252 3954 527 4013 Christum
554 3957 722 4027 Deum
752 3959 947 4015 Filium
971 3961 1065 4016 Dei
1091 3969 1219 4017 ante
1241 3962 1443 4017 saecula
1469 3961 1855 4019 subsistentem

253 4059 308 4105 et
333 4050 730 4108 ministrantem
752 4052 897 4108 Patri
920 4053 987 4108 ad
1017 4054 1261 4110 omnium
1307 4054 1691 4125 perfectionem
1743 4071 1855 4111 non

251 4139 419 4205 dicat,
449 4139 547 4195 sed
572 4156 639 4196 ex
667 4156 773 4210 quo
801 4142 872 4197 de
901 4142 1065 4198 Maria
1091 4151 1256 4199 natus
1278 4152 1384 4211 est,
1416 4159 1485 4200 ex
1518 4158 1584 4201 eo
1603 4153 1660 4200 et
1700 4145 1855 4201 Chri-

251 4238 395 4283 stum
418 4239 472 4284 et
500 4228 694 4286 Filium
718 4232 1049 4289 nominatum
1093 4247 1242 4300 esse,
1261 4243 1315 4290 et
1340 4235 1551 4291 initium
1580 4236 1856 4307 accepisse

252 4331 311 4374 ut
338 4322 410 4375 sit
440 4321 605 4387 Deus,
637 4322 803 4391 dicat,
832 4324 1118 4379 anathema
1147 4325 1239 4380 sit.
1278 4343 1298 4377 ι
1322 4386 1323 4389 η
1344 4326 1475 4393 Quae
1523 4326 1702 4382 omnia
1749 4341 1858 4383 mo-

253 4421 520 4467 moratum
546 4412 842 4469 Sirmiense
867 4414 1156 4469 concilium
1186 4414 1208 4447 ³
1236 4426 1457 4471 sanctus
1505 4416 1739 4472 Hilarius
1760 4431 1856 4471 ne-

255 4505 494 4561 cessarie
532 4516 722 4562 contra
791 4507 1078 4563 Pbotinum
1119 4517 1179 4563 et
1225 4508 1249 4541 ⁸
1303 4510 1608 4564 Orientales
1662 4510 1857 4565 asserit

1956 3322 2061 3381 que
2092 3310 2299 3366 similes
2327 3312 2417 3380 qui
2445 3310 2499 3365 in
2526 3311 2709 3367 multis
2735 3311 3077 3381 oﬂeadimus,
3102 3317 3534 3377 condescendere

1955 3416 2065 3461 non
2087 3402 2395 3472 dignantur.
2422 3402 2620 3458 Verum
2649 3404 2775 3474 quid
2797 3418 3041 3475 agemus,
3077 3407 3220 3476 quod
3258 3410 3435 3466 nullos
3462 3412 3531 3467 ab

1954 3495 2105 3551 eisin
2133 3494 2236 3549 alia
2263 3510 2423 3551 causa
2454 3496 2700 3554 conditos
2729 3500 2895 3554 libros
2937 3501 3261 3568 audivimus,
3302 3517 3531 3572 quorum

1955 3586 2289 3643 discussione
2303 3588 2825 3657 imprebensibllem
2847 3604 3035 3646 eorum
3058 3593 3301 3661 peritiam
3330 3604 3386 3649 et
3413 3609 3533 3665 per-

1957 3676 2175 3745 vigilem
2204 3678 2473 3747 possimus
2497 3678 2726 3748 probaro
2749 3681 3011 3738 cautelam
3030 3683 3055 3735 1'
3092 3681 3276 3738 Placet
3300 3699 3429 3755 ergo
3454 3687 3534 3741 eis

1956 3776 2013 3822 nt
2034 3767 2088 3822 in
2115 3768 2217 3823 hoc
2244 3766 2404 3834 libro,
2447 3782 2607 3839 quem
2630 3772 2901 3826 communi
2929 3787 2994 3826 ae
3020 3773 3278 3829 diuturno
3308 3784 3535 3829 tractatu

1954 3861 2011 3914 in
2035 3860 2403 3929 praeiudicium
2428 3870 2631 3917 sancte
2643 3866 2832 3934 synodi
2859 3867 3211 3935 scripserunt,
3230 3869 3345 3924 sive
3368 3871 3532 3924 scribi

1954 3955 2233 4020 fecerunt,
2308 3954 2601 4024 perfectam
2653 3969 2841 4011 eorum
2898 3973 3157 4029 nusquam
3212 3960 3533 4030 culpabilem

1954 4044 2234 4101 scientiam
2255 4045 2638 4115 requiramus?
2666 4046 2769 4101 Sed
2790 4047 2900 4117 jam
2927 4049 3027 4103 etsi
3055 4063 3161 4103 non
3184 4064 3373 4104 omnes
3399 4063 3537 4120 quos

1954 4137 2232 4204 continet,
2261 4138 2513 4208 quoniam
2542 4137 2685 4193 aliud
2723 4139 2775 4193 in
2829 4141 2931 4194 hoc
2980 4154 3146 4211 opere
3164 4140 3535 4198 demonstrare

1956 4230 2314 4300 suscepimus,
2348 4231 2545 4287 multos
2573 4238 2749 4286 tamen
2802 4246 2867 4285 ex
2895 4233 3176 4287 occasione
3204 4232 3536 4304 prodidimus

1954 4334 2169 4379 errores
2196 4322 2240 4389 ',
2266 4324 2435 4378 multa
2453 4337 2669 4393 quoque
2688 4322 2963 4378 mendacia
2994 4323 3206 4394 sibique
3245 4326 3532 4381 contraria.

1956 4413 2058 4470 Ubi
2071 4424 2116 4467 et
2136 4412 2528 4468 hocdocnimus
2539 4414 2686 4481 quia,
2705 4427 2826 4467 cum
2845 4413 3127 4469 mendacio
3140 4414 3411 4481 studeant,
3443 4430 3537 4469 ne—

1956 4504 2136 4561 sciunt
2151 4504 2235 4559 vel
2265 4505 2534 4573 quomodo
2558 4504 2902 4568 mentiantur,
2934 4514 2988 4559 et
3006 4503 3271 4573 quomodo
3287 4520 3375 4574 per
3391 4520 3538 4560 came

254 4594 581 4653 decrerim.
621 4597 858 4663 Quorum
903 4598 1263 4655 sufficientem
1313 4600 1719 4655 excusationem
1775 4598 1855 4655 fa-
1882 4613 1931 4672 ι)
1957 4595 2547 4651 demscientiametiam
2563 4593 3536 4665 verumcontrascaliquandoloquan-

252 4688 443 4751 ciens,
490 4688 759 4759 quomodo
788 4689 897 4753 sint
949 4690 1267 4761 accipienda
1310 4690 1667 4748 demonstrat.
1726 4690 1856 4747 Haec

329 4882 453 4957 lin
482 4898 607 4957 quo
648 4886 967 4957 episcopatu
1018 4888 1259 4957 dejeclus
1305 4900 1388 4943 est
1427 4891 1685 4945 Photinus
1711 4905 1855 4945 anno

253 4954 455 5029 Christi
480 4955 608 5009 551.
644 4954 877 5012 Hilarius
905 4960 956 5013 in
1008 4954 1193 5023 eadem
1235 4961 1457 5029 epistola
1491 4978 1504 5013 :
1540 4960 1673 5014 Eam
1717 4978 1852 5015 nunc

255 5023 413 5092 ﬁdem
439 5034 791 5092 retractemus,
822 5044 936 5095 qua?
962 5046 1063 5082 non
1093 5031 1235 5095 olim,
1271 5023 1403 5083 tunc
1427 5047 1545 5083 cum
1596 5029 1849 5085 Photinus

255 5095 554 5171 episcopatu
578 5094 806 5171 defectus
826 5094 1233 5171 est,ironscripta
1287 5112 1383 5171 est.
1432 5100 1745 5167 Exemplum
1782 5101 1849 5153 fi-

254 5164 345 5217 de:
368 5165 567 5218 Sirmio
586 5166 657 5221 ab
682 5168 1046 5223 Orientalibus
1071 5164 1257 5225 contra
1304 5170 1589 5225 Photinutn
1609 5164 1849 5225 conseri.

257 5234 700 5308 ptanngcdimus
730 5238 784 5291 in
827 5256 984 5292 unum
1021 5240 1201 5308 Deum,
1245 5250 1347 5295 etc.
1402 5242 1664 5308 Ititegrttm
1707 5242 1849 5295 enim

256 5306 539 5368 describit.
562 5320 683 5361 cum
710 5308 938 5365 subditis
966 5306 1233 5366 cauitbus
1260 5312 1344 5367 vel
1386 5306 1853 5368 anathematismis

340 5481 353 5511 '
386 5480 519 5535 Cod.
559 5482 778 5547 Veron.,
808 5484 1051 5541 Patribus
1075 5486 1278 5540 decreta
1314 5493 1456 5550 sunt,
1496 5502 1596 5539 non
1625 5493 1845 5540 tantum.

338 5551 359 5581 ⁸
390 5550 532 5605 Idem
556 5554 703 5621 cod.,
738 5555 1013 5609 Dominum
1039 5568 1085 5610 et
1115 5555 1409 5619 Dominum,
1442 5554 1652 5609 Patrem
1679 5566 1727 5611 et
1757 5553 1854 5608 Fi-

265 5621 419 5688 lium,
442 5630 571 5695 etc.;_
595 5623 772 5679 favent
812 5626 933 5680 huic
954 5627 1164 5681 lectioni
1199 5627 1410 5681 codices
1431 5626 1518 5680 alii
1557 5639 1685 5680 mss.
1733 5626 1853 5695 plu-

267 5706 381 5752 res,
413 5700 467 5743 ut
490 5693 669 5748 videre
694 5704 778 5749 est
825 5696 878 5749 in
910 5711 1042 5751 nova
1089 5696 1325 5751 editione
1364 5697 1531 5752 sancti
1584 5693 1768 5755 Hilarii
1796 5696 1850 5752 in

269 5760 367 5817 lib.
399 5761 466 5813 dc
495 5762 743 5831 Synndis,
771 5780 864 5821 seu
892 5766 961 5821 de
992 5766 1095 5820 fide
1124 5768 1490 5822 Orientalium.

346 5830 367 5859 ³
395 5830 547 5887 idem
567 5834 711 5901 cod.,
738 5847 1016 5892 memorato
1043 5838 1310 5894 Sirmiensi
1331 5840 1563 5899 concilio.

1962 4700 2067 4745 tur.
2090 4688 2155 4745 Si
2176 4696 2355 4743 autem
2378 4687 2441 4743 in.
2460 4687 2562 4785 hoc
2576 4686 2715 4742 libro
2730 4688 2781 4740 in
2803 4700 2910 4756 quo
2931 4684 3382 4756 subscripserunt,
3406 4688 3536 4744 alie-

1955 4894 2060 4957 εἵς
2092 4891 2390 4947 Orientales
2412 4899 2589 4943 autem
2618 4886 2887 4956 intelligit,
2941 4899 3087 4957 quos
3122 4884 3444 4957 Athanasius
3470 4887 3537 4945 de

1954 4964 2141 5021 eadem
2171 4960 2276 5017 ﬁde
2296 4976 2457 5030 agens
2481 4959 2809 5013 Eusebianos
2836 4956 3023 5030 vocat,
3053 4956 3424 5030 Semiarianos
3453 4960 3535 5011 vi-

1954 5035 2167 5090 delicet.
2188 5026 2499 5100 Quanquam
2531 5042 2659 5100 ergo
2686 5036 2949 5100 suspecta:
2997 5026 3315 5100 ﬁdei‘erant
3356 5039 3538 5083 aucto.

1956 5121 2041 5159 res
2068 5114 2120 5159 et
2141 5098 2385 5159 auctores
2400 5116 2527 5156 suos
2563 5099 2776 5154 decreta
2807 5099 2918 5168 ipsa
2947 5098 3281 5164 redolebant,
3309 5112 3417 5168 non
3442 5100 3539 5153 du-

1958 5176 2141 5229 bitavit
2166 5184 2343 5228 tamen
2376 5169 2604 5226 Hilarius
2631 5167 2838 5232 eadem,
2876 5179 3123 5238 tanquam
3172 5179 3360 5223 ccutra
3390 5167 3534 5221 Pbo-

1956 5248 2125 5300 tinum
2174 5243 2477 5299 necessario
2530 5240 2766 5305 condita,
2819 5238 3093 5310 explicare
3138 5253 3201 5294 ac
3229 5238 3539 5295 defendere.

2028 5487 2052 5519 ⁸
2079 5486 2134 5542 1η
2164 5485 2351 5560 eodem
2382 5483 2503 5560 cod.
2558 5484 2798 5560 deestet.
2826 5480 2980 5560 U_nde
3000 5496 3212 5560 _sen_sus
3237 5489 3361 5560 cst__3
3396 5495 3535 5560 pran-

1955 5558 2097 5614 dicta
2149 5557 2326 5611 omnia
2375 5556 2675 5613 Orientales
2740 5556 2794 5610 in
2852 5552 3132 5608 Sirmiensi
3172 5549 3399 5607 concilio
3446 5549 3531 5605 dep

1955 5642 2222 5751 πῗνιιίῗέῗξι
2250 5698 2396 5764 φάη
2429 5694 2728 5759 Athanasio,
2761 5691 2953 5746 Basilio
2990 5697 3040 5745 et
3071 5688 3294 5745 Hilario.

2029 5770 2051 5802 °
2074 5767 2219 5824 idem
2251 5766 2400 5835 Eum,
2432 5766 2543 5837 σιω
2570 5778 2785 5820 errares.
