3992 6344
417 329 514 386 701

1483 311 1774 369 FACUNDl
1816 309 2025 364 EPlSC.
2069 301 2570 362 HERMIANENSIS

3582 291 3694 348 79‘!

417 459 516 502 nos
537 453 774 506 errores,
806 437 919 491 sive
950 433 1136 499 falsos,
1161 430 1276 484 sive
1320 425 1475 482 veros
1526 439 1751 495 arguere
1804 421 1990 477 intenti
2025 421 2072 480 Α
2100 419 2148 473 ei
2172 419 2369 474 dixisse
2403 415 2737 483 :Dontinc,ei
2759 413 2941 484 {uiam
2960 411 3065 476 hic,
3094 414 3250 481 frater
3270 423 3414 463 meus
3433 423 3538 495 non
3554 410 3692 478 fui:-

426 539 481 592 in
502 533 664 589 tantis
705 525 1015 599 reprehensi
1085 532 1240 588 sunt;
1291 535 1392 591 qua
1442 519 1616 574 fronte
1669 531 1774 571 non
1821 515 1996 571 dicam

424 623 715 687 Theodori,
745 619 838 675 sed
865 616 1150 686 cujuslibet
1180 613 1411 669 hominis
1436 612 1577 666 dicta
1607 610 1823 679 culpare
1861 621 2001 677 pra:-

420 715 672 772 sumunt?
705 715 771 768 At
792 711 1113 767 erubescent
1136 708 1222 762 isti
1271 706 1478 776 judices
1506 705 1523 736 ί
1563 712 1920 767 mortuorum,
1954 703 1998 757 si

421 822 517 877 per
541 813 710 860 totum
739 802 912 872 ipsum
938 801 1132 855 librum
1163 812 1347 852 eorum
1395 794 1796 851 consideremus
1844 794 2004 848 insci-

422 898 550 951 tia'm
583 916 598 952 :
631 902 684 951 et
714 893 916 952 idcirco
948 891 1001 945 in
1025 890 1140 959 ipsa
1161 897 1361 944 tantum
1381 887 1670 951 sententia,
1692 899 1795 954 qua
1827 885 2004 939 Theo-

420 991 614 1047 dorum
639 1003 761 1044 cum
792 987 904 1042 suis
931 984 1266 1055 dogmatibus
1295 982 1707 1046 damnaverunt,
1738 979 2005 1048 inSpicere

429 1097 546 1138 eam
574 1094 636 1134 ac
661 1078 1031 1132 demonstrare
1061 1075 1332 1144 proposui.
1363 1072 1628 1126 Dixerunt
1665 1070 1832 1131 enim,
1866 1069 2003 1124 sicut

432 1169 766 1223 narravimus
800 1183 814 1221 :
869 1184 888 1216 ι
943 1165 999 1219 Si
1028 1163 1146 1234 quis
1181 1177 1286 1216 non
1313 1160 1729 1228 anathematizat
1758 1157 2004 1213 Theodo-

424 1273 542 1313 rum
573 1255 911 1325 Mopsuestia
935 1263 982 1320 ει,
1015 1262 1068 1308 et
1090 1253 1205 1321 ejus
1237 1251 1509 1319 dogmata,
1560 1263 1762 1318 eosque
1806 1248 1893 1316 qui
1917 1255 2007 1300 aut

425 1348 476 1404 ei
498 1348 688 1404 similia
715 1353 1028 1415 sapuerunt,
1058 1353 1148 1398 aut
1169 1343 1406 1414 sapiunt,
1455 1341 1741 1396 anathema
1768 1343 1860 1396 sit.
1900 1359 1919 1391 ι
1948 1340 2003 1394 ln

425 1453 526 1508 qua
549 1437 815 1492 sententia
834 1434 1298 1504 intende,quteso,
1320 1442 1448 1502 quot
1469 1441 1522 1487 et
1541 1447 1698 1502 quam
1722 1445 1911 1501 magna
1931 1431 2008 1485 vi-

427 1530 496 1583 tia
521 1527 939 1597 reprehendam.
994 1525 1237 1600 Primum
1281 1533 1382 1586 est,
1441 1523 1584 1592 quod
1639 1537 1760 1576 eum
1817 1531 2005 1576 contra

423 1621 742 1675 sententiam
776 1619 995 1672 Patrum
1035 1625 1089 1671 et
1119 1616 1278 1670 totius
1329 1613 1583 1668 Ecclesia:
1638 1612 1919 1683 judicium,
1950 1612 2005 1666 in

424 1711 580 1780 cujus
608 1725 734 1779 pace
760 1709 1044 1765 defunctus
1091 1717 1195 1773 est,
1252 1706 1579 1763 anathemati
1631 1704 2002 1761 subdiderunt.

2102 524 2176 568 set
2205 522 2434 566 mortuus
2482 509 2665 581 (Joau.
2693 524 2746 562 xl
2769 545 2788 574 ,
2817 504 2955 566 ΞΗ.
3074 505 3206 572 Quae
3251 504 3374 557 licet
3401 489 3690 557 crederent

2100 605 2242 674 quod
2274 605 2387 672 ipse
2414 610 2561 656 esset
2590 600 2756 655 Filius
2779 600 2799 631 ³
2830 597 2926 652 Dei
2950 597 3115 666 quiin
3143 595 3399 650 mundum
3424 595 3691 659 venissm,

2105 709 2280 753 tamen
2305 712 2411 752 non
2435 696 2698 760 dicerent,
2730 693 2775 748 si
2806 693 2998 747 fuisses
3023 692 3130 756 hic,
3178 691 3362 745 sieum
3393 703 3697 758 cognosce-

2105 799 2222 846 rent
2250 791 2388 845 sicut
2408 788 2572 843 Deum
2597 787 2793 855 ubique
2821 799 2943 840 esse
2971 791 3312 851 praesentem.
3362 780 3563 835 Eadem
3595 795 3693 834 er-

2103 897 2172 952 go
2195 889 2486 950 sapuerunt
2508 892 2628 947 quae
2648 877 2845 931 dicitur
2865 874 3108 943 sapuisse
3129 872 3468 937 Theodorus,
3491 879 3694 926 etcum

2104 970 2390 1028 Theodoro
2429 969 2590 1024 simul
2642 965 3107 1021 anathematizatze
3157 972 3306 1019 sunt.
3349 963 3418 1016 Et
3457 972 3698 1032 quantos

2103 1064 2189 1118 vel
2217 1077 2282 1117 eo
2311 1070 2551 1128 tempore
2575 1060 2626 1114 in
2653 1057 2955 1126 Evangeliis
3013 1064 3069 1110 et
3111 1053 3423 1123 apostolicis
3472 1052 3697 1120 scriptis

2108 1158 2241 1212 tales
2266 1155 2432 1210 fuisse
2465 1151 2846 1222 cognovimus?
2893 1157 3125 1219 quantos
3169 1147 3331 1202 etiam
3364 1159 3512 1200 nunc
3557 1144 3700 1198 tales

2108 1252 2160 1306 in
2191 1264 2354 1319 grege
2385 1249 2640 1309 fidelium,
2674 1245 2787 1300 sola
2816 1251 3128 1298 sanctorum
3165 1239 3544 1311 mysteriorum
3573 1251 3702 1307 par-

2107 1342 2418 1411 ticipatione
2439 1349 2493 1394 et
2511 1337 2743 1405 simplici
2795 1343 3186 1404 praeceptorum
3242 1331 3552 1387 obedientia
3577 1331 3700 1398 pla-

2105 1441 2288 1488 centes
2315 1431 2424 1486 Deo
2453 1429 2725 1483 vidimus?
2755 1442 2875 1482 eum
2903 1435 2956 1480 et
2978 1425 3076 1494 ipsi
3106 1423 3265 1494 primi
3297 1429 3543 1492 pastores
3575 1421 3702 1490 ejus

2104 1522 2326 1591 apostoli
2370 1521 2448 1576 sic
2490 1518 2774 1588 aliquando
2820 1517 3109 1585 sapuerint,
3165 1529 3300 1585 quos
3349 1528 3535 1570 omnes
3573 1527 3701 1567 cum

2107 1613 2394 1669 Theodoro
2425 1611 2651 1665 vidimus
2678 1610 2733 1664 in
2765 1609 2866 1663 hoc
2895 1608 3237 1662 anathemate
3268 1605 3658 1661 condemnatos
3678 1606 3703 1658 ?

2105 1703 2236 1758 Nam
2267 1703 2369 1758 etsi
2414 1700 2662 1756 dicantur
2690 1699 2932 1753 Thomas
2973 1705 3029 1752 et
3054 1696 3358 1766 Philippus,
3392 1696 3480 1765 qui
3512 1696 3666 1749 aiunt
3686 1711 3702 1725 ο

429 1792 735 1856 Secundum
761 1808 939 1854 autem
969 1798 1110 1868 quod
1134 1841 1148 1864 ,
1185 1796 1595 1852 condemnanda
1629 1808 1818 1850 omnes
1849 1797 1935 1863 qui
1956 1794 2008 1848 ei
2041 1801 2083 1860 Β
2116 1796 2335 1850 Ostende
2361 1794 2505 1849 nobis
2538 1793 2776 1858 Patrem,
2809 1801 2856 1846 et
2885 1791 3063 1861 sufﬁcit
3090 1792 3234 1844 nobis
3257 1788 3436 1857 (Joan.
3471 1805 3585 1856 xiv,
3621 1789 3705 1859 8).

427 1907 533 1946 non
563 1891 748 1945 dicunt
776 1889 1080 1954 anathema,
1105 1896 1432 1942 memoratos
1465 1899 1680 1955 quoque
1727 1884 2013 1939 venerabi-

430 1983 512 2036 les
545 1981 754 2046 Patres,
786 1989 840 2034 et
888 1981 1057 2048 ipsam
1109 1992 1228 2047 qua:
1275 1976 1562 2031 Theodoro
1602 1975 2014 2032 communicavit

428 2071 747 2138 Ecclesiam,
772 2079 931 2139 atque
957 2083 1143 2122 omnes
1173 2075 1469 2136 praesentes
1525 2067 1577 2120 in
1610 2080 1835 2134 corpore
1859 2066 2015 2120 Chri-

430 2165 497 2219 sti
528 2162 737 2226 ﬁdeles,
764 2161 856 2230 qui
898 2160 1012 2214 sive
1040 2157 1182 2227 quod
1215 2158 1266 2211 in
1309 2156 1564 2211 Ecclesiae
1602 2170 1733 2225 pace
1755 2156 1917 2210 vitam
1949 2154 2015 2207 fi-

432 2252 652 2318 nierint,
682 2250 800 2304 sive
826 2248 968 2318 quod
995 2262 1094 2302 nec
1115 2261 1330 2301 errores
1351 2244 1470 2315 ejus
1488 2259 1586 2299 nec
1608 2258 1803 2298 nomen
1832 2242 2014 2298 audie-

434 2347 566 2412 rint,
590 2359 714 2401 eum
744 2356 850 2396 non
882 2337 1352 2402 anathematizant,
1405 2337 1760 2392 decreverunt
1792 2345 1853 2391 ut
1891 2350 2016 2389 ana-

432 2435 612 2492 thema
643 2433 833 2488 ﬁerent
862 2449 874 2483 :
900 2429 1042 2500 quod
1071 2437 1254 2498 aperte
1275 2438 1461 2484 contra
1496 2425 1757 2496 justitiam
1789 2433 1844 2480 et
1889 2438 2017 2479 con—

435 2537 514 2582 tra
544 2540 749 2580 morem
782 2522 1034 2579 Ecclesiae
1081 2521 1282 2575 factum
1308 2535 1430 2575 esse
1474 2518 1584 2588 jam
1629 2517 1882 2582 diximus,
1918 2529 2017 2568 nec

434 2617 599 2672 ullum
632 2615 736 2670 tale
766 2612 1066 2672 invenimus
1082 2610 1386 2679 exemplum
1411 2608 1501 2663 ubi
1555 2608 1839 2662 anathema
1891 2605 2017 2660 facti

436 2705 872 2776 sint,quialieui
926 2703 1215 2768 lueretico,
1247 2715 1405 2770 quem
1471 2700 1718 2768 ignorare
1771 2705 2016 2767 possunt,

443 2813 550 2854 non
577 2797 762 2852 dicunt
809 2793 1120 2849 anathema.
1163 2791 1317 2861 Quod
1365 2805 1462 2845 nec
1500 2791 1584 2844 isti
1642 2789 2018 2852 decernerent,

437 2889 540 2944 nisi
568 2888 632 2941 ad
659 2886 853 2958 synodi
907 2882 1360 2940 Chalcedonensis
1411 2880 1682 2951 injuriam,
1717 2892 1857 2949 quae,
1898 2891 2019 2932 cum

439 2977 581 3047 apud
604 2990 662 3030 se
679 2976 1039 3032 recitarentur
1064 2975 1181 3044 ejus
1207 2972 1415 3040 laudes,
1435 2986 1541 3026 non
1583 2972 1631 3026 ei
1675 2969 1869 3025 dixerit
1894 2983 2022 3022 ana-

437 3071 637 3124 thema.
671 3067 908 3123 Tertium
965 3081 1093 3121 vero
1116 3074 1218 3132 est,
1248 3065 1388 3134 quod
1415 3063 1532 3118 sine
1560 3062 1667 3117 ulla
1711 3060 2023 3130 exceptione

2115 1903 2220 1943 non
2252 1889 2523 1943 hominem
2557 1884 2926 1940 tantummodo
2959 1881 3253 1938 credidisse
3277 1882 3573 1948 Christum,
3606 1881 3707 1936 sed

2117 1979 2309 2044 Deum,
2341 1977 2584 2046 quamvis
2610 1975 2772 2030 Patre
2795 1975 3057 2029 minorem
3086 1981 3181 2027 aut
3208 1979 3511 2041 separatum
3538 1986 3568 2024 a
3598 1970 3708 2026 Pa-

2116 2077 2218 2136 tre,
2243 2075 2463 2137 propter
2483 2066 2628 2136 quod
2657 2065 2816 2120 etiam
2839 2063 3039 2118 dictum
3061 2072 3145 2117 est
3171 2081 3184 2117 :
3210 2061 3330 2116 Non
3353 2063 3560 2116 creditis
3582 2063 3706 2130 quia

2116 2175 2206 2230 ego
2247 2160 2300 2212 in
2349 2157 2522 2224 Patre,
2569 2166 2616 2210 et
2650 2156 2804 2210 Pater
2827 2155 2881 2208 in
2910 2162 2990 2208 tne
3017 2162 3092 2208 est
3118 2151 3310 2226 (ιδιά,
3352 2152 3478 2223 10)?
3508 2154 3709 2207 similia

2121 2253 2310 2321 procul
2364 2253 2528 2308 dubio
2575 2260 2869 2320 sapuerunt
2920 2251 3000 2305 eis
3039 2264 3158 2319 quae
3210 2255 3427 2318 putatur
3462 2247 3710 2315 sapuisse

2123 2343 2462 2398 Theodorus.
2484 2343 2599 2397 Non
2621 2344 2763 2397 enim
2791 2341 3065 2397 dissimilis
3087 2349 3176 2395 aut
3199 2339 3421 2393 minoris
3451 2337 3712 2406 ignoran-

2124 2437 2210 2489 tia:
2241 2435 2356 2500 fuit,
2387 2433 2470 2489 vel
2499 2434 2759 2488 minorem
2791 2431 3084 2488 credidisse
3126 2429 3312 2492 Deum,
3355 2428 3439 2482 vel
3486 2442 3514 2480 a
3550 2425 3712 2481 Patre

2119 2526 2308 2582 Filium
2339 2534 2666 2594 separatum.
2708 2524 2819 2579 Nisi
2860 2524 2996 2578 forte
3023 2523 3101 2576 sic
3140 2522 3294 2576 nobis
3323 2533 3476 2574 error
3517 2516 3714 2572 Nesto-

2124 2617 2310 2671 rianus
2359 2615 2632 2685 displicet,
2665 2625 2721 2670 ut
2767 2616 2974 2684 placeat
3003 2613 3255 2668 Arianus.
3300 2609 3714 2678 Quomodolibet

2123 2719 2251 2775 ergo
2283 2705 2528 2774 sapuisse
2562 2704 2829 2769 dicantur,
2861 2711 2954 2758 aut
2981 2702 3167 2757 eadem
3197 2699 3381 2770 procul
3428 2698 3593 2753 dubio
3622 2707 3715 2755 aut

2122 2794 2315 2849 similia
2345 2804 2666 2864 sapuerunt.
2702 2795 2804 2850 Pro
2836 2794 2934 2848 hac
2964 2808 3091 2862 ergo
3139 2791 3397 2862 praecipiti
3429 2798 3483 2845 et
3513 2791 3714 2845 incon-

2124 2883 2359 2938 siderata
2390 2883 2661 2939 sententia
2705 2898 2801 2938 sua
2829 2883 3192 2952 respondeant
3219 2881 3310 2952 qui
3340 2881 3714 2935 tantummodo

2125 2975 2314 3030 alienis
2359 2975 2675 3030 calumniari
2724 2975 2923 3040 sciunt,
2978 2988 3076 3029 sua
3128 2987 3258 3029 vero
3305 2972 3596 3028 defendere
3623 2987 3717 3027 nec

2125 3068 2332 3133 sciunt;
2363 3076 2418 3122 et
2461 3071 2505 3122 si
2534 3067 2658 3136 quid
2690 3075 2942 3135 possunt,
2983 3066 3051 3120 ab
3095 3065 3211 3119 istis
3237 3063 3504 3120 vinculis‘
3541 3065 3716 3118 mani-

438 3161 762 3231 generaliter
789 3161 908 3229 ejus
956 3160 1204 3229 dogmata
1249 3167 1304 3213 et
1332 3157 1612 3212 universos
1645 3154 1736 3224 qui
1786 3154 1866 3210 eis
1907 3168 2017 3207 non
2051 3173 2099 3234 ρ
2135 3158 2287 3213 festae
2316 3158 2556 3213 veritatis
2583 3158 2867 3214 absolvant
2892 3175 2904 3210 :
2929 3166 2984 3212 et
3010 3157 3145 3211 forte
3173 3156 3439 3210 credimus
3459 3155 3601 3224 quod
3629 3170 3717 3210 ac-

440 3250 628 3305 dicunt
653 3248 933 3304 anathema
977 3247 1420 3311 condemnantes,
1450 3245 1502 3298 in
1534 3243 1728 3313 quibus
1784 3256 1882 3296 nec
1925 3240 2028 3311 ipsi

443 3350 643 3413 negant
670 3341 898 3411 plurima
935 3348 1080 3395 recta
1119 3353 1264 3402 esse,
1318 3352 1421 3391 non
1458 3336 1632 3390 solum
1686 3350 1820 3404 quos
1867 3349 2028 3402 supra

441 3431 856 3497 memoravimus
883 3428 1090 3494 Patres,
1115 3437 1170 3482 et
1221 3427 1358 3482 alios
1399 3425 1655 3495 praeteriti
1683 3424 1767 3480 vel
1791 3438 2030 3494 praesen-

447 3521 513 3576 tis
537 3521 798 3590 temporis
826 3521 1160 3586 innocentes,
1188 3533 1371 3574 verum
1398 3525 1453 3572 et
1483 3518 1653 3587 ipsam
1708 3516 2029 3571 catholicam

448 3611 630 3677 fidem,
661 3609 812 3680 cujus
830 3609 1213 3665 assertionibus
1235 3623 1450 3663 omnem
1482 3607 1741 3661 haeresem
1759 3646 1772 3671 ,
1797 3613 2030 3661 testante

447 3701 652 3756 Joanne
673 3711 727 3754 et
748 3699 956 3754 Domno
984 3698 1336 3754 Antiochenis
1358 3705 1522 3766 atque
1567 3696 1812 3751 orientali
1854 3696 2034 3750 conci-

448 3792 544 3858 lio,
574 3791 895 3848 Theodorus
929 3789 1272 3860 expugnavit,
1297 3797 1350 3843 et
1394 3802 1552 3859 quam
1593 3787 1884 3842 secundum
1930 3784 2034 3856 Cy-

457 3885 657 3951 rillum,
707 3892 764 3938 ut
816 3883 1030 3938 interim
1077 3880 1386 3951 perhibent,
1424 3879 1705 3948 magnifice
1777 3879 2034 3932 adversus

450 3975 680 4030 Arianos
732 3983 785 4029 et
859 3973 1223 4028 Eunomianos
1274 3972 1525 4034 asseruit,
1581 3969 2036 4023 anathematizare

457 4067 638 4134 procul
667 4065 830 4118 dubio
858 4064 1270 4127 convincuntur.
1300 4062 1558 4127 Quartum
1601 4069 1708 4128 est,
1739 4058 1881 4129 quod
1902 4075 2034 4114 con-

458 4155 590 4208 tenti
644 4168 750 4207 non
803 4153 1000 4208 fuerint
1050 4153 1170 4208 illos
1214 4161 1417 4207 tantum
1462 4151 1912 4206 anathematizare
1945 4151 2036 4220 qui

455 4244 650 4300 siruilia
680 4244 915 4313 sapiunt,
943 4244 1036 4299 sed
1091 4245 1282 4298 iterum
1325 4253 1513 4298 contra
1561 4242 1820 4313 justitiam
1849 4243 2036 4298 Eccle-

454 4336 660 4404 s‘imque
687 4335 925 4405 regulam
957 4334 1297 4398 addiderunt,
1327 4343 1382 4389 et
1412 4334 1529 4390 illos
1553 4334 1641 4405 qui
1665 4335 1858 4389 similia
1886 4338 1905 4366 ’
1949 4349 2038 4389 sa-

456 4436 708 4495 puerunt.
758 4426 824 4480 Et
870 4441 1175 4497 quanquam
1226 4426 1567 4482 Theodorum
1599 4427 1728 4481 nihil
1775 4426 1916 4481 male
1950 4441 2036 4481 sa-

2131 3249 2372 3318 ceperint
2397 3259 2714 3319 potestatem
2740 3249 2934 3318 ligandi
2962 3262 3056 3303 eos
3078 3248 3167 3317 qui
3192 3261 3354 3317 super
3382 3256 3582 3301 terram
3610 3261 3717 3300 non

2134 3347 2281 3404 sunt,
2311 3353 2470 3408 quam
2521 3353 2621 3393 nec
2663 3337 2893 3408 apostoli
2921 3345 3263 3407 acceperunt.
3311 3337 3451 3392 Ecce
3490 3347 3718 3406 quatuor

2132 3444 2320 3499 magna
2351 3429 2500 3497 vitia,
2533 3444 2639 3484 non
2667 3430 2922 3494 obscura,
2953 3432 3056 3483 nec
3098 3428 3166 3483 de
3195 3426 3464 3496 aliquibus
3492 3427 3721 3481 secretis

2133 3519 2348 3586 educta,
2379 3521 2473 3574 sed
2522 3521 2668 3574 clara
2696 3529 2751 3575 et
2777 3517 3078 3583 manifesta,
3113 3533 3207 3575 eos
3233 3518 3514 3574 docuimus
3543 3519 3721 3572 incur-

2133 3611 2291 3666 risse.
2314 3611 2589 3677 Quomodo
2617 3613 2780 3681 igitur
2800 3612 2888 3665 ille
2908 3611 3117 3666 subtilis
3154 3625 3344 3665 eorum
3416 3610 3721 3665 intellectus

2136 3701 2189 3755 in
2227 3712 2383 3756 nocte
2427 3701 2776 3757 obscurarum
2819 3703 3174 3771 quaestionum
3204 3701 3531 3756 elucubratis
3562 3715 3724 3756 exeo-

2137 3796 2485 3866 gitationibus
2533 3796 2791 3852 adversus
2832 3796 3007 3851 aliena
3054 3795 3194 3851 dieta
3243 3795 3489 3864 pervigil,
3529 3795 3581 3848 in
3614 3795 3724 3849 suis

2137 3886 2361 3942 obtusus
2407 3887 2656 3941 inventus
2701 3895 2784 3940 est
2829 3895 2884 3941 et
2914 3887 3096 3940 medio
3139 3885 3229 3940 die
3269 3885 3636 3954 lethargicus?
3668 3885 3723 3939 in

2138 3979 2349 4047 quantis
2400 3987 2583 4033 autem
2636 3978 2896 4032 librorum
2948 3975 3309 4031 voluminibus
3355 3976 3438 4030 isti
3489 3975 3725 4029 censorii

2139 4080 2468 4123 mortuorum
2493 4068 2705 4138 judices
2737 4077 2916 4122 tantos
2942 4077 2997 4122 et
3020 4081 3246 4121 numero
3277 4074 3332 4121 et
3354 4065 3724 4135 magnitudine

2139 4156 2337 4214 fecisse
2378 4158 2859 4227 deprehenduntur
2887 4158 3137 4212 errores?
3158 4157 3345 4210 Nonne
3377 4170 3479 4209 una
3521 4155 3727 4208 brevis.

2140 4263 2249 4317 que
2279 4248 2551 4304 sententia
2580 4257 2683 4312 est,
2714 4263 2834 4319 quae
2879 4248 3047 4304 semel
3095 4247 3263 4301 tincto
3303 4246 3512 4299 calamo
3561 4244 3725 4298 scribi

2141 4350 2317 4410 potest
2358 4360 2372 4396 :
2419 4359 2438 4394 ι
2471 4342 2527 4398 Si
2583 4342 2704 4410 quis
2756 4355 2863 4396 non
2918 4339 3338 4394 anathematizit
3387 4337 3724 4392 Theodorum

2142 4433 2506 4502 Mopsuestia,
2537 4444 2592 4489 et
2621 4433 2736 4503 ejus
2767 4433 3042 4503 dogmata,
3065 4447 3267 4501 eosque
3295 4430 3384 4500 qui
3414 4441 3505 4484 aut
3532 4429 3726 4484 similia

455 4518 634 4584 puisse
665 4516 1034 4588 probaverint,
1059 4525 1314 4587 quantum
1364 4526 1543 4573 tamen
1591 4517 1656 4572 ad
1708 4531 1802 4572 eos
1824 4519 2023 4571 attinet.

2145 4526 2194 4580 ei
2238 4535 2528 4596 sapuerunt
2555 4535 2647 4579 aut
2674 4524 2908 4594 sapiunt,
2937 4525 3222 4578 anathema
3264 4523 3413 4576 sit?»
3448 4521 3515 4575 Et
3543 4522 3598 4575 iu
3643 4521 3727 4576 his

454 4609 953 4664 condemnaverunt
977 4623 1170 4664 omnes
1195 4608 1263 4663 ab
1286 4608 1426 4677 ipso,
1460 4609 1513 4661 in
1541 4623 1698 4676 quem
1725 4609 1877 4662 illum
1909 4609 2038 4662 inci-

457 4699 600 4754 disse
621 4707 832 4768 putant,
853 4714 1040 4755 errore
1062 4713 1355 4756 conversos
1380 4714 1395 4763 ;
1435 4698 1672 4766 nihilque
1704 4699 1810 4752 illis
1835 4698 2039 4766 praesti-

459 4792 522 4844 tit
553 4805 648 4844 sua
675 4793 978 4860 conversio,
1007 4792 1149 4861 quod
1177 4791 1286 4861 jam
1313 4791 1434 4846 talia
1463 4806 1567 4846 non
1609 4791 1844 4860 sapiunt,
1874 4807 2042 4860 quan-

459 4881 527 4933 do
556 4888 844 4948 etpropter
864 4882 964 4937 hoc
994 4883 1343 4950 damnantur,
1394 4881 1534 4950 quod
1580 4881 1867 4952 aliquando
1917 4883 2038 4941 talia

459 4981 770 5038 sapuerunt.
804 4971 904 5026 Ubi
934 4973 1058 5040 quid
1103 4983 1261 5042 agent
1285 4974 1351 5028 de
1382 4972 1588 5027 Martha
1616 4980 1671 5027 et
1692 4973 1855 5026 Maria
1882 4987 2037 5027 soro-

462 5059 612 5113 ribus
635 5059 843 5123 Lazari,
879 5076 996 5128 quae
1039 5063 1283 5118 familiari
1307 5065 1592 5120 devotione
1645 5064 1744 5134 ipsi
1792 5064 2038 5130 Domino,

462 5151 590 5204 dum
622 5152 707 5205 hic
749 5152 802 5205 in
845 5166 1006 5207 carne
1045 5154 1285 5223 degeret,
1315 5157 1697 5212 adhaeserunt?
1747 5157 1813 5212 Et
1862 5167 2040 5211 tamen

465 5252 711 5314 utraque,
736 5243 784 5298 id
809 5245 1060 5314 estprius
1083 5245 1288 5300 Martha
1314 5263 1378 5302 ac
1405 5248 1598 5304 deinde
1634 5250 1818 5317 Maria,
1850 5251 2043 5319 legitur

537 5386 565 5415 ι
590 5376 665 5451 _Ut
709 5391 866 5451 supra
902 5375 1064 5451 initio
1093 5377 1185 5451 lib,
1205 5394 1281 5432 ιιι.
1317 5381 1510 5436 Iisdem
1541 5399 1750 5451 quoque
1781 5385 1960 5439 verbis
1989 5395 2044 5440 et

467 5447 796 5502 Justinianus
820 5447 872 5500 in
899 5447 1108 5502 Edicto.
1127 5449 1188 5503 Εἴ
1202 5473 1281 5510 τις
1312 5457 1478 5506 τοίνυν
1500 5447 1823 5510 amntem
1854 5455 2047 5511 Θεοδὼ-

465 5540 580 5596 ρου,
612 5520 736 5574 ὰὶ>ἀ
763 5525 828 5592 μὴ
852 5521 1204 5590 ἀναθεματίζει
1223 5523 1392 5589 αὐτὸν,
1418 5527 1573 5579 ναὶτά
1603 5527 1762 5580 αὐτοῦ
1786 5529 2051 5600 συγγράμ-

541 5651 557 5682 ¹
587 5650 923 5736 ροίξγθιςοιι.
937 5694 950 5718 ,
967 5655 1038 5734 ,Αι
1058 5657 1362 5736 egent-inus.
1373 5657 1595 5736 arbitror
1617 5676 1881 5733 apparere,
1899 5677 2050 5733 quam

471 5728 753 5801 nesciunt
781 5732 929 5801 atgue
959 5728 1240 5801 ignariisti
1262 5729 1483 5801 jttdices,
1517 5739 1618 5785 etc.

543 5792 561 5821 ³
586 5789 726 5845 Idem
749 5789 892 5864 cod"
925 5789 1203 5853 civst'mitt'a.

2147 4618 2482 4687 paucissimis
2526 4617 2750 4687 syllabis
2789 4617 2950 4686 longo
2995 4625 3235 4687 tempore
3277 4615 3568 4680 meditatis,
3621 4622 3727 4668 tam

2146 4709 2293 4763 multi
2321 4710 2611 4778 sapientes,
2641 4717 2717 4776 et,
2747 4710 2886 4779 quod
2917 4719 2999 4763 est
3029 4709 3282 4778 amplius,
3313 4706 3608 4761 alienorum
3649 4707 3728 4759 di-

2147 4808 2350 4856 ctorum
2379 4786 2830 4870 scrupulosissimi
2859 4810 2912 4856 et
2937 4799 3408 4856 calumniosissimi
3450 4798 3723 4852 discusso-

2146 4909 2251 4959 rcs,
2310 4895 2361 4949 in
2405 4910 2466 4949 ea
2514 4894 2626 4965 ipsa
2671 4895 2954 4950 calumnia
3003 4908 3114 4948 sua:
3172 4892 3435 4947 sententia
3521 4891 3601 4945 sic
3645 4905 3729 4943 er-

2143 4994 2415 5051 raverunt,
2468 4995 2525 5041 ut
2576 4985 2783 5041 etiamsi
2840 5001 2963 5040 vera
3038 4984 3211 5039 forent
3268 4997 3389 5051 quas
3449 4982 3503 5036 in
3557 4983 3726 5036 deno-

2146 5076 2400 5131 tationem
2442 5085 2642 5132 sancta:
2681 5076 2871 5147 synodi
2920 5076 2988 5130 de
3020 5075 3305 5131 Theodoro
3339 5073 3568 5143 jactant,
3612 5088 3716 5126 non

2147 5175 2367 5236 possent
2428 5183 2614 5222 eorum
2677 5167 2952 5223 erroribus
3014 5166 3334 5235 comparari.
3392 5152 3469 5218 Et
3531 5164 3730 5220 audent

2146 5261 2231 5314 isti
2308 5260 2577 5316 discutere
2647 5275 2710 5314 ac
2791 5259 3187 5328 reprehendere
3250 5255 3470 5312 illustris
3538 5252 3728 5308 doctria

2150 5420 2306 5467 ματα.
2327 5401 2419 5469 xui
2431 5398 2550 5456 τοὺς
2579 5397 2645 5451 τὰ
2672 5393 2821 5466 ὃμοια
2838 5397 2980 5464 αὐτῷ
3003 5391 3346 5469 φρονοῦνταςῆ
3365 5393 3726 5468 φρονήσαντας,

2151 5466 2375 5538 ἀνάθεμα
2400 5466 2430 5520 ἕ
2433 5490 2562 5522 στω.

2227 5668 2246 5697 ³
2269 5666 2410 5720 ldcm
2443 5665 2586 5730 cod.,
2613 5664 2844 5718 Christus
2870 5661 3036 5721 Filius
3063 5663 3173 5718 Dei.

2227 5737 2248 5768 ⁸
2279 5738 2419 5793 Idem
2448 5736 2590 5805 cod.,
2616 5752 2667 5791 ac
2690 5735 2920 5789 vinculis.
