3992 6344
273 384 377 440 793

1167 386 1299 442 PRO
1339 387 1769 445 DEFENSIONE
1812 387 2030 446 TRIUM
2074 390 2389 450 CAPITUL.
2432 397 2559 454 LIB.
2603 401 2692 456 XI.

3446 421 3547 475 794

273 516 360 558 nte
411 501 589 566 viros,
633 514 860 571 quorum
914 511 1039 558 sunt
1091 503 1356 559 innumeri
1420 506 1570 574 libri,
1614 507 1705 576 qui
1744 522 1847 561 non
1877 511 1926 567 A
1954 510 2216 577 creditur,
2244 515 2330 580 qui
2364 529 2466 568 non
2498 518 2752 584 probatur
2780 526 3091 581 correctioni
3131 533 3390 589 restitisse
3420 536 3546 590 dum

273 598 392 650 sine
416 595 623 664 magnis
657 602 712 648 et
755 595 936 649 multis
969 599 1242 653 erroribus
1267 600 1431 653 semel
1464 600 1744 653 intinctum
1769 615 1858 653 ca-

273 687 474 743 lamum
505 687 788 742 scribendo
813 688 1033 744 fundere
1060 692 1521 760 potueruntﬂllud
1541 694 1702 748 etiam
1729 708 1860 748 con-

274 778 619 832 siderandum
652 787 754 842 est,
786 779 925 848 quod
957 780 1288 847 Theodorus,
1323 783 1551 837 necdum
1583 782 1861 838 Nestoria-

275 869 362 923 nis
378 868 777 937 apparentibus,
802 871 853 924 in
877 871 1011 925 alios
1039 872 1341 935 intendens.
1361 880 1416 928 et
1429 874 1860 944 oppugnantibus

274 959 606 1030 Synusiastis
626 959 830 1025 obvius,
857 960 1082 1031 aliquam
1116 964 1132 995 ¹
1163 971 1189 1000 ⁸
1218 963 1568 1020 offensionem
1612 966 1678 1020 ad
1716 968 1859 1022 aliud

276 1049 553 1119 pergentis
577 1050 806 1105 transitu
846 1054 1377 1110 sermonisincurrit.
1413 1056 1502 1111 Isti
1525 1071 1674 1122 vero,
1717 1057 1858 1126 quod

275 1154 383 1193 non
409 1141 675 1196 immerito
705 1143 857 1196 venia
883 1152 1050 1213 caret,
1086 1144 1243 1214 longo
1265 1147 1409 1216 pacis
1458 1148 1582 1203 odio
1611 1149 1781 1204 seduli
1808 1159 1863 1206 et

275 1231 462 1300 quieti,
511 1233 554 1286 si
587 1241 764 1288 tamen
787 1235 973 1304 quieti,
1023 1252 1127 1292 non
1175 1240 1346 1294 solum
1395 1241 1764 1310 multipliciter
1807 1251 1862 1297 et

275 1323 513 1390 graviter
549 1333 890 1390 erraverunt,
915 1326 1178 1382 sed-inter
1198 1343 1258 1383 se
1279 1343 1340 1380 ac
1367 1338 1542 1384 tantos
1580 1330 1784 1398 Patres,
1809 1341 1864 1386 et

275 1411 586 1466 universam
614 1428 734 1482 quae
768 1413 1058 1471 'Tbendoro
1087 1418 1496 1473 communicavit
1545 1421 1857 1491 Ecclesiam,

277 1505 426 1570 ipsos
466 1520 677 1574 quoque
728 1507 1022 1575 apostolos,
1071 1509 1504 1580 interposuerunt
1553 1515 1858 1572 anathema.

276 1595 429 1662 Quod
459 1594 548 1649 ille
577 1595 628 1648 in
655 1595 843 1664 quibus
869 1596 936 1650 ab
953 1598 1030 1652 eis
1047 1600 1457 1667 reprehenditur
1475 1618 1578 1658 non
1603 1605 1748 1670 fecit,
1770 1609 1863 1676 qui

277 1703 419 1744 nunc
449 1702 544 1754 pro
569 1687 686 1742 solo
714 1687 1023 1757 prmjudicio
1046 1691 1232 1760 synodi
1258 1693 1358 1746 sub
1373 1694 1716 1751 anathemate
1735 1712 1866 1752 con-

277 1776 580 1830 demnatur.
615 1775 765 1831 l-Jnde
801 1777 846 1831 si
887 1790 1011 1833 ante
1039 1789 1253 1836 centum
1292 1797 1462 1838 annos
1494 1785 1667 1839 audax
1698 1797 1753 1842 et
1779 1802 1866 1842 as-

1966 604 2207 669 viveret;
2242 605 2288 658 si
2337 604 2650 663 Theodorus
2689 615 3097 685 condemnatur,
3141 625 3230 691 qui
3279 628 3550 683 neminem

1961 695 2344 752 condemnavit
2375 697 2428 752 in
2459 701 2713 757 Ecclesia:
2758 719 2886 772 pace
2916 708 3259 778 defunctum;
3294 718 3339 769 si
3369 717 3549 773 Theo-

1967 785 2132 840 dorus
2161 788 2588 861 excluditur,qui
2620 810 2723 848 non
2758 796 3028 854 invenitur
3057 803 3108 855 in
3139 804 3393 862 Ecclesiae
3414 825 3550 877 prte-

1957 874 2214 942 judicium
2246 879 2525 948 scripsisse
2556 883 2776 951 aliquid,
2817 888 2884 942 de
2914 904 3019 958 quo
3043 891 3157 960 ipsa
3191 874 3546 954 conturbare-

1962 970 2050 1017 tur
2081 964 2316 1021 Ecclesia
2344 984 2361 1024 :
2387 970 2510 1039 quid
2544 972 2611 1026 de
2637 975 2792 1029 nobis
2837 978 3032 1046 agitur,
3061 982 3105 1035 si
3139 985 3321 1040 multis
3352 991 3548 1042 tumul-

1963 1062 2130 1110 tuostn
2188 1069 2386 1115 nostrte
2429 1066 2829 1134 praesumptioni
2878 1072 3390 1143 contradicentibus,
3438 1096 3542 1136 non

1962 1149 2269 1216 exemplum
2303 1155 2692 1220 tantummodo,
2734 1173 2922 1214 verum
2965 1162 3128 1217 etiam
3156 1179 3371 1222 causam
3421 1186 3545 1239 pos-

1965 1237 2093 1292 teris
2119 1238 2309 1294 detnus
2337 1242 2593 1298 adversus
2615 1260 2710 1300 nos
2728 1248 2848 1302 talia
2875 1256 3232 1318 praesumendi
3256 1256 3340 1311 isi
3367 1237 3542 1316 tamen

1963 1327 2187 1383 dicenda
2240 1331 2482 1387 videatur
2539 1336 3045 1410 illapraesumptio,
3095 1356 3146 1398 et
3199 1362 3304 1401 non
3374 1352 3544 1421 magis

1965 1423 2398 1490 praesumptionis
2428 1424 2584 1493 digna
2616 1430 2989 1496 reprehensio.
3032 1435 3112 1487 An
3143 1435 3279 1490 forte
3308 1442 3543 1507 cuipiam

1966 1509 2231 1564 videbitur
2262 1513 2556 1583 indignum,
2601 1526 2658 1571 ut
2697 1521 2782 1588 qui
2816 1520 2868 1574 in
2923 1522 3188 1580 Theodori
3218 1531 3544 1588 condemna-

1967 1600 2134 1667 tione,
2163 1613 2237 1657 tot
2261 1615 2476 1661 sanctos
2506 1608 2714 1675 Patres,
2751 1619 2828 1666 tot
2857 1613 3189 1682 innocentes,
3221 1628 3295 1674 tot
3320 1622 3542 1689 placitas

1967 1701 2020 1747 et
2047 1691 2334 1750 familiares
2365 1697 2578 1753 Christo
2623 1715 2897 1768 personas,
2925 1713 3082 1775 atque
3125 1709 3267 1774 ipsos
3316 1716 3542 1770 anathe-

1969 1787 2354 1842 matizaverunt
2393 1792 2684 1858 apostolos,
2724 1810 2791 1848 ne
2822 1804 3024 1851 tantum
3069 1789 3275 1856 facinus
3307 1817 3539 1873 maneat,

277 1880 460 1934 perum
491 1867 691 1920 sanctis
723 1865 966 1922 Patribus
997 1871 1307 1940 apparebat,
1346 1883 1401 1927 ut
1425 1875 1707 1930 anathema
1754 1877 1854 1931 im-
1884 1873 1930 1932 B
1960 1879 2130 1946 ipsum
2174 1881 2349 1947 potius
2398 1897 2520 1938 cum
2565 1887 2675 1941 suis
2725 1890 3114 1944 condemnetur
3143 1896 3450 1950 auctoribus
3472 1903 3488 1922 '
3518 1899 3542 1951 τ

277 1965 536 2025 ponerent
555 1958 578 1989 ί
601 1956 756 2014 dictis
785 1959 836 2011 in
860 1972 991 2027 pace
1014 1961 1270 2017 Ecclesiae
1287 1975 1638 2032 mortuorum,
1656 1968 1854 2038 quanto

277 2060 420 2102 nunc
432 2047 686 2102 audacius
702 2060 781 2103 cst
805 2059 964 2119 atque
981 2052 1242 2121 asperius,
1268 2063 1328 2108 ut
1353 2071 1457 2110 non
1476 2060 1648 2112 solum
1667 2074 1852 2116 eorum

274 2136 441 2204 dicta,
481 2139 623 2208 quod
653 2151 862 2194 constat
898 2143 1026 2197 olim
1075 2145 1425 2213 prohibitum,
1465 2151 1559 2205 sed
1613 2168 1854 2219 persona:

276 2244 488 2298 quoque
511 2227 876 2286 damnentur?
920 2233 987 2287 Et
1010 2234 1031 2266 ³
1063 2235 1250 2292 Patres
1272 2239 1346 2293 illi
1366 2240 1455 2308 qui
1495 2241 1853 2302 condemnare

277 2319 626 2386 prohibebant
657 2319 924 2376 Theodori
948 2332 1002 2377 et
1029 2325 1254 2380 aliorum
1283 2328 1854 2397 dicta,cnnsultissime

275 2407 564 2462 dicebant:
606 2409 734 2475 Quis
777 2411 918 2465 enim
959 2425 1199 2468 nostrum
1229 2426 1411 2486 speret
1452 2435 1556 2474 non
1589 2423 1855 2495 defungi?

276 2504 368 2549 aut
394 2511 421 2547 a
459 2511 563 2563 quo
591 2513 696 2552 non
728 2500 926 2554 dictum
955 2512 1037 2557 est
1061 2505 1284 2574 aliquid,
1317 2511 1458 2578 quod
1495 2512 1659 2568 alium
1686 2518 1854 2584 possit

274 2588 535 2642 movere?
569 2598 818 2645 caventes
850 2593 1052 2663 utique,
1095 2610 1164 2651 ne
1210 2599 1299 2652 tali
1325 2603 1573 2671 exemplo
1614 2606 1850 2672 ipsorum

274 2691 486 2746 quoque
525 2678 681 2734 dictis
713 2693 832 2750 post
875 2694 1101 2741 mortem
1133 2688 1499 2757 imponeretur
1522 2696 1804 2751 anathema
1831 2717 1846 2754 :

273 2777 528 2834 quantum
558 2785 655 2824 nos
685 2783 923 2830 metuere
971 2776 1230 2834 debemus
1267 2785 1570 2852 exemplum
1620 2791 1851 2856 posteris

270 2853 423 2920 dare,
453 2872 559 2925 quo
595 2874 697 2914 non
729 2862 900 2917 solum
942 2866 1082 2920 dicta
1113 2878 1232 2935 post
1261 2881 1490 2926 mortem
1537 2853 1870 2947 dicentium;

269 2944 365 2998 sed
398 2961 651 3032 personas
680 2968 891 3023 quoque
919 2957 1278 3015 condemnent
1299 2961 1321 3014 ?
1345 2963 1477 3017 Nam
1517 2967 1562 3021 si
1596 2944 1848 3038 Tlgeodo;

269 3051 362 3090 rus
390 3049 506 3106 post
539 3051 709 3098 tantos
730 3060 841 3100 sum
885 3047 1240 3105 defunctionis
1285 3068 1454 3111 annos
1499 3059 1847 3121 deteSIandus

347 3157 372 3185 ⁸
403 3149 455 3204 In
488 3167 612 3218 ms.,
645 3156 917 3225 obliquam.

345 3242 366 3321 ξ
394 3243 530 3321 poti.
567 3247 789 3321 Veron.,
824 3250 1077 3318 obliquam
1100 3254 1450 3321 o/fenst'onem.

347 3311 369 3384 ξ
393 3312 540 3384 idem
565 3315 707 3380 cod.,
740 3311 1100 3384 imponeretur.

348 3383 368 3410 ‘
390 3382 530 3436 Idem
554 3384 699 3452 cod.,
726 3385 790 3438 Et
814 3382 863 3441 si
888 3387 1088 3446 Patres.

1959 1967 2242 2038 Corrigant
2290 1988 2417 2044 ergo
2462 1977 2622 2032 nimis
2662 1979 2934 2047 profanam
2981 1984 3331 2040 temeritatem
3362 2001 3536 2056 suam,

1959 2071 2070 2127 aut,
2101 2065 2144 2117 si
2175 2064 2305 2118 nihil
2335 2081 2394 2121 se
2422 2077 2607 2136 putant
2650 2071 3021 2139 corrigendum
3062 2072 3271 2136 fecisse,
3307 2075 3426 2130 facti
3452 2092 3542 2131 ra-

1961 2150 2159 2204 tionem
2193 2154 2440 2221 reddant,
2472 2167 2526 2210 et
2557 2172 2661 2212 non
2708 2158 2760 2212 in
2792 2161 3088 2216 alienorum
3119 2165 3540 2232 reprehensione

1959 2243 2248 2309 dictorum,
2272 2247 2362 2300 sed
2392 2250 2566 2316 potius
2595 2250 2648 2304 in
2669 2264 2889 2305 suorum
2912 2253 3224 2311 defensione
3273 2259 3540 2315 subtilita-

1961 2341 2066 2387 tem
2111 2335 2329 2404 ingenii,
2362 2338 2430 2391 de
2473 2353 2574 2407 qna
2605 2343 2833 2394 multum
2884 2343 3198 2411 gloriantur,
3229 2348 3536 2404 ostendant.

1957 2423 2070 2478 Hoc
2097 2424 2163 2479 de
2189 2437 2364 2480 vestra
2384 2427 2586 2495 iustitia
2619 2430 2867 2498 petimus,
2899 2442 2954 2487 ut
2989 2435 3035 2488 si
3061 2436 3388 2504 reSpoudere
3419 2449 3538 2495 ten-

1959 2517 2205 2584 taverint,
2231 2517 2367 2571 ultra
2394 2519 2474 2573 eis
2502 2533 2608 2573 non
2641 2521 2798 2576 liceat
2817 2523 2918 2578 sub
2941 2526 3092 2581 titulo
3115 2530 3277 2583 vestri
3302 2532 3536 2584 nominis

1954 2619 2046 2660 sua
2076 2607 2097 2638 ⁸
2123 2619 2176 2662 et
2205 2608 2420 2677 profana
2454 2614 2796 2668 conscribere
2827 2632 2839 2666 :
2875 2618 3000 2684 quia
3051 2618 3175 2673 licet
3219 2620 3536 2677 docentibus

1953 2701 2210 2766 apostolis
2236 2701 2585 2757 didicerimus
2617 2706 2755 2773 quod
2783 2707 2890 2762 Deo
2922 2709 3089 2777 magis
3119 2726 3273 2778 quam
3300 2711 3535 2766 homini-

1958 2793 2057 2848 bus
2079 2799 2345 2863 oporteat'
2368 2797 2609 2861 obedire,
2634 2809 2890 2868 quantum
2926 2809 3102 2856 tamen
3141 2805 3193 2857 in
3248 2803 3401 2858 nobis
3451 2814 3534 2859 est

1955 2894 2201 2954 optamus
2219 2886 2302 2941 'et
2327 2885 2437 2942 Deo
2459 2888 2680 2944 obedire
2695 2899 2752 2946 et
2769 2891 3092 2957 hominibus,
3116 2894 3238 2948 dum
3261 2911 3323 2949 ea
3350 2896 3535 2950 volunt

1956 2986 2010 3031 et
2041 2979 2306 3044 imperant
2357 2979 2603 3035 homines
2643 2996 2762 3051 qua:
2800 2985 3066 3039 contraria
3097 3001 3202 3041 non
3251 2986 3360 3041 sint
3394 2986 3535 3046 .obe-

1954 3071 2168 3124 dientia-
2197 3085 2354 3140 quam
2390 3071 2498 3126 Deo
2523 3072 2804 3128 debemus.

2023 3271 2046 3345 ξ
2077 3273 2221 3345 idem
2252 3275 2398 3338 cod.,
2432 3292 2559 3328 vana
2585 3286 2633 3328 et
2665 3279 2903 3345 profana.

2027 3343 2052 3415 ᾗ
2075 3344 2216 3415 idem
2242 3345 2387 3411 cod.,
2423 3349 2584 3415 magis
2611 3343 2862 3414 optamus,

2025 3413 2054 3442 ⁸
2079 3413 2250 3469 Locus
2281 3417 2332 3468 in
2365 3413 2560 3471 mendo
2585 3413 2784 3473 cubare
2814 3421 3043 3474 videtur.

1307 3565 1655 3651 LIBER
1732 3533 2470 3664 UNDECIMITS.
2603 3548 2610 3554 ’
3496 3533 3532 3548 ”

793 3697 1020 3753 CAPUT
1061 3699 1344 3757 PRIMUM.

274 3781 426 3869 Quod
454 3785 598 3869 multi
647 3785 825 3869 Patres
855 3791 1051 3869 antiqui
1079 3791 1279 3844 similia-
1313 3795 1530 3869 dircerint
1562 3801 1623 3854 iis
1654 3819 1768 3869 qua:
1795 3806 1848 3857 in

349 3851 610 3908 Theodoro
650 3875 704 3910 re
741 3851 1107 3930 rte/tenduntur,
1159 3873 1308 3931 atque
1354 3851 1616 3937 imprimis

349 3921 484 3978 titius
510 3876 876 3978 Antiocfcmts.

349 3921 484 3978 titius
510 3921 876 3984 Antiochcnus.

345 4016 502 4072 Multa
532 4030 656 4074 sunt
682 4023 928 4090 equidem
957 4024 1097 4079 dicta
1130 4026 1319 4094 quibus
1350 4030 1645 4088 calumnias
1676 4035 1842 4105 Euty-

271 4111 585 4165 'cbianorum
614 4128 854 4184 magnam
880 4117 1143 4186 synodum
1168 4119 1658 4178 Chalcedonensem
1678 4127 1840 4182 etiam

269 4204 339 4258 de
359 4204 624 4279 Theodori
657 4220 811 4260 causa
835 4209 1228 4264 criminantium
1268 4227 1332 4265 ex
1357 4214 1502 4267 omni
1532 4215 1848 4273 discidimus

269 4302 440 4364 parte.
461 4295 595 4362 Quid
619 4298 758 4351 enim
782 4299 888 4366 jam
916 4310 1160 4369 superest
1187 4303 1327 4356 unde
1369 4306 1576 4360 causari
1622 4311 1846 4376 possint,

267 4387 480 4455 quando
505 4402 608 4440 non
635 4389 806 4443 solum
831 4405 892 4444 ea
924 4393 1269 4448 concidentes
1289 4396 1304 4425 ¹
1328 4411 1446 4464 quae
1473 4397 1693 4454 ﬁnxisse
1726 4402 1847 4455 illos

268 4490 620 4535 monstratum
652 4493 753 4547 est,
783 4497 967 4538 verum
999 4487 1161 4539 etiam
1187 4485 1414 4554 plurima
1442 4505 1560 4557 quae
1589 4507 1690 4546 nec
1716 4507 1846 4547 con-

1874 4527 1927 4585 D

1591 3685 2216 3727 ,Ἢ

1956 3743 2170 3796 videant
2223 3745 2365 3814 quod
2414 3749 2841 3815 sapientissimus
2890 3751 3125 3807 Joannes
3166 3754 3530 3811 Antiochenus

1955 3845 2074 3885 cum
2104 3834 2346 3887 orientali
2369 3837 2596 3890 concilio
2626 3840 2867 3894 scribens
2901 3843 3056 3895 beato
3088 3845 3286 3913 Cyrillo
3321 3847 3386 3901 de
3416 3849 3531 3916 qui-

1953 3922 2176 3975 busdam
2201 3925 2450 3992 capitulis
2492 3927 2781 3994 supradicti
2808 3930 3075 3986 Theodori
3106 3935 3234 3987 dixit
3263 3945 3289 3971 κ
3325 3953 3339 3988 :
3378 3956 3395 3986 ε
3427 3937 3531 3994 Sed

1953 4011 2059 4066 illis
2088 4029 2206 4082 qua:
2239 4026 2494 4081 putantur
2534 4018 2779 4082 obscura,
2815 4021 3008 4074 similia
3038 4026 3202 4078 multa
3227 4037 3279 4079 et
3311 4042 3336 4078 a
3371 4029 3532 4095 pluri-

1953 4105 2056 4157 mis
2086 4107 2447 4162 anterioribus
2475 4109 2612 4178 ejus,
2647 4121 2699 4165 et
2721 4113 2968 4180 gloriosis
2998 4116 3243 4172 Patribus
3273 4121 3412 4174 dicta
3447 4123 3531 4175 in-

1953 4195 2228 4260 venimus;
2263 4206 2318 4250 et
2365 4201 2661 4266 periculum
2707 4202 2981 4270 impendet
3014 4223 3116 4260 non
3148 4208 3283 4274 leve,
3319 4226 3386 4266 ne
3416 4208 3530 4267 istis

1952 4286 2112 4340 etiam
2144 4289 2259 4341 illo;
2289 4291 2585 4357 solvamus,
2619 4294 2733 4359 ejus
2758 4296 2860 4348 viri
2889 4299 3238 4364 reprobautes
3258 4300 3417 4368 dicta,
3443 4304 3530 4371 qui

1953 4377 2007 4429 in
2039 4379 2346 4447 episcopatu
2371 4381 2659 4437 defuncms
2692 4385 2732 4450 ²,
2766 4387 3026 4454 agonibus
3058 4398 3233 4441 autem
3277 4390 3529 4443 adversus

1952 4471 2180 4526 Arianos
2230 4483 2284 4527 et
2337 4475 2697 4530 Eunomianos
2740 4487 2793 4530 et
2831 4480 2964 4532 alios
3011 4481 3292 4533 haereticos
3343 4481 3526 4534 decem

269 4569 391 4625 “cla
418 4580 560 4636 sum)
587 4582 767 4626 nostra
790 4582 980 4642 sponte
1025 4583 1080 4627 ιη
1123 4576 1204 4628 eis
1246 4577 1591 4634 “maeremus
1633 4581 1842 4649 dantes,
1874 4563 1926 4622 ν
1956 4563 2192 4616 millibus
2235 4580 2327 4630 per
2371 4580 2585 4619 omnem
2628 4581 2778 4620 suam
2810 4570 2970 4621 vitam
3007 4569 3199 4637 ubique
3248 4570 3527 4624 decoratus

267 4663 346 4717 sic
371 4679 581 4732 quoque
631 4664 912 4718 docuimus
965 4665 1204 4720 eamdem
1249 4669 1511 4737 synodum
1560 4671 1760 4726 invicta
1795 4683 1848 4728 et

264 4752 498 4806 evidenti
550 4752 758 4806 ratione
807 4753 1022 4806 defendi
1055 4754 1076 4806 ?
1124 4755 1395 4821 Attamen,
1429 4759 1550 4825 quia
1586 4761 1846 4817 voluimus

265 4845 346 4898 eis
378 4843 608 4911 amplius
629 4858 786 4912 quam
829 4846 879 4897 in
914 4847 1282 4911 superioribus
1325 4847 1548 4905 fecimus
1593 4867 1844 4923 compro-

265 4936 414 4997 bare,
462 4933 733 5003 quomodo
773 4935 1059 4988 multorum
1106 4936 1318 4991 Patrum
1365 4940 1660 4995 doctrinam
1709 4959 1842 5012 quos

263 5035 322 5080 et
350 5024 451 5094 ipsi
476 5025 748 5078 nobiscum
785 5025 1053 5081 honorare
1083 5042 1142 5082 se
1184 5028 1399 5090 dicunt,
1431 5032 1483 5084 in
1513 5033 1841 5088 condemna-

268 5116 412 5169 tioue
445 5115 752 5186 dogmatum
786 5117 1052 5172 Theodori
1084 5119 1471 5184 criminentur;
1501 5133 1550 5174 et
1581 5123 1701 5191 quia
1735 5140 1839 5180 non

267 5218 372 5261 tam
403 5221 496 5277 pro
514 5219 808 5263 memorata
836 5211 1063 5280 synodo,
1086 5227 1205 5281 qua:
1229 5213 1340 5282 jam
1365 5213 1496 5268 satis
1528 5215 1842 5286 abundeque

265 5308 484 5367 purgata
512 5309 616 5364 est,
649 5316 806 5368 quam
838 5307 932 5369 pro
958 5301 1156 5356 eisdem
1183 5303 1428 5359 Patribus
1472 5304 1838 5373 decertamus;

263 5391 551 5443 statuimus
577 5390 628 5443 in
662 5390 760 5444 hoc
792 5391 1062 5445 volumine
1088 5407 1398 5460 magnorum
1437 5395 1672 5448 virorum
1697 5395 1837 5450 dicta

265 5479 505 5547 proferre
527 5481 718 5534 similia
743 5522 758 5546 ,
804 5482 866 5535 ad
900 5483 1270 5537 excusandum
1299 5484 1597 5538 difﬁciliora
1630 5485 1707 5539 his
1743 5501 1839 5554 pro

262 5568 456 5637 quibus
477 5585 594 5623 eum
621 5580 954 5637 putaverunt,
976 5581 1224 5641 tanquam
1250 5574 1560 5642 magistrum
1583 5575 1830 5640 Nestorii,

267 5658 608 5715 anathemate
648 5661 1043 5730 percellendnm
1075 5681 1085 5714 :
1118 5671 1175 5716 ut
1205 5664 1256 5718 in
1291 5663 1534 5733 plurimis
1574 5667 1838 5738 exemplis

336 5781 361 5808 ι
390 5773 628 5851 Ῑοιῃουν
661 5791 879 5843 operum
911 5776 1116 5851 Cyrilli,
1163 5787 1298 5846 part.
1330 5794 1387 5849 tt,
1420 5794 1537 5851 pag.
1577 5780 1694 5837 I95.

385 5843 518 5899 Cod.
552 5845 769 5915 \'et‘on.,
799 5843 1142 5903 concedentes.

1957 4664 2040 4707 est
2072 4674 2082 4706 :
2111 4654 2249 4724 quod
2289 4656 2330 4708 si
2364 4657 2472 4723 fiat,
2505 4658 2662 4710 multa
2698 4658 2856 4712 etiam
2886 4657 2954 4710 ab
2985 4658 3100 4710 aliis
3129 4651 3327 4712 sanctis
3355 4656 3527 4713 Patri-

1956 4745 2054 4799 bus
2081 4755 2202 4813 apte
2233 4745 2369 4799 dicta
2406 4749 2742 4802 retractaturi
2769 4748 2998 4800 sumus’.
3024 4768 3046 4796 ι
3076 4748 3140 4800 Ει
3161 4757 3279 4816 post
3301 4747 3475 4818 aliqua
3503 4767 3518 4803 :

1962 4839 2128 4904 «Quis
2151 4840 2312 4905 enim,
2335 4841 2526 4909 inquit,
2550 4852 2788 4895 nostrum
2817 4850 2996 4910 Sperct
3024 4856 3127 4894 non
3160 4840 3413 4912 defungi?
3433 4852 3524 4897 aut

1953 4947 1982 4985 a
2021 4947 2126 5002 quo
2173 4948 2278 4986 non
2333 4933 2531 4987 dictum
2582 4933 2923 5000 estaliquid,
2973 4933 3111 5001 quod
3163 4934 3322 4986 alium
3356 4935 3525 5002 possit

1951 5024 2199 5078 movere?
2239 5042 2254 5074 ι
2295 5023 2656 5077 Etsnli‘ecerat
2674 5022 2885 5091 quidem
2919 5023 3032 5076 [nec
3057 5024 3365 5089 protestatio
3391 5024 3523 5080 tanti

1949 5113 2158 5169 concilii
2188 5114 2252 5167 ad
2285 5113 2724 5181 compescendam
2773 5115 3174 5167 temerarinrum
3219 5114 3518 5180 audaciam,

1949 5207 2090 5276 quod
2125 5205 2284 5260 multa
2313 5205 2507 5259 similia
2540 5207 2804 5274 capitulis,
2831 5221 2950 5275 qua:
2997 5207 3048 5260 in
3093 5207 3374 5262 Theodoro
3408 5208 3521 5261 cul-

1950 5308 2074 5368 paut
2096 5299 2182 5367 qui
2201 5299 2536 5352 occasionem
2564 5299 2824 5354 faciebant
2845 5302 3111 5354 contrario
3133 5301 3364 5368 dogmati
3414 5313 3520 5364 quo

1951 5389 2286 5454 tenebantur,
2311 5391 2469 5442 etiam
2499 5405 2527 5443 a
2553 5390 2794 5458 plurimis
2816 5389 3168 5444 anterioribus
3193 5398 3248 5443 et
3268 5386 3514 5456 gloriosis

1943 5480 2186 5535 Patribus
2230 5480 2367 5534 dicta
2401 5483 2687 5535 invenient.
2716 5480 2820 5536 Sed
2848 5480 3093 5549 quoniam
3127 5479 3282 5532 modo
3311 5481 3357 5529 ei
3410 5490 3516 5528 non

1944 5573 2199 5640 creditur,
2238 5573 2324 5625 cui
2359 5573 2615 5626 hactenus
2662 5575 2798 5626 bene
2843 5572 3104 5625 creditum
3140 5567 3258 5628 fuit,
3290 5574 3342 5618 et
3380 5563 3515 5617 ratio

1946 5663 2063 5733 ejus
2080 5678 2207 5717 sana
2237 5665 2601 5717 contemnitur
2621 5648 2724 5730 qua
2755 5675 2943 5715 rursus
2960 5661 3032 5712 ait
3059 5676 3071 5710 :
3101 5660 3204 5712 Aut
3229 5672 3258 5709 a
3280 5671 3387 5725 quo
3410 5669 3516 5710 non

2021 5785 2040 5813 '
2077 5779 2214 5833 ldem
2244 5778 2389 5842 cod.,
2423 5779 2629 5840 quidem
2659 5778 2942 5844 defunctus.

2016 5851 2035 5882 ³
2060 5851 2204 5906 Idcm
2218 5847 2361 5916 cod.,
2380 5848 2697 5903 retractaturi
2712 5842 2885 5903 summ
2904 5855 2948 5903 et
2964 5842 3368 5915 reprebaturi.Et
3377 5854 3510 5916 post.
