3978 6350
500 387 609 441 793'

1569 386 1863 443 FACUNDI
1896 384 2111 443 EPISC.
2143 385 2653 444 UERMMNENSIS

3656 390 3751 445 706

495 501 690 555 dictum
719 510 801 557 est
822 482 1209 570 aliquid,un
1237 497 1396 553 alittm
1424 498 1589 567 possit
1610 513 1855 562 movere,
1882 513 2068 555 neces-
2097 496 2146 558 Α
2170 496 2428 563 ataehius,
2471 496 2717 553 homines
2757 498 2975 553 Christo
3014 498 3217 555 simTles
3245 514 3365 556 esse
3402 516 3618 572 gernere,
3655 504 3745 555 hu.

496 596 652 650 sitate
668 595 1115 663 compellimurex
1141 594 1345 651 eisdem
1357 594 1543 650 multis
1569 596 1830 650 similibus
1853 596 2089 650 Patrum

496 685 658 741 dictis
679 684 860 753 aliqua
900 687 1158 753 proferre,
1186 696 1240 741 et
1281 687 1331 741 in
1353 702 1461 757 quo
1488 701 1704 742 movere
1744 688 1948 756 possint
1984 703 2071 743 os-

495 776 738 843 tendere,
759 784 819 832 ut
848 776 1163 846 Eutychiani
1200 792 1496 848 eorumque
1522 777 1782 834 satellites
1819 779 2074 835 dissimu-

498 870 611 924 lare
641 883 746 923 non
768 869 999 937 possint,
1030 867 1169 937 quod
1196 868 1249 923 in
1277 868 1725 925 condemnatione
1761 870 2070 941 dogmatum

497 959 763 1014 Theodori
795 959 1100 1013 necessario
1123 960 1284 1013 etiam
1319 959 1552 1028 ipsorum
1575 959 1789 1015 Patrum
1828 961 2069 1017 doctrina

496 1049 551 1106 itt
571 1064 674 1119 qua
696 1049 1039 1109 inveniuntur
1059 1049 1275 1115 similia,
1300 1052 1708 1107 condemnetur.
1722 1052 1854 1107 Nam
1883 1057 2089 1112 beatus

498 1141 821 1195 Eustachius
862 1141 1225 1195 Antiochenus
1267 1140 1551 1210 episcopus
1572 1143 1733 1212 ﬂ,qni
1787 1146 1988 1211 primus
2014 1146 2068 1200 in

496 1232 715 1286 Niczeuo
751 1230 979 1285 concilio
1004 1229 1122 1294 fuit,
1166 1238 1319 1284 sexto
1346 1228 1602 1285 adversus
1647 1231 1874 1286 Arianos
1907 1232 2065 1301 libro,

497 1323 566 1379 de
584 1337 650 1378 eo
664 1321 803 1391 quod
821 1322 898 1374 ait
920 1321 1203 1375 Dominus:
1224 1320 1391 1376 Nemo
1412 1323 1506 1375 scit
1532 1322 1665 1376 diem
1686 1322 1832 1377 illum
1851 1323 2064 1393 (Matth.

494 1428 641 1481 xxtv,
669 1412 760 1482 56)
790 1427 807 1467 :
842 1430 861 1463 ι
902 1412 1175 1481 Dicamus,
1204 1413 1392 1482 inquit,
1412 1414 1583 1482 cujus
1605 1414 1680 1470 rei
1704 1416 1868 1483 gratia
1898 1414 2067 1470 Filius

496 1504 732 1559 hominis
759 1503 899 1558 diem
930 1504 1133 1573 proprii
1174 1505 1434 1560 adventus
1462 1507 1688 1574 ignorat.
1718 1506 1903 1575 Neque
1924 1507 2065 1562 enim

490 1596 709 1650 dubium
733 1604 834 1662 est,
856 1596 978 1666 quia
1002 1607 1055 1650 et
1074 1596 1173 1651 hoc
1195 1611 1352 1651 causa
1379 1596 1623 1653 utilitatis
1641 1597 1916 1652 hominum
1938 1612 2064 1667 pro-

490 1688 676 1743 videns
703 1689 976 1743 adinveuit
1013 1690 1251 1743 omnium
1297 1676 1507 1746 ere.itor
1533 1699 1590 1745 et
1627 1690 1842 1761 generis
1884 1688 2065 1759 opifex

492 1779 650 1834 Deus.
681 1779 830 1835 Sicut
868 1768 1019 1835 enim
1069 1781 1338 1837 hominem
1387 1796 1549 1837 causa
1578 1782 1765 1837 salutis
1790 1782 2062 1836 hominum

2177 586 2411 658 tycbiani
2450 587 2644 644 leviter
2670 590 2738 643 in
2782 589 3065 644 Theodoro
3094 592 3467 658 praeterirent;
3508 593 3600 648 sed
3633 608 3745 661 pro-

2172 679 2315 735 fecto
2342 680 2819 748 calumniarentur,
2871 681 3011 750 quod
3050 680 3329 737 hominem
3385 692 3616 751 tantum,
3645 702 3746 741 non

2171 769 2334 825 etiam
2379 770 2544 826 Deum
2584 772 2877 828 crediderit
2928 771 3236 840 Christum,
3289 774 3377 829 cui
3426 790 3622 845 genere
3672 778 3743 831 si-

2172 860 2331 919 miles
2374 876 2563 916 omnes
2592 860 2836 918 homines
2885 861 3249 932 praedicasset.
3294 864 3533 934 Itemque
3573 868 3627 920 in
3657 882 3743 921 eo-

2171 951 2295 1011 dem
2342 952 2519 1007 libro:
2574 970 2592 1004 t
2633 953 2767 1006 Dum
2818 954 3024 1019 sederit,
3082 956 3178 1018 ait,
3225 954 3395 1011 Filius
3422 956 3647 1011 hominis
3690 960 3743 1011 in

2170 1043 2286 1099 sede
2314 1044 2595 1109 maiestatis
2613 1061 2720 1099 sua:
2747 1044 2960 1115 (Matth.
2994 1062 3106 1111 ais,
3128 1045 3243 1116 28),
3268 1049 3371 1101 alia
3409 1049 3626 1117 quidem
3670 1051 3743 1105 vi-

2171 1131 2328 1189 detur
2354 1133 2501 1203 loqui
2533 1149 2783 1203 persona,
2808 1136 2877 1191 de
2904 1135 3068 1192 altera
3095 1145 3273 1192 autem
3312 1137 3437 1192 facit
3464 1140 3739 1200 manifesta

2169 1238 2495 1279 sermonem.
2526 1224 2665 1294 Ergo
2683 1226 2895 1280 divinus
2914 1226 3143 1295 Spiritus
3160 1226 3227 1282 de
3253 1228 3471 1284 homine
3501 1232 3645 1286 clare
3664 1233 3738 1287 di4

2169 1334 2299 1376 cens
2320 1331 2541 1391 apparet
2573 1340 2587 1374 :
2621 1320 2755 1376 Dum
2772 1324 2959 1378 sederit
2989 1322 3156 1379 Filius
3181 1326 3398 1379 hominis
3422 1328 3474 1380 in
3497 1329 3615 1382 sede
3631 1346 3741 1382 ma-

2159 1412 2366 1482 jestatis
2418 1428 2527 1467 suae
2552 1452 2571 1479 ,
2612 1414 2744 1469 sine
2779 1416 3203 1471 contradictione
3252 1417 3574 1473 denuntians
3619 1422 3739 1489 quia

2167 1504 2601 1571 supervenientes
2630 1506 2830 1576 glorias
2859 1508 3019 1563 homo
3044 1510 3280 1578 suscepit
3309 1509 3518 1579 iustitia
3552 1522 3606 1567 et
3632 1514 3738 1567 vir-

2170 1602 2281 1649 tute
2307 1602 2552 1659 ornatus,
2591 1605 2647 1649 et
2671 1597 2945 1651 excelsum
2976 1598 3125 1665 regni
3177 1598 3371 1652 solium
3422 1601 3521 1654 rite
3566 1601 3737 1667 perci-

2166 1688 2338 1757 piens.
2369 1705 2388 1740 ι
2421 1687 2559 1755 Quid
2588 1688 2747 1741 etiam
2799 1687 2885 1742 hic
2930 1687 3193 1743 dicimus?
3232 1688 3467 1759 nunquid
3494 1676 3757 1745 Ποθειοέ

2166 1794 2259 1833 rus
2300 1779 2488 1834 alicubi
2533 1780 2697 1834 verba
2734 1778 2931 1834 Christi
2956 1780 3026 1835 de
3066 1783 3351 1850 semetipso
3378 1783 3641 1851 loquentis
3662 1784 3735 1839 sic

493 1868 670 1923 \‘erbo
697 1871 966 1939 coaptavit
991 1870 1170 1925 etDeo
1198 1888 1212 1924 :
1240 1873 1319 1927 sic
1346 1880 1399 1927 et
1421 1859 1681 1943 insignem
1705 1870 1891 1939 iudicii
1918 1872 2061 1927 diem
2096 1865 2140 1925 Β
2167 1871 2430 1935 tractavit,
2470 1879 2529 1925 ut
2578 1860 2782 1926 diceret
2807 1871 2966 1925 aliam
2996 1871 3064 1927 de
3111 1872 3216 1927 alia
3243 1872 3386 1943 loqui
3433 1888 3734 1944 personam,

489 1975 650 2015 causa
672 1960 839 2016 divini
865 1962 1109 2018 beneﬁcii
1133 1962 1335 2017 homini
1361 1971 1727 2032 competenter
1746 1962 2055 2029 abscondit;

490 2066 559 2106 ne
585 2051 725 2107 forte
746 2052 1033 2109 ineﬁ'abilia
1073 2057 1325 2125 mysteria
1354 2054 1549 2110 similis
1573 2054 1785 2125 generis
1831 2052 2061 2109 homini-

494 2143 593 2197 bus
623 2143 782 2198 homo
811 2144 1071 2210 indicans,
1096 2154 1154 2201 et
1174 2146 1312 2201 diem
1352 2147 1569 2201 secundi
1598 2147 1857 2202 adventus
1878 2156 2057 2201 osten~

489 2235 660 2289 deret.
697 2253 716 2288 ι
744 2234 880 2302 Quid
909 2237 1032 2302 tale,
1077 2252 1279 2305 quasso,
1309 2238 1361 2292 in
1392 2238 1548 2294 dictis
1577 2237 1845 2293 Theodori
1872 2247 2058 2292 contra

484 2324 746 2395 synodum
764 2325 1254 2382 Chalcedonensem
1284 2327 1600 2396 Eutychiani
1627 2329 1885 2384 hactenus
1904 2329 2056 2383 inve-

484 2425 694 2483 nerunt,
729 2424 821 2471 aut
846 2430 907 2471 se
927 2416 1166 2472 invenire
1189 2417 1461 2472 ﬁnxerunt
1491 2418 1515 2471 ἲ
1539 2417 1607 2473 Ut
1636 2418 1778 2473 enim
1810 2420 2056 2472 omittam

486 2506 627 2574 quod
650 2504 737 2561 hic
764 2506 859 2572 ait,
888 2505 1058 2561 Filius
1100 2506 1331 2561 hominis
1381 2506 1520 2562 diem
1550 2507 1752 2577 proprii
1800 2506 2057 2563 adventus

481 2596 710 2667 ignorat,
743 2610 841 2651 nec
892 2596 1083 2652 saltem
1124 2597 1282 2663 dixit,
1312 2597 1597 2667 ignoravit,
1622 2606 1682 2653 ut
1724 2607 1849 2653 ante
1879 2613 2060 2653 resur-

479 2689 768 2744 rectionem
812 2696 1040 2753 tantum,
1084 2704 1190 2744 non
1227 2690 1386 2744 etiam
1422 2700 1541 2759 post
1585 2682 2053 2756 resurrectionem,

477 2779 809 2847 ignorantem
837 2796 961 2835 eum
985 2779 1188 2836 dixisse
1217 2780 1513 2846 videretur,
1546 2780 1762 2851 quando
1790 2795 1962 2849 neque
2002 2781 2054 2835 in

477 2873 594 2941 ejus
621 2871 864 2926 ﬁdelibus
892 2871 1001 2926 ulla
1025 2872 1287 2941 ignoratio
1314 2871 1633 2927 remanebit.
1668 2871 1737 2927 Ut
1771 2885 1904 2941 ergo
1930 2871 2053 2937 hoc,

476 2965 781 3032 sicutdixi,
846 2973 1187 3034 prmteream,
1233 2963 1483 3034 quoniam
1531 2963 1685 3019 facile
1724 2964 1830 3019 dici
1880 2973 2056 3034 potest

475 3053 765 3108 secundum
800 3053 928 3108 illud
980 3063 1188 3122 tempus
1248 3054 1391 3124 quod
1429 3064 1556 3109 ante
1601 3040 2053 3110 resurrectionem

476 3144 721 3200 Christus
745 3146 829 3200 hic
857 3147 986 3216 egit,
1011 3147 1220 3201 locutus
1250 3146 1435 3201 beatus
1467 3145 1805 3201 Eustachius.
1835 3146 1902 3203 Ut
1926 3148 2053 3202 illud

2161 1962 2609 2029 quemadmodum
2663 1963 2850 2017 beatus
2905 1961 3263 2027 Eustachius,
3315 1978 3438 2017 cum
3488 1972 3739 2019 tractaret

2160 2052 2277 2121 ejus
2306 2052 2468 2107 verba
2496 2051 2722 2107 dicentis
2755 2068 2771 2104 :
2802 2053 2941 2105 Dum
2968 2052 3156 2106 sederit
3205 2050 3372 2106 Filius
3419 2051 3642 2107 hominis
3682 2055 3737 2109 in

2159 2143 2278 2197 sede
2313 2145 2595 2213 majestatis
2624 2158 2750 2199 suae.
2792 2142 2980 2200 Nonne
3008 2143 3078 2200 de
3120 2144 3367 2198 omnibus
3399 2159 3500 2213 pro
3546 2145 3736 2214 quibus

2160 2232 2500 2287 Theodorum
2518 2233 2756 2302 culpant,
2779 2232 2833 2287 id
2850 2242 3118 2287 conantur
3136 2232 3424 2301 suspiciose
3442 2234 3525 2287 vel
3542 2233 3737 2289 calant-

2160 2328 2312 2384 niose
2334 2329 2609 2399 colligere,
2640 2329 2777 2398 quod
2808 2329 2864 2383 in
2890 2327 3104 2383 Christo
3124 2327 3347 2383 alteram
3374 2328 3487 2394 Dei,
3512 2330 3735 2384 alteram

2161 2421 2393 2476 hominis
2416 2421 2635 2489 intelligi
2658 2435 2939 2491 personam
2959 2420 3222 2475 voluerit?
3242 2421 3381 2490 quod
3406 2421 3495 2475 ille
3518 2420 3732 2489 quidem

2157 2513 2390 2583 graviter
2399 2520 2724 2579 exsecratur;
2738 2523 2793 2567 at
2808 2512 3126 2568 Eustachius
3140 2522 3321 2581 aperte
3332 2513 3537 2577 dicit,in
3553 2514 3732 2569 verbis

2160 2604 2315 2659 unius
2324 2602 2522 2659 Christi
2540 2604 2608 2659 de
2619 2606 2909 2672 semetipso
2930 2604 3213 2672 loquentis,
3229 2604 3370 2673 quod
3386 2604 3489 2658 alia
3506 2616 3730 2672 persona

2156 2694 2224 2749 de
2235 2696 2401 2749 altera
2416 2693 2696 2749 manikste
2720 2709 3021 2750 sermonem
3037 2694 3214 2759 faciat,
3234 2703 3404 2749 etnon
3417 2694 3484 2747 de
3501 2694 3732 2758 Deo,sed

2156 2783 2225 2839 de
2243 2784 2459 2840 homine
2488 2785 2634 2839 clare
2659 2784 2845 2840 dicens
2872 2793 3167 2855 appareat:
3198 2782 3333 2838 Dum
3352 2783 3537 2837 sederit
3561 2781 3731 2836 Filius

2155 2874 2374 2928 hominis
2393 2876 2449 2928 in
2474 2875 2593 2930 sede
2621 2874 2899 2944 majestatis
2916 2889 3047 2929 suc.
3079 2874 3273 2928 Verum
3317 2874 3413 2927 nec
3437 2870 3569 2926 illud
3590 2871 3737 2940 quod

2156 2968 2250 3030 ait,
2285 2966 2733 3035 Supervenientes
2759 2967 2953 3035 glorias
2976 2966 3136 3019 homo
3173 2965 3406 3033 suscepit
3434 2963 3641 3032 iustitia
3677 2973 3734 3017 et

2158 3060 2355 3113 virtute
2370 3064 2609 3124 ornatus,
2628 3056 2936 3129 Entychiani
2966 3056 3018 3109 in
3032 3055 3313 3111 Theodoro
3331 3055 3470 3111 ferre
3492 3062 3731 3124 possent,

2156 3148 2249 3202 sed
2276 3158 2588 3203 accusarent
2612 3164 2733 3203 eum
2761 3149 2879 3203 sine
2904 3148 3088 3213 dubio,
3116 3148 3263 3217 quasi
3294 3148 3557 3203 dicentem
3588 3148 3731 3217 quod

473 3251 685 3308 quoque
711 3237 1022 3306 relinquam,
1048 3236 1192 3307 quod
1236 3239 1329 3303 ait,
1361 3237 1639 3292 Hominem
1671 3252 1833 3291 causa
1865 3238 2053 3293 salutis
2080 3237 2125 3298 C
2158 3238 2396 3295 Christus
2422 3240 2582 3294 homo
2621 3247 2823 3293 tantum
2875 3237 3068 3303 fuerit,
3096 3252 3200 3293 non
3246 3239 3405 3293 etiam
3454 3238 3615 3300 Deus,
3645 3240 3731 3292 cui

476 3328 750 3381 hominum
776 3327 953 3382 Verbo
978 3334 1251 3399 cooptavit
1293 3341 1347 3383 ct
1376 3328 1505 3395 Deo,
1534 3328 1677 3398 quod
1731 3328 2051 3399 Eutychiani

477 3419 852 3488 proculdubio
885 3420 939 3472 in
989 3419 1296 3486 Theodoro,
1338 3419 1387 3473 si
1436 3422 1548 3488 ipse
1590 3419 1691 3473 hoc
1720 3418 1944 3484 diceret,
1967 3433 2053 3473 ac-

474 3518 743 3577 cusarent,
778 3518 1025 3579 tanquam
1057 3510 1200 3575 prius
1241 3508 1506 3563 exstiterit
1534 3507 1716 3571 homo,
1756 3508 1843 3577 qui
1877 3506 2055 3561 Verbo

474 3611 811 3671 coaptaretur
839 3610 894 3657 et
927 3601 1037 3655 Deo
1071 3601 1237 3657 :illutl
1265 3610 1411 3657 certe
1440 3599 1579 3670 quod
1622 3601 1715 3665 ait,
1764 3599 2053 3667 Propterea

474 3692 686 3748 Christo
732 3691 874 3747 diem
915 3692 1100 3763 judicii
1143 3702 1511 3763 competenter
1551 3692 1943 3767 absconditum,
1987 3706 2055 3746 ne

473 3786 669 3840 similis
697 3785 908 3855 generis
935 3784 1241 3839 hominibus
1267 3785 1426 3839 homo
1451 3784 1591 3839 diem
1613 3783 1830 3838 secundi
1856 3783 2055 3836 adven-

476 3890 559 3932 tus
605 3878 934 3942 ostenderet,
968 3879 1239 3934 nescimus
1283 3877 1540 3931 hactenus
1587 3875 1949 3946 Eutychianos
2000 3875 2054 3929 in

473 3967 757 4025 Theodoro
802 3970 1144 4042 criminatus,
1200 3967 1293 4021 sed
1336 3981 1432 4019 nec
1486 3965 1688 4034 aliquid
1737 3966 1863 4029 tale,
1909 3964 2053 4033 quod

475 4061 602 4115 huic
628 4062 910 4116 sententia:
937 4065 1296 4127 comparetur.
1330 4057 1457 4109 Nam
1483 4070 1601 4108 cum
1635 4055 1921 4122 Apostolus
1970 4070 2055 4109 ra-

474 4158 596 4218 ptus
631 4150 683 4201 in
711 4148 1009 4213 paradisum
1036 4144 1242 4199 audiret
1268 4158 1460 4196 arcana
1485 4142 1642 4196 verba
1671 4157 1787 4211 qua:
1810 4143 2054 4197 noniieet

479 4235 685 4290 homini
710 4235 879 4303 loqui,
911 4249 1009 4288 nec
1047 4234 1291 4302 cuiquam
1325 4231 1638 4301 prodiderit,
1664 4231 1755 4284 sed
1782 4232 1943 4286 divini
1966 4248 2055 4287 se-

473 4326 606 4382 creti
656 4335 838 4379 custos
871 4325 1043 4380 ﬁdelis
1098 4325 1344 4379 inventus
1383 4332 1484 4390 est,
1534 4328 1802 4392 quomodo
1859 4322 2054 4377 dicitur

472 4416 610 4487 quod
632 4417 773 4472 Deus
788 4415 1022 4482 Christo,
1040 4431 1144 4469 non
1167 4415 1336 4469 dicam
1356 4423 1413 4469 ut
1431 4415 1538 4469 Deo
1560 4415 1699 4484 quod
1714 4423 1815 4479 est,
1830 4413 1923 4467 Sed
1939 4427 2053 4468 tau—

474 4521 585 4563 tum
627 4516 688 4563 ut
737 4509 959 4572 homini,
1002 4507 1090 4577 qui
1150 4516 1325 4559 tamen
1355 4504 1574 4559 inferior
1616 4504 1780 4558 Paulo
1820 4520 1924 4557 non
1966 4518 2050 4559 es-

2156 3331 2322 3401 gloria
2351 3329 2639 3386 accesserit
2665 3344 2821 3398 quam
2855 3336 2993 3383 ante
3016 3342 3120 3382 non
3147 3327 3409 3391 habuerit,
3435 3337 3490 3381 et
3510 3326 3732 3394 iustitiae

2160 3423 2473 3491 virtutisque
2494 3420 2731 3490 profectu
2760 3434 2880 3475 eam
2903 3418 3063 3473 fuerit
3092 3426 3432 3478 consecutus,
3459 3417 3510 3471 in
3539 3418 3555 3448 ¹
3585 3426 3733 3470 tanto

2156 3516 2347 3571 merito
2367 3514 2525 3569 etiam
2554 3512 2700 3583 regni
2723 3510 2916 3566 solium
2946 3510 3045 3564 rite
3072 3509 3388 3578 perceperit.
3413 3506 3613 3561 Rursus
3634 3522 3735 3561 au-

2157 3619 2262 3664 tem
2285 3607 2473 3662 codem
2519 3606 2654 3659 libro
2687 3603 2755 3659 de
2800 3602 2977 3658 verbis
3001 3600 3199 3655 Christi
3250 3600 3527 3669 disputans
3555 3600 3688 3654 dicit
3716 3618 3734 3654 :

2161 3718 2181 3752 ς
2212 3698 2396 3752 Omnia
2420 3696 2544 3749 mihi
2564 3695 2752 3749 tradita
2771 3704 2885 3748 sunt
2906 3708 2937 3745 a
2958 3691 3116 3746 Patre
3138 3707 3245 3745 meo
3273 3690 3485 3763 (Matth.
3514 3706 3589 3752 ιι.
3611 3692 3733 3758 27),

2155 3788 2436 3844 manifeste
2460 3802 2525 3841 ex
2555 3799 2783 3855 persona
2836 3782 3068 3837 hominis
3104 3781 3737 3849 prophetarecognnsci-

2158 3890 2263 3947 tur,
2286 3880 2420 3935 sicut
2451 3889 2504 3933 et
2527 3886 2651 3932 ante
2694 3876 3059 3946 probavimus.
3093 3873 3197 3928 Iste
3225 3874 3364 3928 enim
3394 3875 3655 3926 maximas
3682 3882 3738 3928 et

2155 3971 2460 4027 accidentes
2487 3970 2710 4023 virtutes
2732 3966 2956 4037 percipit
2982 3965 3294 4020 admrliora
3326 3963 3577 4031 dignitate
3600 3980 3732 4031 pro-

2156 4062 2371 4117 cedens.
2403 4080 2422 4115 ι
2454 4062 2590 4116 Ecce
2614 4067 2668 4115 et
2692 4058 2778 4113 hic
2804 4074 2924 4113 cum
2954 4060 3260 4127 loquentem
3298 4055 3565 4110 Christum
3601 4071 3732 4123 pcr-

2156 4155 2301 4209 hibct
2339 4169 2405 4208 ex
2459 4165 2683 4221 persona
2734 4150 2963 4203 hominis
3014 4150 3366 4218 prephetare,
3414 4145 3736 4199 subauditur

2154 4247 2292 4316 quod
2320 4246 2540 4300 alteram
2573 4243 2715 4299 dicat
2743 4256 2863 4296 esse
2904 4241 2994 4294 Dei
3032 4252 3334 4308 personam.
3366 4235 3498 4291 Nam
3528 4252 3651 4290 cum
3681 4244 3737 4290 et

2155 4340 2220 4393 de
2248 4337 2462 4393 homine
2492 4336 2715 4404 loquens
2759 4332 3002 4387 diceret:
3034 4330 3138 4384 Iste
3189 4329 3330 4382 enim
3377 4327 3641 4380 maximas
3678 4336 3737 4380 et

2154 4428 2457 4484 accidentes
2488 4426 2710 4478 virtutes
2742 4421 2983 4491 percipit,
3029 4416 3355 4473 tantumdem
3400 4416 3547 4468 Valet
3591 4428 3654 4469 ac
3685 4415 3732 4466 si

2155 4522 2404 4577 diceret’:
2436 4519 2526 4573 Ille
2571 4531 2706 4571 vero
2736 4529 2840 4569 non
2891 4512 3111 4582 percipit
3159 4520 3406 4576 tanquam
3437 4506 3597 4561 Deus.
3643 4505 3735 4558 Di-

472 4609 576 4666 set,
624 4596 904 4668 propterea
957 4600 1096 4654 diem
1143 4597 1325 4667 iudicii
1368 4596 1728 4661 absconderit,
1752 4612 1817 4650 ne
1855 4597 2049 4650 similis

2159 4610 2325 4666 cendo
2348 4610 2507 4664 etiam
2533 4606 2675 4677 quod
2695 4605 2937 4660 Christus
2960 4601 3313 4656 accidentium
3337 4601 3593 4651 virtutum
3620 4611 3733 4663 per.

472 4694 685 4761 generis
725 4692 1030 4747 hominibus
1070 4691 1316 4762 proderet
1348 4707 1360 4744 :
1392 4699 1646 4760 tanquam
1688 4704 1791 4742 non
1843 4698 2048 4758 posset,

471 4785 615 4851 quod
649 4785 939 4853 Apostolus
979 4782 1096 4855 ejus
1131 4783 1380 4848 servavit,
1424 4781 1767 4836 commissum
1803 4781 1903 4835 sibi
1940 4797 2053 4834 scr-

475 4889 601 4928 vare
640 4885 927 4929 secretum.
975 4876 1287 4944 Quanquam
1335 4890 1433 4929 nec
1498 4872 1628 4927 illud
1657 4873 1796 4942 quod
1838 4874 1911 4927 ::it
1948 4874 2053 4927 Eu—

547 5039 572 5066 ι
609 5029 961 5083 Scribcndum
1014 5029 1359 5089 Eustathius,
1422 5031 1737 5087 Εὐστὸιθιοςς
1782 5026 1858 5080 sic
1900 5028 2045 5081 enim

475 5112 663 5153 omnes
696 5108 907 5153 vocant.
961 5098 1277 5152 Eustachins
1311 5098 1469 5151 etiam
1518 5099 1677 5151 simili
1719 5113 1903 5150 errore
1920 5098 2045 5150 alibi

474 5169 675 5232 dictus,
703 5168 794 5238 qui
826 5169 929 5223 Iba:
946 5167 1108 5237 judex
1144 5168 1242 5221 fuit
1267 5166 1628 5238 cumiPltotio,
1650 5181 1771 5219 cum
1800 5167 1886 5221 alii
1942 5167 2047 5227 Eu-

472 5237 730 5294 stathium'
752 5238 1047 5293 nominent.
1067 5238 1240 5308 illuius
1265 5242 1353 5292 τοῦ
1383 5237 1529 5308 ἁγίαν
1554 5238 1829 5308 Εὐσταθίον
1849 5238 2053 5308 ἐδιονκὸ-

475 5333 572 5380 rrou
594 5307 1383 5380 Ἀντιοχείας,,καί-ὅμολογητοῇ,
1408 5305 1489 5380 vat
1506 5306 1552 5380 ia
1575 5307 1732 5359 citant
1746 5322 1807 5380 ur
1826 5322 1853 5357 a
1872 5305 2051 5380 Theo-

472 5379 660 5437 doreto
680 5382 732 5433 in
754 5373 984 5449 Dialogis
1007 5395 1021 5431 :
1045 5373 1310 5449 Ἑρμηῦεία
1333 5377 1384 5449 in
1411 5376 1678 5449 I’salmos;
1702 5373 1860 5444 A619;
1878 5379 2045 5449 nera.

474 5457 649 5529 Κύριος
670 5451 835 5517 ἴκτισέ
871 5446 965 5519 ps;
996 5446 1153 5520 Δὸγὸξ
1181 5452 1302 5529 napi
1320 5446 1522 5529 ψυχῆς.
1555 5446 1922 5529 litant-clay;
1946 5447 2054 5499 ἐπι-

502 5513 667 5601 pagani;
689 5532 776 5582 τῆς
795 5513 1188 5601 άτήλοθραᾳξίας,
1219 5513 1305 5570 iui
1328 5513 1768 5601 ré‘v—évaf’a’iifév.
1796 5513 2053 5601 yisuntur

473 5583 729 5663 [ira-terea
777 5592 833 5644 in
884 5583 1225 5663 biuiothecis
1256 5583 1756 5663 antiquisejusiletn
1789 5583 2049 5663 ὁμιλὶαῄιι

472 5654 861 5727 Hexaemeron,
886 5666 953 5720 εἰς
985 5654 1051 5716 rd
1072 5667 1162 5718 τῆς
1192 5656 1600 5736 ἐγγαστριμύθου
1618 5657 1877 5727 θεὼοημα,
1897 5654 2051 5723 cujus

545 5802 559 5832 ⁸
592 5798 725 5852 Cod.
757 5798 952 5853 Veron.
978 5837 992 5855 .
1027 5806 1077 5850 ut
1104 5806 1259 5848 tanta.

2154 4701 2401 4770 ceptioue
2444 4698 2510 4753 ad
2560 4696 2780 4753 meliora
2828 4691 3167 4763 processerit,
3193 4699 3245 4744 et
3288 4688 3559 4757 accepisse
3608 4701 3735 4742 eum

2155 4792 2294 4863 quod
2338 4789 2620 4860 aliquando
2651 4802 2755 4842 non
2807 4787 3022 4851 habuit,
3056 4792 3111 4837 et
3158 4780 3450 4850 profecisse
3481 4786 3733 4831 testatur.

2153 4883 2253 4950 Qui
2282 4891 2469 4936 octavo
2499 4892 2711 4949 quoque
2758 4876 2893 4932 libro
2944 4878 3021 4929 sic
3058 4875 3169 4926 ait:
3206 4868 3731 4935 «Contemplaudum

2153 5036 2271 5091 libri
2303 5032 2541 5089 meminit
2560 5037 2775 5085 sanctus
2799 5028 3150 5102 Hieronymus
3168 5024 3222 5102 _iu
3244 5020 3385 5075 Viris
3401 5019 3738 5102 illustribus.

2155 5106 2232 5160 Et
2272 5108 2371 5159 hoc
2401 5112 2579 5157 autem
2612 5108 2773 5167 opere
2801 5092 3059 5172 adversus
3090 5096 3339 5172 A_r_ia_nos,
3365 5092 3533 5172 alium
3564 5092 3735 5172 etiam

2154 5177 2327 5228 locum
2393 5172 2593 5241 profert
2642 5161 2955 5241 AnaStasius
3012 5167 3061 5219 iu
3108 5164 3319 5241 _E_eloge
3367 5162 3465 5241 his
3493 5161 3683 5241 verbis
3723 5175 3739 5241 ξ

2153 5232 2770 5318 ΕὐσταθὶοἶλξΔντ-φχείας
2800 5240 2853 5291 ἐκ
2881 5243 2974 5318 rei).
3000 5236 3129 5318 καιτᾴ
3142 5233 3423 5318 εξᾼρῥιιιινῶτ
3450 5232 3611 5317 Myos:
3629 5233 3738 5318 ’.εἰ

2151 5320 2251 5390 γὰρ
2278 5315 2503 5374 κτιστὸς,
2537 5302 2756 5390 οὐέζὸροέ
2778 5309 3029 5390 γεννητὸς·
3064 5308 3106 5358 εἰ
3137 5302 3202 5390 δὲ.
3226 5302 3741 5390 γιεννηςτὸςηὸύκῇμ

2155 5370 2375 5446 ξιτ-ἑστὸς.
2396 5385 2534 5438 Ἐπεὶ
2556 5370 2802 5450 μηδὲόἷῶ
2824 5399 2875 5431 τε
2894 5380 3011 5461 περὶ
3030 5381 3121 5451 τὴν
3146 5374 3467 5469 afﬂatuue
3489 5370 3742 5458 Exarspais

2158 5459 2457 5531 στρέφεσθαι
2492 5446 2565 5506 τὸ⁷
2591 5453 2754 5523 ’γένος’
2786 5446 2991 5517 σημιῖόν
3031 5448 3139 5531 rs',‘
3171 5446 3248 5527 ὅτι
3288 5446 3535 5527 ﬁnitivam:
3582 5446 3739 5525 sier-sis

2156 5514 2383 5583 πεὶὶίτήν
2423 5526 2579 5580 αὐτὴν
2598 5514 2757 5592 ’φύσιν
2796 5514 2865 5573 τὸ
2884 5518 3087 5571 κτιστὸν
3116 5516 3404 5639 ὑπάρδχειν,
3448 5514 3535 5563 καὶ
3561 5514 3622 5564 τὸ
3648 5514 3739 5562 ἄι-

2157 5586 2353 5639 τηὶ-τ-ην-
2388 5593 2636 5639 manium:
2655 5592 2752 5639 ’γὰο
2783 5588 3070 5639 παράλογον
3099 5591 3173 5639 τῶ
3199 5583 3246 5639 δι
3280 5585 3496 5639 ασκαλῳο’

2157 5586 2356 5661 τιάτον,
2388 5583 2636 5649 καθολικὸῦ
2655 5592 2752 5663 γὰρ
2783 5588 3070 5669 παρᾴλοοιον
3099 5591 3173 5657 τῷ
3199 5583 3496 5649 δὶδασγὰλῳο
