3978 6350
231 415 330 474 797

1092 418 1226 475 PRO
1266 419 1704 476 DEFENSIONE
1744 422 1958 479 TRIUM
2000 423 2311 480 CAPITUL.
2353 424 2482 480 LIB.
2528 425 2618 481 XI.

3399 437 3500 493 798

229 540 409 586 autem
439 528 710 598 quomodo
736 527 959 597 loquens
996 528 1105 583 Deo
1131 537 1186 585 et
1215 529 1402 585 dicens
1432 547 1445 583 :
1480 528 1547 583 Et
1586 532 1810 588 civitates
1843 545 1886 603 Α
1917 537 2196 605 ipsumque
2223 537 2513 602 Christum,
2543 538 2695 607 cujus
2740 539 2944 597 homini
2989 556 3336 615 praeparatam
3379 565 3499 617 por-

229 622 525 677 destruzisti
572 620 746 693 (Psal.
795 635 873 685 tx,
906 619 982 690 7),
1014 635 1199 677 rursus
1243 623 1470 678 alterum
1521 622 1812 680 introducit

212 706 491 768 ’Domiuus
512 711 767 778 inferens,
797 709 861 764 Et
886 710 1132 765 Dominus
1158 712 1209 765 in
1225 722 1469 768 wet-num
1489 724 1676 769 manet.
1706 713 1815 769 Pa-

227 807 357 860 ravit
384 806 435 857 in
454 804 657 875 judicio
694 805 865 857 sedem
907 820 1054 857 suam
1082 802 1271 875 (Ibid.,
1296 804 1348 869 8,
1380 805 1459 876 9).
1493 807 1812 864 Manifestis-

227 898 361 953 sime
389 895 591 952 etenim
621 893 811 949 aliide
848 893 955 951 alio
984 894 1209 964 loquens
1234 907 1459 966 apparet
1493 913 1509 953 :
1542 898 1813 967 signiﬁca-

226 986 304 1042 vit
333 985 457 1055 quia
480 984 648 1054 judex
677 993 759 1039 est
782 983 873 1053 qui
918 987 1239 1054 prmparavit
1263 988 1311 1041 ei
1344 987 1528 1043 sedem
1558 997 1809 1058 tauquam

226 1076 375 1147 prius
402 1090 511 1131 non
553 1074 767 1133 habenti
797 1075 939 1129 hunc
972 1073 1270 1142 honorem;
1302 1076 1382 1132 sic
1422 1076 1706 1133 videbatur
1734 1080 1808 1135 Io-

226 1166 317 1237 qui
339 1206 357 1234 ,
404 1165 557 1236 quasi
598 1179 694 1236 per
724 1166 921 1235 ﬁguras
950 1165 1095 1220 enim
1128 1166 1403 1223 indicabat
1444 1168 1805 1240 propheticus,

228 1261 483 1332 quoniam
513 1261 674 1315 homo
701 1276 768 1315 ex
799 1261 1057 1317 membris
1074 1262 1296 1333 justitite
1320 1266 1573 1334 templum
1614 1266 1812 1321 decen-

226 1362 310 1407 ter
348 1352 544 1419 factus,
572 1360 627 1408 et
652 1352 1016 1407 sacratissimo
1043 1352 1291 1408 habitans
1320 1354 1514 1422 Verbo,
1549 1356 1765 1411 virtutis
1791 1357 1808 1389 ¹

225 1443 457 1514 adeptus
503 1452 585 1497 est
609 1452 927 1512 perpetuum
972 1442 1192 1497 solium.
1243 1443 1532 1514 Loquens,
1596 1446 1807 1514 inquit,

226 1534 341 1589 D‘eo
382 1546 570 1588 rursus
597 1533 829 1588 alterum
861 1532 1152 1587 introducit
1201 1533 1508 1589 Dominum.
1550 1554 1569 1587 ι
1623 1536 1734 1590 Hoc
1762 1536 1809 1590 si

226 1622 548 1694 Eutychiaui
595 1623 650 1677 in
703 1622 994 1677 Theodoro
1047 1623 1390 1690 invenirent,
1454 1624 1693 1694 profecto
1755 1627 1807 1680 in

230 1717 707 1786 reprehensionem
738 1716 928 1787 synodi
980 1715 1443 1772 Chalcedonensis
1472 1733 1592 1787 quze
1624 1704 1808 1772 laudes

220 1812 342 1881 ejus
383 1810 746 1866 continentem
794 1809 1075 1879 epistolam
1122 1808 1379 1878 judicavit
1426 1809 1805 1874 orthodoxam,

1916 622 2064 681 hibet
2090 625 2293 694 sedem,
2317 626 2475 681 simul
2504 641 2625 682 eum
2658 628 2765 683 Deo
2784 629 2938 687 Patre
2958 642 3009 687 et
3039 634 3155 701 ejus
3183 634 3360 691 Verbo
3380 653 3496 692 om-

1914 720 2061 777 nium
2104 732 2465 777 creaturarum
2494 721 2755 776 dominari
2800 724 3011 779 asserit.
3044 725 3152 782 Nec
3178 738 3357 784 tamen
3403 745 3501 799 pro

1914 810 1996 865 his
2017 825 2249 881 quoque,
2273 826 2391 881 quae
2419 812 2647 866 necdum
2671 822 2859 867 exorto
2885 813 3136 871 Nestorio
3161 832 3347 874 secura
3368 821 3500 873 sim-

1914 900 2120 970 plicitas
2134 900 2465 970 loquebatur,
2483 900 2600 970 ejus
2611 910 2694 957 est
2707 902 3202 959 anathematizando
3218 906 3459 963 doctrina
3480 925 3493 963 :

1913 997 2052 1068 quod
2097 1007 2219 1052 tunc
2269 997 2422 1052 nobis
2465 1006 2713 1051 constare
2763 999 2977 1066 p0terit,
3018 998 3063 1053 si
3114 1000 3311 1055 nullius
3357 1004 3497 1056 anti-

1913 1104 2138 1159 quorum
2193 1088 2448 1145 Ecclesiae
2503 1089 2910 1157 praedicatorum
2965 1104 3064 1160 pro
3109 1091 3303 1146 talibus
3350 1093 3496 1148 dicta

1912 1182 2254 1236 damnentur.
2284 1181 2531 1250 Alioquin
2570 1180 2852 1249 cujuslibet
2887 1194 3072 1236 eorum
3102 1181 3318 1250 scriptis
3363 1195 3495 1235 ana-

1914 1274 2285 1337 thematizatis,
2308 1272 2445 1326 sicut
2466 1271 2700 1326 Joannes
2718 1272 3142 1341 sapientissimus
3163 1281 3217 1326 et
3234 1272 3497 1327 orientale

1912 1363 2196 1417 concilium
2225 1362 2376 1427 dixit,
2398 1377 2627 1441 necesse
2652 1372 2735 1416 est
2763 1373 2815 1415 et
2846 1379 2905 1417 ea
2937 1378 3056 1429 qua:
3079 1363 3146 1416 ab
3172 1362 3290 1416 aliis
3322 1362 3496 1416 Patri-

1910 1452 2010 1507 bus
2030 1461 2155 1507 sunt
2178 1452 2317 1507 dicta
2336 1452 2640 1520 complecti.
2668 1452 2907 1507 Sufﬁciat
2937 1468 3067 1522 ergo
3095 1452 3321 1521 posteris
3350 1452 3523 1522 quod.

1913 1552 2210 1610 temporum
2270 1558 2490 1596 suorum
2542 1542 2807 1598 haereticis
2865 1550 3223 1613 repugnantes
3272 1542 3491 1597 illmsant

1911 1633 2277 1688 custodierunt
2312 1632 2631 1707 Ecclesiam.
2651 1634 2891 1689 Sufﬁciat
2917 1634 3061 1703 quod
3094 1635 3257 1688 nobis
3285 1647 3498 1702 queque

1912 1723 2167 1778 adversus
2212 1739 2307 1779 eos
2350 1739 2497 1779 arma
2537 1726 2927 1794 quamplurima
2964 1725 3146 1779 labore
3194 1740 3292 1778 suo
3335 1736 3496 1794 atque

1914 1814 2171 1868 industria
2204 1824 2587 1884 praeparantes,
2616 1831 2737 1870 cum
2769 1832 2958 1887 magna
2987 1816 3143 1871 laude
3171 1814 3239 1869 de
3268 1814 3370 1868 hoc
3395 1830 3497 1868 sa:-

221 1900 425 1971 bicipiti
453 1917 551 1957 nos
571 1901 1029 1971 argumentatione
1048 1900 1497 1970 eonstringerent,
1530 1901 1599 1953 ita
1627 1900 1800 1955 dicen-
1839 1904 1888 1963 B
1914 1905 2036 1961 culo
2072 1907 2417 1960 transierunt.
2460 1905 2576 1961 Non
2627 1904 2877 1975 injuriam
2931 1918 3276 1961 successores
3329 1901 3501 1958 labori

228 2002 308 2048 tes
339 2009 354 2045 :
383 1992 440 2047 Si
470 1992 585 2046 haec
612 1991 681 2045 de
712 1991 867 2045 Patre
895 2000 949 2044 et
978 1989 1108 2043 Filio
1138 1988 1293 2059 dixit,
1326 1990 1596 2058 quomodo
1644 1988 1810 2045 Filius

225 2083 361 2137 alter
390 2090 472 2136 est
501 2079 911 2146 Dominus,cum
935 2079 1189 2148 scriptum
1215 2079 1285 2135 sit
1310 2096 1322 2132 :
1351 2080 1605 2145 Quoniam
1630 2080 1813 2135 Domi-

224 2189 323 2225 nus
352 2170 488 2226 Deus
513 2179 701 2235 noster,
729 2167 981 2223 Dominus
1021 2186 1156 2224 unus
1184 2179 1258 2224 est
1286 2169 1466 2240 (Deut.
1496 2185 1572 2239 vt,
1605 2170 1687 2240 1)?
1712 2170 1814 2227 Ne-

224 2280 331 2335 que
359 2264 500 2320 euim
527 2266 606 2319 sic
636 2263 829 2317 dicitur
871 2262 1028 2317 Pater
1056 2262 1331 2328 Dominus,
1359 2271 1414 2317 et
1444 2261 1608 2317 Filius
1634 2262 1814 2320 Domi-

227 2369 349 2421 nus,
371 2367 423 2410 et
454 2354 685 2423 Spiritus
711 2363 929 2408 sanctus
964 2352 1246 2418 Dominus,
1278 2363 1335 2406 ut
1362 2362 1471 2407 tres
1502 2352 1730 2417 Domini,
1757 2363 1812 2408 et

225 2462 333 2501 non
381 2446 557 2515 potius
588 2459 721 2497 unus
750 2443 959 2497 dicatur
1004 2442 1256 2496 Dominus
1292 2442 1475 2497 :sieut
1528 2457 1699 2511 neque
1739 2442 1810 2496 ita

224 2536 419 2591 dicitur
443 2535 601 2590 Pater
624 2535 786 2600 Deus,
809 2543 865 2589 et
891 2532 1059 2589 Filius
1082 2534 1242 2598 Deus,
1270 2541 1325 2587 et
1351 2533 1577 2602 Spiritus
1594 2542 1812 2587 sanctus

224 2627 388 2693 Deus,
423 2634 475 2680 ut
508 2636 614 2680 tres
659 2625 761 2693 Dii,
796 2636 849 2680 et
895 2639 1000 2679 non
1034 2624 1210 2694 potius
1247 2638 1386 2679 unus
1411 2623 1619 2678 dicatur
1646 2624 1805 2678 Deus.

222 2719 479 2775 Siautem
503 2717 573 2773 de
598 2717 706 2772 Deo
734 2716 910 2772 Verbo
936 2726 990 2770 et
1016 2722 1292 2784 assumpto
1319 2714 1532 2769 homine
1560 2716 1806 2783 loquens,

222 2812 396 2867 eidem
424 2794 754 2878 assumptum
786 2808 1059 2862 hominem
1087 2807 1316 2861 alterum
1344 2806 1625 2861 Dominum
1654 2805 1807 2872 dixit,

220 2901 465 2971 arguitur
492 2915 656 2955 unum
684 2899 955 2954 Christum
1000 2902 1052 2953 in
1084 2900 1220 2954 duos
1259 2898 1511 2954 Dominos
1541 2897 1807 2953 divisisse.

220 2995 401 3059 Atque
431 2991 530 3045 hoc
560 2991 741 3046 verbis
768 2991 932 3046 etiam
976 2990 1425 3059 subsequentibus
1454 2988 1806 3053 afﬁrmarent,

220 3083 416 3151 quibus
444 3082 641 3137 dictum
670 3091 754 3136 est
782 3099 794 3134 :
827 3081 931 3136 Alii
960 3082 1026 3136 de
1065 3080 1170 3141 alio
1199 3080 1426 3150 loquens
1466 3088 1723 3149 apparet;
1752 3091 1810 3134 et

221 3174 416 3229 iterum
450 3191 463 3226 :
496 3172 629 3241 Quia
658 3172 801 3229 Deus
837 3172 1005 3243 judex
1045 3172 1365 3242 praeparavit
1404 3181 1678 3242 assumpto
1709 3171 1807 3226 ho-

1911 1994 2286 2052 decedenlium
2329 1995 2548 2063 debent,
2594 2011 2700 2049 non
2751 1996 2990 2050 convicia
3035 1995 3306 2049 referenda
3353 2003 3497 2052 sunt.

1913 2087 2041 2141 Post
2094 2096 2366 2141 certamen
2407 2087 2547 2142 bene
2594 2086 2862 2141 defunctis
2905 2087 3194 2142 victoribus
3245 2085 3498 2154 triumphi

1911 2180 2135 2251 gloriam
2168 2193 2393 2250 negasse
2419 2179 2615 2249 aliquis
2652 2180 2956 2235 inveniatur
3000 2180 3238 2249 ingratus
3268 2196 3282 2233 :
3317 2179 3498 2232 nescio

1912 2274 1957 2327 si
1987 2275 2269 2343 quisquam
2298 2283 2496 2341 printer
2517 2287 2617 2327 nos
2643 2273 3018 2327 contumeliam
3044 2270 3241 2325 retulit.
3272 2270 3496 2336 Quidam

1913 2363 2230 2433 praidicator
2258 2362 2512 2416 Ecclesiae
2540 2363 2617 2416 sic
2646 2368 2940 2431 praesentes
2971 2361 3296 2431 expugnavit
3324 2358 3497 2413 ιιειπε-

1914 2452 2071 2517 ticos,
2104 2458 2161 2504 ut
2207 2451 2260 2503 in
2293 2451 2459 2514 nullo,
2490 2460 2580 2504 aut
2610 2458 2761 2505 certe
2810 2454 2864 2503 in
2899 2464 3084 2518 parvo,
3116 2448 3307 2502 futuris
3336 2462 3495 2501 ocra-

1911 2540 2118 2593 sionem
2149 2539 2346 2593 daret:
2378 2538 2464 2592 hic
2492 2538 2683 2609 dignus
2721 2539 2876 2593 lauds
2909 2538 3173 2607 principua
3203 2538 3494 2607 judicetur.

1911 2631 2136 2697 Quidam
2179 2644 2310 2686 vero
2358 2630 2413 2684 in
2463 2632 2643 2686 hostes
2687 2630 2875 2686 obvios
2924 2632 3181 2693 intentus,
3230 2630 3350 2684 aliis
3389 2645 3494 2684 non

1911 2723 2062 2791 quasi
2104 2720 2440 2775 latitantibus
2471 2721 2525 2775 in
2574 2721 2804 2787 insidiis,
2846 2723 2937 2790 qui
2987 2723 3224 2776 nondum
3267 2720 3495 2789 fuerent,

1910 2811 2005 2867 sed
2059 2812 2328 2866 exorturis
2375 2812 2694 2881 quandoque
2749 2812 2970 2880 provide
3025 2814 3047 2844 '
3106 2828 3170 2867 ac
3222 2813 3497 2883 vigilanter

1909 2904 2144 2957 occurrit
2178 2920 2191 2954 :
2227 2902 2315 2956 hic
2364 2902 2603 2968 minima,
2649 2913 2739 2957 aut
2782 2904 2940 2957 etiam
2983 2904 3148 2969 nulla,
3173 2904 3227 2958 si.
3263 2904 3495 2971 videtur,

1910 2992 2106 3062 dignus
2160 2991 2322 3047 laude
2360 2991 2610 3057 ducatur,
2639 3008 2746 3047 non
2791 3003 2967 3048 tamen
3001 2994 3083 3049 vel
3131 2996 3373 3050 incautus
3405 3009 3498 3063 pa-

1913 3082 2031 3137 tria:
2082 3092 2404 3151 propagator
2444 3083 2583 3137 inter
2634 3083 2818 3137 hostes
2868 3083 3147 3138 habendus
3195 3092 3296 3137 est.
3346 3084 3498 3140 Unde

1910 3174 2101 3229 beatus
2129 3173 2465 3240 Eustachitts,
2495 3189 2798 3244 quanquam
2845 3180 3041 3231 multos
3094 3181 3259 3244 possit
3304 3178 3497 3232 talibus

223 3266 356 3322 mini
386 3266 591 3333 sedem,
621 3275 873 3335 tanquam
903 3265 1049 3334 prius
1077 3278 1184 3319 non
1218 3263 1433 3318 habenti
1466 3263 1605 3317 hunc
1636 3265 1803 3317 hono-
1829 3264 1875 3326 C
1907 3265 2068 3319 dictis
2122 3262 2397 3317 olfeudere
2419 3305 2434 3330 ,
2488 3279 2594 3317 non
2650 3273 2826 3319 tamen
2878 3265 3262 3321 condemnatur
3284 3305 3301 3333 ,
3350 3268 3498 3322 velut

220 3370 360 3411 rem.
385 3354 517 3409 Cum
540 3369 669 3410 vero
699 3364 842 3409 tanta
870 3353 1067 3409 invidia
1093 3352 1443 3409 criminentur
1482 3354 1545 3421 in,
1577 3353 1802 3422 epistola

222 3446 549 3503 venerabilis
580 3446 702 3512 Ibae,
731 3445 873 3515 quod
913 3447 989 3500 ait
1037 3446 1289 3515 templum
1330 3455 1383 3501 et
1416 3446 1801 3501 inhabitantem

220 3537 276 3592 iu
304 3551 403 3602 eo;
435 3551 555 3605 qua:
585 3535 689 3591 illis
720 3536 787 3590 ad
826 3536 1253 3606 exaggerandum
1286 3537 1442 3592 verba
1473 3537 1801 3603 sufficerent,

219 3627 269 3685 si
300 3629 401 3683 hoc
441 3628 666 3683 dixisset
704 3628 844 3697 quod
886 3628 1202 3684 Eustachius
1228 3630 1322 3696 ait,
1352 3627 1612 3696 Quoniam
1645 3632 1805 3685 homo

222 3738 289 3778 ex
319 3721 576 3777 membris
599 3721 818 3790 justitiae
849 3721 1103 3792 templum
1134 3722 1387 3778 decenter
1417 3722 1585 3777 factus
1613 3734 1716 3791 est,
1747 3736 1806 3780 ut

223 3813 587 3869 sacratissimo
629 3812 939 3868 cohabitans
974 3813 1185 3867 Verbo?
1213 3812 1346 3867 Nam
1392 3814 1437 3867 si
1481 3813 1800 3879 inhabitare,

224 3906 364 3975 quod
399 3905 516 3959 lbas
543 3905 638 3969 ait,
670 3904 807 3958 duas
836 3905 1014 3959 dicant
1041 3903 1343 3973 signiﬁcare
1378 3918 1651 3974 personas,
1682 3920 1804 3958 cum

224 3998 402 4051 anima
445 4011 599 4051 suum
626 4011 821 4065 corpus
868 3995 1173 4051 inhabitans
1204 4012 1305 4051 una
1336 4012 1455 4051 cum
1487 4011 1552 4052 eo
1582 4012 1806 4065 persona

226 4089 316 4153 sit,
338 4096 539 4158 quanto
567 4090 738 4157 magis
757 4087 1089 4153 cohabitare,
1110 4097 1168 4143 et
1198 4089 1366 4158 ipsius
1395 4089 1806 4145 cohabitationis

225 4184 427 4238 virtute
455 4182 703 4251 adeptum
734 4196 853 4237 esse
896 4181 1164 4236 hominem
1212 4192 1523 4253 perpetuum
1571 4185 1808 4239 solium?

228 4273 353 4328 Item
372 4272 425 4326 in
442 4272 630 4327 eodem
650 4273 786 4328 libro
813 4291 825 4324 :
855 4290 874 4323 t
900 4271 1012 4326 Non
1038 4274 1182 4328 enim
1211 4274 1413 4345 ait,qui
1442 4276 1591 4343 regni
1621 4276 1807 4330 sedem

228 4363 411 4430 habet,
428 4362 649 4417 alteram
671 4362 767 4417 sibi
794 4371 1014 4432 apparat
1040 4374 1271 4431 sortem;
1302 4366 1395 4418 sed
1418 4366 1500 4417 cui
1524 4380 1629 4418 non
1657 4365 1811 4419 adest

226 4454 373 4507 sedis
400 4456 655 4522 potentia.
692 4454 828 4522 Ergo
856 4458 971 4508 haec
1002 4453 1068 4508 ad
1109 4454 1377 4508 hominem
1406 4453 1605 4508 Christi
1639 4455 1807 4509 mani-

229 4544 366 4599 feste
394 4546 703 4613 respiciunt.
737 4545 917 4615 Neque
959 4555 1133 4599 autem
1168 4546 1532 4615 Omnipmenti
1567 4547 1679 4600 haec
1722 4561 1808 4601 re-

1906 3356 2088 3413 Neston
2103 3355 2207 3411 iani
2252 3366 2436 3409 auctor
2466 3357 2701 3411 erroris:
2734 3357 2826 3411 sed
2859 3357 3152 3412 honoratur
3203 3374 3322 3411 cum
3355 3359 3496 3412 tnui-

1909 3450 1976 3501 tis
2006 3456 2061 3501 et
2096 3462 2206 3516 prae
2235 3447 2416 3500 multis
2459 3446 2722 3511 Patrihus,
2757 3455 3006 3517 tanquam
3045 3447 3246 3501 Nicaeui
3276 3448 3494 3503 concilii

1907 3542 2109 3610 primus
2154 3540 2433 3602 existens;
2465 3548 2521 3593 ct
2571 3540 2917 3610 Eutychianis
2948 3541 3145 3594 nullam
3193 3541 3318 3595 hinc
3361 3544 3496 3596 invi-
3560 3603 3563 3605 ἓ

1906 3631 2047 3685 diam
2076 3632 2563 3695 contmoventihus,
2584 3631 2899 3685 solemnitcr
2923 3631 3060 3685 inter
3088 3646 3216 3685 suos
3243 3633 3495 3687 decesso-

1909 3738 1996 3778 res
2018 3737 2080 3777 ac
2097 3736 2439 3777 successores
2457 3722 2523 3775 ad
2550 3723 2807 3776 sacrificia
2833 3724 3153 3778 nominatur.
3181 3724 3245 3778 Et
3267 3725 3495 3779 fortasse

1909 3824 2193 3885 propterea
2224 3814 2354 3868 nihil
2387 3814 2511 3868 inde
2541 3820 2812 3877 accusant,
2847 3816 2968 3883 quia
2996 3814 3049 3869 in
3082 3815 3202 3882 hoc,
3236 3816 3379 3884 quod
3409 3818 3490 3870 ul-

1911 3908 2099 3963 timum
2147 3908 2442 3976 posuimus,
2497 3906 2802 3961 testimonio
2847 3907 2997 3971 dixit,
3050 3906 3275 3975 Propter
3326 3907 3491 3960 divini

1910 3999 2071 4054 Verbi
2094 3999 2556 4054 commixtionem.
2585 3998 2685 4053 Ubi
2711 3999 2852 4053 enim
2876 3999 3154 4053 memorati
3179 3999 3493 4070 Eutychiaui

1910 4088 1978 4143 ab
2002 4088 2186 4158 aliquo
2218 4088 2631 4157 praedicatorum
2667 4088 2922 4144 Ecclesia:
2948 4088 3150 4143 dictum
3196 4091 3493 4143 invenerint

1914 4179 2082 4234 Deum
2126 4178 2356 4234 Verbum
2398 4180 2597 4233 homini
2641 4194 2758 4234 esse
2788 4181 3164 4249 commixtum,
3198 4183 3491 4237 secundum

1911 4284 2067 4325 suum
2096 4270 2287 4341 dogma
2319 4271 2522 4325 dictum
2562 4270 2889 4326 existimant.

2539 4420 2763 4477 CAPUT
2789 4423 2851 4477 ll.

1915 4555 2064 4620 Quod
2106 4554 2245 4623 apud
2272 4554 2471 4605 beatum
2520 4553 2861 4605 Athanasium
2907 4554 3141 4621 qum/am
3168 4555 3488 4623 reperiuntur

228 4635 474 4704 ponenda
526 4648 649 4689 sunt
702 4635 973 4705 pr0priunt
1024 4636 1239 4691 habenti
1286 4646 1588 4705 sceptrum;
1641 4651 1811 4707 neque
1844 4633 1892 4690 Ι)
1986 4627 2283 4707 ἐοηῙιιὺιΜ
2310 4623 2535 4691 άεΙΙῖεέίία
2575 4624 2654 4675 his
2683 4638 2798 4691 ἥκω
2825 4626 2875 4675 δη
2906 4623 3172 4676 Τ¹¹εοάοτ⁰
3209 4626 3484 4691 τορνθηεη-

232 4729 409 4783 Verbo
434 4732 601 4797 ipsum
621 4745 840 4799 regnum
869 4732 1079 4785 habenti
1103 4731 1240 4798 quod
1260 4732 1417 4785 etiam
1441 4732 1596 4786 Pater
1620 4732 1808 4798 habet;

227 4820 325 4874 sed
358 4820 409 4873 itt
432 4818 640 4874 Christo
667 4820 982 4884 dicendum,
1004 4820 1251 4875 Dominus
1280 4822 1332 4874 in
1385 4826 1512 4874 cado
1550 4838 1808 4893 prtepara-

225 4912 298 4963 rit
352 4910 519 4963 sedem
568 4926 734 4963 suam.
764 4911 895 4964 Nam
945 4911 1179 4966 omnium
1233 4913 1389 4967 simul
1441 4924 1806 4967 creaturarum

229 4998 535 5053 dominator
582 5008 796 5068 propter
846 4999 1016 5053 divini
1082 5000 1240 5054 Verbi
1297 5001 1748 5056 contntixtionem.
1778 5022 1798 5055 ι

229 5092 521 5147 Attendant
560 5108 689 5162 ergo
728 5094 883 5162 quale
928 5094 998 5147 sit
1042 5095 1201 5147 etiam
1243 5094 1342 5148 hoc
1379 5093 1521 5163 quod
1564 5094 1657 5161 ait,
1690 5094 1802 5149 Non

230 5184 343 5239 Deo
366 5182 543 5239 Verbo
589 5200 806 5254 regnum
837 5185 1053 5240 habenti
1096 5187 1315 5241 alteram
1354 5198 1552 5240 sortem
1584 5202 1807 5256 appara-

1985 4696 2199 4747 duntur.

1984 4830 2140 4884 Multa
2173 4845 2299 4885 vero
2326 4812 2690 4899 superioribus
2732 4827 2923 4881 similia
2954 4844 3019 4881 ex
3063 4827 3217 4881 dictis
3244 4828 3481 4897 ejusdem

1910 4922 2051 4975 beati
2085 4922 2353 4975 Eustachii
2387 4919 2624 4988 proferre
2675 4933 2983 4988 possemus,
3013 4934 3129 4987 quae
3178 4929 3397 4988 possent
3429 4920 3482 4975 in

1907 5029 2016 5067 uno
2040 5012 2060 5042 ³
2090 5012 2304 5065 tractari
2354 4994 2656 5076 volumine;
2711 5011 2803 5063 sed
2833 5012 2930 5064 ista
2964 5010 3155 5078 legenti
3195 5010 3481 5075 sufﬁciant,

1905 5103 2155 5173 quoniam
2232 5105 2473 5155 volumus
2537 5101 2602 5154 ad
2673 5102 2897 5155 aliorum
2983 5102 3175 5169 scripta
3235 5102 3483 5168 transire,

1908 5194 1975 5249 de
2003 5195 2192 5259 quibus
2217 5208 2369 5262 teque
2399 5205 2503 5245 non
2530 5190 2706 5244 omnia
2734 5206 2852 5259 qutc
2883 5190 2965 5245 his
2989 5190 3183 5244 similia
3211 5190 3485 5261 dixerunt,

230 5286 364 5340 tant,
394 5275 485 5329 sed
515 5277 713 5347 potius,
742 5277 827 5332 cui
861 5292 966 5331 non
997 5281 1146 5334 adest
1175 5279 1317 5334 sedis
1364 5278 1619 5347 potentia,
1648 5279 1698 5332 id
1730 5287 1813 5333 est
1908 5284 2003 5339 sed
2032 5284 2205 5353 aliqua
2234 5282 2601 5336 tantummodo
2632 5281 2971 5351 proferimus.
3000 5281 3138 5348 Quid
3166 5297 3292 5352 ergo
3324 5282 3493 5336 etiam

230 5365 433 5421 homini
463 5367 680 5421 Christi.
709 5367 818 5422 Nec
847 5366 1035 5422 saltem
1078 5369 1226 5436 dixit,
1259 5368 1458 5423 homini
1494 5368 1586 5424 Dei
1634 5367 1810 5435 Verbi,

302 5507 333 5537 ⁸
373 5499 650 5569 Synodicaa
672 5501 947 5556 Athanasii
970 5501 1035 5555 ad
1060 5502 1418 5557 Antiocitenos
1445 5504 1644 5559 mentio
1674 5503 1808 5559 facta

223 5578 313 5625 est
360 5569 451 5623 lib.
499 5586 575 5635 vt,
604 5586 723 5625 cum
758 5572 826 5641 de
858 5573 1125 5641 hypostasi
1166 5587 1466 5641 ageremus.
1513 5574 1619 5629 Sed
1651 5574 1807 5628 aliam

220 5647 442 5694 constat
485 5644 760 5709 epistolam
790 5640 978 5707 fuisse,
1008 5642 1077 5697 de
1098 5640 1319 5711 qua’hic
1345 5658 1547 5700 sermo.
1573 5645 1811 5715 Apparet

301 5753 321 5785 ⁸
354 5750 487 5808 Cod.
520 5753 741 5819 Veron.,
770 5756 972 5810 virtute.

315 5825 339 5855 ⁸
377 5824 518 5879 idem
542 5826 683 5895 cod.,
704 5828 869 5881 minus
896 5827 1118 5897 provide.

1911 5385 2126 5429 sanctus
2144 5374 2465 5428 Athanasius
2492 5374 2633 5428 dicat
2657 5374 2710 5427 iu
2732 5373 2956 5443 epistola
2976 5373 3043 5428 ad
3067 5373 3431 5427 Antioeltenos
3459 5381 3489 5409 ⁸

1918 5522 2116 5579 autem,
2168 5511 2419 5581 quidquid
2446 5510 2512 5565 ad
2555 5510 2871 5581 refellendos
2898 5508 3281 5581 Apolinarjistas
3324 5507 3379 5581 in
3418 5519 3489 5563 ea

1917 5578 2198 5650 seripserit
2228 5624 2242 5648 ,
2294 5578 2560 5650 nunquam
2609 5578 2957 5634 Athanasium
3007 5582 3059 5650 in
3101 5578 3313 5631 Christo
3351 5578 3491 5629 duas

1918 5648 2173 5721 personas
2210 5648 2543 5717 distinxisse,
2573 5654 2667 5705 sed
2708 5652 2761 5705 in
2788 5662 2895 5703 una
2934 5648 3225 5716 eademque
3260 5658 3490 5715 persona

1989 5769 2009 5801 ³
2047 5769 2190 5824 idem
2220 5769 2367 5839 cod.,
2394 5781 2498 5821 non
2524 5781 2646 5826 uno.
