3978 6350
455 415 549 469 799

1527 408 1817 464 FACUNDI
1857 406 2063 463 EPISC.
2110 407 2172 461 lli
2203 406 2602 464 RMIANENSIS

3587 408 3693 465 800

454 538 709 590 debemus
740 535 1000 602 inspicere
1036 550 1047 584 ε
1085 551 1101 582 ι
1142 524 1235 585 ex
1261 528 1531 584 veteribus
1558 527 1699 583 enim
1730 525 1975 581 eruditus
2004 525 2019 555 ‘
2050 528 2097 585 Α
2126 525 2437 585 Theodorus
2457 525 2557 579 hoc
2573 525 2911 588 diceret,non
2933 523 3063 578 duos
3087 530 3309 591 tantum,
3329 537 3511 577 verum
3531 524 3689 579 etiam

454 638 507 682 et
534 627 664 696 legis
690 625 877 679 doctor
905 623 1162 688 existens,
1194 620 1480 677 Proverbia
1512 617 1815 673 Salomonis
1841 616 2025 684 legens

455 729 507 773 ct
546 718 679 771 duas
716 729 972 784 personas
1013 715 1081 769 de
1112 714 1334 769 Domino
1387 710 1693 776 inveniens,
1724 721 1882 762 unam
1912 706 2030 776 qui-

456 815 576 867 dem
606 813 746 867 circa
773 810 1042 865 hominem
1070 824 1225 879 quem
1253 823 1319 862 ex
1343 805 1506 861 Maria
1532 818 1632 874 pro
1654 802 1805 856 nobis
1822 802 2028 854 futurus

456 918 574 962 erat
618 919 913 967 assumere,
961 904 1180 957 alteram
1221 910 1398 955 autem
1440 898 1583 952 circa
1617 895 1843 950 Verbum
1886 891 2027 961 quod

458 1007 579 1052 ante
607 996 784 1050 omnia
813 992 1003 1047 saecuh
1028 1000 1230 1046 aeterne
1259 1005 1323 1045 ex
1353 990 1510 1043 Patre
1533 994 1712 1041 natum
1742 992 1855 1048 est;
1882 992 1936 1036 et
1962 981 2031 1035 de

460 1090 583 1143 Jecu
614 1087 826 1154 quidem
855 1100 917 1140 ex
946 1084 1105 1139 Maria
1136 1081 1320 1136 scribit
1342 1078 1628 1135 Timotheo
1661 1094 1674 1129 :
1710 1074 2033 1130 Memoresto

460 1180 716 1234 Christum
736 1176 911 1230 Jesum
933 1174 1265 1227 resurrexisse
1300 1188 1331 1224 a
1373 1170 1584 1225 mortuis
1612 1185 1674 1223 ea:
1696 1167 1883 1223 semine
1930 1165 2034 1218 Da-

460 1272 563 1331 vid,
597 1269 872 1323 sccmtdum
916 1267 1252 1336 Evangelium
1274 1280 1438 1317 meum
1463 1260 1549 1333 (II
1580 1261 1717 1315 Tim.
1744 1275 1802 1325 tt,
1834 1257 1890 1328 8)
1922 1275 1937 1323 ;
1968 1258 2036 1312 de

464 1372 572 1424 Deo
594 1369 770 1424 Verbo
795 1376 993 1433 autem,
1016 1365 1156 1433 quod
1180 1379 1299 1419 cum
1327 1364 1484 1418 Patrc
1506 1376 1717 1431 semper
1740 1368 1842 1423 est,
1872 1359 2029 1421 dixit,

465 1461 711 1527 quoniam
740 1469 816 1512 est
847 1456 1024 1511 omnia
1065 1458 1109 1510 ².
1147 1474 1165 1507 ι
1202 1454 1349 1508 Hauc
1377 1462 1552 1506 autem
1594 1450 1762 1504 sancti
1798 1447 2035 1502 Athana-

468 1555 530 1607 sii
581 1554 644 1608 ad
683 1550 1045 1608 Antiochenos
1083 1546 1383 1616 epistolam.
1416 1544 1467 1597 in
1520 1556 1620 1612 qua
1670 1542 1928 1607 scriptum
1956 1545 2039 1591 est

465 1645 596 1699 duas
625 1658 743 1699 esse
771 1656 1048 1711 personas,
1082 1637 1312 1691 hominis
1351 1633 1631 1699 assumpti,
1667 1643 1715 1687 et
1752 1631 1845 1683 Dei
1866 1629 2035 1683 Verbi

466 1734 807 1796 assumeutis,
838 1739 892 1784 et
917 1730 1018 1784 alia
1045 1728 1336 1796 Scriptura:
1358 1725 1518 1781 verba
1549 1723 1771 1777 Domino
1795 1722 1919 1776 Jesu
1947 1720 2038 1790 qui

467 1840 529 1878 ex
563 1822 749 1885 Maria,
783 1822 886 1874 alia
933 1834 1062 1873 vero
1098 1819 1205 1871 Deo
1233 1816 1407 1871 Verbo
1437 1826 1753 1881 congruere.
1787 1810 1838 1863 in
1893 1816 2037 1862 tanta

2128 624 2235 671 tres
2272 614 2425 670 Jesus
2469 616 2712 669 Cbristos
2740 613 3076 684 Eutychiani,
3100 612 3392 669 secundum
3438 627 3564 669 snas
3604 629 3694 669 ca-

2129 706 2376 771 lumnias,
2421 706 2473 760 in
2512 706 2597 759 his
2625 706 2802 762 verbis
2845 706 3169 776 signiﬁcatus
3212 707 3407 761 vellent
3446 705 3694 775 intelligi.

2127 798 2241 853 Non
2269 800 2408 852 enim
2440 798 2541 853 hoc
2576 798 2762 853 saltem
2790 799 2985 853 dictum
3014 806 3113 861 est,
3143 797 3294 853 Jesus
3336 797 3575 852 Christus
3600 814 3698 852 au-

2130 902 2258 955 tem,
2289 890 2378 961 qui
2403 890 2550 957 juxta
2590 891 2907 946 salvatorem
2943 888 3268 959 intelligitur.
3299 888 3393 944 sed
3421 889 3566 958 juxta
3598 888 3698 942 ho-

2130 985 2326 1038 minem
2356 984 2633 1038 salvatoris
2662 1001 2674 1035 :
2707 991 2765 1038 ut
2804 983 2964 1038 alium
2995 981 3342 1052 significatum
3387 995 3505 1038 esse
3551 980 3693 1035 dice.

2130 1086 2249 1133 rent
2293 1076 2474 1132 Jesum
2518 1076 2821 1141 Christum,
2858 1076 3018 1130 alium
3067 1088 3195 1129 vero
3240 1073 3506 1127 hominem
3553 1071 3699 1142 juxta

2132 1184 2289 1237 quem
2320 1178 2465 1224 esset
2495 1169 2609 1239 ipse
2633 1169 2787 1224 .lesus
2817 1168 3083 1232 Christus,
3114 1177 3168 1222 et
3196 1181 3381 1221 rursus
3409 1165 3569 1219 alium
3596 1165 3702 1218 sal-

2134 1268 2391 1324 vatorem,
2416 1259 2565 1329 cujus
2594 1274 2715 1315 esse
2752 1259 3017 1313 diceretur
3060 1257 3199 1312 idem
3231 1258 3413 1310 homo.
3440 1256 3623 1310 Denuo
3652 1256 3703 1307 in

2134 1350 2319 1404 eadem
2337 1350 2563 1419 epistola
2584 1351 2753 1415 :rEst,
2768 1350 2957 1419 inquit,
2980 1348 3205 1419 Spiritus
3224 1348 3346 1402 vitae
3358 1354 3572 1401 sanctus
3584 1361 3704 1399 cum

2138 1440 2293 1495 Patre
2320 1451 2371 1493 et
2395 1439 2532 1498 Filio
2554 1442 2611 1496 in
2633 1442 2856 1515 singulis
2881 1443 3252 1511 prophetarum
3282 1454 3374 1509 per
3406 1438 3706 1508 generatio.

2138 1550 2232 1593 nes
2263 1522 2550 1602 transiens,
2581 1536 2668 1605 qui
2695 1535 2892 1591 indicat
2920 1551 3039 1603 qua:
3064 1542 3221 1589 erunt
3250 1542 3303 1588 et
3322 1549 3439 1601 quxe
3469 1533 3705 1598 fuerunt,

2138 1626 2339 1682 habens
2378 1627 2559 1682 oculos
2590 1636 2713 1683 ante
2739 1635 2794 1682 et
2836 1635 2977 1696 post,
3006 1626 3106 1680 hoc
3143 1616 3414 1692 est,’Sicut
3454 1625 3706 1687 diximus,

2138 1716 2411 1772 scientiam
2434 1717 2728 1772 futurorum
2746 1725 2902 1786 atque
2922 1716 3332 1785 praeteritorum,
3353 1729 3471 1784 quae
3491 1714 3545 1767 in
3568 1713 3709 1767 Salo-

2137 1822 2296 1862 mone
2327 1815 2507 1862 narrat
2546 1821 2616 1862 ex
2662 1820 2888 1874 persona
2933 1805 3025 1859 lilii
3059 1804 3288 1860 hominis
3332 1818 3399 1858 ex
3444 1803 3627 1867 Maria,
3657 1811 3711 1856 et

469 1883 779 1967 auctoritate
798 1911 1054 1963 adversus
1091 1906 1469 1971 Apolinaristas
1498 1901 1724 1970 suscepil
1774 1899 2034 1961 Ecclesia,
2070 1883 2112 1942 Β
2140 1897 2259 1951 Filii
2293 1898 2384 1951 Dei
2412 1897 2588 1960 Verbi,
2616 1896 2851 1965 quod-ab
2879 1896 3031 1950 initio
3060 1901 3175 1948 crat
3200 1892 3339 1964 apud
3372 1892 3580 1947 Patrem
3614 1909 3631 1945 :
3660 1899 3711 1946 et

473 2012 529 2057 nt
577 2018 639 2056 ex
672 2001 759 2054 illa
799 1999 985 2053 haeresi
1015 1995 1264 2051 conversi
1311 2009 1405 2047 sua
1453 1991 1843 2055 subscriptione
1882 1988 1951 2041 ita
1981 2001 2042 2042 se

470 2107 659 2159 sapere
689 2089 998 2144 faterentur.
1030 2086 1181 2141 Unde
1216 2097 1499 2138 successor
1526 2079 1764 2151 ejusdem
1810 2077 2043 2133 Athama-

470 2184 535 2239 sii
566 2184 777 2243 Petrus,
804 2182 1045 2237 scribens
1076 2178 1139 2232 ad
1181 2177 1483 2246 episcopos,
1516 2173 1857 2243 presbyteros
1883 2178 2043 2238 atque

473 2276 730 2329 diaconos
772 2275 859 2342 qui
890 2273 988 2327 sub
1020 2271 1242 2325 Valente
1290 2270 1615 2348 imperatore
1657 2266 2042 2319 Diocrcsaream

474 2366 679 2419 inierant
716 2365 931 2420 exsules
959 2362 1129 2423 missi,
1162 2378 1181 2412 ‹
1215 2360 1342 2415 Siue
1368 2360 1478 2413 Deo
1506 2359 1701 2427 quippe
1725 2366 1824 2418 est,
1854 2358 2043 2424 inquit,

471 2468 524 2513 ct
544 2459 596 2513 in
626 2457 873 2512 omnibus
899 2453 1182 2521 reprobus,
1213 2452 1302 2519 qui
1332 2465 1437 2503 non
1468 2449 1753 2504 conﬁtetur
1779 2448 2044 2516 integrum

472 2548 742 2601 hominem
769 2547 1003 2600 salvasse
1032 2544 1261 2596 adventu
1290 2555 1387 2595 suo
1411 2538 1765 2594 Salvatorem.
1802 2538 1869 2590 Et
1888 2540 1930 2591 si
1959 2547 2044 2593 tn-
2081 2574 2086 2579 -

471 2646 580 2690 tum
606 2637 791 2701 salvat,
817 2644 983 2689 totum
1016 2632 1326 2699 assumpsit,
1360 2645 1464 2683 non
1496 2629 1550 2682 in
1590 2628 1914 2696 adjutorium
1942 2629 2047 2684 sal-

470 2725 717 2788 vationis,
748 2724 839 2779 sed
881 2723 945 2777 ad
977 2722 1136 2776 totius
1159 2721 1523 2775 salvationem.
1558 2719 1742 2773 Nullus
1784 2735 1910 2786 ergo
1961 2721 2046 2787 pie

472 2834 531 2874 se
561 2832 747 2885 sapere
772 2816 1086 2869 existimans
1134 2812 1363 2867 infidelis
1391 2811 1557 2878 magis
1584 2811 1794 2865 existat.
1830 2810 1886 2863 Si
1917 2824 2045 2865 vero

469 2920 710 2975 qumrere
750 2903 947 2967 studet,
976 2902 1141 2955 discat
1191 2916 1254 2956 ex
1294 2901 1519 2968 epistola
1557 2914 1713 2968 quam
1758 2900 1824 2955 ad
1857 2900 2044 2954 Antio-

468 2998 666 3052 chenos
694 2997 860 3049 beatae
889 2994 1157 3047 memorizc
1185 2991 1465 3060 episcopus
1496 2990 1816 3045 Athanasius
1837 2991 2043 3059 scribit,

470 3090 558 3143 nbi
588 3088 765 3141 omnia
805 3086 1085 3155 diligenter
1112 3084 1350 3151 exponit,
1382 3095 1537 3151 quam
1584 3081 1762 3151 legere
1790 3081 2050 3150 incipien-

470 3188 551 3234 tes
579 3176 881 3239 orthodoxi,
909 3183 962 3227 et
990 3175 1057 3227 ita
1089 3188 1279 3241 sapere
1325 3181 1380 3227 et
1426 3171 1807 3242 subscripsisse
1851 3173 2049 3227 contir-

2142 1986 2272 2041 duas
2298 2000 2553 2055 personas
2574 1985 2896 2055 signiﬁcans,
2928 1985 2995 2041 de
3022 1985 3235 2039 homine
3261 1983 3473 2052 quidem
3500 1998 3569 2037 ex
3596 1981 3712 2035 Ma-

2143 2079 2218 2132 ria
2247 2086 2426 2131 creato
2453 2086 2508 2133 et
2549 2078 2826 2145 plasmata,
2856 2076 2924 2131 de
2952 2076 3047 2131 illo
3088 2090 3215 2129 vero
3238 2074 3325 2144 qui
3360 2082 3484 2127 ante
3515 2072 3712 2127 saecula

2144 2177 2221 2223 est
2270 2168 2385 2223 sine
2421 2168 2698 2237 principio,
2738 2176 2795 2221 et
2844 2175 3058 2221 aeterna:
3108 2164 3416 2221 nativitatis.
3446 2163 3710 2229 Quoniam

2144 2274 2270 2327 ergo
2298 2252 2580 2312 verborum
2612 2251 2940 2325 seductores,
2967 2267 3022 2313 et
3048 2273 3153 2311 non
3184 2257 3371 2313 eruditi
3399 2257 3588 2325 spiritu
3618 2257 3716 2310 ob-

2144 2358 2417 2403 servantes
2464 2362 2647 2405 errare
2682 2349 2873 2403 iaciant
2920 2348 3458 2409 indoctos,direntes,
3502 2360 3530 2399 a
3577 2360 3715 2412 qua—

2144 2440 2441 2510 dringentis
2467 2439 2620 2494 annis
2640 2448 2720 2493 est
2745 2440 2982 2506 operatio
3004 2438 3239 2506 corporis
3264 2437 3494 2500 Domini,
3514 2446 3568 2490 ct
3587 2453 3714 2503 quo-

2146 2532 2305 2584 modo
2336 2531 2389 2583 in
2416 2544 2535 2586 eum
2567 2530 2780 2600 quidam
2808 2528 3045 2584 referunt
3066 2527 3203 2596 quod
3227 2526 3425 2581 dictum
3455 2536 3539 2580 est
3563 2544 3575 2578 :
3606 2526 3710 2580 Do-

2146 2621 2312 2675 minus
2332 2621 2517 2674 crearit
2559 2636 2639 2674 me
2664 2619 2965 2688 principium
2992 2619 3184 2672 viarum
3210 2632 3419 2670 suarum
3461 2617 3514 2669 in
3563 2633 3715 2680 opera

2144 2714 2255 2783 ejus
2281 2709 2462 2780 (Prov.
2492 2724 2605 2775 vnt,
2626 2708 2744 2779 22),
2767 2724 2886 2763 cum
2909 2710 3046 2763 dicat
3065 2709 3335 2777 Srriptura
3355 2716 3477 2762 ante
3506 2718 3715 2763 montes

2144 2808 2199 2856 et
2236 2800 2421 2864 colles,
2452 2807 2575 2852 ante
2614 2798 2789 2854 fontes
2815 2807 2869 2853 et
2896 2807 3017 2854 ante
3047 2799 3295 2853 sacculum
3313 2793 3631 2868 generatum
3662 2806 3721 2852 et

2144 2890 2414 2945 creatum?
2437 2888 2562 2943 Haec
2576 2888 2812 2944 dicentes
2834 2905 2862 2943 a
2884 2889 3195 2959 quibusdam
3220 2889 3415 2943 laudari
3440 2897 3719 2959 putantur,

2146 2995 2251 3036 non
2278 2980 2574 3035 dividentes
2586 2994 2703 3049 qua:
2728 2993 2948 3048 persona
2973 2980 3280 3048 prophetico
3301 2980 3487 3047 spiritu
3510 2978 3574 3033 de
3596 2993 3715 3032 cor-

2144 3084 2273 3141 pore
2317 3070 2523 3125 Domini
2555 3071 2773 3137 clamat,
2801 3080 2853 3125 et
2880 3085 2996 3139 quae
3030 3070 3098 3125 de
3127 3078 3321 3124 aterna
3349 3071 3463 3135 ejus
3498 3084 3527 3122 a
3557 3069 3717 3123 Patre

2145 3164 2488 3232 generatione
2512 3162 2688 3216 docet.
2728 3179 2747 3214 ι
2782 3162 2917 3216 Sunt
2944 3160 3109 3215 multa
3138 3161 3332 3216 similia
3380 3162 3439 3214 in
3477 3162 3579 3215 bac
3604 3162 3715 3229 epi-

468 3279 633 3325 tuant.
685 3287 703 3320 ι
748 3268 803 3321 ln
831 3266 1016 3321 eadem
1046 3280 1172 3333 ergo
1221 3264 1284 3317 ad
1327 3262 1686 3318 Antiochenos
1715 3262 1962 3328 epistola,
1991 3265 2042 3316 in
2074 3258 2118 3319 C
2148 3258 2281 3308 stola
2325 3270 2442 3323 qua:
2490 3254 2743 3308 adversus
2791 3253 3175 3322 Apoliuaristas
3223 3252 3360 3306 dicta
3417 3252 3717 3306 Nestoriaai

469 3376 571 3428 qua
610 3361 781 3414 beata:
810 3357 1082 3412 memoria:
1121 3356 1428 3421 episcopum
1462 3354 1805 3407 Athanasium
1834 3367 2047 3407 succes—

469 3469 560 3508 sor
579 3452 695 3521 ejus
717 3452 905 3504 Petrus
931 3448 1107 3503 omnia
1126 3446 1406 3517 diligenter
1424 3446 1736 3514 exposuisse
1754 3446 2041 3509 perhibuit,

469 3544 570 3595 hoc
606 3554 818 3609 quoque
841 3537 1144 3591 continetur
1175 3553 1187 3588 :
1218 3535 1371 3589 Jesus
1399 3533 1631 3590 Christus
1660 3536 1770 3589 heri
1797 3544 1844 3590 et
1873 3536 2045 3602 hodie,

468 3635 575 3700 ipse
603 3643 646 3686 et
674 3634 725 3685 in
752 3631 935 3684 smcula
964 3629 1147 3701 (Hebr.
1188 3643 1301 3693 xm,
1335 3626 1411 3680 8i.
1451 3646 1470 3679 ι
1504 3627 1629 3683 Ileri
1660 3626 1871 3697 quidem
1922 3636 2045 3682 ante

467 3722 665 3778 smcula
695 3721 1171 3792 sempiternitatem
1211 3720 1511 3789 siguiticat;
1543 3719 1702 3772 hodie
1731 3727 1904 3775 autem
1935 3727 2045 3772 ter-

468 3829 651 3867 renum
677 3814 925 3867 szeculum
946 3830 961 3878 ;
986 3813 1037 3866 in
1064 3812 1254 3866 smeula
1273 3824 1421 3872 vero,
1447 3819 1561 3877 post
1586 3810 1862 3863 transitum
1888 3809 2045 3877 hujus

469 3904 610 3958 vitae.
639 3903 795 3959 Iesus
823 3904 1070 3957 Christus
1111 3910 1311 3969 autem,
1336 3901 1424 3968 qui
1452 3898 1599 3968 juxta
1632 3899 1900 3952 hominem
1940 3899 2051 3952 sal-

466 3996 664 4049 vatoris
692 3995 1027 4062 intellig'tur,
1055 4007 1157 4045 non
1180 3999 1263 4045 est
1290 3990 1400 4056 ipse
1425 4007 1436 4041 :
1463 3988 1548 4056 qui
1569 3990 1707 4042 enim
1736 3999 2042 4055 provectum

467 4085 641 4138 :etatis
657 4084 909 4151 suscepit,
928 4080 1208 4149 aliquando
1227 4078 1400 4131 infans
1419 4077 1674 4136 existens.
1689 4078 2041 4144 etaliquando

467 4174 552 4226 vir
580 4172 837 4239 incipiens
861 4170 1009 4238 quasi
1040 4182 1300 4221 annorum
1331 4167 1422 4229 50,
1454 4166 1589 4219 sicut
1613 4166 1685 4219 ait
1714 4165 1906 4231 Lucas,
1936 4183 2040 4220 non

470 4269 647 4328 potest
686 4261 800 4330 ipse
844 4274 985 4314 esse.
1040 4278 1060 4311 ι
1104 4256 1377 4323 Quomodo
1407 4257 1583 4325 itaque
1608 4256 1892 4311 Theodoro
1917 4272 2043 4312 con-

468 4356 719 4408 demnato
741 4369 844 4407 non
864 4353 1024 4408 etiam
1051 4351 1371 4405 Athanasius
1400 4359 1699 4413 accusetur,
1724 4348 1874 4416 quasi
1904 4348 2038 4404 duos

467 4447 641 4511 Jesus,
674 4454 728 4500 et
769 4446 901 4499 duos
930 4444 1169 4497 Christus
1208 4442 1485 4503 docuerit;
1534 4440 1655 4508 quia
1696 4441 1922 4508 primum
1955 4441 2032 4494 1ο-

468 4552 636 4605 quens
664 4536 729 4591 de
758 4535 877 4589 Jesu
918 4534 1149 4595 Chrism,
1177 4535 1264 4599 qui
1311 4539 1393 4585 est
1432 4530 1544 4585 heri
1574 4539 1630 4585 et
1660 4529 1816 4584 hodie
1856 4530 1908 4585 in
1939 4544 2042 4584 sa:-

2144 3358 2355 3412 quoque
2384 3344 2435 3397 in
2462 3342 2806 3397 assertionem
2834 3343 2914 3396 sui
2936 3341 3133 3398 erroris
3161 3349 3449 3395 assumant.
3477 3341 3582 3396 Sed
3611 3357 3715 3396 non

2118 3434 2267 3488 ‘ideo
2287 3435 2606 3489 Athanasius
2626 3445 2717 3489 aut
2744 3434 2858 3504 ejus
2887 3435 3125 3489 doctrina
3155 3434 3452 3511 damnanda
3483 3444 3586 3489 est.
3619 3434 3717 3503 lgi-

2147 3536 2231 3580 tur
2261 3541 2359 3581 nec
2388 3527 2700 3581 Theodorus
2743 3539 2833 3581 aut
2870 3527 2985 3594 ejus
3025 3527 3265 3581 doctrina
3304 3525 3423 3580 ideo
3448 3526 3662 3581 dicatur
3687 3544 3723 3582 a

2145 3616 2350 3688 synodo
2372 3616 2619 3671 debuisse
2648 3615 2907 3669 damnari.
2945 3614 3047 3669 Sed
3084 3615 3149 3669 ad
3181 3615 3282 3668 alia
3317 3612 3433 3682 ejus
3460 3616 3725 3682 opuscula-

2147 3706 2373 3761 transire
2402 3705 2717 3775 delegimus.
2740 3704 2874 3760 Dicit
2905 3705 3082 3774 itaque
3107 3706 3245 3758 idem
3266 3704 3450 3759 beatus
3481 3704 3717 3759 Athana-

2145 3802 2254 3855 sius
2295 3801 2346 3855 in
2376 3800 2707 3870 expositione
2735 3798 2961 3870 symboli
3001 3807 3026 3836 ⁸
3072 3816 3086 3851 :
3131 3817 3150 3850 ι
3195 3797 3295 3865 Qui
3326 3798 3378 3851 in
3411 3798 3519 3851 [ine
3541 3812 3719 3852 sarcu-

2144 3892 2315 3947 lurum
2359 3890 2691 3947 descendens
2730 3905 2793 3943 cx
2824 3890 2942 3942 sinu
2983 3888 3152 3942 Patris
3184 3892 3201 3911 ⁶
3223 3929 3237 3951 ,
3268 3904 3331 3943 ex
3378 3888 3718 3942 immaculata

2143 3980 2358 4050 Virgine
2386 3980 2543 4034 Maria
2591 3988 2832 4033 nostrum
2880 3977 3165 4043 assumpsit
3215 3977 3481 4030 hominem
3529 3976 3716 4031 Jesum

2144 4071 2430 4134 Christum,
2451 4084 2605 4138 quem
2642 4083 2735 4135 pro
2756 4068 2908 4121 nobis
2936 4067 3162 4136 passioni
3185 4066 3429 4130 tradidit;
3459 4085 3478 4118 ι
3512 4075 3566 4121 ει
3596 4077 3721 4136 post

2144 4174 2327 4229 pauca,
2345 4177 2362 4209 ι
2390 4156 2708 4225 Principium
2732 4156 2936 4209 viarum
2958 4154 3201 4208 conditus
3224 4154 3375 4208 nobis
3387 4155 3533 4207 estin
3548 4164 3713 4217 terra,

2141 4260 2270 4315 quas
2306 4246 2351 4269 “
2389 4245 2544 4298 nobis
2581 4243 2812 4298 ostendit
2833 4242 2899 4298 de
2922 4243 3150 4297 tenebris
3174 4242 3620 4306 lumen,salutem
3646 4258 3714 4298 ex

2141 4353 2343 4403 errore,
2371 4335 2531 4391 vitam
2560 4350 2625 4390 ex
2648 4334 2892 4401 mortuis,
2917 4332 3189 4387 introitum
3220 4333 3285 4386 ad
3316 4334 3621 4401 paradisum
3647 4335 3721 4388 de

2139 4441 2245 4494 quo
2261 4424 2509 4481 exclusus
2534 4432 2616 4479 est
2641 4424 2808 4478 Adam
2834 4441 2849 4488 ;
2893 4423 2943 4477 in
2966 4437 3123 4492 quem
3154 4423 3343 4477 iterum
3368 4423 3592 4476 intravit
3620 4439 3711 4492 per

2140 4518 2420 4583 latronem,
2437 4516 2566 4571 sicut
2587 4515 2718 4569 dixit
2733 4514 3012 4568 Dominus:
3036 4512 3202 4567 Hodie
3215 4528 3410 4565 mecum
3439 4513 3537 4565 eris
3560 4515 3613 4566 in
3633 4531 3723 4581 pa-

467 4604 604 4692 cula,
633 4637 810 4695 postea
842 4627 971 4679 dixit
1007 4624 1125 4692 quia
1154 4623 1308 4677 Jesus
1341 4622 1605 4685 Christus,
1632 4620 1720 4688 qui
1761 4620 1909 4687 juxta
1942 4618 2039 4673 ho-

2143 4609 2314 4661 radiso
2333 4607 2479 4673 (Luc.
2501 4620 2650 4670 xxnt,
2672 4604 2761 4674 45)
2782 4622 2796 4669 ;
2818 4619 2925 4672 quo
2950 4614 3003 4658 et
3038 4604 3229 4658 Paulus
3251 4604 3492 4666 intravit,
3525 4618 3716 4657 ascen.

470 4721 666 4772 minem
697 4718 976 4771 salvatoris
1018 4715 1345 4783 intelligitur,
1380 4728 1483 4767 non
1514 4721 1593 4765 est
1621 4710 1754 4775 ipse,
1787 4717 1841 4763 et
1869 4710 2034 4763 ratio-

470 4823 591 4863 nem
620 4808 835 4875 subiicit
874 4822 969 4861 cur
997 4806 1108 4874 ipse
1137 4818 1255 4859 esse
1284 4818 1389 4858 non
1416 4801 1620 4870 possit?
1648 4803 1960 4869 Quanquam
1993 4800 2036 4854 si

471 4940 600 4992 duas
616 4947 828 4992 naturas
848 4937 1221 5006 perfectasﬂva
1243 4933 1311 4994 εἷς
1330 4933 1359 4994 ἦ
1379 4937 1441 5006 τᾴ
1462 4933 2035 5006 ἑκάτεραετέᾌειοςκᾳτὰ

469 5008 660 5072 πάντα,
688 5010 811 5067 Θεὸς
851 5000 929 5061 irai
973 5005 1230 5072 ἅνθρωπος
1259 5004 1453 5064 ὁαὺτός·
1486 5020 1499 5056 :
1532 5000 1649 5072 qlia:
1679 5002 1841 5072 ipsius
1871 5000 2037 5054 Allia-

470 5078 602 5132 nasii
643 5078 802 5132 verba
850 5086 971 5129 sunt
1017 5071 1473 5130 libronadversus
1522 5071 1885 5141 Apolinarium
1916 5072 2034 5143 περί

577 5170 775 5200 γωσεως
805 5170 1047 5200 λοιστου.

470 5156 775 5235 cupresso-sat:
802 5156 1047 5219 Χριστοῦ.
1279 5213 1290 5223 ο
1902 5208 1914 5221 ⁸

530 5226 569 5252 ’³
630 5219 827 5277 Εκθεσις
869 5219 1091 5274 πίστεως
1135 5212 1438 5267 inscribitur
1482 5209 1619 5277 apud
1663 5207 2030 5262 Athanasmm.

471 5284 525 5337 ln
550 5285 668 5349 hac,
694 5296 750 5337 ut
772 5286 823 5339 in
847 5285 965 5337 aliis
986 5300 1146 5353 saepe,
1164 5282 1353 5353 vitioso
1377 5294 1501 5353 usus
1524 5280 1922 5353 estinterprete
1943 5277 2038 5353 Fa-

468 5348 692 5417 cundus,
719 5355 807 5421 qui
843 5352 908 5409 ὧν
957 5348 1078 5422 ιιι-θ’
1103 5354 1167 5406 ὥν
1220 5348 1518 5422 legeratjn
1551 5348 1656 5422 illis
1687 5348 1862 5422 verbis
1888 5350 2033 5422 ᾇρχή

464 5423 591 5479 ὁδῶν
619 5418 832 5495 δεξιᾷ-θεὶς
854 5418 995 5495 νήμῖῦ,
1030 5425 1077 5475 ἐν
1103 5430 1163 5495 τῇ
1184 5428 1245 5491 ’γῇ
1277 5419 1360 5495 ὧν)
1393 5418 1572 5481 ἔδειξεν
1598 5420 1711 5486 ἡμῖν
1739 5418 1798 5495 ἐκ.
1819 5418 2032 5495 auo-roof

465 5502 587 5565 φῶς.
629 5486 947 5562 Principium
986 5486 1384 5544 'viuru'nt'nobis
1414 5492 1599 5556 factus,
1629 5501 1745 5550 cum
1782 5486 1836 5538 in
1885 5486 2033 5537 terris

533 5623 549 5654 '
591 5621 728 5678 Cod.
757 5623 978 5690 Veron.,
1006 5622 1234 5675 eruditus
1260 5616 1541 5686 apostolus,
1573 5626 1616 5669 et
1633 5615 1781 5685 legis.

532 5734 564 5811 .‘A
587 5731 714 5811 llaec
750 5739 965 5786 exstant
992 5728 1129 5799 apud
1159 5726 1507 5783 Athanasium
1542 5733 1671 5779 tom.
1708 5723 1747 5789 l,
1781 5737 1899 5792 pag.
1931 5720 2023 5788 99,

462 5799 590 5894 edn.
610 5800 763 5937 23.34
784 5867 1147 5937 Athanasium,
1178 5864 1602 5940 ibid.,pag.100,
1635 5864 1725 5922 ubi
1754 5841 2019 5949 ltlontiau-

2142 4713 2258 4752 sum
2287 4699 2337 4751 in
2373 4698 2588 4761 coelum,
2617 4710 2721 4763 quo
2765 4709 3057 4763 praecursor
3107 4708 3203 4765 pro
3231 4694 3384 4750 nobis
3438 4694 3716 4762 ingressus

2140 4796 2223 4843 est
2262 4787 2557 4842 dominicus
2587 4785 2747 4839 homo
2776 4782 2826 4851 lt,
2856 4785 2907 4839 in
2938 4798 3043 4854 quo
3078 4783 3407 4853 judicaturus
3437 4792 3522 4839 est
3563 4785 3717 4839 vivos

2139 4933 2437 4989 versaretur,
2457 4921 2616 4975 lucem
2654 4920 2795 4975 nobis
2822 4920 2893 4973 de
2913 4918 3122 4972 tenebris
3149 4917 3392 4989 exhibuit.

2210 4992 2236 5031 ι)
2277 4986 2518 5068 κυριοέκὸς
2552 4989 2835 5068 ἆχρρῳπος.
2888 4989 3190 5068 Ποιιιίιιειιι⁹
3218 4986 3551 5068 dominicum
3608 4988 3715 5068 diei

2142 5063 2316 5128 aliqua
2346 5056 2548 5115 'ratione
2574 5056 3021 5128 Cliristumposse
3043 5070 3146 5128 non
3177 5056 3438 5110 inliciatur
3464 5059 3712 5128 Augusti-

2140 5126 2260 5196 nus,
2290 5131 2398 5195 ipse
2423 5138 2596 5182 tamen
2622 5127 2900 5197 aliquando
2927 5141 2955 5179 a
2977 5140 3036 5180 se
3056 5126 3250 5197 dictum
3273 5136 3529 5197 retractat
3558 5126 3652 5180 lib.
3672 5142 3712 5189 ι,

2140 5194 2351 5266 cap.l9,
2366 5214 2483 5253 cum
2499 5200 2565 5252 sit
2578 5194 2755 5265 utique
2774 5197 3043 5266 Dominus.
3058 5196 3224 5266 Quam
3236 5196 3396 5248 etiam
3412 5194 3710 5266 obcausam

2139 5263 2544 5338 Apolinaristas,
2599 5263 2737 5335 quod
2769 5268 2838 5338 ita
2872 5265 3014 5338 loqui
3031 5265 3296 5338 _sn_l_erent,
3326 5264 3551 5332 castigat
3576 5263 3710 5338 Gre-

2137 5331 2315 5405 gorius
2343 5331 2706 5391 Nazianzenus
2731 5336 2891 5405 epist.
2923 5331 2954 5388 li
2982 5334 3049 5388 ad
3077 5331 3390 5405 C_|edonium
3409 5351 3438 5405 7:
3467 5331 3544 5392 es
3575 5336 3716 5405 ὁσίαί

2138 5400 2389 5478 ’ἶτίιιτωσοεγρ
2420 5408 2606 5478 inquit,
2648 5406 2692 5478 oi
2720 5400 2991 5478 ἆιῖθρῳποι,
3034 5401 3159 5478 μηδὲ
3188 5404 3593 5478 ἀπατᾲσοωςᾳν,
3626 5400 3709 5456 ἄν·

2137 5480 2333 5553 θρωπον
2356 5474 2504 5531 boue
2536 5474 2909 5547 dexéjssvotrov
2933 5474 3181 5549 κυριακὸν,
3210 5475 3278 5532 ὡς
3313 5474 3457 5527 αὐτοὶ
3480 5474 3706 5545 λέγουσι’

2203 5609 2224 5639 ¹
2263 5606 2404 5661 Idem
2442 5604 2590 5672 cod.,
2618 5613 2732 5659 ante
2760 5603 2949 5658 omnia.

2128 5718 2314 5772 conius
2330 5715 2615 5785 legendum
2638 5712 2852 5782 conjicit
2870 5714 2922 5766 iu
2944 5721 3094 5775 terra,
3120 5727 3171 5767 tn
3188 5727 3312 5785 om.
3338 5710 3701 5785 Grgcasunt:

2126 5790 2268 5875 ἁρχὴ
2319 5779 2444 5842 ὁδῶν
2490 5787 2705 5849 κτισθεὶς
2736 5779 2891 5856 ἦμῶν,
2923 5785 2972 5837 ἐν
2995 5790 3057 5855 τῇ
3076 5792 3139 5857 γῇ
3172 5782 3257 5849 ὧν,
3282 5784 3394 5854 ἡμῖν
3427 5779 3625 5847 ἴδιιξεν,
3649 5803 3701 5833 ιν.

2126 5880 2173 5913 τ.
2200 5880 2244 5911 Λ.
