3992 6344
258 285 363 341 801

256 408 318 454 ει
363 406 627 456 mortuos.
669 420 688 454 ι
733 402 799 457 Et
836 416 956 473 post
1003 404 1272 475 aliquanta
1320 426 1334 461 :

258 491 346 546 lus
389 506 511 562 quze
542 494 699 548 nobis
727 495 940 551 condita
969 507 1052 552 est
1079 499 1146 554 ad
1179 501 1561 569 plantationcm
1591 512 1856 571 nostram,

258 600 404 640 nova
435 595 518 641 est
544 594 599 641 et
626 601 731 641 non
763 598 933 654 vetus,
964 590 1122 647 nobis
1152 601 1337 648 etnon
1362 594 1440 650 eis
1465 596 1554 665 qui
1586 606 1712 651 ante
1740 612 1858 663 nos,

256 677 418 731 Jesus
443 678 535 745 qui
589 678 606 757 ξ
655 679 810 747 juxta
857 681 1178 739 salvatorem
1228 685 1400 740 factus
1430 697 1512 741 est
1563 688 1742 755 homo,
1773 690 1861 758 qui

257 770 647 836 interpretatur
681 780 865 838 pastor
892 781 940 840 ⁸,
972 773 1137 842 salus,
1167 776 1433 831 interdum
1478 779 1636 834 etiam
1678 780 1861 834 salva-

259 869 368 913 tor.
412 877 430 910 ι
476 859 882 916 Calumnientur
922 863 1082 933 igitur
1114 875 1167 919 et
1208 866 1351 932 huic,
1384 859 1634 939 tanqitam
1665 882 1858 924 secun-

258 952 389 1005 dum
420 951 723 1007 Nestorium
768 953 995 1008 alterum
1026 954 1222 1013 dicenti
1253 958 1447 1014 Filium
1476 959 1593 1026 Dei,
1631 960 1858 1015 alterum

256 1055 391 1095 vero
438 1051 682 1096 nostrum
717 1042 989 1099 hominem
1021 1044 1204 1100 Jesum
1236 1048 1509 1104 Christum
1543 1067 1555 1102 :
1590 1050 1712 1119 quia
1746 1065 1853 1108 non

256 1132 333 1187 ait
373 1132 566 1188 Filium
603 1134 697 1188 Dei
722 1136 1068 1205 semetipsum
1100 1137 1384 1195 tradidisse
1412 1155 1508 1210 pro
1539 1142 1715 1208 nobis,
1747 1144 1856 1197 sie-

260 1232 317 1275 ut
361 1222 648 1292 Apostolus
697 1224 865 1289 dixit;
916 1226 1009 1279 sed
1041 1228 1215 1295 potius
1265 1230 1388 1297 quia
1438 1231 1601 1304 Filius
1632 1219 1851 1290 descen-

259 1314 393 1367 dens
421 1330 487 1367 ex
512 1314 631 1368 sinu
668 1314 841 1369 Patris
868 1319 1161 1385 assumpsit
1187 1330 1430 1375 nostrum
1462 1322 1730 1378 hominem
1761 1326 1852 1381 Je-

260 1420 380 1459 sum
431 1402 704 1459 Christum
740 1424 751 1459 :
787 1409 983 1477 quem?
1034 1410 1135 1465 hoc
1180 1413 1323 1481 quod
1371 1413 1445 1468 ait
1487 1417 1507 1446 ²
1550 1416 1854 1474 dominicus

260 1498 444 1563 homo,
470 1500 522 1552 in
546 1513 651 1567 quo
673 1498 1008 1567 judicaturus
1035 1512 1119 1556 est
1142 1504 1297 1557 vivos
1319 1514 1372 1559 et
1399 1516 1638 1561 mortuos
1656 1548 1670 1573 ,
1701 1512 1852 1577 quasi

257 1591 417 1646 devio
447 1604 608 1645 sensu
635 1591 864 1647 alterum
895 1594 1159 1662 putaverit
1191 1596 1476 1672 Dominum
1508 1599 1725 1667 Filium,
1758 1604 1848 1672 qui

255 1682 590 1751 judicaturus
612 1682 855 1738 estvivos
872 1693 924 1738 et
942 1696 1212 1751 mortuos;
1242 1670 1468 1743 alterum
1502 1705 1628 1744 vero
1669 1670 1845 1745 donii-

258 1770 435 1824 nilum
463 1770 755 1835 hominem,
782 1772 836 1825 in
859 1788 964 1841 quo
989 1773 1330 1843 judicaturus
1358 1790 1459 1833 est.
1492 1778 1840 1837 Calumnien-
1875 1795 1922 1856 Β
1950 1770 2118 1862 tilum,
2163 1770 2228 1852 εί
2266 1800 2370 1853 alia
2401 1800 2421 1830 ιι
2442 1800 2559 1870 ejus
2603 1804 2884 1872 superiora

257 1873 344 1916 tur
368 1861 527 1917 etiam
550 1864 691 1933 quod
723 1863 969 1920 similiter
996 1867 1091 1932 ait,
1120 1867 1277 1924 Jesus
1304 1878 1410 1936 εει,
1439 1872 1528 1941 qui
1565 1871 1717 1941 juxta
1744 1875 1873 1931 sal-_

255 1964 495 2009 vatorem
524 1954 693 2010 factus
723 1964 804 2011 est
835 1956 1016 2024 homo,
1047 1958 1292 2015 dicentes
1312 1963 1453 2031 quod
1482 1977 1544 2018 ex
1572 1979 1638 2020 eo
1664 1965 1849 2022 Jesum

255 2062 287 2100 a
329 2048 599 2104 salvatore
639 2048 904 2117 diviserit,
927 2052 1179 2122 quoniam
1204 2068 1328 2109 eum
1346 2055 1496 2123 juxta
1520 2057 1848 2112 salvatorem

256 2141 434 2210 potius
454 2157 613 2213 quam
652 2144 971 2199 salvatorem
999 2145 1154 2200 dixit.
1183 2145 1412 2215 Scripsit
1448 2148 1609 2203 etiam
1650 2149 1847 2206 librum

253 2242 441 2287 contra
485 2233 802 2288 Manichmos
842 2233 892 2300 δ,
934 2237 1088 2305 cujus
1124 2238 1442 2307 principium
1488 2248 1572 2293 est
1602 2256 1615 2292 :
1647 2237 1851 2295 Dissol-

253 2323 324 2374 vit
354 2338 575 2376 errorem
620 2326 823 2389 veritas,
870 2323 923 2378 in
969 2341 1077 2395 quo
1124 2327 1203 2381 sic
1244 2327 1363 2382 ait:
1395 2345 1413 2379 ι
1439 2327 1664 2393 Quando
1701 2332 1846 2386 enim

256 2412 531 2468 hominem
577 2413 760 2469 Jesum
798 2414 976 2481 video,
1008 2416 1251 2486 intelligo
1279 2418 1456 2488 qualis
1490 2431 1601 2484 est;
1634 2421 1848 2490 quando

254 2514 438 2559 autem
470 2505 690 2561 modum
720 2507 1091 2576 contemplor,
1120 2508 1359 2564 admiror
1387 2525 1561 2580 neque
1590 2526 1845 2581 agnosco,

255 2597 478 2651 mutatio
522 2597 718 2667 quippe
755 2596 1170 2652 admirationem
1202 2608 1440 2669 praestat.
1484 2599 1549 2654 Et
1589 2602 1846 2657 essentia:

253 2679 471 2757 quidem
520 2698 740 2744 mutata:
787 2705 893 2744 non
942 2699 1092 2759 sunt,
1124 2700 1310 2746 manet
1337 2692 1480 2746 enim
1509 2707 1709 2762 corpus
1737 2707 1841 2750 non

253 2778 481 2833 alterum
504 2779 750 2835 eﬁectum
779 2799 791 2833 :
819 2796 991 2851 neque
1013 2781 1156 2837 enim
1175 2796 1368 2852 corpus
1388 2782 1442 2837 in
1470 2783 1843 2854 incorporeum

254 2885 471 2924 versum
495 2881 599 2940 est,
634 2886 807 2942 neque
832 2874 1012 2927 anima
1041 2874 1209 2930 altera
1242 2889 1339 2945 per
1365 2877 1653 2931 essentiam
1680 2879 1845 2934 ειειί⁴

252 2960 336 3015 tit.
364 2960 467 3016 Sed
499 2963 837 3018 manentibus
878 2964 1131 3020 essentiis
1159 2967 1334 3020 studia
1365 2981 1471 3022 non
1503 2977 1839 3025 manserunt.

251 3049 598 3122 Nequaquam
641 3054 785 3107 enim
826 3054 1135 3108 essentialia
1177 3062 1302 3109 sunt
1331 3055 1686 3112 studia:nam
1726 3072 1839 3113 ma-

1124 292 1257 349 ι)ηο
1295 295 1727 355 DEFENSIONE
1770 300 1987 359 TRIUM
2027 304 2340 366 (ὶιῐιιτυι.
2387 310 2516 367 UB.
2566 314 2653 371 XI.

3444 332 3549 387 802

1383 428 1403 463 ς
1448 412 1469 431 ⁹
1502 411 1575 465 Ea
1606 427 1735 469 vero
1763 429 1849 469 sa-
1878 419 1926 477 A
1957 438 2058 494 qua
2106 424 2312 479 ratione
2354 426 2457 481 sub
2495 428 2840 488 anathemate
2866 436 3229 495 condemnato
3260 442 3548 503 Theodoro

1965 514 2189 583 ejusque
2233 514 2597 585 dogmatibus,
2636 521 2917 579 Athanasii
2962 530 3131 596 possit
3160 530 3402 599 doctrina
3447 537 3555 591 de-

1966 603 2132 671 fendi,
2163 605 2210 660 si
2245 607 2539 662 secundum
2579 610 2865 668 verborum
2909 630 3095 684 sonos,
3129 630 3183 674 et
3212 639 3317 677 non
3358 641 3550 682 secun-

1964 694 2090 749 dum
2118 696 2310 751 mentis
2342 696 2692 755 intentionem
2730 702 3018 771 jndicanda
3058 720 3180 763 sunt
3210 712 3348 768 dicta
3376 716 3547 785 majo-

1963 788 2118 841 rum?
2151 798 2205 843 ct
2236 788 2465 843 doceant
2495 806 2614 859 qua:
2655 795 2877 851 mutatio
2919 799 2970 852 in
3001 800 3215 857 homine
3245 805 3370 859 Jesu
3408 806 3546 862 facta

1962 890 2067 949 est,
2095 896 2199 935 non
2230 883 2447 938 mutatis
2474 886 2755 952 essentiis;
2781 889 2863 942 vel
2887 905 3009 959 quae
3031 892 3083 947 itt
3110 895 3198 948 illo
3218 899 3390 951 studia
3416 900 3545 968 ipsis

1963 974 2307 1031 manentibus
2348 977 2599 1033 essentiis
2643 993 2749 1035 non
2795 995 3125 1039 manserunt.
3175 987 3302 1043 llaae
3328 992 3469 1045 enim
3500 995 3542 1045 si

1961 1062 2275 1120 Theodorus
2320 1066 2650 1123 inveniretur
2688 1070 2913 1139 dixisse,
2942 1075 3019 1129 sic
3047 1092 3169 1131 eum
3212 1080 3543 1137 detestor-en-

1962 1162 2067 1219 tur,
2097 1155 2250 1223 quasi
2294 1156 2567 1212 Christum
2596 1174 2626 1213 a
2660 1161 2918 1228 pravitate
2948 1164 3071 1219 vine
3097 1175 3154 1220 et
3182 1182 3212 1219 a
3243 1168 3398 1221 malis
3426 1182 3542 1222 stn-

1963 1246 2070 1300 diis
2100 1249 2165 1301 ad
2197 1249 2422 1304 meliora
2452 1252 2626 1306 studia
2658 1256 3003 1322 przedicasset
3031 1274 3152 1316 esse
3181 1276 3499 1318 conversum
3528 1283 3539 1317 :

1908 1358 1913 1363 υ
1957 1338 2100 1406 quod
2124 1338 2449 1397 Athanasius
2480 1343 2723 1412 profecto
2748 1361 2854 1401 non
2881 1349 3069 1416 sensit,
3088 1363 3142 1406 et
3168 1353 3308 1406 absit
3333 1370 3359 1406 a
3386 1356 3540 1409 nobis

1959 1440 2016 1486 ut
2060 1432 2162 1488 hoc
2203 1433 2351 1489 illum
2399 1438 2636 1493 sensisse
2683 1440 2987 1507 credamus,
3032 1443 3172 1512 quod
3221 1461 3325 1498 non
3367 1448 3538 1501 solum

1957 1524 2224 1591 personati
2246 1523 2532 1596 divisione,
2558 1528 2698 1583 sicut
2723 1529 3022 1599 Nestorius,
3059 1534 3327 1588 hominem
3359 1535 3539 1591 Jesutn

1954 1627 1984 1665 a
2029 1612 2140 1668 Deo
2182 1613 2377 1681 Verbo,
2420 1632 2603 1673 verum
2655 1620 2817 1675 etiam
2861 1623 3050 1678 studiis
3092 1640 3197 1679 non
3246 1626 3403 1681 bonis
3439 1630 3537 1682 ali-

1954 1706 2169 1773 quando
2213 1715 2427 1775 putaret
2468 1708 2635 1765 fuisse
2680 1712 2952 1768 divisum!
2986 1715 3151 1771 Porro
3195 1725 3250 1771 et
3281 1719 3382 1773 hoc
3410 1720 3535 1773 ulti-

2929 1820 3051 1875 qnae
3097 1810 3535 1874 memoravimus,

1957 1886 2346 1944 intellectorem
2386 1904 2653 1961 quaerunt.
2684 1892 2816 1949 Nam
2845 1910 2969 1950 cum
3012 1899 3103 1952 Dei
3136 1899 3403 1968 adjutorio
3447 1905 3537 1956 de-

1956 1976 2245 2033 fenduntur
2266 1980 2435 2036 multo
2459 1981 2664 2037 facilius
2685 1999 2844 2053 quam
2869 1986 2984 2054 ipse
3009 1988 3192 2042 beatus
3214 1989 3536 2046 Athanasius

1954 2067 2195 2140 Dionysii
2224 2071 2307 2126 sui
2334 2072 2635 2129 decessoris
2664 2074 2808 2130 dicta
2850 2075 3111 2132 defendit.
3149 2077 3216 2132 Et
3258 2094 3537 2147 possemus

1950 2160 2168 2231 quidem
2195 2162 2311 2219 haec
2339 2165 2475 2235 ipsa,
2508 2180 2606 2235 pro
2649 2166 2898 2222 facultate
2927 2183 3085 2238 quam
3114 2169 3370 2224 Dominus
3401 2186 3533 2241 pra»

1950 2262 2076 2321 stat,
2100 2255 2369 2323 quomodo
2397 2264 2543 2310 recte
2573 2256 2939 2327 intelligantur
2966 2259 3272 2326 ostendere,
3304 2269 3361 2314 et
3388 2262 3535 2315 benis

1948 2357 2056 2413 gno
2104 2358 2169 2399 ac
2212 2344 2301 2414 pio
2348 2344 2492 2401 Patri
2542 2347 2681 2401 hanc
2722 2348 2775 2402 in
2813 2348 2927 2402 suis
2964 2348 3122 2403 dictis
3160 2350 3321 2405 ofﬁcii
3364 2350 3531 2431 vicem

1949 2434 2254 2502 redhibere,
2286 2437 2429 2505 quod
2461 2437 2578 2506 ipse
2604 2440 2749 2507 prius
2777 2441 2830 2492 in
2867 2440 3024 2495 dictis
3058 2441 3294 2512 Dionysii
3326 2443 3409 2496 sui
3440 2443 3530 2498 de-

1946 2526 2178 2581 cessoris
2205 2525 2476 2593 exhibuit;
2523 2528 2625 2583 nisi
2673 2530 2795 2600 quia
2844 2530 3060 2600 longum
3101 2540 3205 2599 est,
3247 2542 3305 2587 et
3346 2534 3396 2587 in
3429 2534 3529 2588 hoc

1946 2626 2111 2683 opere
2134 2627 2242 2670 non
2266 2616 2466 2686 scripta
2497 2619 2880 2673 veneraltilium
2912 2619 3129 2675 Patrum
3158 2622 3525 2691 interpretari,

1944 2707 2039 2762 sed
2089 2707 2551 2778 Eutychianorum
2592 2712 2892 2766 calumnias
2941 2727 3040 2783 pro
3082 2728 3278 2783 magna
3322 2717 3529 2785 synodo

1943 2797 2224 2854 confutare
2254 2801 2620 2869 suscepimus;
2649 2817 2877 2872 quarum
2909 2804 3201 2873 repulsioni
3226 2806 3445 2871 sufﬁcit,
3481 2809 3525 2862 si

1945 2891 2069 2945 talia
2094 2893 2175 2947 vel
2204 2892 2511 2948 difﬁciliora
2537 2894 2619 2949 his
2641 2909 2741 2964 pro
2757 2894 2950 2964 quibus
2971 2896 3039 2951 ab
3060 2909 3124 2951 ea
3145 2896 3331 2952 dicunt
3350 2898 3527 2953 Theo-

1941 2978 2133 3035 dorum
2162 2989 2216 3037 ει
2254 2981 2372 3051 ejus
2400 2983 2745 3039 laudatricem
2776 2986 3058 3054 epistolam
3090 2985 3343 3043 debuisse
3372 2989 3525 3043 dam-

1945 3072 2081 3139 nari,
2119 3074 2469 3130 ostendantur
2503 3076 2583 3130 illi
2634 3077 2823 3131 Patres
2866 3076 3086 3143 dixisse,
3128 3093 3263 3148 quos
3307 3079 3527 3150 culpare

251 3152 443 3197 nerent
464 3159 585 3199 cum
615 3147 891 3212 essentiis,
922 3153 977 3201 et
1007 3161 1111 3201 non
1143 3144 1503 3203 auferrentur.
1527 3168 1545 3202 ›
1576 3150 1633 3205 Si
1659 3151 1839 3206 omnia
1867 3153 1913 3217 C
1944 3179 2051 3221 ηοη
2083 3167 2301 3223 andem,

250 3248 371 3302 qua:
400 3249 497 3303 pro
525 3249 620 3288 sua
651 3235 940 3289 Stoliditate
968 3236 1135 3289 nostri
1168 3247 1582 3304 praesumptores
1610 3253 1711 3294 nec
1747 3239 1841 3295 de-

250 3321 476 3377 fendere
503 3337 601 3376 nec
632 3323 935 3392 intelligere
964 3324 1101 3379 bene
1131 3325 1424 3394 potuerint,
1470 3342 1569 3397 pro
1606 3329 1841 3397 ipsorum

252 3412 533 3468 voluntate
561 3412 861 3468 damnanda
893 3423 1017 3468 sunt
1044 3432 1056 3466 :
1082 3415 1352 3483 quomodo
1382 3430 1488 3471 non
1534 3418 1695 3483 etiam
1742 3420 1842 3475 ista

250 3504 556 3559 damnanda
586 3504 773 3559 sunt’?
800 3513 891 3561 aut
916 3506 962 3561 si
992 3506 1106 3561 haec
1133 3506 1271 3562 bene
1299 3508 1597 3578 intelligere
1624 3520 1845 3577 possunt

249 3607 410 3665 atque
437 3595 749 3673 defendere,
787 3611 885 3653 cur
914 3601 1223 3655 nonetiam
1269 3600 1359 3655 illa
1401 3601 1691 3669 Theodori,
1723 3618 1842 3673 quae
1922 3644 1923 3647 η

249 3688 305 3743 in
354 3688 542 3758 synodi
586 3670 1044 3745 Chalcedonensis
1090 3690 1455 3761 praeiudicium
1494 3670 1773 3762 culpantur
1795 3694 1838 3763 ⁸,

249 3777 389 3836 bene
433 3780 740 3850 intelligunt
771 3793 933 3852 atque
962 3781 1296 3838 defendunt?
1336 3784 1473 3839 Ecce
1515 3784 1842 3842 Athanasius

252 3871 354 3925 hoc
385 3872 546 3925 etiam
594 3871 748 3937 dicit,
780 3872 905 3941 quia
933 3885 1053 3926 cum
1104 3871 1321 3926 modum
1365 3874 1759 3943 contemplatur
1788 3876 1839 3931 in

251 3960 470 4015 homine
497 3961 648 4029 Jesu,
681 3961 998 4028 admiratur,
1030 3976 1207 4032 neque
1232 3963 1494 4031 agnoscit,
1522 3978 1589 4019 eo
1619 3965 1759 4034 quod
1789 3967 1840 4021 ei

248 4052 471 4105 mutatio
517 4050 927 4106 admirationem
972 4061 1215 4121 praestat.
1262 4052 1451 4108 Dicant
1496 4066 1628 4122 ergo
1682 4054 1840 4110 nobis

248 4208 434 4283 μᾶλλρν
457 4206 513 4283 δέ
530 4211 613 4283 tota
636 4209 812 4283 κύριον
831 4210 971 4283 ἡμῶν
993 4210 1078 4283 atati
1106 4205 1276 4283 8:6v_:
1310 4206 1395 4283 Ne
1422 4207 1555 4283 alios
1577 4208 1839 4283 decipiant

249 4276 477 4349 homines
498 4278 604 4342 isti,
627 4276 717 4331 nec
742 4276 1191 4349 ipsidecipiantur,
1223 4276 1474 4332 hominem
1503 4280 1832 4349 dominicum,

248 4355 302 4398 ut
325 4347 422 4421 ipsi
436 4348 734 4412 loquuntur,
752 4347 829 4401 uel
850 4348 1018 4421 potius
1039 4347 1316 4402 Dominum
1336 4360 1565 4403 nostrum
1575 4358 1631 4404 et
1648 4347 1834 4421 Deum,

248 4417 427 4487 mentis
454 4428 706 4487 camertem
735 4420 1051 4485 proﬁtentes.

2544 3278 2770 3335 CAPUT
2807 3280 2892 3335 Ill.

1947 3387 2099 3457 Quod
2134 3388 2520 3457 Amphilochius
2551 3389 2833 3446 Iconiensis
2877 3392 3065 3447 similia
3103 3392 3257 3451 etiam
3287 3394 3350 3447 iis
3398 3394 3525 3449 scri-

2141 3461 2300 3529 pserit
2327 3476 2443 3530 qua:
2472 3463 2527 3515 in
2563 3461 2831 3516 Theodoro
2860 3463 3323 3532 reprehenduntur.

2017 3591 2181 3667 Igitur
2217 3599 2275 3646 et
2317 3605 2383 3645 ex
2423 3592 2578 3647 dictis
2619 3593 2763 3648 beati
2802 3592 3160 3663 Amphilochii
3206 3593 3521 3652 lconiensisc

1942 3680 2182 3753 episcopi
2208 3681 2382 3748 aliqua
2414 3682 2766 3749 proferamus,
2794 3698 2954 3753 quem
3003 3692 3058 3740 et
3093 3684 3523 3754 sapientissimus

1942 3774 2176 3832 Joannes
2204 3773 2572 3831 Antiochenus
2601 3789 2723 3828 cum
2763 3774 3014 3830 orientali
3055 3777 3284 3831 concilio
3324 3779 3523 3847 proha-

1943 3872 2209 3927 tissimum
2264 3870 2541 3927 doctorem
2601 3871 3009 3941 pronuntiavit,
3066 3881 3123 3926 et
3175 3871 3524 3940 imperatores

1943 3960 2228 4018 Gratianus
2255 3970 2310 4017 et
2336 3961 2505 4032 major
2523 3963 2543 3994 ⁸
2568 3961 2902 4018 Theodosius
2922 3963 3090 4018 talem
3118 3962 3521 4033 judicaverunt,

1940 4066 2000 4113 ut
2047 4057 2423 4128 praeciperent,
2470 4056 2611 4113 sicut
2652 4064 2846 4128 quarto
2891 4055 3029 4113 libro
3067 4056 3521 4123 memoravimus,

1938 4227 2097 4280 quam
2128 4211 2183 4267 in
2215 4210 2430 4266 nomine
2456 4209 2581 4265 Jesu
2610 4209 2751 4279 quod
2778 4210 2863 4264 hic
2892 4224 3172 4279 perperam
3206 4209 3384 4273 verbis
3413 4210 3519 4265 illis

1939 4284 2201 4338 intextum
2229 4291 2329 4346 est,
2360 4296 2457 4336 nec
2486 4281 2681 4347 legitur
2718 4281 2857 4350 apud
2894 4280 3265 4349 Serapionem,
3320 4280 3413 4351 qui
3452 4282 3518 4335 de

1939 4353 2005 4409 iis
2033 4352 2351 4431 hominibus
2392 4359 2609 4431 tantum?
2628 4352 2733 4421 agit
2779 4352 2868 4421 qui
2909 4367 2936 4404 a
2959 4352 3155 4431 pravis
3183 4352 3423 4431 moribus
3451 4351 3516 4431 ad

1941 4423 2162 4479 meliora
2190 4421 2365 4475 studia
2394 4419 2812 4489 convertuntur,
2831 4422 2971 4488 quod
3003 4421 3070 4474 de
3098 4420 3311 4476 Christo
3332 4419 3512 4473 Domi-

319 4495 347 4562 ξ
386 4486 446 4562 ltt
472 4484 679 4562 Grieco,
696 4484 768 4547 πῆ
788 4484 878 4562 μὲν
904 4489 1154 4560 σωτηρία,
1179 4484 1323 4562 inﬁdi
1355 4490 1550 4560 σωτήρ,
1568 4487 1833 4545 interdum

1948 4508 2009 4548 no
2032 4492 2269 4562 cogitare
2298 4490 2518 4559 impium
2546 4498 2647 4562 est.
2672 4484 2861 4557 Quare
2875 4490 3124 4545 Facundo
3147 4489 3399 4558 imposuit
3425 4490 3515 4558 qui

250 4555 699 4619 salus,interdum
724 4555 961 4612 salvator
985 4571 1000 4610 :
1030 4555 1196 4623 quare
1224 4556 1311 4609 hic
1333 4555 1611 4624 perperam
1636 4567 1831 4624 pastor.

315 4624 345 4663 δ
384 4626 545 4681 Tituli
572 4626 750 4696 hujus,
771 4625 856 4680 vel
880 4625 1105 4690 exordii,
1129 4625 1305 4696 nullus
1327 4626 1485 4679 hodie
1506 4626 1640 4680 liber
1659 4636 1836 4684 exstat

245 4694 546 4765 Athanasii.
578 4694 837 4765 congruit
865 4704 1042 4749 autem
1070 4704 1127 4748 et
1152 4694 1357 4765 titulus,
1386 4704 1440 4749 et
1464 4698 1742 4751 exordium
1770 4699 1835 4753 li-

243 4763 343 4821 bro
355 4766 666 4834 Serapionis
676 4763 949 4820 Thmueos
962 4764 1195 4834 episcopi
1218 4763 1473 4834 adversus
1492 4766 1829 4832 Manichaeos,

241 4837 291 4888 in
324 4833 499 4904 eoque
526 4844 651 4889 sunt
679 4837 837 4890 verba
869 4850 988 4905 quae
1019 4834 1209 4905 recitat
1236 4833 1535 4901 Facundus,
1568 4846 1623 4891 et
1650 4838 1836 4892 tribuit

241 4905 562 4962 Athanasio.
596 4907 703 4961 Sed
728 4904 899 4961 levior
929 4905 985 4959 in
1012 4904 1245 4959 auctoris
1274 4905 1487 4961 nomine
1510 4906 1654 4961 fraus
1674 4908 1836 4962 fuerit

311 5042 333 5073 ¹
373 5040 505 5129 Cod.
528 5037 918 5107 Veron.,Jesus
946 5044 1039 5104 est,
1062 5034 1171 5107 qui.
1193 5034 1394 5091 Textus
1414 5036 1630 5092 Graecus
1652 5033 1832 5105 habet,

245 5113 440 5171 Ἰησοῦς
469 5113 626 5166 ἔστιν.

314 5183 335 5212 ²
379 5181 518 5235 Idem
542 5180 686 5242 cod.,
716 5180 895 5233 Jesum
923 5175 1205 5241 Christum,
1235 5191 1383 5244 quem
1412 5192 1505 5245 pro
1538 5173 1685 5227 nobis
1716 5186 1832 5230 tra-

245 5252 373 5304 didit
396 5252 638 5319 passioni.
670 5248 1060 5306 Calumnientur
1083 5257 1130 5301 et
1153 5247 1248 5302 hoc
1272 5248 1408 5315 quod
1428 5249 1521 5312 ait,
1544 5246 1829 5300 dominicus

260 5336 413 5387 torno,
440 5331 543 5377 etc.

315 5441 338 5480 δ
360 5444 697 5534 Athanasius
716 5495 729 5517 ,
762 5452 914 5534 ἰιιίιὶ.3
961 5464 1081 5519 pag.
1111 5448 1317 5534 ξομ-Ἠ
1344 5447 1399 5528 δὲ
1418 5449 1825 5534 ,κςτισᾷεῖςαῌήμῖν

245 5529 316 5589 si;
347 5528 701 5598 καταφύτευμα
724 5526 973 5604 awrnpia,
1002 5524 1161 5604 καινὴ.
1181 5524 1261 5572 καὶ
1300 5524 1359 5603 ςλὺ
1378 5524 1598 5604 arulam},-
1617 5524 1736 5593 ἡμῖν
1767 5538 1821 5604 τῖε

245 5587 327 5651 an
347 5600 403 5652 οὐ
427 5587 526 5672 «is
545 5587 703 5665 ἡμῶν.
726 5587 923 5653 Ἰησοῦς
949 5590 1111 5653 ἔστιν,
1142 5587 1319 5672 κριτά
1355 5589 1437 5640 τὸν
1458 5596 1671 5672 saneea;
1683 5587 1825 5672 ,γενό-

245 5687 392 5737 μενος
412 5656 670 5743 ademi-rrec
692 5663 745 5724 ὃς
769 5665 1067 5739 ἐρμήνευται
1170 5660 1258 5738 μέν
1282 5656 1625 5743 σεωττιρρίθοξτπῆ
1644 5656 1695 5711 δέ
1719 5677 1825 5743 φω-

245 5724 439 5813 enim
462 5724 542 5794 est
576 5752 587 5787 ε
623 5724 804 5789 Creoni
828 5724 986 5805 'porro
1013 5724 1236 5785 nobisin
1268 5724 1631 5796 plantationem
1657 5728 1821 5795 salus,

1939 4564 2081 4618 hunc
2106 4560 2159 4616 ei
2186 4563 2357 4615 locum
2389 4560 2673 4631 suggessit.

2018 4642 2041 4670 ο
2062 4630 2210 4694 Quod
2232 4625 2480 4699 Superius
2493 4625 2573 4684 'de
2602 4629 2893 4682 Athanasio
2919 4629 3116 4699 dictum
3145 4636 3247 4699 est,
3276 4625 3419 4699 idem
3448 4626 3514 4683 de

1940 4697 2316 4771 Amphilochio
2363 4700 2416 4754 in
2464 4698 2548 4754 his
2592 4698 3034 4771 ejusﬂsententiis
3082 4697 3510 4765 intelligendum,

1939 4769 2073 4826 duas
2102 4771 2156 4825 in
2184 4770 2401 4825 Christo
2443 4779 2661 4824 naturas
2690 4769 3014 4837 distinguere
3035 4808 3049 4832 ,
3081 4782 3185 4821 non
3234 4781 3511 4836 personas.

1941 4840 2052 4895 Hoc
2078 4841 2219 4896 enim
2249 4839 2449 4895 diserte
2477 4839 2746 4907 professus
2771 4847 2853 4893 est
2882 4839 2934 4893 in
2974 4837 3197 4908 epistola
3228 4838 3294 4892 ad
3322 4838 3511 4893 Seleu-

1940 4910 2103 4977 cium,
2135 4925 2292 4984 quam
2324 4911 2452 4967 citat
2482 4908 2755 4975 Leontius,
2777 4914 2868 4969 τὴν
2906 4915 2995 4966 τοῦ
3026 4915 3154 4966 Θεοῦ
3178 4913 3402 4984 μορφήν,
3430 4912 3514 4966 καὶ

2010 5046 2031 5077 ³
2051 5045 2189 5101 Idem
2213 5045 2358 5114 cod.,
2388 5046 2719 5100 damnentur.

2008 5115 2031 5147 ⁸
2047 5116 2189 5170 Idem
2212 5117 2357 5183 cod.,
2382 5116 2611 5185 culpant.

2004 5187 2026 5218 ⁸
2052 5186 2195 5241 Idem
2219 5186 2365 5250 cod.,
2395 5188 2506 5241 illa.

2003 5256 2023 5287 °
2041 5255 2187 5312 idem
2212 5256 2362 5322 cod.,
2391 5265 2437 5312 et
2465 5256 2851 5313 Valentinianus
2872 5267 2918 5312 et
2942 5261 3128 5331 major.

1927 5443 2058 5500 noua
2080 5435 2127 5483 et
2155 5445 2257 5482 non
2298 5430 2526 5500 antiqua,
2553 5430 2695 5484 nobis
2722 5439 2769 5485 et
2795 5447 2894 5484 non
2919 5441 3039 5485 ante
3067 5447 3177 5495 nos,
3206 5430 3362 5484 Jesus
3380 5433 3507 5500 est,

1926 5499 2013 5566 qui
2052 5509 2318 5576 (ιιιιιιεηιιξ⁸
2342 5497 2788 5576 Salvator,_factus_
2825 5511 2898 5555 est
2945 5505 3095 5576 homo
3126 5516 3145 5554 :
3169 5513 3282 5565 quae
3305 5497 3507 5576 quidem

1926 5584 2046 5639 uox,
2059 5567 2232 5637 Jesus,
2247 5570 2522 5639 aliquando
2541 5572 2702 5633 salus,
2718 5571 2993 5638 aliquando
3014 5572 3237 5625 salvator
3251 5567 3504 5622 redditur.

1928 5638 2062 5697 Hinc
2084 5638 2521 5698 Facundiversio
2550 5639 2913 5697 reformanda.
