3992 6344
473 309 575 370 805

475 423 594 479 illos
635 420 781 476 solos
823 420 1077 473 ecclesias
1109 420 1307 465 habere
1334 422 1422 476 qm
1466 420 1533 459 ex
1577 420 1820 473 prmotcu
1866 420 2039 453 saucu

478 510 828 582 Amphilochii
855 516 909 562 et
930 503 1173 566 Diodori,
1197 510 1357 569 atque
1378 499 1604 551 aliorqu
1625 492 1877 548 similium
1898 501 2044 545 com-

481 580 731 660 munione
780 595 1028 651 catholici
1081 590 1451 660 probarentur.
1502 585 1599 640 llic
1648 583 1824 651 itaque
1873 580 1941 634 de
1986 592 2051 634 eo

482 695 620 763 quod
649 693 843 746 dictum
870 695 971 753 est,
1005 682 1104 749 Qui
1137 682 1272 734 misit
1304 695 1380 731 me
1411 677 1581 739 Pater,
1627 675 1794 742 major
1834 686 1913 724 me
1954 676 2048 734 est,

483 760 601 841 cum
631 792 935 838 sermonem
966 776 1190 837 faceret,
1221 773 1373 838 cujus
1402 779 1479 822 est
1511 764 1853 836 principium,
1885 760 2052 814 Labo-

485 892 594 929 rare
626 889 718 926 nos
755 871 868 939 fecit
900 876 1155 919 certamen
1199 863 1569 923 Ita'reticorttm,
1609 858 1685 910 sic
1715 859 1826 908 ait:
1853 871 1870 904 ι
1893 851 2056 907 Vides

487 965 626 1033 quod
660 963 832 1031 major
877 967 960 1012 est
998 958 1153 1011 Pater
1194 954 1405 1008 dicente
1433 950 1626 1004 Eamus
1667 946 1880 1018 (Matth.
1914 956 2054 1006 uri,

488 1030 605 1125 Ilii),
638 1030 978 1107 nondicente
1002 1064 1014 1099 :
1042 1044 1347 1098 Inhabitabo
1377 1042 1427 1094 in
1457 1041 1525 1094 eis
1555 1051 1598 1092 et
1625 1035 1946 1090 ittambutabo
1973 1030 2056 1100 (Il

490 1148 608 1199 Cor.
641 1141 857 1211 γι,16).
890 1139 1048 1192 Vides
1095 1136 1232 1206 quod
1277 1132 1449 1202 major
1487 1139 1568 1184 est
1608 1129 1761 1182 Pater
1805 1127 2056 1178 dicente:

494 1236 606 1304 Ego
637 1249 748 1286 sum
775 1231 888 1284 uitis
920 1227 1097 1297 (Joan.
1129 1240 1218 1290 xv,
1251 1223 1327 1291 l),
1361 1236 1464 1274 non
1495 1219 1744 1273 dicente:
1772 1215 1880 1283 Ego
1910 1211 2061 1283 plan-

484 1328 596 1380 ἰιιιεὶ
634 1325 784 1379 vitem
813 1310 981 1374 ceram
1012 1316 1146 1389 (Jer.
1173 1329 1234 1383 ιι,
1265 1312 1380 1382 2t).
1412 1312 1476 1366 Et
1497 1318 1552 1363 ut
1581 1323 1686 1363 non
1726 1308 1940 1373 longum
1969 1317 2063 1355 ex-

497 1417 709 1472 tendam
739 1424 1037 1467 sermonem
1063 1417 1112 1472 ι,
1143 1405 1400 1470 breviter,
1442 1401 1714 1462 hmreticc,
1746 1407 1801 1452 te
1828 1394 2062 1463 requiro.

497 1508 593 1573 Qui
619 1514 772 1560 natus
801 1511 883 1555 est
909 1516 975 1554 ex
1006 1498 1114 1553 Deo
1137 1504 1261 1550 ante
1287 1493 1503 1557 saecula,
1531 1503 1719 1560 passus
1747 1494 1850 1552 est,
1879 1498 1946 1538 an
1977 1481 2064 1552 qui

497 1572 560 1650 ex
592 1593 760 1648 David
792 1593 842 1645 in
870 1588 1068 1645 ultimis
1098 1584 1426 1653 temporibus
1452 1588 1737 1652 generatus
1767 1585 1850 1631 est
1879 1572 2067 1630 Jesus?

499 1687 554 1741 Si
585 1685 800 1754 quidem
847 1679 1094 1734 divinitas
1126 1689 1277 1745 passa
1307 1681 1409 1740 est,
1441 1670 1622 1726 dixisti
1654 1666 2066 1754 blasphemiam;

1554 290 1845 349 FACUNDI
1887 283 2096 342 EPiSC.
2141 279 2638 337 HERMIANENSIS

823 414 1077 473 ecclesias
1109 410 1307 465 habere
1334 406 1422 476 qui
1466 419 1533 459 ex
1577 401 1820 473 prmdicti
1866 395 2039 453 sancti
2067 395 2115 450 Α
2142 391 2382 448 ascendit
2428 391 2493 445 ad
2539 391 2751 445 Patrem
2782 402 3003 445 sumens
3045 385 3242 452 habet,
3275 399 3382 440 non
3426 385 3515 455 qui
3558 386 3736 440 estin

3625 275 3738 329 8οι

2153 487 2330 542 Patre.
2352 503 2371 537 ι
2405 485 2474 539 Ει
2502 486 2553 539 in
2587 484 2688 539 hoc
2715 484 2833 538 loco
2860 489 3160 547 accusetur,
3186 477 3329 549 quod
3356 492 3462 532 non
3489 493 3612 534 eum
3641 479 3739 548 qui

2154 589 2238 634 est
2265 580 2318 632 in
2343 579 2502 633 Patre
2528 578 2657 632 dicit
2679 591 2799 631 esse
2839 574 2930 644 qui
2960 573 3203 629 ascendit
3231 572 3296 625 ad
3327 572 3559 626 Patrem.
3593 571 3739 625 Rur-

2157 686 2249 727 sus
2275 672 2340 726 de
2363 685 2428 726 eo
2455 671 2596 740 quod
2623 670 2950 733 dictum-est,
2973 667 3146 731 Pater,
3161 666 3206 719 si
3226 664 3340 733 ﬁeri
3361 673 3545 732 potest,
3567 673 3741 715 trans-

2154 774 2239 818 eat
2268 780 2298 816 a
2327 779 2404 817 me
2431 763 2572 815 catia:
2599 761 2712 828 iste,
2747 759 2900 827 cujus
2939 759 3149 811 initium
3178 765 3280 823 est,
3306 753 3452 808 Tunc
3479 755 3612 806 sicut
3641 753 3744 804 mi-

2157 856 2232 908 tes
2273 852 2561 923 legitimus,
2604 850 2679 904 ita
2724 849 2904 902 dicit:
2941 845 3040 901 «Si
3085 845 3226 899 enim
3273 852 3484 912 oportet
3543 841 3742 895 Filium

2161 943 2392 997 hominis
2422 940 2580 1007 tradi,
2605 938 2874 1009 quomodo
2899 937 3054 1004 dicis,
3081 936 3124 989 si
3150 935 3259 988 fieri
3284 944 3478 1004 potest,
3505 942 3744 987 transeat

2160 1035 2299 1090 calix
2330 1033 2465 1087 iste?
2493 1031 2714 1087 omnino
2742 1037 2921 1083 autem
2949 1029 2994 1082 si
3026 1027 3129 1096 pati
3157 1025 3398 1091 nolebas,
3429 1025 3558 1093 quid
3585 1023 3742 1077 dice-

2163 1126 2279 1192 bas,
2315 1133 2551 1178 transeat
2594 1122 2734 1177 calix
2781 1121 2912 1176 iste?
2951 1120 3064 1174 Non
3097 1133 3196 1188 ego
3238 1117 3326 1188 qui
3375 1116 3570 1171 coelum
3615 1115 3742 1183 feci,

2164 1218 2254 1287 qui
2286 1215 2500 1270 fundavi
2531 1225 2752 1277 terram,
2784 1211 2876 1266 sed
2899 1209 3194 1266 secundum
3219 1217 3270 1263 te
3300 1208 3464 1262 homo
3491 1206 3622 1262 dicit
3650 1206 3746 1261 de-

2165 1308 2371 1364 clinans
2411 1314 2703 1360 mortem.»
2749 1305 2879 1358 Item
2919 1302 3081 1358 inde:
3114 1319 3133 1352 ι
3167 1300 3429 1368 Quoniam
3477 1313 3598 1368 ego,
3645 1300 3742 1363 ait,

2167 1398 2309 1452 Deus
2349 1406 2404 1452 et
2447 1396 2608 1450 homo
2642 1409 2782 1458 sum,
2815 1394 2902 1447 dic
2944 1395 3062 1462 quis
3103 1400 3187 1446 est
3211 1391 3299 1460 qui
3332 1405 3522 1459 passus
3551 1400 3651 1444 est.
3687 1391 3746 1446 Si

2173 1490 2314 1544 Deus
2339 1503 2526 1557 passus
2552 1494 2656 1555 est,
2677 1485 2865 1540 dixisti
2892 1475 3312 1553 blasphemiam;
3344 1484 3386 1536 si
3411 1493 3586 1536 autem
3615 1497 3748 1537 caro

2172 1593 2326 1648 passa
2372 1587 2473 1643 est,
2503 1590 2668 1647 quare
2718 1576 3018 1643 passionem
3063 1587 3170 1627 non
3200 1572 3435 1640 applicas
3473 1573 3519 1626 ei
3551 1572 3637 1625 cui
3675 1573 3750 1626 ti-

2172 1684 2373 1722 morem
2404 1668 2614 1737 injicis?
2640 1667 2744 1721 alio
2778 1665 2921 1720 enim
2966 1666 3201 1734 patiente
3231 1663 3370 1716 alius
3411 1678 3515 1716 non
3557 1662 3747 1715 formi-

498 1778 543 1830 si
570 1751 747 1830 autem
780 1774 959 1835 homo,
985 1769 1123 1822 sicut
1150 1766 1346 1820 veritas
1379 1762 1557 1828 habet,
1587 1773 1751 1829 quare
1775 1770 1879 1810 ιιοη
1904 1751 2072 1822 θρριί-
2105 1759 2150 1824 Β
2179 1762 2305 1817 dat:
2329 1770 2382 1817 et
2412 1761 2626 1816 homine
2663 1760 2917 1815 cruciﬁxo
2957 1759 3096 1813 Deus
3125 1771 3230 1810 non
3263 1757 3526 1811 turbatur.
3551 1773 3571 1808 ι
3608 1755 3748 1811 Puto

499 1880 590 1921 cas
615 1863 817 1919 homini
846 1861 1170 1929 passionem,
1201 1864 1292 1909 aut
1329 1853 1550 1908 humilia
1580 1865 1682 1904 non
1714 1846 1928 1902 consuis
1955 1859 2073 1898 ver-

502 1958 602 2010 ba?
628 1974 646 2007 ι
680 1953 906 2009 Promde
933 1949 1174 2004 accusari
1213 1947 1373 2001 etiam
1407 1947 1506 1998 iste
1549 1943 1736 1996 doctor
1763 1935 2075 2007 probatissi-

504 2060 624 2099 mus
653 2051 855 2112 potest,
890 2051 1137 2108 tanquam
1181 2036 1405 2090 alterum
1455 2031 1763 2103 significans
1791 2032 1878 2098 qui
1908 2025 2073 2089 dixit,

505 2136 717 2201 Eamus,
744 2143 799 2188 et
830 2131 939 2201 Ego
965 2148 1078 2184 sum
1108 2130 1245 2190 vitis;
1279 2127 1505 2180 alterum
1531 2137 1659 2178 vero
1686 2123 1777 2192 qui
1807 2121 1959 2184 dixit,
1985 2115 2077 2172 In-

505 2225 739 2277 habitabo
770 2224 821 2276 in
852 2224 944 2286 eis,
968 2231 1043 2285 et,
1069 2218 1176 2288 Ego
1200 2216 1426 2286 plantavi
1444 2215 1592 2268 vitem
1610 2218 1874 2277 veram;et
1896 2215 2078 2277 aperte

505 2317 800 2388 prtedicans
829 2315 949 2382 quia
997 2326 1102 2364 non
1148 2313 1261 2378 ipse
1290 2309 1378 2377 qui
1419 2316 1574 2361 natus
1599 2314 1683 2359 est
1710 2319 1773 2357 ex
1805 2302 1915 2355 Deo
1955 2308 2079 2355 ante

506 2400 704 2463 stecula
727 2446 740 2470 ,
771 2419 961 2475 passus
990 2409 1103 2468 est;
1153 2400 1246 2454 sed
1288 2399 1374 2453 ille
1419 2399 1594 2466 potius
1620 2395 1710 2465 qui
1740 2410 1804 2448 ex
1836 2390 1998 2446 David
2024 2390 2078 2445 in

508 2500 707 2554 ultimis
735 2495 1060 2565 temporibus
1090 2499 1374 2562 generatus
1401 2497 1484 2543 est
1508 2490 1551 2543 ι.
1583 2487 1682 2554 Qui
1707 2487 1868 2542 etiam
1898 2484 2081 2553 dispu-

511 2599 633 2644 tans
661 2588 728 2642 de
756 2601 821 2642 eo
853 2585 993 2656 quod
1021 2583 1220 2638 dictum
1252 2591 1335 2636 est
1365 2596 1381 2637 :
1411 2580 1570 2634 Amen
1599 2595 1744 2632 amen
1775 2579 1888 2630 dico
1923 2575 2079 2639 vobis,

508 2680 596 2752 qui
643 2678 843 2733 verbum
890 2691 1057 2730 meum
1095 2674 1259 2738 audit,
1291 2681 1338 2726 et
1385 2672 1544 2726 credit
1585 2670 1630 2724 ei
1670 2668 1756 2737 qui
1795 2683 1877 2748 me
1921 2665 2080 2731 misit,

511 2769 660 2823 habet
689 2769 842 2822 vitam
871 2778 1115 2822 aeternam
1155 2763 1337 2835 (Joan.
1367 2778 1423 2830 v,
1448 2759 1562 2832 24).
1608 2778 1625 2812 ι
1646 2761 1703 2816 Si
1734 2761 1850 2825 das,
1886 2757 2079 2825 inquit,

513 2861 662 2916 carni
689 2860 986 2930 passiones,
1006 2859 1073 2914 da
1099 2856 1148 2913 ei
1176 2867 1229 2912 et
1253 2855 1473 2911 humilia
1496 2853 1694 2918 verba;
1725 2861 1775 2907 et
1805 2851 1888 2905 cui
1918 2849 2082 2919 ascri-

530 2953 611 3008 bis
645 2952 932 3018 miracula,
983 2963 1244 3021 supernos
1285 2956 1405 3017 apta
1449 2959 1745 3001 sermones.
1789 2943 1890 3011 Qui
1937 2941 2083 2998 enim

516 3044 772 3102 miracula
805 3044 932 3099 facit
968 3045 1129 3112 Deus,
1164 3042 1308 3113 juste
1349 3039 1560 3108 excelsa
1603 3037 1835 3109 loquitur
1863 3050 2081 3105 operum

2175 1853 2316 1924 quod
2347 1852 2399 1906 in
2431 1851 2531 1906 hoc
2553 1865 2767 1920 quoque
2791 1849 3026 1917 capitulo
3059 1863 3163 1902 non
3195 1849 3361 1916 possit
3391 1863 3496 1901 non
3528 1862 3750 1901 monere

2177 1945 2431 2000 lectorem
2476 1945 2614 2012 quod
2645 1942 2806 1997 alium
2836 1943 2976 1996 dicat
3002 1955 3122 1995 esse
3146 1941 3416 1995 hominem
3443 1940 3531 2010 qui
3561 1956 3750 2010 passus

2177 2046 2277 2100 est,
2306 2046 2358 2089 et
2385 2034 2545 2088 alium
2583 2035 2748 2088 Deum
2789 2033 2877 2102 qui
2924 2031 3057 2085 nihil
3100 2031 3358 2085 crucifixo
3387 2031 3606 2085 homine
3637 2031 3751 2084 for-

2178 2125 2432 2182 midabat.
2473 2125 2830 2191 Quamobrem
2875 2123 2922 2177 si
2963 2126 3082 2190 quis
3113 2120 3454 2176 Theodorum
3506 2122 3590 2176 vel
3633 2120 3750 2190 ejus

2178 2221 2320 2274 dicta
2360 2218 2710 2282 damnaverit,
2746 2224 3134 2286 consequenter
3171 2217 3328 2271 etiam
3375 2216 3750 2280 Eustachium,

2179 2313 2528 2368 Athanasium
2569 2322 2728 2380 atque
2764 2312 3194 2380 Amphilochium
3229 2312 3631 2378 probatissimos
3657 2314 3753 2367 do-

2179 2413 2378 2472 ctores,
2405 2401 2490 2458 vel
2513 2415 2696 2456 eorum
2724 2402 2883 2466 dicta,
2912 2401 3167 2456 damnare
3187 2402 3412 2472 cogitur.
3439 2401 3573 2469 Quid
3598 2417 3750 2472 ergo,

2183 2492 2228 2547 si
2255 2492 2450 2560 aliquis
2476 2491 2744 2545 Theodori
2776 2490 2859 2546 vel
2887 2492 3202 2560 cujusquam
3247 2493 3299 2546 in
3334 2492 3586 2546 Ecclesia:
3621 2507 3753 2561 pace

2181 2584 2450 2650 defuncti,
2489 2583 2644 2638 nobis
2687 2598 2843 2638 error
2883 2593 3158 2653 appareat,
3187 2584 3563 2653 approbandus
3590 2593 3753 2655 atque

2183 2675 2490 2742 sequendus
2517 2675 2634 2729 est?
2664 2676 2836 2729 Absit.
2860 2675 2963 2730 Sed
2993 2677 3342 2744 quierendum
3383 2685 3466 2731 est
3503 2676 3668 2744 prius,
3698 2686 3754 2734 et

2183 2779 2302 2819 cum
2332 2764 2764 2820 instructioribus
2790 2764 3194 2831 conferendum,
3229 2781 3295 2820 ne
3323 2766 3462 2836 quod
3489 2767 3755 2836 culpabile

2184 2859 2339 2914 nobis
2363 2868 2607 2928 apparet,
2635 2860 2700 2914 ab
2741 2868 2959 2916 auctore
2993 2876 3091 2916 suo
3124 2863 3226 2916 alia
3260 2863 3553 2918 intentione
3579 2864 3756 2931 prola-

2186 2959 2294 3006 tum
2323 2951 2426 3017 sit;
2459 2966 2558 3006 nec
2584 2967 2648 3007 ex
2676 2966 2744 3007 eo
2768 2953 2910 3023 quod
2941 2955 3098 3009 nobis
3126 2955 3358 3024 videtur,
3393 2971 3498 3010 non
3529 2958 3758 3012 interm-

2184 3049 2341 3112 gatus
2382 3041 2700 3111 judicandus
2729 3051 2812 3098 est
2852 3042 2941 3098 ille
2968 3045 3056 3113 qui
3102 3044 3260 3112 dixit,
3309 3047 3540 3102 maxime
3580 3048 3625 3102 si
3652 3049 3756 3102 alia

517 3137 712 3205 ὤμω
743 3136 832 3204 (ιυί
874 3144 1050 3190 amem
1102 3134 1298 3202 Ρίιίίῑυτ
1346 3131 1526 3196 homo,
1577 3131 1714 3197 hem.
1750 3127 1972 3183 humilia
2007 3127 2083 3181 10-
2111 3124 2158 3188 C
2189 3137 2391 3193 dixisse
2418 3137 2718 3192 inveniatur
2747 3140 3012 3193 contraria
3037 3139 3108 3194 illi
3137 3141 3308 3194 errori
3333 3141 3385 3194 in
3407 3154 3562 3211 quem
3587 3141 3758 3196 credi-

516 3228 695 3296 quitur
721 3226 874 3294 digna
906 3225 1236 3293 passionum.
1261 3241 1277 3274 ›
1314 3221 1409 3276 Hic
1437 3234 1647 3290 quoque
1675 3219 1916 3288 culpetur
1937 3217 2083 3272 simi-

517 3319 644 3373 liter
675 3318 877 3383 dicens,
910 3315 1050 3384 quod
1100 3329 1205 3368 non
1239 3314 1326 3367 ille
1363 3312 1454 3381 qui
1492 3311 1745 3366 miracula
1775 3309 1900 3364 facit
1921 3308 2083 3374 Deus,

518 3412 630 3481 ipse
656 3412 724 3464 sit
752 3409 914 3464 etiam
946 3408 1035 3476 qui
1066 3420 1252 3476 passus
1283 3413 1364 3458 est
1392 3403 1571 3458 homo.
1601 3402 1729 3456 Item
1769 3402 1820 3455 in
1859 3399 2085 3469 quodam

518 3517 792 3565 sermone,
814 3500 965 3568 cujus
994 3498 1309 3568 principium
1340 3494 1616 3562 est,A/]'er,
1647 3493 1797 3546 hod'c
1823 3492 2086 3545 certativos

517 3594 825 3662 attingamus
840 3604 1095 3644 sermones
1110 3587 1160 3654 δ,
1174 3587 1399 3656 loquens
1428 3584 1496 3640 de
1517 3599 1580 3639 eo
1593 3582 1730 3655 quod
1755 3582 1953 3650 dictum
1975 3591 2054 3635 est
2072 3598 2084 3634 :

517 3685 749 3739 Ascendo
774 3684 840 3736 ad
875 3681 1081 3735 Patrem
1106 3696 1268 3732 meum
1291 3687 1335 3732 et
1360 3677 1564 3732 Patrem
1588 3686 1820 3741 vestrum,
1853 3674 2090 3730 et'Deum

518 3789 690 3825 meum
733 3781 779 3825 et
806 3770 970 3825 Deum
1000 3779 1214 3824 vestrum
1244 3768 1423 3839 (Joan.
1457 3783 1548 3833 xx,
1583 3766 1696 3836 Π),
1735 3785 1752 3819 ε
1783 3763 2090 3821 Communis

512 3872 618 3926 est,
651 3861 839 3932 inquit,
868 3870 1047 3930 pater;
1081 3867 1232 3930 pater
1259 3859 1425 3928 ipsius
1452 3859 1664 3929 quidem
1691 3866 1906 3928 propter
1936 3864 2092 3910 natu-

513 3965 656 4017 ram,
703 3960 888 4006 uester
938 3961 1135 4014 autem,
1182 3962 1400 4018 propter
1447 3949 2092 4020 gratiam:communiter

513 4053 695 4095 autem
725 4051 778 4095 et
803 4041 939 4095 Deus
967 4040 1211 4105 dicitur”,
1243 4039 1336 4094 sed
1370 4048 1552 4093 noster
1579 4038 1790 4107 quidem
1825 4039 1961 4092 Deus
1987 4045 2090 4104 est,

523 4131 646 4199 quia
676 4145 740 4183 ex
775 4145 879 4182 non
912 4131 1247 4183 exstantibus
1290 4142 1387 4184 nos
1422 4135 1479 4182 ut
1524 4142 1766 4182 essemus
1794 4128 1954 4183 fecit:
1979 4127 2093 4196 ejus

516 4230 700 4274 autem
734 4219 876 4273 Deus
917 4229 996 4273 est
1027 4218 1320 4274 secundum
1359 4233 1595 4273 carnem.
1638 4218 1760 4288 Ipse
1803 4219 1944 4273 enim
1975 4210 2092 4273 eam

519 4308 774 4365 formavit
798 4311 850 4362 in
877 4309 1106 4378 virgine,
1141 4308 1253 4378 ipse
1291 4325 1407 4363 eam
1436 4309 1588 4364 unxit
1619 4310 1670 4364 in
1697 4309 1951 4375 Jordane,
1982 4309 2096 4380 ipse

516 4418 641 4457 eam
676 4401 1005 4472 prmdicavit,
1057 4403 1171 4469 ipse
1211 4416 1326 4457 eam
1367 4401 1684 4472 glorificavit
1727 4403 1781 4456 in
1826 4403 2091 4466 passione.

2187 3237 2274 3284 tur
2303 3228 2577 3284 incidisse.
2609 3228 2741 3283 Nam
2776 3243 2920 3299 saepe
2942 3231 3250 3300 scrupulosa
3279 3242 3333 3286 et
3357 3231 3566 3288 subtilis
3591 3233 3758 3286 inter-

2187 3320 2412 3390 rogatio,
2442 3320 2584 3375 sicut
2611 3320 2983 3375 baereticorum
3017 3321 3170 3375 dolos
3197 3321 3540 3391 investigatos
3565 3322 3758 3377 exhor-

2189 3409 2324 3476 ruit,
2380 3409 2453 3462 ita
2496 3409 2890 3478 simplicitatem
2948 3410 3329 3465 catholicorum
3377 3425 3438 3466 se
3489 3413 3760 3469 invenisse

2187 3497 2368 3568 gavisa
2407 3507 2510 3553 est.
2542 3498 2695 3564 Quod
2731 3499 2774 3553 si
2805 3509 2911 3553 tam
2953 3507 3132 3555 certus
3160 3515 3312 3556 error
3344 3509 3431 3556 est
3455 3502 3756 3571 aliquorum

2191 3590 2244 3645 in
2278 3604 2408 3659 pace
2440 3589 2692 3644 Ecclesiae
2721 3588 3112 3659 defunctorum,
3152 3599 3208 3646 ut
3242 3590 3326 3645 his
3355 3606 3482 3661 quae
3524 3591 3760 3648 diximus

2191 3691 2425 3753 nequeat
2451 3682 2733 3748 excusari,
2767 3684 2884 3739 sine
2926 3684 3138 3739 illorum
3173 3683 3412 3754 infamia,
3445 3685 3561 3740 sine
3589 3687 3762 3742 oﬂ'en-

2191 3774 2344 3828 sione
2369 3783 2423 3828 et
2450 3774 2861 3831 conturbatione
2884 3775 3158 3844 Eccbsite,
3184 3777 3357 3832 tacitis
3377 3793 3564 3833 eorum
3591 3780 3764 3833 nomi-

2192 3870 2370 3936 nibus,
2399 3870 2528 3938 ipsis
2558 3870 2832 3925 erroribus
2861 3883 3207 3926 occurratur:
3233 3881 3290 3926 ut
3316 3881 3372 3927 et
3399 3872 3576 3928 debita
3606 3888 3766 3928 rere-

2195 3962 2364 4017 rentia
2408 3961 2724 4018 exhibeatur
2773 3963 3206 4031 praedicatoribus
3247 3966 3300 4020 in
3344 3965 3597 4021 Ecclesia:
3633 3981 3766 4036 pace

2195 4053 2480 4120 defunctis,
2512 4062 2566 4108 et
2595 4054 2722 4108 nulli
2752 4055 3018 4111 catholico
3057 4057 3126 4110 sit
3162 4056 3362 4112 offensa
3403 4058 3644 4114 defensio
3674 4075 3766 4115 ve-

2194 4144 2390 4200 ritatis.
2428 4145 2515 4201 Sic
2541 4147 2681 4201 viros
2702 4156 2916 4203 sanctos
2936 4156 2991 4202 et
3010 4164 3220 4218 graves,
3242 4165 3339 4205 nec
3362 4164 3421 4206 se
3443 4151 3511 4206 de
3537 4152 3765 4207 aliorum

2197 4236 2616 4306 reprehensione
2640 4236 2924 4307 iactantes,
2957 4238 3149 4294 fecisse
3176 4241 3436 4307 novimus,
3471 4257 3607 4312 quos
3636 4258 3766 4299 con-

2195 4330 2494 4385 venientius
2517 4339 2677 4400 atque
2716 4329 2902 4384 utilius
2937 4331 3229 4386 imitamur.
3264 4332 3414 4387 Sicut
3436 4344 3611 4388 autem
3647 4337 3767 4391 illo-

2198 4437 2312 4476 rum
2359 4422 2600 4476 doctrina
2632 4420 2722 4491 qui
2755 4430 2904 4476 extra
2948 4423 3240 4478 Ecclesiam
3283 4427 3559 4483 constituti
3596 4430 3765 4484 multa

529 4493 646 4588 ί-Ρδθ
673 4508 787 4547 “3m
816 4493 1089 4588 εἶλεοίξξίνίί
1114 4506 1142 4545 ³
1182 4495 1428 4588 ῐξιθξῑυίδο
1535 4492 1675 4547 nube
1699 4505 1864 4588 fama
1892 4492 2090 4588 eyexhg
2119 4497 2172 4554 Ῑ)
2197 4528 2320 4567 vera
2363 4522 2418 4568 et
2447 4513 2746 4568 necessaria
2796 4514 3251 4582 conscripserunt,
3302 4532 3408 4571 non
3448 4528 3623 4587 potest
3670 4536 3769 4588 pro

519 4583 742 4639 dextera
771 4582 899 4638 sede
939 4581 1154 4652 dignam
1198 4580 1418 4636 faciens.
1463 4581 1586 4636 lltec
1626 4581 1770 4636 enim
1800 4580 1978 4635 omnia
2005 4581 2092 4650 qui

525 4756 616 4828 Ῑὴν
649 4759 737 4828 τεῷ
775 4750 949 4828 dedico
989 4756 1212 4828 μορφήν,
1243 4753 1490 4828 συντελεῖν
1517 4753 1587 4812 εἰς
1613 4751 1664 4806 ἓν
1691 4752 1985 4828 πρόςωπον·
2013 4758 2095 4807 καὶ

522 4821 614 4899 ινοε
639 4822 750 4899 Ῑὶρν
773 4820 1107 4899 Mopsum;
1132 4826 1249 4899 Quo
1269 4824 1427 4899 etiam
1456 4831 1659 4899 spectat
1685 4820 1906 4899 quod_i_n
1932 4824 2097 4877 altera

523 4890 755 4968 cpistola
781 4890 1017 4968 scribens
1038 4893 1114 4968 ad
1131 4890 1494 4968 Pancliariurn_'
1508 4891 2094 4968 diaconumSidensem

524 4959 603 5010 ait
629 4956 710 5011 his
739 4959 912 5011 verbis
934 4976 947 5010 :
967 4965 1175 5020 Ἀσεϐἠς
1205 4959 1358 5020 ὅντως
1380 4963 1508 5024 ἐστὶ,
1537 4965 1623 5014 καὶ
1646 4970 1736 5020 τῆς
1761 4961 1985 5021 ἀληθείας
2007 4964 2090 5017 ἀλ-

525 5027 742 5107 λότριος,
770 5026 891 5107 ὁ.μή
918 5028 1071 5107 lipara
1113 5033 1196 5084 τὸν
1222 5032 1551 5107 Χρισῖὸν-τὸν
1591 5040 1799 5105 σωτῆρα
1838 5039 1938 5085 τῶν
1976 5032 2096 5085 ὅλων

526 5098 856 5170 θεοᾴάιόιητιᾲν2
876 5098 986 5150 κατ⁶
1017 5098 1162 5170 ἄμφω
1187 5104 1250 5154 τὰ
1263 5098 1320 5164 ἐξ
1350 5099 1412 5153 ὧν
1440 5102 1551 5155 ἐστι
1580 5103 1706 5155 κατὰ
1727 5098 1894 5170 etiam
1922 5104 2098 5165 αὐτεξ-

525 5166 808 5248 ούσξιοζικαὶ
833 5165 1164 5248 ἐνεργῆίκὰί.
1187 5172 1352 5248 ride-nc
1378 5170 1598 5248 acacia/unc
1627 5165 1898 5248 ᾆλξύόςρρν.
1935 5172 2097 5225 Deni-

525 5247 636 5300 que
662 5231 1050 5299 Theodoretus,
1079 5237 1289 5308 qui‘has
1319 5231 1850 5308 ipsas'Ampbilocliii
1881 5250 2098 5295 senten-

527 5313 630 5384 tias
669 5316 806 5384 pene
841 5317 1028 5358 omnes
1069 5304 1351 5384 profert
1391 5304 1644 5384 Dialogis,
1675 5324 1740 5363 eo
1774 5309 1993 5377 profert,
2021 5320 2097 5384 _ut

523 5371 749 5426 duarum
794 5373 848 5426 in
879 5386 979 5427 una
1029 5371 1257 5445 persona
1288 5377 1482 5432 Chrisu
1511 5371 1816 5434 naturarum
1849 5371 2095 5449 proprie-

527 5447 662 5496 tates
682 5442 946 5497 ostendat.

551 5455 662 5494 ates
682 5455 946 5497 OSteﬂGal.

597 5511 1005 5570 ll'l‘heodoretus
1046 5512 1258 5585 dialogo
1296 5514 1361 5570 Ill
1404 5513 1506 5570 hoc
1551 5517 1847 5574 membrum
1873 5520 2019 5590 citat,
2045 5526 2099 5581 ἐκ

593 5666 761 5726 ‘Cod.
796 5672 1015 5730 Veron..
1042 5673 1308 5732 culum.
1343 5677 1462 5740 Qui.

2199 4604 2229 4658 b
2255 4605 2404 4659 sdem
2447 4604 2610 4658 rectis
2646 4612 2704 4660 et
2743 4605 3060 4661 necessariis
3097 4607 3363 4662 catholica
3399 4607 3661 4677 judicari,
3696 4612 3769 4666 ita

2197 4787 2282 4854 ιςᾳῦ
2313 4783 2440 4854 κατᾲ
2463 4779 2727 4854 Ἀρειαγῶν
2755 4777 2938 4854 iii-you;
2982 4791 3034 4832 et
3061 4782 3314 4836 Leontius
3342 4781 3577 4854 vicissim
3607 4783 3771 4840 verba

2201 4850 2311 4924 illa,
2343 4850 2943 4924 Διάκριῦονηλοιπὸν-τὰς
2988 4855 3184 4924 φύσεις,
3235 4867 3351 4921 qute
3401 4851 3773 4908 Theodoretus

2203 4871 2311 4912 tua,
2343 4871 2595 4975 Atariptvov
2641 4871 2810 4904 Λοιπον
2851 4872 2943 4908 τας
2988 4872 3184 4924 φυσεις,
3235 4871 3351 4921 qua:
3410 4871 3773 4908 tueouoretus

2203 4921 2423 4999 Dialogo
2493 4928 2545 4973 et
2591 4920 2631 4973 ll
2677 4921 2886 4999 citarat,
2924 4923 3100 4999 ix_roﬁ
3125 4923 3269 4999 λόγον
3311 4925 3381 4982 εἰς
3406 4925 3570 4999 τὸ,ῃό
3599 4929 3773 4999 Πατήρ

2198 5011 2296 5112 ςιου
2327 4994 2508 5061 μείζων
2532 5009 2629 5070 pou
2670 4993 2800 5050 ἔστί,
2828 4993 2955 5044 citat
2994 4992 3108 5058 ipse
3134 4992 3196 5045 Eat
3211 4999 3301 5045 τοῦ
3330 4994 3461 5065 πρὸς
3487 4994 3540 5048 ’Δ
3580 4992 3774 5058 amb}

2217 5060 2367 5112 ῥιγοῖ).
2415 5063 2489 5112 Ex
2539 5059 2730 5112 autbus
2761 5061 2922 5112 liquet
2957 5060 3221 5112 duplicem
3257 5062 3377 5112 huic
3406 5013 3772 5112 Amnfiilnchii

2217 5059 2393 5134 ιριγοι).Δ
2415 5063 2489 5134 Ex
2534 5059 2730 5134 quibus
2761 5061 2922 5128 liquet
2957 5060 3221 5130 duplicem
3257 5059 3380 5116 huic
3405 5059 3773 5134 Amphilocbii

2200 5129 2338 5182 libro
2361 5131 2567 5184 titulum
2592 5128 2774 5184 fuisse.
3034 5128 3045 5130 ’
3472 5149 3476 5151 ·

2268 5196 2714 5274 ΡΦέρεησήμξρον.
2752 5199 3220 5274 etc._Vertendum
3262 5201 3434 5274 fuerat
3487 5202 3614 5274 Age,
3663 5219 3772 5261 non

2198 5266 2481 5332 anei-Esed
2526 5266 2819 5336 cuj'usmodi
2853 5267 3160 5325 Grazcorum
3190 5266 3623 5337 versionibus'uti
3678 5289 3770 5330 so-

2202 5338 2308 5419 leat
2342 5338 2657 5419 Facundus,
2681 5339 2790 5407 jam
2832 5341 3034 5419 monui.
3082 5340 3249 5419 llujus
3281 5356 3456 5419 ‘porro
3484 5344 3772 5412 Amphilo-

2201 5406 2404 5462 chiana:
2434 5406 2691 5463 orationis
2721 5410 3044 5465 mentionem
3075 5406 3217 5477 apud
3246 5406 3380 5467 alios
3414 5406 3632 5469 exstare
3659 5429 3771 5468 non

2201 5479 2447 5533 memini:
2467 5477 2720 5548 reliquas,
2739 5487 2794 5533 ut
2817 5478 2947 5545 dixi,
2969 5489 3355 5536 commemorat
3375 5482 3771 5541 Theodoretus.

2270 5699 2446 5757 'ldem
2467 5701 2612 5758 cod..
2641 5701 2776 5757 Deus
2807 5701 2975 5760 Deus:
3003 5706 3107 5760 tezl.
