3992 6344
254 325 363 382 8ῦέ

1139 333 1273 392 PRO
1314 334 1742 393 DEFENSIONE
1779 335 1993 390 Tl'tlUM
2033 335 2345 394 CAN-TDL.
2382 334 2509 401 LIB.
2556 337 2644 391 XI.

3429 346 3532 400 806

254 439 684 495 dontesticorum
715 442 968 500 Ecctesiae
995 425 1262 513 doctrina,
1294 449 1378 504 vel
1407 448 1451 504 si
1484 449 1535 502 in
1580 449 1845 518 aliquibus
1873 451 1920 507 Α
1952 461 2076 499 num
2123 449 2352 514 primum
2392 447 2570 516 Iesus.
2620 458 2672 505 et
2716 460 2902 518 postea
2938 452 3200 508 Verbum?
3240 471 3365 510 ιιιιιιι
3396 469 3522 514 an!»

258 533 612 590 ostendantur
661 552 893 604 errasse,
926 553 1031 595 non
1073 555 1171 610 pro
1215 542 1295 598 eis
1324 541 1730 599 condemnanda
1761 552 1846 598 est

261 625 407 682 velut
433 627 707 682 haeretica.

863 783 1088 842 CAPUT
1149 787 1234 842 IV.

263 909 415 976 Quod
443 913 496 967 in
524 912 758 982 Gregorii
794 918 938 971 libris
989 920 1234 976 adversus
1288 923 1599 978 Eunomium
1654 927 1844 981 similia

330 993 524 1037 exstent
553 986 617 1038 iis
638 1002 753 1056 qua:
782 988 833 1040 in
859 988 1112 1045 Theodori
1140 993 1281 1046 libris
1309 995 1769 1064 reprehenduntur.

334 1117 530 1172 Verum
549 1118 684 1188 quid
711 1119 870 1174 etiam
900 1133 1117 1178 sanctus
1139 1124 1429 1196 Gregorius
1458 1127 1603 1182 dicat
1625 1129 1677 1182 in
1709 1129 1844 1183 libro

258 1210 521 1265 adversus
553 1212 868 1268 Eunomium
894 1217 1095 1270 tertiotl
1126 1219 1479 1286 proferamus.
1519 1239 1537 1272 ί
1559 1220 1740 1290 Neque
1769 1221 1845 1274 vi-

263 1303 464 1369 viﬁcat,
503 1304 696 1372 inquit,
739 1304 998 1360 Lazarum
1045 1307 1274 1363 humana
1318 1321 1527 1377 natura,
1561 1328 1734 1381 neque
1756 1313 1842 1381 ja-

255 1405 468 1448 centeni
493 1393 762 1464 .lacrymat
784 1397 1132 1465 inipassibilis
1151 1411 1421 1469 potestas;
1451 1403 1544 1456 sed
1569 1406 1840 1472 proprium

256 1492 341 1537 est
371 1484 600 1538 hominis
623 1486 836 1553 quidem
866 1488 1183 1559 lacrymare,
1211 1491 1497 1547 viviﬁcutio
1528 1503 1703 1548 autem
1729 1496 1843 1564 ejus

257 1563 377 1644 qua:
400 1591 585 1630 revera
608 1578 714 1632 vita
738 1590 837 1633 est.
867 1579 982 1634 Non
1020 1584 1186 1650 pascit
1229 1584 1390 1638 millia
1421 1587 1692 1641 hominum
1722 1603 1842 1658 cge-

257 1678 371 1722 stas
401 1669 666 1735 humana;
697 1686 800 1724 non
836 1674 1004 1728 currit
1030 1670 1094 1728 ad
1140 1677 1292 1730 ficom
1325 1688 1562 1748 potestas
1589 1683 1837 1750 omnipo-

260 1769 397 1814 tens.
416 1760 545 1827 Quis
571 1771 657 1816 est
683 1760 932 1832 fatigatus
962 1781 1025 1820 cx
1054 1768 1279 1823 itinere?
1306 1778 1359 1823 et
1385 1772 1504 1837 quis
1527 1772 1840 1828 sinelabore

257 1863 473 1907 omnem
497 1855 754 1908 mundum
781 1855 944 1910 verbo
967 1859 1277 1914 constituit?
1298 1861 1416 1929 quis
1439 1869 1521 1916 est
1544 1864 1640 1917 iste
1662 1863 1836 1932 splen-

257 1945 359 1998 dor
397 1945 616 2014 glorite?
646 1954 700 2000 et
746 1948 870 2016 quid
924 1958 1004 2003 est
1034 1951 1178 2019 quod
1223 1954 1386 2009 clavis
1416 1955 1682 2011 confixum
1723 1956 1843 2010 est?

258 2051 379 2105 quae
409 2035 579 2090 forma
617 2038 670 2091 in
703 2041 952 2106 passione
986 2042 1153 2112 alapis
1197 2049 1531 2114 percutitur?
1554 2061 1603 2103 et
1631 2066 1748 2120 qua:
1775 2067 1840 2106 ex

257 2129 562 2184 aeternitate
588 2130 947 2199 glorificatur?
974 2135 1248 2191 Manifesta
1280 2140 1422 2193 enim
1445 2150 1568 2195 sunt
1599 2143 1713 2207 ista,
1739 2143 1840 2197 etsi

229 2218 405 2272 'nulla
436 2220 862 2289 interpretentur
890 2226 1153 2281 oratione.
1189 2229 1454 2295 Quoniam
1505 2233 1671 2302 plaga:
1721 2235 1841 2304 qui-

260 2307 385 2363 dem
433 2313 572 2366 servi
625 2323 769 2379 sunt,
803 2315 851 2368 in
880 2332 984 2383 quo
1032 2317 1285 2375 Dominus
1330 2323 1555 2389 cxistat;
1608 2326 1840 2382 honores

259 2410 438 2456 autem
480 2404 711 2469 Domini,
756 2407 896 2462 circa
937 2424 1094 2478 quem
1125 2425 1311 2467 servus
1339 2417 1668 2484 agnoscitur.
1693 2435 1710 2468 ι
1747 2421 1839 2472 Λι-

260 2492 438 2547 tendis
483 2497 933 2564 quemadmodum
978 2513 1196 2556 sanctus
1236 2502 1543 2575 Gregorius,
1570 2525 1673 2565 non
1699 2510 1837 2565 arbi-

263 2591 412 2638 trans
439 2586 572 2639 duos
602 2585 846 2643 Christos
879 2599 972 2645 aut
1005 2593 1141 2648 lilios
1171 2591 1218 2658 ι’,
1246 2596 1432 2650 doceat
1463 2598 1695 2654 hominis
1724 2601 1839 2672 qui-

259 2672 384 2727 dem
411 2673 571 2729 fuisse
597 2678 864 2746 proprium
894 2679 1211 2752 lacrymare,
1236 2684 1505 2742 vivificare
1526 2701 1698 2744 autem
1722 2692 1839 2760 ejus

260 2780 382 2834 qua:
420 2781 604 2823 revera
643 2770 753 2824 vita
794 2781 875 2826 est
901 2788 914 2825 :
940 2781 995 2827 et
1025 2776 1359 2846 interrogans
1400 2779 1712 2837 ltmreticum
1745 2801 1836 2839 or-

260 2855 527 2912 thodoxus
548 2859 708 2924 dicat,
739 2863 856 2929 quis
883 2873 968 2918 est
994 2866 1244 2936 fatigatus
1273 2883 1341 2923 ex
1371 2871 1594 2927 itinere?
1637 2881 1691 2928 et
1720 2876 1838 2944 quis

261 2946 380 3000 sine
425 2948 606 3005 labore
651 2966 863 3007 omnem
914 2957 1172 3012 mundum
1223 2961 1385 3014 verbo
1438 2964 1751 3020 constituit?
1784 2975 1839 3022 et

259 3044 474 3092 cmtera.
501 3042 576 3095 Ac
612 3041 804 3098 deinde
833 3045 883 3098 in
929 3046 1029 3100 hoc
1060 3054 1382 3104 sententiam
1415 3054 1648 3121 claudat,
1689 3057 1837 3112 affir-

260 3141 415 3182 mans
445 3130 695 3198 quoniam
740 3132 909 3203 plagze
942 3136 1155 3202 quidem
1187 3142 1326 3193 servi
1358 3152 1500 3210 sunt,
1528 3144 1577 3197 in
1603 3160 1708 3212 quo
1731 3147 1836 3200 Do-

260 3218 442 3273 minus
496 3220 727 3286 existat;
761 3222 992 3278 honores
1021 3237 1199 3281 autem
1230 3230 1457 3296 Domini,
1505 3235 1646 3288 circa
1675 3251 1831 3302 quem

259 3320 453 3363 servus
513 3312 840 3376 agnoscitur.
898 3314 1143 3384 Nunquid
1199 3333 1326 3387 ergo
1378 3319 1494 3375 hzec
1543 3326 1835 3381 secundum

255 3412 505 3453 errorem
535 3399 763 3455 Nestorii
788 3403 909 3456 talia
941 3405 1142 3462 dixisse
1180 3409 1470 3478 credimus,
1512 3416 1662 3482 quasi
1703 3417 1840 3470 alte-

256 3489 373 3544 rius
401 3488 766 3547 subsistentite
788 3495 857 3548 sit
879 3495 1140 3554 Dominus
1169 3501 1257 3569 qui
1288 3504 1530 3558 exstabat
1561 3506 1612 3559 in
1653 3521 1833 3575 servo,

256 3589 315 3635 et
343 3582 566 3635 alterius
592 3597 777 3638 servus
817 3586 868 3641 in
896 3602 1002 3656 quo
1029 3592 1310 3646 exstabat?
1341 3595 1427 3648 vel
1469 3595 1690 3652 alterius
1716 3614 1837 3668 pcr-

259 3687 409 3727 sonte
436 3674 506 3725 sit
531 3673 786 3729 Dominus
817 3680 900 3733 cui
928 3681 1275 3738 ascribendus
1300 3695 1385 3739 est
1407 3685 1600 3757 honor,
1625 3698 1678 3743 et
1703 3692 1837 3746 alte-

259 3764 373 3818 rius
419 3779 608 3820 servus
658 3769 746 3837 qui
789 3771 929 3826 circa
973 3771 1258 3829 Dominum
1303 3781 1628 3848 agnoscitur,
1669 3792 1722 3838 et
1750 3785 1834 3839 cui

258 3852 428 3923 plaga:
478 3856 588 3909 sint
638 3856 1001 3926 deputandae?
1049 3862 1149 3930 Qui
1196 3881 1385 3922 rursus
1432 3870 1620 3926 eodem
1672 3887 1835 3942 opere

258 3943 396 3998 libro
442 3955 676 4014 quarto:
716 3949 904 4005 tSicut
950 3953 1113 4020 enim,
1156 3955 1249 4020 ait,
1299 3959 1387 4027 qui
1437 3976 1542 4015 non
1587 3966 1835 4033 cognovit

258 4047 555 4105 peccatum,
587 4051 866 4108 peccatum
906 4043 1166 4112 efficitur,
1209 4059 1266 4103 ut
1304 4051 1512 4107 auferat
1553 4069 1829 4124 peccatum

254 4128 469 4194 mundi;
499 4130 576 4185 sic
605 4130 731 4187 item
763 4149 888 4189 caro
923 4140 1218 4208 suscipiens
1248 4141 1552 4213 Dominum,
1586 4147 1831 4206 Christus

253 4226 310 4272 et
351 4217 609 4274 Dominus
639 4223 885 4280 efficitur.
919 4227 1232 4284 lmmutatur
1259 4236 1402 4289 enim
1445 4247 1660 4308 propter
1693 4243 1830 4296 adu-

253 4311 523 4366 nationem
570 4312 623 4366 in
657 4315 758 4370 hoc
806 4319 949 4387 quod
1000 4336 1105 4375 non
1154 4334 1268 4378 erat
1299 4342 1393 4395 per
1421 4339 1682 4386 naturam.
1707 4351 1725 4386 ›
1764 4333 1830 4390 Ει

253 4412 374 4470 post
397 4419 560 4472 pauca
592 4424 603 4459 ε
634 4425 655 4461 α
676 4408 864 4464 Notum
891 4409 962 4464 sit
989 4415 1134 4468 omni
1161 4415 1339 4470 domui
1369 4418 1550 4487 lsrael,
1576 4424 1825 4492 quoniam

254 4494 533 4550 Dominum
565 4514 684 4554 eum
715 4510 768 4554 et
795 4502 1064 4557 Christum
1114 4507 1254 4561 Deus
1296 4507 1420 4563 fecit
1453 4510 1592 4567 hunc
1620 4513 1799 4569 Jesum

249 4598 408 4651 quem
453 4602 546 4640 vos
593 4589 958 4643 crncilixistis.
991 4592 1100 4648 Hac
1140 4594 1592 4655 demonstratione
1640 4610 1826 4659 osten-

248 4672 378 4728 dere
418 4690 478 4730 se
519 4686 711 4748 putant
749 4690 1046 4736 creaturam
1084 4699 1201 4740 esse
1228 4688 1483 4758 unigeniti
1517 4693 1607 4748 Dei
1639 4710 1821 4751 essen-

247 4764 398 4819 tiam.
429 4767 563 4832 Quid
610 4783 759 4837 ergo,
805 4771 891 4824 die
934 4775 1082 4839 mihi,
1132 4790 1413 4843 nnmante
1444 4786 1696 4842 mundum
1729 4789 1826 4845 fuit

246 4859 416 4911 crux?
445 4874 571 4912 num
613 4870 737 4916 ante
767 4849 978 4919 omnem
1027 4877 1325 4927 creaturam
1357 4876 1559 4931 exstitit
1589 4877 1825 4938 Pilatus?

316 5031 594 5110 IIGregorii
625 5035 843 5105 Nysseni
887 5041 1146 5096 adversus
1186 5045 1503 5104 Eunomium
1547 5052 1665 5108 libri
1695 5066 1824 5110 Snnt

247 5099 333 5181 I5,
363 5099 586 5184 sed—non
618 5099 725 5190 uno
767 5112 925 5190 modo
951 5113 1100 5166 citari
1132 5099 1326 5171 omnes
1344 5099 1537 5176 solent.
1573 5124 1702 5190 Qum
1736 5128 1820 5181 hic

247 5172 382 5264 Enim
438 5175 606 5264 primo
649 5179 767 5232 loco
798 5182 1245 5264 proferunturex
1298 5172 1615 5264 tertioﬁeju;
1637 5172 1818 5264 operis

247 5240 402 5337 tibro,
453 5243 637 5323 eadem
685 5240 864 5337 tertio.
902 5269 1111 5322 quoque
1162 5240 1575 5337 ι-ἰιπρξέέςίεηῖῃ

239 5313 537 5391 ᾼηθειειείη
583 5328 632 5367 at
682 5313 933 5373 Leontius
985 5313 1218 5379 secundo
1264 5328 1400 5382 libro
1432 5313 1820 5391 inhibuit-ire:

243 5381 354 5469 ipsa
384 5395 559 5436 autem
584 5398 792 5469 exstant
810 5391 861 5442 in
884 5402 1068 5469 quarto
1091 5381 1811 5469 editionisGraaco-Latinte;

237 5451 535 5550 eodemque
583 5459 824 5550 inodo‘in
867 5451 1051 5528 quinto
1083 5477 1308 5550 exstant
1359 5451 1562 5550 reliqua
1608 5451 1807 5550 omnia,

238 5535 369 5600 que
391 5519 668 5603 Facundus
695 5529 823 5580 citat
849 5519 912 5583 ex
945 5542 1135 5597 quarto
1161 5552 1172 5584 :
1201 5519 1809 5604 cujus't?a}iéfati§'££éiii

239 5603 342 5664 sas~
353 5595 677 5664 investigare
703 5595 1158 5666 supervacaneum
1182 5595 1284 5659 est:

257 5755 273 5772 ·
298 5747 573 5806 Dominum
652 5769 710 5808 ex
739 5755 895 5810 dictis
926 5761 1168 5814 suoerius
1199 5762 1476 5828 legendum
1503 5773 1720 5834 videtur,

1951 539 2108 607 quior
2135 555 2264 594 caro
2295 555 2453 608 quam
2482 541 2770 596 divinitas?
2805 560 2928 598 nutn
2972 555 3093 600 ante
3122 548 3302 602 mundi
3331 552 3530 606 consti-

1950 629 2206 684 tutionem
2265 627 2479 686 Gabriel
2519 631 2585 685 ad
2632 632 2850 687 Mariam
2896 636 3310 704 evangelizavit?
3346 639 3535 697 Nonne

1949 720 2042 775 ille
2072 720 2234 775 homo
2281 722 2369 791 qui
2399 723 2548 791 juxta
2577 722 2848 779 Christum
2887 734 2991 793 est,
3037 730 3136 782 sub
3177 728 3389 787 Caesare
3421 737 3531 788 Au-

1945 824 2100 882 gusto
2124 814 2439 884 principium
2460 819 2826 885 generationis
2845 821 3082 888 accepit?
3103 821 3334 878 Verbum
3357 836 3529 881 autem

1952 903 2004 955 in
2041 903 2305 972 principio
2347 916 2464 960 erat
2511 907 2650 964 Deus
2690 917 2744 962 et
2788 925 2882 964 rex
2934 921 3120 966 noster
3149 925 3273 969 ante
3313 917 3528 984 saecula,

1951 994 2247 1048 secundum
2276 997 2417 1064 quod
2462 1009 2515 1052 et
2546 1000 2823 1068 pr0phetia
2869 1003 3206 1060 testificatur.
3239 1007 3351 1061 Non
3381 1009 3532 1064 vides

1949 1086 2165 1155 qUalem
2205 1091 2571 1146 confusionem
2622 1106 2834 1147 sursum
2881 1107 3040 1162 atque
3086 1097 3166 1151 det
3191 1114 3357 1164 rsum,
3386 1101 3532 1169 juxta

1950 1178 2328 1243 proverbium,
2363 1194 2671 1234 commoves
2706 1182 2878 1237 Verbo
2923 1184 3054 1239 Dei?
3085 1186 3530 1259 Quinquagtssima

1947 1274 2066 1330 post
2118 1267 2420 1332 passionem
2468 1269 2582 1324 dies
2631 1269 2753 1337 fuit,
2797 1275 3008 1341 quando
3051 1277 3164 1335 [nec
3206 1280 3270 1332 ad
3321 1281 3530 1337 .ludaaos

1944 1355 2364 1410 concionabatur
2409 1357 2599 1413 Petrus
2643 1361 2869 1416 dicens:
2901 1365 3152 1430 Quoniam
3200 1371 3335 1424 hunc
3380 1390 3528 1438 quem

1944 1457 2029 1496 vos
2059 1446 2409 1513 cruciﬁxistia,
2435 1447 2692 1502 Christum
2718 1461 2763 1504 et
2787 1451 3063 1507 Dominum
3093 1456 3232 1511 Deus
3255 1462 3369 1528 fecit
3391 1464 3505 1532 (Act

1946 1546 2007 1598 tt,
2033 1533 2121 1603 56)
2137 1537 2158 1588 ?
2175 1535 2287 1590 Non
2305 1539 2534 1593 attendis
2550 1540 2790 1595 ordinem
2813 1543 3116 1612 verborum,
3144 1550 3270 1617 quid
3301 1552 3517 1619 primum

1943 1632 1997 1676 et
2018 1625 2140 1691 quid
2165 1629 2457 1683 secundum
2477 1632 2524 1684 in
2545 1633 2753 1702 eisque:
2765 1635 3010 1692 dicuntur
3034 1641 3262 1708 positum
3285 1644 3389 1698 sit?
3411 1646 3524 1702 Non

1942 1713 2085 1766 enim
2117 1714 2272 1784 dixit,
2299 1732 2457 1785 quem
2491 1718 2634 1775 Deus
2665 1721 2790 1776 fecit
2817 1725 3133 1793 Dominum,
3167 1735 3523 1804 crucifixistis;

1870 1826 1917 1884 Β
1943 1806 2038 1859 sed
2097 1823 2257 1876 quem
2292 1825 2410 1877 vos,
2441 1811 2634 1880 inquit,
2667 1817 3027 1884 cruciﬁxistis,
3057 1823 3198 1878 hunc
3228 1825 3365 1879 Deus
3386 1827 3525 1882 Chri-

1948 1907 2088 1950 stum
2122 1907 2175 1953 et
2202 1899 2485 1956 Dominum
2518 1903 2662 1958 fecit.
2703 1925 2724 1959 ι
2776 1909 2870 1963 Hic
2902 1913 3061 1966 etiam
3091 1914 3158 1970 de
3206 1917 3526 1974 incarnatio-

1946 1988 2028 2041 nis
2068 1989 2267 2045 Christi
2299 1996 2556 2064 mysterio
2592 1998 2816 2067 loquens
2844 2002 2976 2056 dicit
3032 2007 3171 2074 quod
3208 2023 3332 2065 caro
3358 2013 3524 2066 susci-

1945 2081 2100 2148 piens
2148 2082 2430 2140 Dominum
2462 2088 2707 2143 Christus
2738 2100 2792 2145 et
2831 2094 3088 2149 Dominus
3128 2100 3378 2156 efficitur.
3417 2102 3523 2158 Nec

1945 2179 2121 2225 tamen
2171 2174 2541 2231 arbitrandum
2593 2189 2674 2234 est
2724 2183 2862 2251 quod
2918 2183 3204 2255 Gregorius
3256 2192 3521 2248 hominem

1944 2271 2171 2334 tantum,
2195 2270 2286 2338 qui
2333 2284 2436 2322 non
2469 2272 2631 2326 etiam
2667 2274 2807 2328 Deus
2849 2288 3023 2342 esset,
3077 2284 3222 2347 prius
3252 2286 3521 2341 exstitisse

1942 2356 2250 2423 crediderit,
2285 2361 2373 2428 qui
2403 2359 2690 2415 Dominum
2715 2366 3032 2433 susciperet.
3061 2369 3197 2436 Quid
3225 2381 3402 2427 autem
3435 2389 3520 2430 re-

1941 2447 2207 2514 spondere
2265 2461 2554 2518 potuerunt
2603 2454 3098 2527 Semicutychiani,
3149 2463 3230 2518 vel
3280 2464 3518 2520 fautores

1941 2551 2124 2591 eorum
2143 2583 2157 2607 ,
2193 2540 2237 2592 si
2263 2541 2340 2595 eis
2367 2541 2573 2596 dicatur
2609 2562 2623 2598 :
2655 2546 2754 2610 Qui
2782 2547 3120 2605 Theodorum
3156 2556 3352 2621 putatis
3380 2571 3410 2609 a
3436 2573 3522 2627 sy-

1941 2629 2083 2684 nodo
2113 2630 2538 2690 Chalredonensi
2581 2636 2746 2693 fuisse
2772 2640 3159 2709 damnandum,
3193 2662 3291 2700 cur
3322 2646 3520 2718 Grego-

1938 2722 2079 2776 rium
2112 2739 2216 2777 non
2247 2724 2553 2780 damnatis?
2594 2727 2833 2800 Namque
2871 2749 2992 2788 cum
3023 2732 3316 2802 Christum,
3357 2739 3406 2791 id
3441 2749 3516 2793 est

1940 2822 2183 2880 unctum,
2218 2831 2324 2870 non
2357 2817 2460 2871 nisi
2491 2818 2660 2874 Deum
2691 2823 2976 2879 credamus
3000 2826 3362 2896 incarnatum,
3387 2830 3516 2898 ipsa-

1938 2921 2045 2977 que
2077 2911 2258 2963 unctio
2291 2910 2539 2967 humante
2587 2916 2754 2984 magis
2787 2926 2994 2974 naturae
3032 2925 3348 2990 conveniat,
3379 2926 3519 2982 unde

1937 3008 1992 3052 et
2015 3000 2132 3069 ipse
2159 3001 2235 3055 ait
2271 3019 2376 3072 quo
2401 3019 2529 3060 caro
2555 3008 2860 3077 suscipiens
2887 3011 3142 3070 Dominus
3172 3015 3417 3073 Christus
3445 3019 3519 3074 cfs

1941 3087 2146 3155 ficitur;
2178 3092 2290 3159 ipse
2321 3094 2515 3149 iterum
2540 3096 2668 3153 dicit
2695 3115 2709 3152 :
2737 3100 2923 3157 Nonne
2947 3103 3038 3159 ille
3068 3105 3230 3161 homo
3251 3111 3342 3178 qui
3367 3109 3519 3179 juxta

1862 3187 1908 3249 ο
1943 3179 2215 3236 Christum
2247 3194 2349 3249 est,
2381 3188 2480 3240 sub
2512 3189 2727 3246 Cmsare
2755 3193 2998 3263 Augusto
3027 3199 3342 3269 principium
3374 3217 3520 3273 gene-

1941 3270 2166 3323 rationis
2213 3274 2454 3342 accepit?
2503 3276 2734 3332 Verbum
2779 3292 2957 3339 autem
3001 3285 3053 3339 in
3101 3270 3520 3358 principioverat

1943 3356 2104 3413 Deus.
2135 3360 2192 3413 Si
2237 3361 2394 3430 igitur
2423 3379 2572 3431 caro,
2605 3368 2658 3423 id
2689 3378 2773 3424 est
2797 3372 2978 3442 homo,
3004 3378 3305 3446 suscipiens
3338 3382 3520 3437 Domi-

1942 3462 2066 3502 num
2087 3448 2258 3506 factus
2295 3462 2377 3508 est
2398 3453 2664 3522 Christus,
2697 3462 2819 3529 quis
2848 3473 2933 3518 est
2955 3465 3082 3521 item
3115 3470 3202 3524 ille
3242 3470 3403 3526 homo
3429 3477 3518 3544 qui

1934 3537 2087 3607 juxta
2119 3541 2394 3598 Christum
2432 3554 2515 3600 est
2541 3548 2642 3602 sub
2670 3548 2884 3608 Caesare
2923 3555 3163 3624 Augusto
3198 3537 3521 3633 principium

1938 3634 2305 3700 generationis
2338 3638 2646 3707 accipiens?
2673 3655 2765 3698 aut
2795 3661 2961 3715 quare
3001 3653 3372 3711 confusiinem
3405 3675 3522 3714 sur~

1938 3735 2054 3776 sum
2087 3732 2248 3794 atque
2289 3726 2564 3799 deorsum,
2607 3733 2762 3802 juxta
2796 3741 3172 3812 proverbium,
3212 3746 3386 3804 Verbo
3427 3753 3520 3808 Dei

1937 3818 2130 3868 asserit
2159 3823 2489 3875 commoveri
2533 3822 2601 3877 de
2628 3840 2694 3880 eo
2718 3830 2861 3896 quod
2888 3830 3087 3886 dictum
3120 3847 3224 3904 est,
3266 3845 3521 3908 quoniam.

1938 3899 2079 3956 hunc
2111 3903 2268 3974 qu‘em
2308 3925 2405 3964 vos
2432 3915 2780 3973 crucitixistis
2809 3920 3081 3979 Christum
3128 3938 3182 3982 et
3232 3931 3514 3992 Dominum

1937 3993 2077 4048 Deus
2125 3996 2290 4053 fecit?
2335 4010 2389 4056 et
2424 4004 2678 4062 admonet
2711 4019 2767 4063 ut
2818 4015 3061 4071 ordinem
3095 4020 3376 4078 verborum
3413 4026 3519 4081 Eu--

1937 4089 2151 4144 nomius
2176 4101 2361 4147 contra
2395 4111 2552 4162 quem
2585 4102 2729 4169 agit,
2770 4105 3027 4174 intendat,
3059 4121 3110 4164 et
3136 4113 3260 4180 quid
3289 4115 3520 4182 primum.

1938 4177 2013 4234 sit
2065 4180 2146 4234 vel
2181 4184 2479 4240 secundum
2509 4187 2562 4242 in
2589 4191 2666 4244 eis
2703 4210 2819 4262 qua:
2847 4196 3095 4253 dicuntur
3117 4201 3407 4273 intelligat;
3434 4219 3512 4263 at-

1937 4282 2040 4337 que
2071 4268 2231 4324 infert
2262 4289 2276 4326 :
2303 4273 2418 4328 Non
2463 4278 2605 4333 enim
2639 4280 2792 4347 dixit,
2827 4299 2986 4354 quem
3014 4288 3152 4344 Deus
3175 4268 3314 4347 fecit
3331 4268 3516 4352 Domi-

1934 4373 2082 4424 num,
2113 4374 2207 4415 vos
2236 4365 2600 4434 cruciﬁxistis,
2644 4371 2736 4425 sed
2773 4388 2929 4440 quem
2962 4391 3081 4446 vos,
3126 4381 3316 4450 inquit,
3342 4387 3509 4439 cruci-

1934 4450 2148 4517 fixistis,
2198 4454 2339 4509 hunc
2388 4457 2531 4514 Deus
2572 4461 2841 4518 Christum
2895 4479 2948 4521 et
2999 4468 3271 4525 hominem
3306 4477 3323 4496 '
3365 4474 3512 4530 fecit.

1808 4557 1822 4580 ν
1855 4556 1903 4615 ι)
1931 4541 2067 4608 Quid
2114 4547 2282 4614 ergo?
2314 4563 2419 4604 non
2451 4562 2504 4605 et
2550 4563 2672 4609 ante
2705 4561 3006 4624 passionem
3047 4563 3288 4620 Christus
3319 4577 3374 4623 et
3418 4570 3508 4623 Do-

1935 4634 2109 4688 minus
2134 4635 2251 4699 luit,
2281 4640 2370 4707 qui
2402 4650 2582 4708 postea
2615 4648 2901 4702 crucifixus
2927 4661 3030 4718 est,
3063 4654 3156 4708 sed
3186 4667 3306 4725 post
3346 4665 3511 4716 cruci.

1935 4723 2184 4778 fixionem
2211 4726 2454 4784 Christus
2481 4741 2535 4786 et
2559 4732 2813 4792 Dominus
2844 4736 3018 4795 factus
3045 4753 3126 4798 est
3155 4723 3349 4802 merito
3379 4765 3508 4818 pas~

1928 4815 2128 4870 sionis?
2177 4818 2241 4873 Et
2273 4824 2542 4888 quomodo
2573 4839 2733 4894 supra
2775 4829 2970 4883 dictum
3014 4844 3135 4900 est,
3180 4851 3309 4894 caro
3337 4815 3506 4899 susci-

1927 4905 2082 4974 piens
2109 4906 2393 4964 Dominum
2440 4911 2687 4971 Christus
2714 4927 2770 4973 et
2795 4917 3054 4977 Dominus
3079 4924 3346 4983 efﬁcitur?
3372 4948 3506 4988 nun-

1999 5080 2338 5172 l’Eu‘npmius
2383 5090 2765 5172 Basilidinter
2805 5106 3010 5172 caetera
3044 5102 3315 5172 objecerat
3370 5107 3506 5164 duos

1923 5151 1990 5204 ab
2016 5169 2079 5207 eo
2104 5154 2349 5244 Christos
2370 5171 2430 5241 .et
2455 5161 2703 5244 Domino
2736 5151 3502 5244 prmtlicfarisGJre‘g'ti-ruiusxui

1925 5225 2194 5305 preposita
2236 5229 2285 5280 in
2329 5228 2602 5305 ltis__libris
2631 5225 2748 5288 erat
2786 5237 2960 5294 Basilii
2995 5225 3495 5305 ueréiisid."t7£iuiul

1925 5292 2064 5374 niam
2089 5295 2191 5382 iis.
2226 5299 2523 5382 tv'rercttit,
2546 5306 2642 5358 Δύο
2665 5292 3268 5382 χριστοὺςζίπῖᾱὺῖἑζῖςὶιὲ
3289 5292 3496 5373 853?};-

1921 5364 2060 5434 ρίους
2089 5365 2242 5455 lis/st?
2265 5371 2402 5458 rip-Eri
2419 5374 2660 5471 rina'a'wr‘o
2679 5395 2689 5404 '
2706 5364 2716 5382 ’
2733 5382 2820 5431 οὐκ
2859 5383 2914 5434 ἐκ
2944 5364 3049 5471 ξῶδ
3087 5388 3341 5471 apart-spent
3369 5389 3495 5459 ἔλεον

1926 5451 2039 5471 ενι-ω
2061 5442 2147 5471 νεὶ..
2178 5444 2340 5471 ’.ι-ἔην
2372 5462 2506 5471 --.μμ
2568 5447 2614 5471 1‘.
2660 5449 2674 5471 ,'
2786 5453 2795 5471 ρ
2891 5454 2900 5466 ι
3055 5461 3074 5470 -
3283 5459 3323 5471 ..ρ
3433 5461 3440 5470 ι

1924 5451 2044 5519 χειη
2061 5442 2147 5519 In:
2177 5440 2340 5493 αἰτίαν
2369 5439 2529 5511 ἔχων,
2562 5447 2683 5500 ἀ)λά
2705 5453 2828 5519 πρὸς
2852 5454 2907 5504 τὸ
2939 5439 3128 5507 δοκοῦν⁸
3149 5439 3255 5510 κοιετς
3273 5439 3501 5519 sinuata»

2016 5505 2198 5592 ψεύδει.
2221 5505 2525 5592 χρώμεῖοςί
2551 5506 2756 5572 Nednni
2790 5505 2845 5572 ut
2874 5524 2922 5574 itt
2953 5505 3068 5577 ltacﬁ

1923 5573 2085 5629 fuisse
2116 5573 2285 5635 videri
2311 5573 2490 5652 queat.
