3978 6350
467 331 566 384 8f)?

1579 327 1870 386 FACUVDI
1913 326 2124 382 EPISC.
2159 324 2668 383 IIERMIANENSIS

3640 323 3739 376 8-03

469 444 594 514 quid
640 452 759 512 post
807 443 1209 498 crucifixionem
1261 443 1546 500 Dominum
1595 459 1721 498 caro
1773 441 2048 510 suscepit?
2079 441 2132 501 Α
2158 439 2290 493 dans
2316 439 2534 509 quidem
2565 438 2900 507 passionibus
2932 437 3342 506 humanitatem,
3366 437 3734 510 operationem

472 537 704 594 Proinde
735 538 776 590 si
811 537 924 590 lucc
949 577 964 599 ,
1006 544 1064 589 ut
1100 535 1208 589 dixi
1244 577 1259 600 ,
1312 536 1661 606 Eutychianis
1704 536 2050 603 obiiciuntur,

474 629 787 699 Gregorium
825 642 1034 696 quoque
1071 627 1441 682 damnabunt?
1480 645 1546 681 an
1585 644 1646 682 ea
1677 629 1868 682 melius
1899 628 2058 681 intel-

475 724 637 791 ligere
654 730 704 774 et
725 734 994 787 exponere
1023 719 1391 774 conabuntur?
1416 721 1548 775 Nam
1577 730 1633 775 et
1654 730 1873 774 sanctus
1893 721 2058 774 Atha-

475 814 657 867 nasius
689 813 740 866 in
774 812 910 866 libro
946 828 1104 881 quem
1138 812 1204 867 de
1234 813 1504 868 Trinitate
1533 810 1888 880 conscripsit,
1922 811 2060 864 sicut

477 904 639 957 tertio
683 913 868 957 nostro
902 905 1318 957 memoravimus
1346 945 1360 968 ,
1396 904 1466 957 ad
1508 912 1819 956 naturarum
1868 901 2060 955 distin-

474 996 712 1049 ctionem
745 995 993 1050 similiter
1020 996 1181 1049 dixit:
1212 1014 1230 1046 ι
1256 995 1489 1050 Verbum
1514 995 1659 1050 enim
1691 1004 1744 1049 et
1775 994 1941 1048 Filius
1967 994 2059 1048 Dei

481 1101 697 1155 semper
721 1095 840 1139 erat
885 1086 1140 1139 Dominus
1173 1085 1314 1140 Deus
1339 1126 1353 1150 ,
1400 1095 1454 1139 et
1480 1101 1585 1139 non
1618 1094 1737 1154 post
1765 1083 2064 1138 crucifixin-

479 1193 599 1232 nem
631 1177 801 1230 factus
832 1185 914 1231 est
947 1177 1207 1230 Dominus
1236 1176 1514 1239 Christus;
1567 1175 1685 1240 sed,
1718 1182 1778 1229 ut
1817 1171 2060 1243 prtedixi,

482 1268 864 1322 humanitatem
923 1266 1041 1336 ejus
1104 1267 1284 1321 effecit
1344 1265 1600 1322 divinitas
1665 1265 1948 1320 Dominum
2010 1272 2062 1317 et

482 1360 672 1415 Deum.
716 1377 733 1409 ι
784 1357 891 1414 Sed
919 1361 981 1412 ad
1015 1359 1352 1428 propositum
1396 1368 1750 1414 revertamur.
1785 1356 1922 1410 Dicit
1965 1355 2067 1408 ita-

481 1469 584 1521 que
634 1468 819 1508 rursus
860 1452 1004 1507 idem
1052 1465 1271 1509 sanctus
1318 1454 1611 1524 Gregorius
1656 1451 1845 1507 eodem
1877 1451 2064 1506 libro:

491 1559 510 1592 ι
564 1543 808 1596 Divinam
849 1543 1179 1612 Scripturam
1221 1544 1274 1598 in
1317 1545 1565 1598 manibus
1596 1542 1659 1597 ad
1692 1540 2065 1610 exponendum

487 1634 746 1688 habentes
789 1643 933 1687 vetat
982 1650 1207 1707 magnus
1255 1635 1548 1702 Apostolus
1597 1633 1766 1688 aniles
1805 1633 2068 1688 novitates

490 1726 766 1794 suscipere
789 1743 801 1776 :
825 1742 1037 1783 crucem
1068 1727 1528 1793 animadverteris,
1562 1741 1777 1782 crucem
1803 1724 2066 1793 intelligo,

2161 540 2340 586 autem
2372 528 2783 584 resurrectionis
2812 529 2950 582 illius
2978 531 3065 597 qui
3091 543 3279 598 passus
3303 540 3388 585 est
3411 530 3608 587 divinae
3637 533 3746 588 vir-

2163 623 2283 688 tuti,
2323 635 2430 676 non
2468 621 2532 675 ad
2570 619 3032 690 praejudicandum
3061 619 3490 677 Chalcedonensi
3513 626 3746 680 concilio

2161 713 2434 782 sapientes
2467 712 2565 766 viri
2596 713 2616 743 ¹
2659 710 2946 780 jactarent,
2988 711 3131 780 quod
3171 711 3295 766 ideo
3326 712 3455 767 dicit
3485 713 3630 769 illius
3657 716 3747 784 qui

2165 816 2353 870 passus
2385 812 2488 868 est,
2535 812 2787 872 tanquam
2817 802 3038 857 alterius
3068 817 3312 872 personae
3340 804 3411 859 sit
3442 805 3581 861 Deus
3609 807 3736 862 Ver-

2163 892 2291 946 bum
2327 893 2417 961 qui
2448 905 2638 961 passus
2673 907 2778 946 non
2811 892 3007 948 fuerit?
3036 901 3128 947 aut
3158 893 3298 962 quod
3333 894 3404 949 ibi
3435 896 3749 954 subsecutus

2166 981 2363 1050 adjecit
2390 999 2402 1035 :
2432 982 2496 1036 Et
2528 983 2606 1036 sic
2636 983 2826 1038 mortis
2860 982 3195 1052 experientia
3224 984 3289 1038 ad
3311 985 3460 1040 illum
3491 988 3580 1056 qui
3605 1003 3756 1043 com-

2169 1072 2462 1126 municavit
2489 1072 2732 1141 passibili
2765 1082 2969 1128 natura:
2999 1074 3255 1139 refertur,
3297 1090 3402 1131 non
3435 1090 3756 1135 accuSarent

2169 1163 2223 1216 in
2251 1161 2536 1236 Theodoro
2562 1203 2578 1229 ,
2624 1164 2760 1218 sicut
2787 1164 2967 1219 solent
2992 1207 3007 1232 ,
3053 1166 3291 1222 dicentes
3317 1170 3443 1237 quia
3474 1186 3580 1226 non
3609 1171 3755 1240 ejus-

2169 1253 2290 1308 dem
2324 1269 2569 1324 personze
2606 1256 2836 1311 credidit
2865 1257 3032 1312 Deum
3064 1275 3220 1327 quem
3255 1260 3548 1330 hominem,
3583 1276 3642 1319 ut
3670 1265 3755 1320 di-

2169 1356 2338 1413 ceret,
2383 1347 2524 1402 illius
2553 1349 2642 1416 qui
2672 1363 2862 1417 passus
2889 1358 3011 1415 est,
3065 1351 3117 1405 id
3167 1362 3250 1406 εει
3283 1353 3549 1421 hominis,
3580 1357 3649 1411 ad
3694 1359 3758 1412 il-

2171 1437 2279 1493 lum
2309 1438 2540 1494 refertur
2571 1440 2613 1506 ³,
2648 1439 2699 1495 id
2729 1449 2814 1495 est
2841 1442 2907 1495 ad
2939 1441 3107 1498 Deum
3139 1443 3410 1511 Verbum;
3441 1458 3494 1501 et
3523 1447 3758 1504 hominis

2173 1531 2474 1598 passionem
2498 1546 2596 1601 per
2627 1531 2946 1588 relationem
2970 1533 3071 1603 ipsi
3097 1535 3208 1591 Deo
3227 1536 3401 1592 Verbo
3418 1541 3633 1604 ascribi,
3656 1543 3760 1597 sic-

2174 1630 2230 1673 ut
2263 1620 2328 1674 ad
2362 1620 2632 1674 hominem
2663 1622 2876 1688 altiora,
2921 1638 3036 1692 qua)
3068 1634 3192 1679 sunt
3247 1627 3340 1681 Dei
3382 1628 3561 1696 Verbi,
3593 1640 3650 1685 et
3675 1633 3759 1685 di-

2174 1712 2296 1765 vina
2329 1712 2544 1766 nomina
2573 1712 2734 1767 simili
2761 1715 2918 1769 modo
2950 1715 3303 1772 descendunt.
3339 1719 3542 1775 Rursus
3569 1722 3757 1777 eodem

483 1827 542 1873 et
589 1817 877 1873 humanum
925 1835 1120 1874 nomen
1171 1821 1433 1886 edoctus,
1481 1820 1758 1889 conspicio
1786 1833 1905 1873 eam
1950 1833 2069 1886 qua:

2183 1806 2309 1860 libro
2331 1805 2398 1860 de
2423 1806 2524 1860 hoc
2547 1805 2662 1874 ipso
2685 1806 2909 1875 loquens
2939 1825 2952 1860 :
2989 1826 3006 1859 ι
3042 1807 3098 1863 Si
3130 1809 3272 1865 enim
3298 1811 3538 1878 deceret,
3567 1815 3757 1882 inquit,

486 1907 816 1976 significatur
846 1926 910 1964 ex
958 1910 1177 1963 nomine
1219 1911 1339 1980 ipso
1371 1920 1639 1963 naturam.
1689 1907 1852 1961 Istum
1889 1907 2069 1974 itaque

487 1999 686 2054 doceor
718 2015 744 2051 a
794 1999 951 2055 Petro
980 2002 1175 2054 factum
1201 2015 1323 2055 esse
1349 1998 1634 2054 Dominum
1680 2006 1733 2052 et
1756 1996 2027 2052 Christum
2053 2011 2067 2060 ;

488 2090 648 2143 istum
681 2092 772 2160 qui
804 2091 857 2145 in
899 2091 1069 2147 oculis
1101 2091 1301 2146 nostris
1331 2091 1504 2146 factus
1530 2099 1612 2145 est
1639 2089 1707 2144 ab
1729 2103 1794 2144 eo
1822 2087 1926 2142 dici
1959 2102 2066 2141 non

487 2178 678 2234 dubito
720 2198 732 2233 :
763 2181 1014 2250 quoniam
1061 2193 1114 2236 et
1142 2183 1437 2236 concinunt
1472 2179 1574 2235 sibi
1615 2180 1846 2236 invicem
1877 2176 2070 2246 sancti,

489 2277 545 2321 et
573 2270 623 2322 in
655 2270 774 2323 aliis
797 2271 1046 2325 omnibus
1069 2272 1250 2339 rebus,
1273 2281 1328 2327 et
1350 2273 1401 2325 in
1434 2271 1534 2325 hac
1556 2279 1728 2339 parte.
1761 2269 1911 2324 Sicut
1931 2269 2073 2322 enim

490 2361 590 2415 iste
615 2376 737 2415 cum
768 2362 858 2430 qui
887 2361 1175 2416 cruciﬁxus
1203 2370 1289 2417 est
1317 2363 1601 2417 Dominum
1627 2361 1824 2416 factum
1849 2374 1969 2415 esse
1996 2358 2072 2413 di-

489 2453 596 2516 cit,
640 2453 717 2507 sic
745 2462 800 2508 et
831 2453 1027 2507 Paulus
1066 2453 1236 2523 inquit
1282 2453 1740 2522 superexaltatum
1789 2459 1913 2520 post
1944 2465 2072 2520 pas-

494 2541 704 2597 sionem
749 2552 951 2613 etpost
987 2545 1460 2600 resurrectionem.
1515 2563 1534 2596 ι
1584 2543 1991 2600 Animadvertat
2024 2549 2078 2596 et

496 2631 550 2684 in
573 2631 673 2685 hac
693 2633 959 2686 sententia
985 2633 1174 2698 lecror,
1208 2634 1332 2703 quia
1355 2648 1476 2710 cum
1500 2633 1629 2688 dicit
1661 2649 1675 2686 :
1711 2633 1874 2688 Istum
1900 2633 2078 2701 itaque

493 2725 694 2780 doceor
714 2741 742 2778 a
767 2726 925 2787 Petro
950 2726 1143 2781 factum
1169 2743 1289 2783 esse
1315 2729 1600 2783 Dominum
1622 2728 1965 2784 etChristum
1987 2745 2001 2794 ;
2026 2738 2080 2781 et

499 2817 690 2870 iterum
733 2816 928 2886 repetit
956 2817 1190 2873 dicens:
1234 2817 1399 2873 Istum
1432 2820 1520 2888 qui
1561 2819 1615 2873 in
1657 2819 1835 2874 oculis
1878 2818 2080 2873 nostris

496 2907 666 2961 factus
695 2919 771 2961 est
803 2908 870 2962 ab
895 2922 962 2963 eo
985 2907 1090 2964 dici
1127 2923 1234 2963 non
1256 2909 1465 2975 dubito,
1494 2909 1826 2964 tantumdem
1859 2908 1999 2964 valet
2019 2923 2082 2963 ac

495 2997 542 3052 si
577 2997 780 3053 diceret
809 3016 823 3054 :
854 3000 1040 3066 Istum,
1072 3016 1178 3055 non
1210 3000 1358 3055 illum
1389 3003 1480 3071 qui
1524 3013 1648 3057 ante
1677 3003 1876 3057 stecula
1904 3001 2084 3056 Domi-

495 3105 598 3144 nus
630 3101 778 3155 erat;
807 3107 908 3147 nec
937 3101 1116 3148 tamen
1147 3092 1283 3148 duos
1310 3093 1448 3149 filios
1479 3094 1530 3148 in
1565 3095 1670 3149 isto
1697 3105 1751 3150 et
1780 3095 1834 3149 in
1870 3094 1960 3149 illo
1987 3093 2082 3149 do-

2176 1897 2228 1951 in
2279 1896 2369 1950 illa
2419 1896 2703 1951 excellenti
2752 1907 2941 1953 natura
2986 1899 3167 1954 dicere
3213 1900 3416 1970 aliquid
3465 1904 3761 1958 secundum

2177 1987 2475 2056 profectum
2505 1988 2829 2057 contigisse;
2867 1989 3015 2044 verbi
3040 1994 3228 2060 gratia,
3264 2000 3322 2046 ut
3346 2008 3411 2047 ex
3439 1995 3646 2064 privato
3669 2011 3764 2052 rex

2179 2077 2349 2142 fieret,
2383 2093 2448 2133 ex
2480 2079 2667 2132 humili
2699 2074 2968 2151 excelsus,
3015 2097 3081 2137 ex
3110 2098 3268 2139 servo
3301 2085 3583 2152 Dominus,
3610 2087 3762 2152 dece~

2178 2181 2258 2226 ret
2278 2171 2505 2226 fortasse
2533 2181 2589 2226 et
2614 2172 2761 2227 Petri
2785 2188 2971 2229 vocem
2994 2175 3192 2231 divinae
3225 2160 3479 2247 unigeniti
3509 2191 3764 2250 cooptare

2181 2279 2428 2334 persona:
2465 2264 2507 2320 δ.
2541 2266 2802 2332 Quoniam
2834 2276 3014 2323 autem
3045 2269 3318 2337 divinitas,
3347 2272 3608 2340 quidquid
3634 2274 3764 2328 illud

2179 2365 2263 2413 est
2288 2359 2430 2427 quod
2459 2374 2488 2413 a
2520 2358 2674 2414 nobis
2704 2372 2826 2415 esse
2857 2358 3116 2424 creditur,
3146 2373 3359 2430 semper
3382 2361 3573 2417 eodem
3605 2364 3765 2419 modo

2181 2463 2241 2504 se
2274 2448 2472 2514 habet,
2504 2459 2555 2504 et
2587 2450 2732 2504 omni
2760 2448 3125 2505 additamenta
3168 2452 3415 2520 superior
3452 2462 3651 2522 exstat,
3682 2454 3762 2508 di-

2183 2541 2538 2595 minutionem
2568 2555 2904 2611 nequaquam
2930 2540 3266 2611 percipiens;
3298 2557 3521 2622 necesse
3547 2553 3632 2599 εει
3651 2559 3765 2599 om-

2183 2631 2340 2688 nibus
2398 2632 2571 2688 modis
2619 2632 2685 2687 ad
2743 2633 3131 2689 humanitatem
3181 2635 3384 2690 referre
3433 2651 3762 2691 sermonem.

2185 2721 2328 2777 Deus
2373 2723 2519 2777 enim
2551 2723 2785 2778 Verbum
2818 2763 2834 2788 ,
2886 2722 3025 2791 quod
3081 2731 3199 2778 erat
3244 2723 3296 2779 in
3329 2726 3616 2796 principio,
3666 2727 3766 2784 hoc

2185 2815 2348 2870 etiam
2381 2830 2523 2870 nunc
2552 2824 2664 2880 est,
2714 2824 2768 2872 et
2791 2829 3005 2885 semper
3050 2826 3367 2886 permanet,
3399 2833 3615 2888 semper
3646 2835 3765 2888 rex,

2186 2919 2402 2974 semper
2431 2906 2711 2972 Dominus,
2749 2921 2963 2974 semper
2988 2906 3303 2974 altissimus,
3335 2921 3550 2979 semper
3570 2909 3717 2966 Deus
3752 2929 3765 2964 :

2187 2999 2323 3054 nihil
2355 3000 2546 3054 horum
2576 3014 2673 3070 per
2697 2999 2994 3069 profectum
3020 3000 3267 3068 sumpsit,
3295 3000 3388 3056 sed
3419 3002 3600 3056 omnia
3625 3017 3767 3071 quae-

2188 3106 2400 3162 cunque
2421 3093 2640 3160 dicitur,
2667 3093 2866 3148 virtute
2891 3108 3001 3148 suae
3028 3104 3233 3149 natura:
3262 3095 3528 3150 consistit.
3561 3095 3657 3151 Ille
3677 3112 3769 3150 au-

495 3190 585 3237 cet
606 3182 852 3253 intelligi.
876 3181 942 3237 Et
963 3187 1297 3254 superiorem
1320 3201 1471 3241 suam
1495 3188 1817 3242 sententiam
1842 3186 2080 3252 firmans,
2113 3195 2159 3257 ρ
2191 3193 2298 3239 tem
2328 3199 2393 3238 ex
2425 3185 2643 3239 homine
2674 3198 2769 3253 per
2799 3185 3220 3254 assumptionem
3251 3185 3317 3239 ad
3363 3186 3530 3240 Deum
3567 3185 3770 3242 exalta-

496 3287 682 3326 rursus
711 3286 834 3328 eum
878 3284 1000 3343 post
1034 3276 1440 3333 crucifixionem
1487 3286 1765 3333 asseverat
1795 3279 2081 3334 Dominqu

498 3364 715 3431 factum,
744 3379 864 3420 cum
896 3367 971 3420 ait
1001 3384 1012 3420 :
1049 3367 1206 3435 Quia,
1239 3371 1381 3424 sicut
1410 3369 1604 3425 Petrus
1632 3385 1754 3426 eum
1785 3370 1875 3439 qui
1907 3368 2083 3425 cruci-

498 3456 635 3510 fixus
664 3464 748 3510 est
775 3457 1059 3513 Dominum
1093 3459 1294 3514 factum
1322 3475 1444 3516 esse
1473 3460 1606 3515 dicit
1631 3501 1645 3525 ,
1691 3461 1768 3515 sic
1805 3471 1859 3516 et
1886 3460 2085 3515 Paulus

498 3544 670 3615 inquit
691 3549 1145 3617 superexaltatum
1182 3560 1302 3619 post
1337 3552 1643 3620 passionem
1669 3562 1722 3606 et
1750 3560 1871 3620 post
1900 3565 2084 3607 resur-

498 3637 814 3693 rectionem.
834 3639 1094 3706 Quocirca
1108 3642 1244 3696 sicut
1256 3656 1377 3696 eum
1393 3649 1515 3712 post
1525 3642 1829 3713 passionem
1844 3651 1897 3698 et
1909 3657 2087 3698 resur-

501 3729 793 3783 rectionem
826 3731 1022 3785 asserit
1049 3731 1344 3786 exaltatum
1379 3731 1690 3786 testimonio
1726 3732 1875 3788 Pauli
1903 3732 2087 3787 dicen-

503 3817 573 3872 tis
603 3834 617 3871 :
655 3818 960 3875 Humiliavit
1004 3825 1332 3894 semetipsum
1363 3823 1530 3894 [actus
1557 3824 1987 3906 obediengusque
2022 3827 2090 3879 ad

501 3921 735 3978 mortem,
759 3924 971 3968 mortem
998 3924 1170 3968 autem
1198 3916 1362 3969 crucis
1397 3932 1416 3970 :
1447 3927 1656 3985 propter
1695 3918 1835 3986 quod
1877 3925 1923 3971 et
1953 3916 2091 3972 Deus

499 4001 647 4056 itlum
675 4004 948 4071 exultavit,
987 4013 1034 4060 et
1067 4005 1276 4059 donavit
1309 4005 1389 4059 illi
1431 4022 1614 4060 nomen
1663 4007 1804 4077 quod
1832 4016 1908 4061 est
1937 4023 2091 4078 super

499 4111 646 4149 omne
667 4113 851 4150 nomen
870 4096 1094 4167 (Philip.
1113 4114 1170 4165 ll,
1189 4099 1244 4167 8,
1280 4100 1373 4168 9):
1401 4102 1471 4153 ita
1495 4115 1615 4155 cum
1643 4108 1764 4168 post
1783 4101 2090 4169 passionem

501 4201 717 4256 quoque
745 4196 801 4242 et
822 4190 1277 4247 resurrectionem
1301 4192 1534 4246 affirmat
1558 4193 1842 4247 Dominum
1868 4193 2088 4264 factum,

501 4276 646 4344 quod
681 4277 697 4306 ί
745 4277 813 4332 de
849 4277 944 4333 illo
1005 4280 1167 4335 etiam
1211 4282 1401 4337 Petrus
1437 4282 1713 4353 apostolus
1748 4285 1823 4338 ait
1853 4301 1865 4337 :
1898 4283 2093 4338 Notum

502 4370 569 4424 sit
615 4371 752 4424 omni
799 4371 977 4425 domui
1023 4371 1218 4442 Israel,
1261 4375 1506 4443 quoniam
1564 4374 1842 4429 Dominum
1879 4391 1995 4429 eum
2045 4384 2092 4430 et

501 4463 766 4522 Christum
815 4465 955 4522 Deus
1001 4469 1155 4538 fecit,
1199 4469 1336 4522 hunc
1380 4467 1556 4524 Jesum
1600 4485 1748 4539 quem
1788 4485 1877 4523 vos
1927 4469 2093 4523 cruci-

2191 3284 2296 3344 tus,
2330 3275 2477 3330 aliud
2521 3276 2846 3343 consistens,
2885 3287 2940 3331 et
2967 3275 3108 3331 aliud
3158 3275 3378 3331 effectus
3406 3316 3422 3343 ,
3470 3278 3689 3346 proprie
3717 3288 3769 3332 et

2187 3382 2314 3423 vere
2361 3364 2610 3421 Christus
2641 3376 2696 3422 et
2738 3367 2994 3422 Dominus
3039 3366 3210 3422 factus
3254 3380 3377 3423 esse
3419 3367 3642 3424 dicitur.
3688 3367 3769 3422 Ex

2188 3473 2346 3514 servo
2375 3457 2516 3512 enim
2549 3465 2604 3510 et
2632 3473 2698 3512 ex
2730 3458 2972 3527 subjecto
3003 3473 3181 3528 regem
3205 3499 3221 3523 ,
3262 3470 3316 3513 et
3346 3459 3621 3515 Christum
3652 3475 3770 3515 eum

2189 3565 2256 3607 ex
2279 3548 2565 3606 obediente
2606 3549 2756 3616 fecit,
2789 3559 2844 3605 et
2870 3551 3010 3620 quod
3044 3551 3242 3608 humile
3271 3553 3772 3622 eratsuperexalta-

2192 3641 2308 3708 vit,
2359 3649 2415 3695 et
2462 3640 2755 3696 humanum
2805 3641 3019 3698 habenti
3065 3657 3261 3698 nomen
3311 3643 3529 3698 donavit
3578 3659 3773 3700 nomen

2196 3733 2341 3802 quod
2371 3741 2454 3788 est
2483 3747 2643 3803 super
2671 3747 2832 3789 omne
2859 3747 3075 3788 nomen.
3109 3753 3128 3786 ι
3167 3735 3259 3790 llis
3289 3749 3502 3805 quoque
3528 3734 3773 3790 conside-

2192 3823 2346 3893 ratis,
2383 3822 2598 3878 videant
2638 3824 2728 3893 qui
2760 3823 3101 3888 Tbeodorum
3133 3838 3256 3880 cum
3287 3826 3398 3880 suis
3437 3827 3774 3894 dogmatibus

2188 3913 2567 3984 iudicaverunt
2614 3928 2735 3970 esse
2774 3914 3134 3970 damnandum
3160 3937 3191 3983 ,-
3226 3926 3478 3986 tanquam
3509 3918 3773 3973 dicentem

2195 4021 2289 4077 per
2316 4005 2617 4078 profectum
2649 4005 2850 4076 aliquid
2897 4008 3192 4064 accessisse
3223 4007 3443 4064 Christo
3481 4010 3775 4065 secundum

2195 4101 2614 4164 humanitatem;
2649 4099 2901 4168 quoniam
2945 4100 3061 4155 sive
3101 4099 3204 4154 hoc
3234 4098 3549 4156 Theodorus
3575 4100 3777 4166 dixit‘,

2193 4192 2309 4248 sive
2336 4204 2443 4245 non
2488 4189 2706 4258 dixerit,
2739 4190 3034 4260 Gregorius
3065 4191 3281 4246 interim
3325 4191 3496 4259 dicit,
3535 4194 3665 4262 quia
3693 4209 3777 4251 se-

2192 4285 2427 4340 cundum
2460 4282 2760 4349 profectum
2791 4297 2857 4338 ex
2890 4282 3102 4352 privato
3144 4297 3261 4352 rex,
3289 4298 3353 4337 ex
3386 4283 3576 4338 humili
3608 4283 3778 4340 excel-

2193 4389 2304 4441 sus,
2335 4390 2402 4431 ex
2427 4389 2586 4431 servo
2611 4373 2870 4428 Dominus
2894 4374 2946 4430 in
2977 4381 3225 4442 suscepta
3250 4371 3585 4429 humanitate
3616 4373 3780 4429 factus

2193 4477 2277 4524 est
2303 4466 2573 4522 Christus.
2605 4464 2737 4520 Nam
2771 4465 2916 4520 Deus
2940 4464 3194 4530 Verbum,
3225 4464 3367 4534 quod
3393 4474 3510 4520 erat
3535 4465 3593 4519 in
3637 4467 3780 4534 priu-

505 4557 691 4626 ﬁxistis
722 4557 859 4630 (Act.
895 4573 963 4624 ιι,
995 4560 1112 4629 56).
1160 4559 1292 4615 Item
1329 4559 1459 4614 dicit
1489 4559 1678 4614 eodem
1715 4559 1850 4614 libro
1884 4575 1897 4612 :
1948 4577 1965 4609 ι
2021 4557 2090 4614 Ut
2119 4555 2166 4615 D
2195 4559 2362 4628 cipio,
2390 4557 2490 4613 hoc
2516 4557 2678 4614 etiam
2710 4571 2852 4612 nunc
2881 4565 2934 4611 et
2960 4569 3177 4625 semper
3197 4564 3302 4621 est,
3326 4568 3426 4610 nec
3455 4555 3662 4623 aliquid
3695 4556 3781 4610 bo;

502 4652 644 4708 circa
679 4662 965 4724 utrumque
993 4653 1136 4724 quod
1166 4653 1378 4723 pietatis
1409 4663 1490 4709 est
1512 4659 1841 4716 reservetur,
1872 4666 1934 4705 ea
1961 4665 2081 4720 qua:

503 4747 737 4798 humana
767 4754 891 4799 sunt
922 4760 1016 4814 per
1051 4743 1473 4812 assumptionem
1520 4742 1816 4812 glorificata
1857 4741 2084 4796 demon-

515 4845 672 4902 strat,
697 4844 752 4890 et
783 4851 845 4890 ea
886 4851 1009 4905 qua:
1040 4837 1336 4892 divinitatis
1369 4849 1463 4905 per
1491 4833 1897 4889 descensionem
1936 4833 2087 4889 nullo

507 4927 668 4982 modo
707 4927 917 4996 polluit.
952 4928 1058 4983 Sed
1101 4928 1234 4982 dans
1271 4927 1485 4998 quidem
1532 4923 1868 4994 passionibus
1900 4923 2090 4977 huma-

507 5018 751 5084 nitatem,
783 5018 1151 5089 operationem
1179 5030 1357 5075 autem
1396 5014 1804 5074 resurrectionis
1836 5015 1978 5069 illius
1999 5016 2090 5083 qui

507 5124 696 5180 passus
733 5119 814 5165 est
860 5110 1054 5166 divinae
1085 5112 1301 5177 virtuti;
1344 5118 1399 5165 et
1426 5111 1503 5163 sic
1545 5107 1733 5162 mortis
1762 5104 2093 5176 experientia

504 5190 570 5255 ad
599 5201 744 5256 illum
780 5203 868 5272 qui
899 5203 1318 5258 communicavit
1342 5199 1580 5271 passibili
1613 5209 1818 5252 natura:
1842 5197 2093 5262 refertur,

504 5297 733 5364 propter
750 5311 870 5350 eam
899 5310 1017 5364 quae
1045 5295 1110 5350 ad
1140 5309 1260 5349 eum
1290 5303 1374 5350 est
1420 5291 1653 5348 hominis
1679 5291 2090 5355 adunationem;

502 5398 555 5443 et
590 5388 773 5442 altiora
807 5389 932 5441 item
967 5397 1018 5440 et
1049 5386 1234 5440 divina
1258 5385 1477 5439 nomina
1509 5383 1574 5437 ad
1619 5382 1891 5436 hominem
1925 5380 2092 5435 simili

502 5480 662 5535 modo
690 5477 1044 5535 descendunt.
1086 5496 1103 5531 ι
1139 5476 1386 5548 Nunquid
1415 5475 1459 5531 si
1505 5474 1824 5530 Theodorus
1854 5472 2082 5539 diceret,

574 5655 589 5684 ¹
619 5652 755 5708 Cod.
790 5654 1014 5720 Veron.,
1044 5657 1327 5708 secundum
1357 5653 1514 5723 quod.

574 5726 593 5796 ξ
620 5725 760 5796 Idem
791 5726 932 5786 cod.,
963 5727 1120 5778 nostri
1136 5728 1411 5796 jac-tarem.

573 5793 593 5823 ⁸
621 5792 784 5848 Idem.
817 5797 962 5852 cod..
991 5792 1187 5851 referri.

2188 4666 2305 4704 rum
2351 4663 2446 4718 per
2491 4646 2793 4718 profectum
2825 4647 3072 4716 sumpsit.
3117 4645 3209 4700 Ille
3242 4654 3420 4707 autem
3453 4660 3520 4700 ex
3569 4645 3784 4702 homine

2191 4759 2287 4814 per
2315 4742 2736 4810 assumptionem
2788 4740 2855 4795 ad
2897 4740 3064 4796 Deum
3115 4739 3385 4794 exaltatus
3411 4779 3427 4804 ,
3477 4753 3610 4794 cum
3642 4740 3786 4794 aliud

2195 4851 2290 4906 per
2334 4844 2581 4889 naturam
2613 4832 2957 4898 consisteret,
2989 4830 3132 4885 aliud
3176 4830 3398 4886 effectus
3430 4838 3533 4895 est,
3571 4832 3786 4900 proprie

2196 4938 2252 4982 et
2280 4941 2408 4982 vere
2435 4923 2678 4981 Christus
2722 4933 2778 4979 et
2827 4923 3088 4977 Dominus
3118 4920 3291 4976 factus
3317 4928 3400 4975 est
3433 4937 3447 4973 :
3493 4936 3660 4990 quem
3698 4922 3787 4975 Dei

2206 5016 2364 5073 Verbi
2395 5017 2689 5085 assumptio
2716 5029 2780 5069 ex
2815 5027 2974 5070 servo
2998 5020 3053 5066 et
3075 5026 3142 5068 ex
3166 5011 3409 5080 subjecto
3430 5025 3620 5081 regem
3652 5011 3786 5066 fece-

2200 5111 2291 5175 rit,
2323 5119 2375 5162 et
2419 5107 2692 5163 Christum
2737 5121 2802 5160 ex
2851 5103 3156 5159 obediente.
3209 5102 3481 5156 Accusent
3528 5102 3696 5172 igitur
3737 5111 3786 5157 et

2200 5199 2518 5270 Gregorium
2575 5208 2825 5267 tanquam
2874 5195 3012 5251 duos
3063 5195 3404 5249 inducentem
3453 5194 3618 5261 filios,
3663 5192 3785 5263 quia

2200 5294 2380 5349 dixit:
2428 5292 2570 5347 Deus
2616 5289 2852 5344 Verbum
2893 5288 3024 5343 nihil
3054 5303 3147 5358 per
3189 5287 3485 5356 profectum
3525 5289 3780 5356 sumpsit;

2204 5387 2294 5441 ille
2342 5394 2520 5439 autem
2549 5399 2614 5438 ex
2647 5381 2861 5436 homine
2909 5394 3003 5449 per
3041 5379 3464 5448 assumptionem
3495 5379 3564 5432 ad
3618 5379 3784 5434 Deum

2193 5478 2456 5533 exaltatus
2500 5485 2602 5530 est.
2659 5474 2726 5528 Et
2771 5473 2922 5543 quasi
2965 5472 3266 5538 dicentem,
3320 5470 3464 5542 quod
3492 5470 3787 5542 aliquando

2261 5651 2282 5680 ⁸
2311 5649 2449 5703 Idem
2478 5647 2623 5713 cod.,
2651 5655 2864 5700 naturat.

2264 5722 2284 5751 ⁵
2309 5719 2450 5775 Idem
2477 5718 2596 5774 cod.
2607 5759 2621 5788 ,
2647 5717 2851 5771 dixerit.
