3992 6344
255 385 358 437 839

1142 382 1273 437 ΓΡιο
1315 378 1740 436 DEFENSIONE
1777 376 1991 433 TRIUM
2020 376 2336 431 CAPITUL.
2383 376 2505 430 LIB.
2549 376 2636 430 Xl.

3407 376 3507 430 8m

255 494 510 549 Dominus
536 493 690 549 Jesns
713 496 787 547 sic
817 489 974 545 fuerit
1006 506 1192 563 servus
1223 507 1285 545 ac
1312 490 1605 560 subjectus,
1632 497 1688 543 ut
1719 503 1823 543 non
1854 494 1901 552 Α
1930 498 2011 539 eat
2038 485 2175 539 calix
2213 487 2335 553 iste,
2369 498 2416 541 et
2444 528 2457 548 ,
2495 486 2611 540 Non
2657 487 2785 539 sicut
2815 502 2904 555 ego
2935 487 3043 541 volo
3066 528 3082 551 ,
3127 488 3215 540 sed
3252 489 3379 541 sicut
3422 499 3495 552 tu,

255 587 417 641 etiam
451 601 542 638 rex
585 594 728 639 esset
752 592 803 637 et
831 584 1109 649 Dominus,
1136 592 1227 637 aut
1255 584 1400 653 prius
1429 582 1685 637 obediens
1707 591 1823 635 tan-

256 660 365 731 tum
400 675 581 741 fuerit,
616 683 668 727 et
696 683 878 744 postea
909 674 1074 742 ipsius
1104 674 1425 729 obedientia:
1454 674 1646 728 merito
1677 672 1829 727 Chri-

255 775 371 823 Itus
401 765 655 830 eil‘ectus;
695 776 785 819 aut
815 766 892 819 sic
926 765 1083 819 fuerit
1121 766 1351 835 unquam
1384 765 1620 828 Immitis,
1652 774 1707 817 ut
1732 778 1831 818 ex-

258 858 436 914 eclsns
465 870 679 925 quoque
712 870 817 907 non
868 862 1040 919 esset;
1089 863 1183 908 aut
1222 854 1508 923 aliquando
1541 853 1828 907 humanum

260 964 451 1002 nomen
485 933 749 1012 habuerit,
785 954 843 999 ut
871 963 976 1001 non
1018 947 1239 1002 haberet
1280 948 1437 1001 etiam
1470 962 1663 1001 nomen
1689 946 1829 1015 quod

264 1050 337 1093 est
360 1053 523 1105 super
548 1052 705 1090 omne
731 1051 920 1090 nomen
946 1055 956 1088 :
983 1039 1102 1104 quia
1129 1048 1181 1092 et
1213 1038 1312 1091 hoc
1343 1036 1631 1105 Gregorius
1652 1038 1827 1093 dixit:

258 1127 413 1195 Quod
446 1126 644 1179 humile
672 1132 790 1179 erat
819 1127 1235 1193 superexaltavit
1263 1169 1276 1192 ,
1322 1137 1375 1181 et
1409 1128 1698 1181 humanum
1733 1129 1826 1179 ha—

260 1219 406 1273 benti
458 1230 652 1270 nomen
698 1214 915 1269 donavit
956 1230 1150 1270 nomen
1182 1216 1322 1284 quod
1352 1226 1436 1271 est
1465 1231 1628 1285 super
1674 1229 1833 1269 omne

260 1324 476 1362 nomen.
504 1307 770 1359 Aecusent
795 1307 957 1360 etiam
989 1307 1129 1375 quod
1162 1308 1234 1359 ait
1264 1306 1407 1375 :llle
1438 1317 1613 1361 autem
1643 1322 1707 1361 ex
1734 1310 1830 1359 ho-

263 1402 406 1455 mine
455 1399 514 1452 id
562 1398 726 1452 Deum
771 1398 1057 1461 exaltatns,
1098 1398 1311 1468 prOprie
1339 1409 1394 1452 et
1432 1414 1557 1453 vere
1591 1398 1835 1452 Christus

263 1489 602 1545 etDommus
626 1488 799 1541 factus
822 1502 941 1542 esse
962 1488 1176 1554 dicitur,
1207 1489 1359 1558 quasi
1381 1488 1622 1542 Christus
1652 1498 1705 1543 et
1735 1488 1834 1542 Do.-

265 1562 438 1633 minus
467 1579 635 1631 lactus
664 1578 824 1631 homo
852 1592 970 1631 esse
994 1577 1235 1642 desierit,
1271 1588 1326 1631 ut
1351 1580 1618 1631 diceretur
1645 1594 1707 1631 ex
1743 1577 1835 1629 ho-

265 1670 404 1724 mine
444 1669 693 1724 Christus
724 1677 779 1723 et
814 1669 1069 1722 Dominus
1102 1667 1295 1722 factus.
1322 1670 1529 1735 Quanta
1556 1682 1682 1725 vero
1712 1667 1834 1721 talia

265 1763 316 1815 in
365 1760 516 1815 libris
558 1760 717 1828 hujus
749 1763 917 1813 sancti
960 1760 1205 1830 Gregorii
1238 1760 1442 1828 possint
1485 1759 1730 1823 inveniri,
1764 1774 1831 1814 ex

1932 579 2061 633 nihil
2092 580 2234 634 aliud
2264 581 2522 647 ostendit,
2557 580 2655 634 nisi
2701 582 2820 648 quia
2865 596 3078 635 carnem
3112 597 3241 636 vere
3269 582 3491 637 circum-

1932 670 2157 724 amictus
2199 679 2282 725 est
2330 672 2601 726 timentem
2648 683 2892 725 mortem.
2938 671 3150 727 Timere
3179 673 3322 727 enim
3356 690 3502 726 mor-

1932 772 2063 823 tem,
2118 770 2171 816 et
2217 762 2497 825 subtrahi,
2535 772 2590 817 et
2621 764 2866 833 agonlam
2913 761 3115 816 habere
3149 809 3162 830 ,
3211 764 3352 815 illius
3394 773 3497 817 est.

1933 853 2081 908 Nunc
2116 854 2331 923 quidem
2372 869 2489 910 eam
2530 855 2798 910 desertam
2848 866 2901 909 et
2950 857 3143 909 nudam
3190 856 3400 925 reliquit
3442 857 3507 908 ah

1935 945 2246 1012 operatione
2278 945 2514 1014 propria,
2563 954 2622 999 ut
2646 946 2938 1000 ostendens
2978 947 3091 1012 ejus
3125 946 3509 1005 inﬁrmitatem,

1935 1034 2301 1089 manifestaret
2347 1035 2463 1103 ejus
2506 1045 2770 1089 naturam.
2809 1054 2826 1085 ι
2863 1035 2979 1090 Jam
3011 1035 3223 1105 quidem
3257 1036 3416 1088 etiam
3450 1036 3512 1087 li.

1934 1126 2031 1180 bro
2063 1126 2243 1189 tertio,
2287 1126 2554 1195 quomodo
2588 1126 2727 1182 idem
2761 1126 2948 1180 beatus
2983 1124 3215 1179 Joannes
3246 1125 3511 1179 Christum

1934 1215 2230 1271 secundum
2281 1215 2664 1269 humanitatem
2715 1223 2942 1269 mortem
2977 1213 3217 1268 docuerit
3248 1214 3511 1275 timuisse,

1937 1309 2300 1377 probavimus.
2332 1308 2438 1363 Sed
2474 1308 2602 1361 illud
2637 1306 2796 1361 modo
2827 1307 3072 1359 volumus
3102 1305 3327 1369 attendi,
3370 1306 3513 1372 ipiod

1935 1404 2007 1456 ait
2041 1421 2053 1455 :
2090 1402 2240 1456 Nunc
2271 1401 2485 1471 quidem
2513 1415 2629 1455 eam
2672 1401 2940 1455 desvrtam
2970 1408 3023 1453 et
3067 1397 3261 1451 nudam
3300 1398 3517 1462 reliquit

1936 1493 2004 1547 ah
2030 1495 2345 1558 Operatione
2370 1493 2606 1562 pr0pria,
2640 1507 2758 1545 cum
2796 1490 2870 1544 sic
2903 1505 3020 1544 eam
3055 1489 3157 1543 sibi
3191 1490 3353 1544 Deum
3386 1487 3517 1544 Ver-

1938 1588 2060 1640 bum
2092 1587 2141 1639 in
2168 1601 2324 1639 unam
2354 1585 2755 1640 subsistentiam
2786 1582 3055 1637 adunasse
3088 1581 3372 1636 credamus
3399 1622 3413 1645 ,
3458 1592 3517 1633 ut

1937 1677 2005 1729 ab
2055 1691 2115 1731 ea
2163 1675 2346 1730 divelli
2401 1685 2629 1744 nequeat
2678 1674 2728 1726 in
2779 1680 3087 1725 mternum:
3136 1685 3293 1740 quam
3338 1678 3515 1722 tamen

1939 1776 2089 1820 recto
2116 1780 2299 1832 sensu,
2326 1780 2482 1835 quem
2514 1764 2969 1834 Eutychianorum
3003 1763 3228 1815 stultitia
3256 1776 3359 1815 non
3395 1776 3518 1830 pos-

265 1850 366 1903 hoc
408 1850 579 1904 leczor
609 1849 882 1919 ο‹.ιι]ἰρίει1,
932 1848 1057 1918 quia
1102 1865 1198 1903 nos
1226 1865 1331 1903 non
1360 1850 1530 1903 solum
1556 1865 1620 1904 ex
1647 1849 1833 1904 eodem
1867 1861 1914 1921 Β
1942 1865 2020 1910 set
2045 1857 2296 1925 indagare
2325 1871 2424 1911 nec
2468 1856 2712 1922 impietas
2746 1854 2954 1923 placide
2980 1862 3033 1909 et
3074 1861 3388 1907 reverenter
3427 1865 3514 1905 ac-

266 1942 380 2010 ejus
408 1956 591 2009 opere,
633 1956 817 1995 verum
847 1939 1007 1994 etiam
1046 1956 1112 1995 ex
1142 1942 1332 1996 eodem
1367 1942 1503 1996 libro
1545 1950 1687 1994 tanta
1719 1956 1842 2009 pro-

268 2032 505 2097 tulimus,
538 2040 734 2101 quanta
768 2032 1073 2086 necessaria
1103 2046 1279 2087 causai
1316 2032 1689 2101 judicavimus.
1734 2034 1843 2087 Nec

266 2134 443 2178 tamen
494 2138 590 2192 pro
633 2122 833 2176 talibus
881 2122 1095 2192 dignum
1124 2132 1206 2178 est
1247 2124 1364 2193 ejus
1396 2123 1695 2179 doetrinam
1742 2124 1843 2178 sub

264 2214 609 2269 anathemate
634 2213 998 2268 condemnari.
1036 2214 1271 2268 Primum
1304 2213 1541 2283 quidem,
1580 2215 1704 2282 quia
1736 2230 1840 2269 non

271 2306 490 2360 infamia
521 2305 665 2375 digni
696 2315 842 2369 sunt,
876 2306 962 2371 qui
992 2315 1309 2373 prmsentem
1342 2306 1500 2358 vitam
1526 2318 1645 2358 cum
1674 2303 1841 2372 gloria

273 2398 547 2451 ﬁnierunt.
598 2396 798 2450 Deinde
847 2396 861 2425 ¹
898 2395 1082 2448 Patres
1124 2409 1336 2463 quoque
1375 2395 1661 2448 orientales
1701 2394 1845 2448 dice-

269 2488 395 2541 bant
429 2504 442 2539 :
484 2504 501 2537 ι
530 2486 585 2541 Si
614 2496 791 2540 autem
826 2486 1138 2554 quidquam,
1171 2488 1460 2554 imperator
1489 2494 1708 2548 sancte,
1751 2485 1847 2538 ob-

269 2593 483 2634 scurum
525 2580 719 2649 aliquis
767 2577 995 2633 inveniri
1026 2577 1172 2631 dicat
1202 2579 1255 2631 in
1288 2577 1552 2632 Theodori
1600 2576 1686 2632 vel
1716 2576 1848 2630 alio-

271 2686 389 2725 rum
422 2672 652 2736 litteris,
704 2672 807 2724 boc
859 2669 1135 2724 retractari
1180 2667 1545 2731 necessarium
1597 2682 1702 2722 non
1742 2675 1843 2721 est.

273 2766 506 2830 Quorum
536 2762 678 2817 enim
709 2763 812 2816 vita
863 2761 914 2815 in
958 2760 1262 2816 sacerdotio
1292 2768 1346 2813 et
1378 2760 1676 2827 miniSterio
1706 2758 1846 2827 opti-

273 2869 416 2909 mum
446 2854 631 2908 habuit
660 2853 819 2907 linem
847 2896 860 2917 ,
910 2847 1316 2919 his'prmlatam
1362 2849 1585 2919 gloriam
1629 2847 1848 2903 dedica-

272 2968 414 3017 mus,
446 2960 499 3005 et
538 2966 641 3005 non
671 2944 735 3005 'ev
770 2950 877 3003 illis
906 2962 996 3002 eos
1021 2946 1333 3016 judicamus
1363 2945 1429 2999 de
1461 2943 1654 3013 quibus
1683 2941 1846 3010 aliqui

272 3045 532 3098 atratiter
575 3059 669 3098 ens
711 3050 983 3097 accusant.
1031 3038 1367 3108 lmpossihile
1408 3039 1552 3091 enim
1583 3044 1687 3102 est,
1727 3050 1845 3089 cum

272 3133 517 3189 homines
562 3135 668 3188 sint
702 3137 788 3201 qui
820 3131 872 3184 in
914 3129 1149 3183 Ecclesia
1177 3130 1391 3192 docent,
1423 3136 1480 3180 ut
1508 3127 1844 3181 calumnian-

1941 1948 2144 2016 cipere,
2183 1946 2420 2001 Joannes
2448 1947 2515 2000 ab
2545 1946 2637 1999 illo
2667 1945 2915 2014 perhibet
2944 1958 3065 1997 esse
3094 1942 3382 1996 desertam.
3415 1938 3517 2005 Qui

1941 2053 2128 2092 rursus
2168 2037 2219 2091 in
2250 2048 2554 2091 commento
2581 2035 2835 2104 Epistolte
2866 2034 2929 2087 ad
2962 2031 3223 2101 Ephesios
3252 2031 3387 2085 lrihro
3410 2039 3519 2083 ter-

1944 2133 2016 2187 tio
2055 2132 2183 2187 dicit
2213 2150 2225 2184 :
2264 2152 2281 2183 ι
2318 2130 2611 2186 Considera
2643 2140 2900 2199 quantum
2922 2136 3011 2183 est
3042 2128 3178 2182 inter
3210 2125 3440 2180 hominis
3466 2133 3521 2178 et

1946 2223 2038 2278 Dei
2083 2234 2325 2277 naturam
2371 2222 2605 2277 medium
2632 2262 2647 2286 ,
2696 2231 2749 2276 et
2779 2220 2846 2276 ab
2900 2219 3000 2274 hac
3043 2218 3246 2272 vilitate
3286 2218 3339 2270 in
3371 2216 3520 2270 illum

1945 2327 2066 2367 eum
2096 2316 2352 2368 honorem
2399 2313 2609 2366 devexit
2645 2331 2655 2362 :
2692 2326 2799 2366 non
2831 2326 2938 2364 uno
2967 2309 3134 2379 gradu
3169 2307 3520 2370 transcendit,

1944 2412 1999 2458 et
2039 2406 2295 2469 secundo,
2345 2414 2400 2458 et
2432 2403 2595 2457 tertio
2619 2403 2757 2457 habe
2787 2412 2812 2440 ι
2844 2387 2857 2455 ἐ
2890 2418 2996 2456 non
3042 2400 3358 2470 simpliciter
3386 2400 3522 2453 dixit

1946 2510 2181 2560 sursum,
2215 2495 2307 2549 sed
2338 2509 2499 2562 super
2534 2510 2769 2559 sursum,
2809 2510 2930 2547 nam
2962 2494 3249 2548 virtutibus
3278 2492 3524 2561 supernis

1949 2585 2195 2653 superior
2227 2594 2329 2640 est.
2391 2585 2532 2654 Ergo
2576 2585 2701 2638 illuc
2748 2585 2936 2639 evexit
2979 2599 3100 2637 eum
3132 2584 3223 2652 qui
3266 2598 3337 2636 ex
3371 2584 3524 2637 nobis

1950 2684 2063 2739 est;
2108 2675 2174 2727 ab
2205 2676 2386 2728 ultima
2431 2684 2570 2727 meta
2602 2674 2666 2727 ad
2704 2688 3013 2740 supremum
3044 2674 3222 2728 evexit
3262 2672 3524 2741 principu-

1956 2771 2087 2828 tum,
2123 2772 2242 2831 post
2266 2779 2423 2831 quem
2455 2778 2561 2816 non
2593 2772 2675 2816 est
2699 2762 2833 2817 alter
2861 2764 3030 2816 honor
3063 2781 3074 2815 :
3103 2776 3264 2831 super
3285 2777 3521 2828 omnem,

1953 2852 2159 2921 inquit,
2202 2852 2556 2920 principatum
2592 2868 2603 2903 :
2649 2867 2754 2905 non
2788 2851 2886 2906 hoc
2934 2851 3179 2920 quidem,
3222 2852 3322 2907 hoc
3347 2863 3524 2908 autem

1953 2957 2082 3008 non,
2114 2943 2206 2996 sed
2239 2950 2291 2996 et
2323 2958 2483 3011 super
2513 2957 2727 2996 omnem
2758 2948 3077 3012 potestatem
3112 2951 3165 2996 et
3196 2942 3444 2997 virtutem
3474 2956 3526 2996 et

1952 3016 2392 3097 dominationem,
2441 3042 2497 3087 et
2527 3047 2688 3088 omne
2727 3046 2925 3088 nomen
2958 3035 3097 3103 quod
3142 3036 3445 3089 nominatur
3472 3036 3525 3090 in

1953 3125 2093 3180 coelo
2115 3134 2167 3180 et
2190 3125 2242 3178 in
2273 3134 2435 3191 terra,
2458 3127 2706 3194 superior
2732 3126 2907 3180 factus
2935 3138 3036 3180 est.
3072 3126 3181 3181 lluc
3205 3126 3274 3182 de
3294 3143 3358 3183 eo
3384 3129 3526 3197 quia

276 3226 407 3280 tium
437 3226 856 3294 vituperationes
903 3220 1177 3296 eﬂugiant.
1219 3238 1237 3271 ι
1274 3218 1475 3273 Deinde
1521 3218 1644 3286 quia
1677 3219 1843 3273 multa
1877 3228 1926 3291 ε
1957 3216 2182 3270 mortuis
2213 3216 2504 3269 suscitatus
2534 3224 2615 3270 est
2642 3215 2858 3284 dignum
2900 3216 3105 3282 mirari,
3129 3217 3193 3272 de
3223 3217 3319 3272 Dei
3349 3228 3528 3272 autem

273 3317 400 3371 hinc
425 3317 589 3371 etiam
620 3314 767 3367 hesio
795 3322 951 3381 atque
981 3309 1227 3364 confusio
1256 3318 1545 3379 generatur
1575 3308 1846 3362 Ecclesiae.

277 3409 433 3465 Unde
463 3409 655 3460 iterum
681 3405 865 3458 Patres
896 3401 1176 3456 memorati
1202 3400 1453 3454 dicebant
1482 3416 1494 3451 :
1532 3417 1549 3449 ι
1581 3397 1716 3465 Quid
1744 3413 1850 3452 non

276 3501 405 3553 hinc
428 3495 669 3551 Ιωεὶοηὶς
688 3494 770 3549 vel
800 3489 1164 3561 corruptionis
1196 3498 1249 3545 et
1275 3487 1608 3544 confusionis
1637 3488 1850 3557 plenum

275 3601 591 3663 generetur,
630 3588 674 3642 si
700 3587 1003 3656 aperiamus
1028 3586 1246 3652 januam
1281 3581 1364 3635 bis
1394 3581 1483 3649 qui
1508 3581 1693 3634 volunt
1711 3580 1851 3634 dicta

280 3680 665 3738 transeuntium
714 3679 926 3733 Patrum
969 3676 1252 3732 evertere?
1282 3674 1439 3744 quale
1467 3674 1717 3728 damnum
1747 3687 1851 3727 non

278 3781 522 3841 apertum
554 3774 675 3836 erit,
726 3770 864 3824 dicta
900 3783 1005 3822 non
1039 3768 1209 3821 solum
1253 3766 1510 3833 refutare,
1565 3765 1657 3820 sed
1689 3765 1849 3819 etiam

281 3859 766 3917 anathematizare?
796 3878 814 3911 ›
848 3857 917 3913 Ut
945 3858 1086 3911 enim
1114 3856 1255 3909 aliud
1276 3857 1433 3910 alicui
1461 3856 1685 3923 placeat,
1709 3854 1851 3909 aliud

282 3968 390 4010 non
421 3955 470 4007 in
498 3952 798 4021 aliquorum
840 3952 1016 4018 dictis,
1050 3953 1164 4007 sive
1193 3952 1558 4021 antiquorum,
1615 3952 1725 4005 sive
1758 3965 1854 4019 po-

285 4054 548 4099 sterorum
573 4086 589 4111 ,
638 4046 753 4098 sive
782 4057 924 4097 nunc
952 4050 1259 4095 nostrorum
1289 4081 1302 4104 ,
1352 4040 1457 4095 alia
1486 4040 1620 4094 ratio
1646 4048 1728 4093 est
1752 4054 1765 4093 :
1799 4045 1857 4091 ut

286 4148 463 4194 autem
486 4147 540 4192 et
570 4136 850 4191 anathema
881 4134 959 4190 eis
990 4134 1316 4204 imponatur,
1342 4132 1664 4187 arbitramur
1684 4130 1854 4183 audax

286 4239 342 4285 et
371 4242 614 4304 asperum
646 4241 924 4296 apparere.
974 4227 1074 4282 etsi
1120 4239 1363 4295 persona:
1392 4240 1513 4279 cum
1560 4223 1717 4278 dictis
1749 4237 1853 4276 non

287 4322 822 4378 auathematizentor.

907 4472 1130 4530 CAPUT
1156 4473 1219 4528 V.

290 4584 439 4651 Quod
467 4585 603 4657 apud
621 4584 870 4657 Joannem
892 4581 1307 4657 Cltrys_oston_twn
1328 4583 1561 4657 quietiam
1587 4582 1752 4657 etiam
1779 4583 1853 4635 si-

359 4650 510 4709 milia'
550 4658 648 4709 sint
696 4656 759 4709 iis
791 4669 903 4724 qua:
932 4650 1014 4706 ἐπ’
1038 4650 1292 4705 Theodori
1339 4653 1542 4720 scriptis
1586 4653 1856 4722 reprehen-

358 4726 567 4779 duntur.

354 4834 465 4891 Sed
481 4834 591 4903 jam
614 4833 681 4888 ad
695 4832 862 4888 sancti
884 4832 1104 4888 Joannis
1123 4832 1694 4902 Constantiimpolitani
1717 4834 1857 4891 dicta

288 4937 576 4998 pergamus
598 4965 613 4990 ,
663 4934 719 4979 ut
748 4933 839 4979 aut
869 4926 981 4993 ipse
1009 4938 1217 4994 quoque
1242 4939 1362 4978 cum
1404 4924 1683 4980 Theodoro
1712 4927 1856 4979 anti-

287 5033 393 5088 quo
425 5018 596 5072 amico
626 5026 678 5072 et
719 5032 749 5071 a
776 5016 1039 5086 principio
1080 5016 1472 5085 condiscipulo,
1516 5033 1856 5072 communem

287 5107 357 5162 ab
381 5106 724 5176 Eutychianis
753 5106 889 5161 ferat
916 5105 1190 5171 invidiam,
1234 5115 1326 5160 aut
1351 5116 1404 5160 et
1426 5107 1492 5161 ab
1522 5107 1615 5162 illo
1642 5115 1800 5176 atque
1825 5122 1855 5161 a

288 5198 493 5265 synodo
516 5196 942 5252 Chalcedonensi
975 5196 1217 5265 repellat.
1241 5194 1341 5261 Qui
1366 5197 1418 5249 in
1451 5209 1699 5251 sermone
1724 5212 1859 5265 quo-

289 5290 433 5355 dam,
466 5288 617 5358 cujus
660 5299 745 5343 est
775 5287 1095 5357 principium
1115 5328 1130 5353 ,
1169 5286 1363 5341 Iterum
1388 5303 1627 5355 equorum
1653 5303 1853 5352 cursus,

290 5382 369 5434 sic
397 5381 468 5433 ait
497 5396 513 5433 :
556 5398 574 5431 ε
606 5378 834 5447 Quando
860 5392 989 5447 ergo
1010 5376 1139 5432 dicit
1170 5395 1183 5429 :
1214 5377 1273 5431 Si
1298 5376 1537 5446 possibile
1563 5386 1659 5440 est,
1688 5386 1858 5431 trans-

361 5548 386 5575 ⁸
414 5539 467 5593 In
498 5539 707 5607 Grmco,
740 5541 911 5607 Βαϐαῖ,
943 5537 1239 5608 ραρω.¹ηωι
1265 5536 1581 5606 simpliciter,
1613 5546 1717 5591 etc.

362 5694 375 5722 ¹
406 5688 533 5745 Cod.
570 5690 786 5753 \’eron.,
821 5686 988 5741 Unde.

354 5760 380 5793 ³
409 5761 547 5813 Idem
571 5759 715 5819 cod.,
768 5760 835 5809 ad
865 5772 1174 5822 supremum.
1207 5754 1295 5810 Sic
1318 5754 1473 5824 paulo
1503 5756 1749 5825 superius
1781 5755 1854 5808 ait

286 5831 516 5885 Joattnes
545 5827 952 5896 Chrysostomns
984 5840 997 5877 :
1030 5828 1091 5877 ab
1116 5827 1293 5877 ultimo
1324 5836 1452 5877 meta
1478 5828 1544 5879 ad
1565 5841 1853 5894 supremum

606 5921 869 5977 PAT.:0L.
922 5915 1166 5975 LXVil.

1961 3307 2137 3362 Verbo
2181 3322 2539 3375 nequaquam.
2586 3324 2604 3358 ι
2639 3306 2822 3376 Neque
2854 3308 2937 3363 hic
2966 3309 3214 3375 dicendo,
3244 3309 3384 3379 quod
3429 3326 3531 3364 na-

1955 3407 2071 3452 tura
2121 3398 2297 3452 divina
2341 3407 2673 3465 assumptum
2707 3400 2726 3429 ²
2758 3400 2939 3453 evexit
2978 3414 3097 3453 eum
3131 3398 3221 3468 qui
3268 3414 3333 3453 ex
3376 3400 3531 3453 nobis

1954 3498 2060 3555 est,
2113 3489 2246 3543 duos
2278 3489 2448 3543 voluit
2498 3489 2722 3558 intelligi
2764 3489 2918 3542 filios.
2962 3489 3113 3543 Unde
3155 3504 3254 3543 nec
3292 3490 3360 3541 ita
3394 3490 3527 3543 illud

1954 3579 2210 3633 debemus
2255 3580 2496 3648 accipere
2525 3619 2539 3640 ,
2590 3579 2730 3648 quod
2778 3578 2832 3632 in
2883 3578 2987 3632 fine
3032 3578 3189 3647 hujus
3244 3580 3526 3633 sententia:

1955 3670 2114 3733 dixit,
2151 3670 2260 3724 lloc
2283 3670 2349 3723 de
2381 3684 2444 3723 eo
2472 3669 2561 3737 qui
2587 3684 2612 3720 a
2646 3669 2867 3724 mortuis
2890 3669 3175 3724 suscitatus
3203 3678 3283 3723 est
3310 3668 3527 3738 dignum

1958 3759 2175 3823 mirari,
2222 3759 2289 3813 de
2328 3759 2421 3812 Dei
2451 3768 2626 3812 autem
2665 3758 2842 3814 Verbo
2887 3774 3240 3828 nequaquam.
3274 3760 3401 3815 Item
3432 3775 3529 3815 eo-

1955 3847 2075 3902 dem
2109 3847 2245 3902 libro
2277 3865 2289 3899 :
2333 3865 2351 3898 ι
2395 3849 2506 3902 Duo
2533 3849 2697 3912 enim,
2731 3848 2922 3917 inquit,
2953 3848 3185 3903 maxima
3217 3849 3339 3903 fecit
3370 3867 3385 3903 :
3415 3851 3530 3918 ipse

1958 3938 2011 3993 in
2062 3939 2403 3993 novissimam
2438 3938 2797 3994 humilitatem
2839 3940 3011 4005 venit,
3050 3940 3317 3993 hominem
3358 3942 3407 3993 in
3436 3956 3536 3994 ex-.

1957 4028 2260 4082 celleutiam
2293 4044 2536 4098 magnam
2582 4030 2788 4096 evexit,
2841 4029 2894 4083 in
2923 4029 3180 4099 sanguine
3205 4031 3325 4099 ejus
3352 4030 3529 4085 salva-

1959 4120 2053 4173 vit.
2086 4119 2379 4197 Dixitillud
2426 4121 2594 4190 prius,
2626 4122 2713 4190 qui
2741 4121 3085 4190 semetipsum
3118 4130 3318 4176 tantum
3353 4121 3531 4176 Immi-

1960 4211 2141 4275 liavit;
2187 4210 2316 4265 dicit
2357 4211 2459 4267 hoc
2488 4220 2672 4282 postea
2720 4228 2967 4282 magnum
3010 4221 3064 4268 et
3091 4227 3421 4282 supremum.
3469 4215 3533 4270 Et

1960 4302 2080 4357 licet
2110 4303 2255 4357 nullo
2282 4303 2425 4373 digni
2447 4304 2802 4373 efﬁceremur,
2827 4306 3158 4371 sulﬁciebat;
3185 4315 3235 4360 et
3260 4309 3303 4360 si
3339 4318 3533 4376 prmter

1962 4393 2066 4447 hoc
2094 4394 2236 4463 digni
2270 4393 2610 4449 efficeremur
2640 4394 2843 4465 absque
2866 4396 3151 4463 occisione,
3185 4395 3483 4450 sufﬁciebat
3508 4413 3525 4447 :

1961 4482 2175 4550 quando
2197 4492 2374 4536 autem
2407 4482 2514 4538 duo
2544 4493 2709 4549 sunt,
2749 4484 2904 4553 cujus
2927 4484 3191 4539 sermonis
3216 4484 3535 4553 magnitudi-

1962 4587 2083 4626 nem
2128 4588 2233 4626 nnn
2276 4573 2486 4626 evincat
2527 4582 2684 4640 atque
2711 4573 3090 4627 transcendat?
3125 4590 3143 4623 ι
3176 4572 3291 4626 Non
3332 4574 3535 4641 grande

1965 4672 2047 4715 est
2089 4661 2295 4729 aliquid
2323 4663 2667 4727 resurrectio,
2700 4661 2912 4731 quando
2944 4663 3041 4716 ista
3086 4662 3370 4717 considero
3412 4679 3426 4716 :
3465 4664 3533 4719 de

1966 4753 2066 4806 isto
2097 4753 2228 4807 dicit
2257 4771 2270 4806 :
2306 4754 2447 4808 Dens
2475 4752 2684 4808 Domini
2718 4755 2884 4809 nostri
2910 4755 3038 4809 Jesu
3054 4738 3289 4820 ‘Christi,
3329 4770 3435 4809 non
3465 4757 3533 4810 de

1964 4841 2074 4896 Deo
2107 4843 2298 4897 Verbo.
2322 4844 2454 4911 Quis
2479 4852 2657 4899 autem
2679 4848 2763 4899 vel
2791 4844 2876 4899 hic
2900 4844 3158 4899 Joannem
3180 4845 3320 4900 dicat
3346 4846 3535 4901 Nesto-

1962 4931 2100 4985 riani
2149 4932 2417 5003 dogmatis
2464 4936 2811 4989 inventorem
2844 4936 2964 5005 quia
2994 4934 3126 4990 dixit
3155 4953 3168 4988 :
3198 4936 3314 5005 Ipse
3343 4938 3395 4991 in
3442 4953 3536 4991 no-

1962 5021 2231 5076 vissimam
2266 5024 2618 5079 humilitatem
2658 5027 2843 5093 venit;
2888 5029 3012 5081 item
3054 5045 3068 5082 :
3112 5028 3253 5083 Deus
3290 5028 3526 5084 Verbum

1966 5109 2236 5167 hom'nem
2277 5115 2327 5167 in
2376 5116 2751 5170 excellentiam
2804 5134 3046 5189 magnam
3099 5119 3302 5185 evexit;
3357 5121 3531 5175 item:

1962 5196 2057 5251 llle
2088 5198 2107 5227 ³
2138 5198 2192 5253 in
2236 5202 2387 5270 cujus
2418 5207 2678 5273 sanguine
2706 5222 2804 5261 nos
2842 5208 3105 5262 salvavit?
3135 5210 3216 5263 vel
3243 5209 3365 5278 quia
3399 5209 3531 5262 infc-

1962 5289 2075 5341 rius
2103 5288 2198 5353 ait,
2228 5290 2295 5345 de
2331 5292 2432 5345 isto
2458 5294 2590 5348 dicit
2620 5295 2760 5350 Deus
2786 5296 2993 5352 Domini
3023 5300 3187 5352 nostri
3223 5298 3349 5354 Jcsu
3377 5299 3533 5352 Chri-

1962 5379 2052 5445 εῑῖο
2079 5395 2183 5437 non
2208 5382 2271 5438 de
2297 5384 2609 5456 Dechrbo,
2633 5399 2879 5459 tanquam
2903 5390 3157 5446 Dominus
3174 5401 3355 5445 nester
3376 5388 3531 5443 Jesns

1957 5690 2113 5743 evexit
2139 5691 2498 5760 principatum.

2081 5757 2220 5814 Idem
2250 5757 2397 5826 cod,
2422 5763 2473 5813 id
2496 5768 2587 5823 est,
2621 5757 2730 5810 ille.

3021 5906 3103 5975 26
