  <div class='ocr_page' id='page_1' title='image "/cluster/home/n/w/nwhite01/storage/ocr_20150623/67/hvd.32044073505141/413.png"; bbox 0 0 3978 6350; ppageno 0'>
   <div class='ocr_carea' id='block_1_1' title="bbox 470 378 565 438">
    <p class='ocr_par' dir='ltr' id='par_1_1' title="bbox 470 378 565 438">
     <span class='ocr_line' id='line_1_1' title="bbox 470 378 565 438; baseline -0.084 -1"><span class='ocrx_word' id='word_1_1' title='bbox 470 378 565 438; x_wconf 83' lang='lat' dir='ltr'><strong>8H</strong></span> 
     </span>
    </p>
   </div>
   <div class='ocr_carea' id='block_1_2' title="bbox 1515 366 2601 426">
    <p class='ocr_par' dir='ltr' id='par_1_2' title="bbox 1515 366 2601 426">
     <span class='ocr_line' id='line_1_2' title="bbox 1515 366 2601 426; baseline -0.005 0"><span class='ocrx_word' id='word_1_2' title='bbox 1515 368 1806 426; x_wconf 56' lang='lat' dir='ltr'><strong>FACUADI</strong></span> <span class='ocrx_word' id='word_1_3' title='bbox 1846 366 2054 421; x_wconf 83' lang='lat' dir='ltr'><strong>EPISC.</strong></span> <span class='ocrx_word' id='word_1_4' title='bbox 2099 366 2601 422; x_wconf 73' lang='lat' dir='ltr'><strong>HERMIANENSIS</strong></span> 
     </span>
    </p>
   </div>
   <div class='ocr_carea' id='block_1_3' title="bbox 3585 369 3689 421">
    <p class='ocr_par' dir='ltr' id='par_1_3' title="bbox 3585 369 3689 421">
     <span class='ocr_line' id='line_1_3' title="bbox 3585 369 3689 421; baseline 0 -1"><span class='ocrx_word' id='word_1_5' title='bbox 3585 369 3689 421; x_wconf 60' lang='lat' dir='ltr'><strong>Si!</strong></span> 
     </span>
    </p>
   </div>
   <div class='ocr_carea' id='block_1_4' title="bbox 422 478 3687 557">
    <p class='ocr_par' dir='ltr' id='par_1_4' title="bbox 422 478 3687 557">
     <span class='ocr_line' id='line_1_4' title="bbox 422 478 3687 557; baseline -0.005 -9"><span class='ocrx_word' id='word_1_6' title='bbox 422 494 675 557; x_wconf 74' lang='lat' dir='ltr'><strong>.Christns</strong></span> <span class='ocrx_word' id='word_1_7' title='bbox 721 505 829 544; x_wconf 88' lang='lat' dir='ltr'><strong>non</strong></span> <span class='ocrx_word' id='word_1_8' title='bbox 869 486 1156 543; x_wconf 86' lang='lat' dir='ltr'><strong>secundum</strong></span> <span class='ocrx_word' id='word_1_9' title='bbox 1200 483 1556 539; x_wconf 68' lang='lat' dir='ltr'><strong>subsistentia:</strong></span> <span class='ocrx_word' id='word_1_10' title='bbox 1588 482 1843 534; x_wconf 91' lang='lat' dir='ltr'><strong>unitatem</strong></span> <span class='ocrx_word' id='word_1_11' title='bbox 1883 480 1997 547; x_wconf 87' lang='lat' dir='ltr'><strong>ipse</strong></span> <span class='ocrx_word' id='word_1_12' title='bbox 2031 485 2071 541; x_wconf 77' lang='grc' dir='ltr'><strong>Α</strong></span> <span class='ocrx_word' id='word_1_13' title='bbox 2104 489 2247 533; x_wconf 81' lang='lat' dir='ltr'><strong>tante</strong></span> <span class='ocrx_word' id='word_1_14' title='bbox 2268 478 3103 547; x_wconf 69' lang='lat' dir='ltr'><strong>Nestoriiquzcstione,ltmreticis</strong></span> <span class='ocrx_word' id='word_1_15' title='bbox 3125 480 3247 533; x_wconf 87' lang='lat' dir='ltr'><strong>talia</strong></span> <span class='ocrx_word' id='word_1_16' title='bbox 3267 478 3687 547; x_wconf 69' lang='lat' dir='ltr'><strong>respondebam,</strong></span> 
     </span>
    </p>
   </div>
   <div class='ocr_carea' id='block_1_5' title="bbox 439 570 2013 640">
    <p class='ocr_par' dir='ltr' id='par_1_5' title="bbox 439 570 2013 640">
     <span class='ocr_line' id='line_1_5' title="bbox 439 570 2013 640; baseline -0.011 -3"><span class='ocrx_word' id='word_1_17' title='bbox 439 586 506 637; x_wconf 69' lang='lat' dir='ltr'><strong>sit</strong></span> <span class='ocrx_word' id='word_1_18' title='bbox 546 581 710 636; x_wconf 80' lang='lat' dir='ltr'><strong>etiam</strong></span> <span class='ocrx_word' id='word_1_19' title='bbox 751 581 892 632; x_wconf 85' lang='lat' dir='ltr'><strong>Dens</strong></span> <span class='ocrx_word' id='word_1_20' title='bbox 922 575 1174 630; x_wconf 78' lang='lat' dir='ltr'><strong>Verbum.</strong></span> <span class='ocrx_word' id='word_1_21' title='bbox 1219 573 1282 626; x_wconf 85' lang='grc' dir='ltr'><strong>ιιι</strong></span> <span class='ocrx_word' id='word_1_22' title='bbox 1313 570 1755 640; x_wconf 70' lang='lat' dir='ltr'><strong>interpretatione</strong></span> <span class='ocrx_word' id='word_1_23' title='bbox 1802 581 2013 637; x_wconf 90' lang='lat' dir='ltr'><strong>quoque</strong></span> 
     </span>
    </p>
   </div>
   <div class='ocr_carea' id='block_1_6' title="bbox 441 658 2016 741">
    <p class='ocr_par' dir='ltr' id='par_1_6' title="bbox 441 658 2016 741">
     <span class='ocr_line' id='line_1_6' title="bbox 441 658 2016 741; baseline -0.011 -14"><span class='ocrx_word' id='word_1_24' title='bbox 441 672 687 741; x_wconf 61' lang='lat' dir='ltr'><strong>Epistolas</strong></span> <span class='ocrx_word' id='word_1_25' title='bbox 714 668 778 722; x_wconf 87' lang='lat' dir='ltr'><strong>ad</strong></span> <span class='ocrx_word' id='word_1_26' title='bbox 810 667 1063 721; x_wconf 69' lang='lat' dir='ltr'><strong>Hebrmos</strong></span> <span class='ocrx_word' id='word_1_27' title='bbox 1088 678 1339 718; x_wconf 86' lang='lat' dir='ltr'><strong>sermone</strong></span> <span class='ocrx_word' id='word_1_28' title='bbox 1376 661 1441 714; x_wconf 73' lang='grc'><strong>14</strong></span> <span class='ocrx_word' id='word_1_29' title='bbox 1474 666 1489 683; x_wconf 78' lang='grc'><strong><em>⁸</em></strong></span> <span class='ocrx_word' id='word_1_30' title='bbox 1517 660 1584 715; x_wconf 93' lang='lat' dir='ltr'><strong>de</strong></span> <span class='ocrx_word' id='word_1_31' title='bbox 1613 674 1679 714; x_wconf 92' lang='lat' dir='ltr'><strong>eo</strong></span> <span class='ocrx_word' id='word_1_32' title='bbox 1708 658 1851 727; x_wconf 89' lang='lat' dir='ltr'><strong>quod</strong></span> <span class='ocrx_word' id='word_1_33' title='bbox 1878 658 2016 712; x_wconf 88' lang='lat' dir='ltr'><strong>scri-</strong></span> 
     </span>
    </p>
   </div>
   <div class='ocr_carea' id='block_1_7' title="bbox 440 753 2014 833">
    <p class='ocr_par' dir='ltr' id='par_1_7' title="bbox 440 753 2014 833">
     <span class='ocr_line' id='line_1_7' title="bbox 440 753 2014 833; baseline -0.008 -15"><span class='ocrx_word' id='word_1_34' title='bbox 440 775 584 833; x_wconf 82' lang='lat' dir='ltr'><strong>ptum</strong></span> <span class='ocrx_word' id='word_1_35' title='bbox 613 772 696 817; x_wconf 85' lang='lat' dir='ltr'><strong>est</strong></span> <span class='ocrx_word' id='word_1_36' title='bbox 724 777 736 813; x_wconf 90' lang='lat'><strong>:</strong></span> <span class='ocrx_word' id='word_1_37' title='bbox 768 760 918 815; x_wconf 90' lang='lat' dir='ltr'><strong>Sicut</strong></span> <span class='ocrx_word' id='word_1_38' title='bbox 945 758 1341 814; x_wconf 69' lang='lat' dir='ltr'><strong>consummatio</strong></span> <span class='ocrx_word' id='word_1_39' title='bbox 1369 770 1461 825; x_wconf 86' lang='lat' dir='ltr'><strong>per</strong></span> <span class='ocrx_word' id='word_1_40' title='bbox 1506 753 1799 809; x_wconf 88' lang='lat' dir='ltr'><strong>Leviticum</strong></span> <span class='ocrx_word' id='word_1_41' title='bbox 1827 767 2014 808; x_wconf 88' lang='lat' dir='ltr'><strong>sacer-</strong></span> 
     </span>
    </p>
   </div>
   <div class='ocr_carea' id='block_1_8' title="bbox 441 841 2011 915">
    <p class='ocr_par' dir='ltr' id='par_1_8' title="bbox 441 841 2011 915">
     <span class='ocr_line' id='line_1_8' title="bbox 441 841 2011 915; baseline -0.009 -8"><span class='ocrx_word' id='word_1_42' title='bbox 441 854 642 907; x_wconf 82' lang='lat' dir='ltr'><strong>dotium</strong></span> <span class='ocrx_word' id='word_1_43' title='bbox 679 860 817 915; x_wconf 85' lang='lat' dir='ltr'><strong>eral,</strong></span> <span class='ocrx_word' id='word_1_44' title='bbox 850 850 920 902; x_wconf 90' lang='lat' dir='ltr'><strong>ita</strong></span> <span class='ocrx_word' id='word_1_45' title='bbox 952 849 1158 901; x_wconf 89' lang='lat' dir='ltr'><strong>locutus</strong></span> <span class='ocrx_word' id='word_1_46' title='bbox 1184 854 1305 900; x_wconf 86' lang='lat' dir='ltr'><strong>est:</strong></span> <span class='ocrx_word' id='word_1_47' title='bbox 1344 864 1361 896; x_wconf 72' lang='grc' dir='ltr'>ι</span> <span class='ocrx_word' id='word_1_48' title='bbox 1394 844 1532 898; x_wconf 89' lang='lat' dir='ltr'><strong>Dicit</strong></span> <span class='ocrx_word' id='word_1_49' title='bbox 1563 844 1701 897; x_wconf 90' lang='lat' dir='ltr'><strong>alter</strong></span> <span class='ocrx_word' id='word_1_50' title='bbox 1735 841 2011 911; x_wconf 83' lang='lat' dir='ltr'><strong>propheta,</strong></span> 
     </span>
    </p>
   </div>
   <div class='ocr_carea' id='block_1_9' title="bbox 440 930 2019 1007">
    <p class='ocr_par' dir='ltr' id='par_1_9' title="bbox 440 930 2019 1007">
     <span class='ocr_line' id='line_1_9' title="bbox 440 930 2019 1007; baseline -0.008 -11"><span class='ocrx_word' id='word_1_51' title='bbox 440 942 601 996; x_wconf 69' lang='lat' dir='ltr'><strong>Deius</strong></span> <span class='ocrx_word' id='word_1_52' title='bbox 628 957 729 995; x_wconf 88' lang='lat' dir='ltr'><strong>non</strong></span> <span class='ocrx_word' id='word_1_53' title='bbox 764 950 837 993; x_wconf 85' lang='lat' dir='ltr'><strong>est</strong></span> <span class='ocrx_word' id='word_1_54' title='bbox 865 940 1097 992; x_wconf 79' lang='lat' dir='ltr'><strong>inventus</strong></span> <span class='ocrx_word' id='word_1_55' title='bbox 1123 938 1177 989; x_wconf 89' lang='lat' dir='ltr'><strong>in</strong></span> <span class='ocrx_word' id='word_1_56' title='bbox 1208 952 1293 989; x_wconf 88' lang='lat' dir='ltr'><strong>ore</strong></span> <span class='ocrx_word' id='word_1_57' title='bbox 1314 937 1425 1007; x_wconf 86' lang='lat' dir='ltr'><strong>ejus</strong></span> <span class='ocrx_word' id='word_1_58' title='bbox 1457 948 1475 986; x_wconf 89' lang='lat'><strong><em>:</em></strong></span> <span class='ocrx_word' id='word_1_59' title='bbox 1509 938 1609 987; x_wconf 86' lang='lat' dir='ltr'><strong>hoc</strong></span> <span class='ocrx_word' id='word_1_60' title='bbox 1631 940 1713 986; x_wconf 90' lang='lat' dir='ltr'><strong>est</strong></span> <span class='ocrx_word' id='word_1_61' title='bbox 1736 932 1878 985; x_wconf 89' lang='lat' dir='ltr'><strong>nulla</strong></span> <span class='ocrx_word' id='word_1_62' title='bbox 1909 930 2019 986; x_wconf 88' lang='lat' dir='ltr'><strong>cal-</strong></span> 
     </span>
    </p>
   </div>
   <div class='ocr_carea' id='block_1_10' title="bbox 435 1022 2015 1097">
    <p class='ocr_par' dir='ltr' id='par_1_10' title="bbox 435 1022 2015 1097">
     <span class='ocr_line' id='line_1_10' title="bbox 435 1022 2015 1097; baseline -0.009 -8"><span class='ocrx_word' id='word_1_63' title='bbox 435 1034 643 1089; x_wconf 69' lang='lat' dir='ltr'><strong>‘liditas.</strong></span> <span class='ocrx_word' id='word_1_64' title='bbox 693 1032 802 1086; x_wconf 86' lang='lat' dir='ltr'><strong>Hoc</strong></span> <span class='ocrx_word' id='word_1_65' title='bbox 832 1031 1055 1085; x_wconf 77' lang='lat' dir='ltr'><strong>forsitan</strong></span> <span class='ocrx_word' id='word_1_66' title='bbox 1087 1028 1366 1097; x_wconf 83' lang='lat' dir='ltr'><strong>quisquam</strong></span> <span class='ocrx_word' id='word_1_67' title='bbox 1391 1025 1459 1079; x_wconf 91' lang='lat' dir='ltr'><strong>de</strong></span> <span class='ocrx_word' id='word_1_68' title='bbox 1490 1025 1598 1079; x_wconf 89' lang='lat' dir='ltr'><strong>Deo</strong></span> <span class='ocrx_word' id='word_1_69' title='bbox 1624 1022 1786 1086; x_wconf 85' lang='lat' dir='ltr'><strong>dicat,</strong></span> <span class='ocrx_word' id='word_1_70' title='bbox 1825 1031 1879 1077; x_wconf 90' lang='lat' dir='ltr'><strong>et</strong></span> <span class='ocrx_word' id='word_1_71' title='bbox 1909 1037 2015 1076; x_wconf 91' lang='lat' dir='ltr'><strong>non</strong></span> 
     </span>
    </p>
   </div>
   <div class='ocr_carea' id='block_1_11' title="bbox 445 1115 2020 1189">
    <p class='ocr_par' dir='ltr' id='par_1_11' title="bbox 445 1115 2020 1189">
     <span class='ocr_line' id='line_1_11' title="bbox 445 1115 2020 1189; baseline -0.009 -9"><span class='ocrx_word' id='word_1_72' title='bbox 445 1124 717 1180; x_wconf 82' lang='lat' dir='ltr'><strong>erubescit</strong></span> <span class='ocrx_word' id='word_1_73' title='bbox 746 1123 952 1187; x_wconf 89' lang='lat' dir='ltr'><strong>dicens,</strong></span> <span class='ocrx_word' id='word_1_74' title='bbox 1005 1118 1129 1189; x_wconf 93' lang='lat' dir='ltr'><strong>quia</strong></span> <span class='ocrx_word' id='word_1_75' title='bbox 1167 1119 1304 1173; x_wconf 85' lang='lat' dir='ltr'><strong>Deos</strong></span> <span class='ocrx_word' id='word_1_76' title='bbox 1331 1132 1433 1171; x_wconf 92' lang='lat' dir='ltr'><strong>non</strong></span> <span class='ocrx_word' id='word_1_77' title='bbox 1464 1126 1544 1170; x_wconf 88' lang='lat' dir='ltr'><strong>est</strong></span> <span class='ocrx_word' id='word_1_78' title='bbox 1573 1115 1817 1179; x_wconf 83' lang='lat' dir='ltr'><strong>callidus,</strong></span> <span class='ocrx_word' id='word_1_79' title='bbox 1847 1128 2020 1181; x_wconf 75' lang='lat' dir='ltr'><strong>neque</strong></span> 
     </span>
    </p>
   </div>
   <div class='ocr_carea' id='block_1_12' title="bbox 447 1203 2022 1278">
    <p class='ocr_par' dir='ltr' id='par_1_12' title="bbox 447 1203 2022 1278">
     <span class='ocr_line' id='line_1_12' title="bbox 447 1203 2022 1278; baseline -0.01 -9"><span class='ocrx_word' id='word_1_80' title='bbox 447 1217 686 1269; x_wconf 88' lang='lat' dir='ltr'><strong>dolosus.</strong></span> <span class='ocrx_word' id='word_1_81' title='bbox 730 1214 807 1267; x_wconf 92' lang='lat' dir='ltr'><strong>De</strong></span> <span class='ocrx_word' id='word_1_82' title='bbox 834 1227 900 1266; x_wconf 86' lang='lat' dir='ltr'><strong>eo</strong></span> <span class='ocrx_word' id='word_1_83' title='bbox 930 1224 1057 1264; x_wconf 83' lang='lat' dir='ltr'><strong>vero</strong></span> <span class='ocrx_word' id='word_1_84' title='bbox 1088 1209 1179 1278; x_wconf 87' lang='lat' dir='ltr'><strong>qui</strong></span> <span class='ocrx_word' id='word_1_85' title='bbox 1207 1207 1498 1262; x_wconf 90' lang='lat' dir='ltr'><strong>secundum</strong></span> <span class='ocrx_word' id='word_1_86' title='bbox 1540 1219 1753 1259; x_wconf 90' lang='lat' dir='ltr'><strong>carnem</strong></span> <span class='ocrx_word' id='word_1_87' title='bbox 1781 1214 1884 1268; x_wconf 69' lang='grc' dir='ltr'><strong>εει,</strong></span> <span class='ocrx_word' id='word_1_88' title='bbox 1926 1203 2022 1255; x_wconf 79' lang='lat' dir='ltr'><strong>ha-</strong></span> 
     </span>
    </p>
   </div>
   <div class='ocr_carea' id='block_1_13' title="bbox 447 1294 2020 1365">
    <p class='ocr_par' dir='ltr' id='par_1_13' title="bbox 447 1294 2020 1365">
     <span class='ocr_line' id='line_1_13' title="bbox 447 1294 2020 1365; baseline -0.01 -3"><span class='ocrx_word' id='word_1_89' title='bbox 447 1307 594 1362; x_wconf 86' lang='lat' dir='ltr'><strong>behit</strong></span> <span class='ocrx_word' id='word_1_90' title='bbox 631 1304 854 1359; x_wconf 83' lang='lat' dir='ltr'><strong>forsitan</strong></span> <span class='ocrx_word' id='word_1_91' title='bbox 906 1303 1186 1357; x_wconf 88' lang='lat' dir='ltr'><strong>rationem.</strong></span> <span class='ocrx_word' id='word_1_92' title='bbox 1228 1317 1245 1350; x_wconf 73' lang='grc' dir='ltr'><strong>ι</strong></span> <span class='ocrx_word' id='word_1_93' title='bbox 1303 1298 1397 1352; x_wconf 85' lang='lat' dir='ltr'><strong>llic</strong></span> <span class='ocrx_word' id='word_1_94' title='bbox 1435 1299 1596 1352; x_wconf 88' lang='lat' dir='ltr'><strong>etiam</strong></span> <span class='ocrx_word' id='word_1_95' title='bbox 1619 1336 1635 1363; x_wconf 91' lang='lat'><strong>,</strong></span> <span class='ocrx_word' id='word_1_96' title='bbox 1668 1297 1908 1365; x_wconf 82' lang='lat' dir='ltr'><strong>quamvis</strong></span> <span class='ocrx_word' id='word_1_97' title='bbox 1938 1294 2020 1348; x_wconf 90' lang='lat' dir='ltr'><strong>di-</strong></span> 
     </span>
    </p>
   </div>
   <div class='ocr_carea' id='block_1_14' title="bbox 448 1385 2016 1461">
    <p class='ocr_par' dir='ltr' id='par_1_14' title="bbox 448 1385 2016 1461">
     <span class='ocr_line' id='line_1_14' title="bbox 448 1385 2016 1461; baseline -0.009 -11"><span class='ocrx_word' id='word_1_98' title='bbox 448 1408 533 1450; x_wconf 87' lang='lat' dir='ltr'><strong>cat</strong></span> <span class='ocrx_word' id='word_1_99' title='bbox 561 1411 666 1450; x_wconf 90' lang='lat' dir='ltr'><strong>non</strong></span> <span class='ocrx_word' id='word_1_100' title='bbox 695 1395 761 1450; x_wconf 88' lang='lat' dir='ltr'><strong>de</strong></span> <span class='ocrx_word' id='word_1_101' title='bbox 800 1395 909 1449; x_wconf 88' lang='lat' dir='ltr'><strong>Deo</strong></span> <span class='ocrx_word' id='word_1_102' title='bbox 940 1394 1116 1447; x_wconf 74' lang='lat' dir='ltr'><strong>Verbo</strong></span> <span class='ocrx_word' id='word_1_103' title='bbox 1146 1392 1401 1461; x_wconf 88' lang='lat' dir='ltr'><strong>scriptum</strong></span> <span class='ocrx_word' id='word_1_104' title='bbox 1444 1390 1585 1459; x_wconf 91' lang='lat' dir='ltr'><strong>quod</strong></span> <span class='ocrx_word' id='word_1_105' title='bbox 1622 1389 1696 1442; x_wconf 92' lang='lat' dir='ltr'><strong>ait</strong></span> <span class='ocrx_word' id='word_1_106' title='bbox 1737 1385 2016 1456; x_wconf 85' lang='lat' dir='ltr'><strong>propheta,</strong></span> 
     </span>
    </p>
   </div>
   <div class='ocr_carea' id='block_1_15' title="bbox 449 1475 2020 1548">
    <p class='ocr_par' dir='ltr' id='par_1_15' title="bbox 449 1475 2020 1548">
     <span class='ocr_line' id='line_1_15' title="bbox 449 1475 2020 1548; baseline -0.008 -7"><span class='ocrx_word' id='word_1_107' title='bbox 449 1487 608 1541; x_wconf 86' lang='lat' dir='ltr'><strong>Dolus</strong></span> <span class='ocrx_word' id='word_1_108' title='bbox 637 1501 742 1540; x_wconf 90' lang='lat' dir='ltr'><strong>non</strong></span> <span class='ocrx_word' id='word_1_109' title='bbox 772 1491 857 1539; x_wconf 91' lang='lat' dir='ltr'><strong>est</strong></span> <span class='ocrx_word' id='word_1_110' title='bbox 907 1483 1154 1537; x_wconf 85' lang='lat' dir='ltr'><strong>iuventus</strong></span> <span class='ocrx_word' id='word_1_111' title='bbox 1204 1482 1256 1535; x_wconf 93' lang='lat' dir='ltr'><strong>iu</strong></span> <span class='ocrx_word' id='word_1_112' title='bbox 1285 1496 1379 1534; x_wconf 86' lang='lat' dir='ltr'><strong>ore</strong></span> <span class='ocrx_word' id='word_1_113' title='bbox 1410 1482 1528 1548; x_wconf 88' lang='lat' dir='ltr'><strong>ejus</strong></span> <span class='ocrx_word' id='word_1_114' title='bbox 1555 1518 1569 1544; x_wconf 88' lang='lat'><strong>,</strong></span> <span class='ocrx_word' id='word_1_115' title='bbox 1624 1478 1718 1533; x_wconf 88' lang='lat' dir='ltr'><strong>sed</strong></span> <span class='ocrx_word' id='word_1_116' title='bbox 1748 1477 1815 1531; x_wconf 91' lang='lat' dir='ltr'><strong>de</strong></span> <span class='ocrx_word' id='word_1_117' title='bbox 1839 1492 1904 1531; x_wconf 90' lang='lat' dir='ltr'><strong>eo</strong></span> <span class='ocrx_word' id='word_1_118' title='bbox 1933 1475 2020 1544; x_wconf 91' lang='lat' dir='ltr'><strong>qui</strong></span> 
     </span>
    </p>
   </div>
   <div class='ocr_carea' id='block_1_16' title="bbox 450 1566 2022 1640">
    <p class='ocr_par' dir='ltr' id='par_1_16' title="bbox 450 1566 2022 1640">
     <span class='ocr_line' id='line_1_16' title="bbox 450 1566 2022 1640; baseline -0.006 -11"><span class='ocrx_word' id='word_1_119' title='bbox 450 1576 745 1632; x_wconf 88' lang='lat' dir='ltr'><strong>secundum</strong></span> <span class='ocrx_word' id='word_1_120' title='bbox 786 1588 1004 1629; x_wconf 88' lang='lat' dir='ltr'><strong>carnem</strong></span> <span class='ocrx_word' id='word_1_121' title='bbox 1056 1583 1136 1627; x_wconf 89' lang='lat' dir='ltr'><strong>est</strong></span> <span class='ocrx_word' id='word_1_122' title='bbox 1164 1616 1178 1640; x_wconf 90' lang='lat'><strong>,</strong></span> <span class='ocrx_word' id='word_1_123' title='bbox 1232 1587 1335 1625; x_wconf 92' lang='lat' dir='ltr'><strong>non</strong></span> <span class='ocrx_word' id='word_1_124' title='bbox 1371 1580 1544 1625; x_wconf 89' lang='lat' dir='ltr'><strong>tamen</strong></span> <span class='ocrx_word' id='word_1_125' title='bbox 1576 1569 1711 1621; x_wconf 87' lang='lat' dir='ltr'><strong>duos</strong></span> <span class='ocrx_word' id='word_1_126' title='bbox 1743 1566 1908 1622; x_wconf 86' lang='lat' dir='ltr'><strong>voluit</strong></span> <span class='ocrx_word' id='word_1_127' title='bbox 1935 1581 2022 1619; x_wconf 86' lang='lat' dir='ltr'><strong>ac—</strong></span> 
     </span>
    </p>
   </div>
   <div class='ocr_carea' id='block_1_17' title="bbox 451 1659 2022 1738">
    <p class='ocr_par' dir='ltr' id='par_1_17' title="bbox 451 1659 2022 1738">
     <span class='ocr_line' id='line_1_17' title="bbox 451 1659 2022 1738; baseline -0.009 -16"><span class='ocrx_word' id='word_1_128' title='bbox 451 1669 550 1738; x_wconf 81' lang='lat' dir='ltr'><strong>cipi</strong></span> <span class='ocrx_word' id='word_1_129' title='bbox 582 1666 823 1721; x_wconf 86' lang='lat' dir='ltr'><strong>Christos</strong></span> <span class='ocrx_word' id='word_1_130' title='bbox 858 1674 947 1719; x_wconf 88' lang='lat' dir='ltr'><strong>aut</strong></span> <span class='ocrx_word' id='word_1_131' title='bbox 988 1667 1147 1717; x_wconf 80' lang='lat' dir='ltr'><strong>tt‘ios.</strong></span> <span class='ocrx_word' id='word_1_132' title='bbox 1198 1662 1255 1717; x_wconf 84' lang='lat' dir='ltr'><strong>In</strong></span> <span class='ocrx_word' id='word_1_133' title='bbox 1294 1676 1541 1717; x_wconf 81' lang='lat' dir='ltr'><strong>sermone</strong></span> <span class='ocrx_word' id='word_1_134' title='bbox 1586 1674 1797 1729; x_wconf 89' lang='lat' dir='ltr'><strong>quoque</strong></span> <span class='ocrx_word' id='word_1_135' title='bbox 1847 1659 1913 1713; x_wconf 90' lang='lat' dir='ltr'><strong>de</strong></span> <span class='ocrx_word' id='word_1_136' title='bbox 1939 1671 2022 1709; x_wconf 87' lang='lat' dir='ltr'><strong>as-</strong></span> 
     </span>
    </p>
   </div>
   <div class='ocr_carea' id='block_1_18' title="bbox 452 1748 2019 1821">
    <p class='ocr_par' dir='ltr' id='par_1_18' title="bbox 452 1748 2019 1821">
     <span class='ocr_line' id='line_1_18' title="bbox 452 1748 2019 1821; baseline -0.01 -10"><span class='ocrx_word' id='word_1_137' title='bbox 452 1758 709 1812; x_wconf 85' lang='lat' dir='ltr'><strong>censione</strong></span> <span class='ocrx_word' id='word_1_138' title='bbox 760 1755 968 1810; x_wconf 83' lang='lat' dir='ltr'><strong>Domini</strong></span> <span class='ocrx_word' id='word_1_139' title='bbox 998 1765 1021 1790; x_wconf 85' lang='grc'><strong>·</strong></span> <span class='ocrx_word' id='word_1_140' title='bbox 1066 1755 1218 1821; x_wconf 81' lang='lat' dir='ltr'><strong>cujus</strong></span> <span class='ocrx_word' id='word_1_141' title='bbox 1266 1761 1347 1808; x_wconf 90' lang='lat' dir='ltr'><strong>est</strong></span> <span class='ocrx_word' id='word_1_142' title='bbox 1377 1750 1627 1819; x_wconf 90' lang='lat' dir='ltr'><strong>initium,</strong></span> <span class='ocrx_word' id='word_1_143' title='bbox 1671 1748 2019 1802; x_wconf 83' lang='lat' dir='ltr'><strong>Festivitatem</strong></span> 
     </span>
    </p>
   </div>
   <div class='ocr_carea' id='block_1_19' title="bbox 2117 568 3693 641">
    <p class='ocr_par' dir='ltr' id='par_1_19' title="bbox 2117 568 3693 641">
     <span class='ocr_line' id='line_1_19' title="bbox 2117 568 3693 641; baseline 0.001 -18"><span class='ocrx_word' id='word_1_144' title='bbox 2117 579 2285 625; x_wconf 85' lang='lat' dir='ltr'><strong>totum</strong></span> <span class='ocrx_word' id='word_1_145' title='bbox 2309 584 2504 638; x_wconf 87' lang='lat' dir='ltr'><strong>corpus</strong></span> <span class='ocrx_word' id='word_1_146' title='bbox 2530 570 2785 623; x_wconf 77' lang='lat' dir='ltr'><strong>doctrina:</strong></span> <span class='ocrx_word' id='word_1_147' title='bbox 2819 569 3028 624; x_wconf 89' lang='lat' dir='ltr'><strong>illorum</strong></span> <span class='ocrx_word' id='word_1_148' title='bbox 3060 570 3293 624; x_wconf 86' lang='lat' dir='ltr'><strong>lucidum</strong></span> <span class='ocrx_word' id='word_1_149' title='bbox 3328 568 3464 623; x_wconf 77' lang='lat' dir='ltr'><strong>fecit.</strong></span> <span class='ocrx_word' id='word_1_150' title='bbox 3491 571 3547 627; x_wconf 89' lang='lat' dir='ltr'><strong>Si</strong></span> <span class='ocrx_word' id='word_1_151' title='bbox 3572 573 3693 641; x_wconf 83' lang='lat' dir='ltr'><strong>quis</strong></span> 
     </span>
    </p>
   </div>
   <div class='ocr_carea' id='block_1_20' title="bbox 2116 660 3691 727">
    <p class='ocr_par' dir='ltr' id='par_1_20' title="bbox 2116 660 3691 727">
     <span class='ocr_line' id='line_1_20' title="bbox 2116 660 3691 727; baseline 0 -12"><span class='ocrx_word' id='word_1_152' title='bbox 2116 670 2291 717; x_wconf 91' lang='lat' dir='ltr'><strong>autem</strong></span> <span class='ocrx_word' id='word_1_153' title='bbox 2325 676 2464 715; x_wconf 90' lang='lat' dir='ltr'><strong>nunc</strong></span> <span class='ocrx_word' id='word_1_154' title='bbox 2509 660 2664 714; x_wconf 83' lang='lat' dir='ltr'><strong>oculo</strong></span> <span class='ocrx_word' id='word_1_155' title='bbox 2704 675 2956 727; x_wconf 65' lang='lat' dir='ltr'><strong>nequam,</strong></span> <span class='ocrx_word' id='word_1_156' title='bbox 2991 660 3041 713; x_wconf 91' lang='lat' dir='ltr'><strong>id</strong></span> <span class='ocrx_word' id='word_1_157' title='bbox 3073 669 3155 713; x_wconf 84' lang='lat' dir='ltr'><strong>est</strong></span> <span class='ocrx_word' id='word_1_158' title='bbox 3197 660 3490 713; x_wconf 87' lang='lat' dir='ltr'><strong>intentione</strong></span> <span class='ocrx_word' id='word_1_159' title='bbox 3514 661 3532 692; x_wconf 74' lang='grc'><strong>⁸</strong></span> <span class='ocrx_word' id='word_1_160' title='bbox 3557 676 3691 715; x_wconf 76' lang='lat' dir='ltr'><strong>eun-</strong></span> 
     </span>
    </p>
   </div>
   <div class='ocr_carea' id='block_1_21' title="bbox 2116 750 3696 819">
    <p class='ocr_par' dir='ltr' id='par_1_21' title="bbox 2116 750 3696 819">
     <span class='ocr_line' id='line_1_21' title="bbox 2116 750 3696 819; baseline 0 -14"><span class='ocrx_word' id='word_1_161' title='bbox 2116 761 2195 805; x_wconf 91' lang='lat' dir='ltr'><strong>tra</strong></span> <span class='ocrx_word' id='word_1_162' title='bbox 2227 752 2539 818; x_wconf 80' lang='lat' dir='ltr'><strong>Ecclesium,</strong></span> <span class='ocrx_word' id='word_1_163' title='bbox 2575 750 2659 805; x_wconf 89' lang='lat' dir='ltr'><strong>his</strong></span> <span class='ocrx_word' id='word_1_164' title='bbox 2706 750 2921 805; x_wconf 82' lang='lat' dir='ltr'><strong>Patrum</strong></span> <span class='ocrx_word' id='word_1_165' title='bbox 2951 750 3127 803; x_wconf 84' lang='lat' dir='ltr'><strong>verbis</strong></span> <span class='ocrx_word' id='word_1_166' title='bbox 3151 792 3166 816; x_wconf 93' lang='lat'><strong>,</strong></span> <span class='ocrx_word' id='word_1_167' title='bbox 3200 750 3285 805; x_wconf 88' lang='lat' dir='ltr'><strong>vel</strong></span> <span class='ocrx_word' id='word_1_168' title='bbox 3334 752 3491 804; x_wconf 90' lang='lat' dir='ltr'><strong>etiam</strong></span> <span class='ocrx_word' id='word_1_169' title='bbox 3525 752 3696 819; x_wconf 86' lang='lat' dir='ltr'><strong>ipsius</strong></span> 
     </span>
    </p>
   </div>
   <div class='ocr_carea' id='block_1_22' title="bbox 2117 841 3695 911">
    <p class='ocr_par' dir='ltr' id='par_1_22' title="bbox 2117 841 3695 911">
     <span class='ocr_line' id='line_1_22' title="bbox 2117 841 3695 911; baseline -0.001 -15"><span class='ocrx_word' id='word_1_170' title='bbox 2117 843 2310 897; x_wconf 68' lang='lat' dir='ltr'><strong>divina:</strong></span> <span class='ocrx_word' id='word_1_171' title='bbox 2338 842 2643 911; x_wconf 70' lang='lat' dir='ltr'><strong>Scripturaz,</strong></span> <span class='ocrx_word' id='word_1_172' title='bbox 2670 841 2917 895; x_wconf 80' lang='lat' dir='ltr'><strong>abutatur</strong></span> <span class='ocrx_word' id='word_1_173' title='bbox 2941 842 2993 893; x_wconf 90' lang='lat' dir='ltr'><strong>in</strong></span> <span class='ocrx_word' id='word_1_174' title='bbox 3020 842 3367 894; x_wconf 85' lang='lat' dir='ltr'><strong>assertionem</strong></span> <span class='ocrx_word' id='word_1_175' title='bbox 3391 841 3695 895; x_wconf 76' lang='lat' dir='ltr'><strong>Nestor&#39;ati</strong></span> 
     </span>
    </p>
   </div>
   <div class='ocr_carea' id='block_1_23' title="bbox 2118 932 3694 1003">
    <p class='ocr_par' dir='ltr' id='par_1_23' title="bbox 2118 932 3694 1003">
     <span class='ocr_line' id='line_1_23' title="bbox 2118 932 3694 1003; baseline -0.002 -14"><span class='ocrx_word' id='word_1_176' title='bbox 2118 935 2411 1003; x_wconf 82' lang='lat' dir='ltr'><strong>dogmatis;</strong></span> <span class='ocrx_word' id='word_1_177' title='bbox 2447 943 2614 988; x_wconf 86' lang='lat' dir='ltr'><strong>totum</strong></span> <span class='ocrx_word' id='word_1_178' title='bbox 2646 948 2841 1000; x_wconf 90' lang='lat' dir='ltr'><strong>corpus</strong></span> <span class='ocrx_word' id='word_1_179' title='bbox 2866 934 2983 1000; x_wconf 84' lang='lat' dir='ltr'><strong>ejus</strong></span> <span class='ocrx_word' id='word_1_180' title='bbox 3038 932 3379 986; x_wconf 87' lang='lat' dir='ltr'><strong>tenebrosum</strong></span> <span class='ocrx_word' id='word_1_181' title='bbox 3406 932 3526 986; x_wconf 89' lang='lat' dir='ltr'><strong>erit.</strong></span> <span class='ocrx_word' id='word_1_182' title='bbox 3575 932 3694 986; x_wconf 78' lang='lat' dir='ltr'><strong>Non</strong></span> 
     </span>
    </p>
   </div>
   <div class='ocr_carea' id='block_1_24' title="bbox 2120 1023 3698 1092">
    <p class='ocr_par' dir='ltr' id='par_1_24' title="bbox 2120 1023 3698 1092">
     <span class='ocr_line' id='line_1_24' title="bbox 2120 1023 3698 1092; baseline -0.003 -13"><span class='ocrx_word' id='word_1_183' title='bbox 2120 1035 2202 1081; x_wconf 84' lang='lat' dir='ltr'><strong>est</strong></span> <span class='ocrx_word' id='word_1_184' title='bbox 2228 1034 2404 1079; x_wconf 90' lang='lat' dir='ltr'><strong>autem</strong></span> <span class='ocrx_word' id='word_1_185' title='bbox 2450 1025 2605 1078; x_wconf 90' lang='lat' dir='ltr'><strong>nobis</strong></span> <span class='ocrx_word' id='word_1_186' title='bbox 2646 1025 2696 1078; x_wconf 88' lang='lat' dir='ltr'><strong>in</strong></span> <span class='ocrx_word' id='word_1_187' title='bbox 2724 1023 2824 1078; x_wconf 86' lang='lat' dir='ltr'><strong>hac</strong></span> <span class='ocrx_word' id='word_1_188' title='bbox 2866 1025 2972 1076; x_wconf 82' lang='lat' dir='ltr'><strong>vita</strong></span> <span class='ocrx_word' id='word_1_189' title='bbox 3000 1038 3337 1090; x_wconf 83' lang='lat' dir='ltr'><strong>concessum,</strong></span> <span class='ocrx_word' id='word_1_190' title='bbox 3372 1032 3428 1077; x_wconf 92' lang='lat' dir='ltr'><strong>ut</strong></span> <span class='ocrx_word' id='word_1_191' title='bbox 3457 1028 3698 1092; x_wconf 78' lang='lat' dir='ltr'><strong>proposi-</strong></span> 
     </span>
    </p>
   </div>
   <div class='ocr_carea' id='block_1_25' title="bbox 2122 1115 3699 1185">
    <p class='ocr_par' dir='ltr' id='par_1_25' title="bbox 2122 1115 3699 1185">
     <span class='ocr_line' id='line_1_25' title="bbox 2122 1115 3699 1185; baseline 0 -16"><span class='ocrx_word' id='word_1_192' title='bbox 2122 1125 2230 1169; x_wconf 92' lang='lat' dir='ltr'><strong>tum</strong></span> <span class='ocrx_word' id='word_1_193' title='bbox 2262 1126 2458 1170; x_wconf 69' lang='lat' dir='ltr'><strong>nostra:</strong></span> <span class='ocrx_word' id='word_1_194' title='bbox 2490 1117 2686 1171; x_wconf 90' lang='lat' dir='ltr'><strong>mentis</strong></span> <span class='ocrx_word' id='word_1_195' title='bbox 2716 1130 2849 1185; x_wconf 90' lang='lat' dir='ltr'><strong>opus</strong></span> <span class='ocrx_word' id='word_1_196' title='bbox 2870 1115 3183 1185; x_wconf 79' lang='lat' dir='ltr'><strong>aequiparet,</strong></span> <span class='ocrx_word' id='word_1_197' title='bbox 3217 1124 3272 1169; x_wconf 92' lang='lat' dir='ltr'><strong>et</strong></span> <span class='ocrx_word' id='word_1_198' title='bbox 3302 1115 3421 1168; x_wconf 83' lang='lat' dir='ltr'><strong>talis</strong></span> <span class='ocrx_word' id='word_1_199' title='bbox 3446 1125 3699 1184; x_wconf 83' lang='lat' dir='ltr'><strong>tantaque</strong></span> 
     </span>
    </p>
   </div>
   <div class='ocr_carea' id='block_1_26' title="bbox 2121 1206 3698 1277">
    <p class='ocr_par' dir='ltr' id='par_1_26' title="bbox 2121 1206 3698 1277">
     <span class='ocr_line' id='line_1_26' title="bbox 2121 1206 3698 1277; baseline -0.001 -15"><span class='ocrx_word' id='word_1_200' title='bbox 2121 1210 2191 1262; x_wconf 93' lang='lat' dir='ltr'><strong>sit</strong></span> <span class='ocrx_word' id='word_1_201' title='bbox 2213 1209 2351 1262; x_wconf 90' lang='lat' dir='ltr'><strong>actio</strong></span> <span class='ocrx_word' id='word_1_202' title='bbox 2378 1208 2551 1277; x_wconf 80' lang='lat' dir='ltr'><strong>qualis</strong></span> <span class='ocrx_word' id='word_1_203' title='bbox 2566 1215 2618 1261; x_wconf 93' lang='lat' dir='ltr'><strong>et</strong></span> <span class='ocrx_word' id='word_1_204' title='bbox 2640 1218 2831 1276; x_wconf 89' lang='lat' dir='ltr'><strong>quanta</strong></span> <span class='ocrx_word' id='word_1_205' title='bbox 2860 1216 2943 1260; x_wconf 89' lang='lat' dir='ltr'><strong>est</strong></span> <span class='ocrx_word' id='word_1_206' title='bbox 2971 1207 3123 1261; x_wconf 89' lang='lat' dir='ltr'><strong>nobis</strong></span> <span class='ocrx_word' id='word_1_207' title='bbox 3154 1206 3410 1271; x_wconf 88' lang='lat' dir='ltr'><strong>intentio;</strong></span> <span class='ocrx_word' id='word_1_208' title='bbox 3437 1208 3528 1260; x_wconf 91' lang='lat' dir='ltr'><strong>sed</strong></span> <span class='ocrx_word' id='word_1_209' title='bbox 3555 1209 3698 1277; x_wconf 86' lang='lat' dir='ltr'><strong>quod</strong></span> 
     </span>
    </p>
   </div>
   <div class='ocr_carea' id='block_1_27' title="bbox 2121 1298 3702 1370">
    <p class='ocr_par' dir='ltr' id='par_1_27' title="bbox 2121 1298 3702 1370">
     <span class='ocr_line' id='line_1_27' title="bbox 2121 1298 3702 1370; baseline -0.001 -15"><span class='ocrx_word' id='word_1_210' title='bbox 2121 1300 2359 1369; x_wconf 77' lang='lat' dir='ltr'><strong>perfecte</strong></span> <span class='ocrx_word' id='word_1_211' title='bbox 2392 1302 2531 1354; x_wconf 87' lang='lat' dir='ltr'><strong>lucet</strong></span> <span class='ocrx_word' id='word_1_212' title='bbox 2556 1299 2609 1354; x_wconf 91' lang='lat' dir='ltr'><strong>iu</strong></span> <span class='ocrx_word' id='word_1_213' title='bbox 2637 1300 2775 1354; x_wconf 82' lang='lat' dir='ltr'><strong>bona</strong></span> <span class='ocrx_word' id='word_1_214' title='bbox 2808 1300 3126 1363; x_wconf 83' lang='lat' dir='ltr'><strong>intentione,</strong></span> <span class='ocrx_word' id='word_1_215' title='bbox 3158 1298 3484 1366; x_wconf 85' lang='lat' dir='ltr'><strong>aliquantum</strong></span> <span class='ocrx_word' id='word_1_216' title='bbox 3514 1315 3702 1370; x_wconf 65' lang='lat' dir='ltr'><strong>respe-</strong></span> 
     </span>
    </p>
   </div>
   <div class='ocr_carea' id='block_1_28' title="bbox 2124 1391 3703 1459">
    <p class='ocr_par' dir='ltr' id='par_1_28' title="bbox 2124 1391 3703 1459">
     <span class='ocr_line' id='line_1_28' title="bbox 2124 1391 3703 1459; baseline -0.002 -12"><span class='ocrx_word' id='word_1_217' title='bbox 2124 1394 2285 1447; x_wconf 89' lang='lat' dir='ltr'><strong>rascit</strong></span> <span class='ocrx_word' id='word_1_218' title='bbox 2331 1395 2381 1447; x_wconf 92' lang='lat' dir='ltr'><strong>in</strong></span> <span class='ocrx_word' id='word_1_219' title='bbox 2425 1406 2673 1446; x_wconf 87' lang='lat' dir='ltr'><strong>sermone</strong></span> <span class='ocrx_word' id='word_1_220' title='bbox 2720 1392 2802 1445; x_wconf 76' lang='lat' dir='ltr'><strong>rel</strong></span> <span class='ocrx_word' id='word_1_221' title='bbox 2851 1406 3035 1459; x_wconf 81' lang='lat' dir='ltr'><strong>Opere.</strong></span> <span class='ocrx_word' id='word_1_222' title='bbox 3069 1391 3217 1456; x_wconf 83' lang='lat' dir='ltr'><strong>Quod</strong></span> <span class='ocrx_word' id='word_1_223' title='bbox 3249 1391 3292 1443; x_wconf 91' lang='lat' dir='ltr'><strong>si</strong></span> <span class='ocrx_word' id='word_1_224' title='bbox 3325 1391 3435 1459; x_wconf 82' lang='lat' dir='ltr'><strong>ipsa</strong></span> <span class='ocrx_word' id='word_1_225' title='bbox 3476 1391 3703 1445; x_wconf 86' lang='lat' dir='ltr'><strong>intentio</strong></span> 
     </span>
    </p>
   </div>
   <div class='ocr_carea' id='block_1_29' title="bbox 2124 1480 3700 1551">
    <p class='ocr_par' dir='ltr' id='par_1_29' title="bbox 2124 1480 3700 1551">
     <span class='ocr_line' id='line_1_29' title="bbox 2124 1480 3700 1551; baseline -0.003 -14"><span class='ocrx_word' id='word_1_226' title='bbox 2124 1485 2484 1547; x_wconf 72' lang='lat' dir='ltr'><strong>teni-brescat,</strong></span> <span class='ocrx_word' id='word_1_227' title='bbox 2511 1482 2678 1536; x_wconf 90' lang='lat' dir='ltr'><strong>multo</strong></span> <span class='ocrx_word' id='word_1_228' title='bbox 2707 1482 2875 1551; x_wconf 88' lang='lat' dir='ltr'><strong>magis</strong></span> <span class='ocrx_word' id='word_1_229' title='bbox 2902 1481 3042 1534; x_wconf 86' lang='lat' dir='ltr'><strong>dicta</strong></span> <span class='ocrx_word' id='word_1_230' title='bbox 3073 1480 3156 1534; x_wconf 89' lang='lat' dir='ltr'><strong>vel</strong></span> <span class='ocrx_word' id='word_1_231' title='bbox 3187 1480 3340 1544; x_wconf 85' lang='lat' dir='ltr'><strong>facta,</strong></span> <span class='ocrx_word' id='word_1_232' title='bbox 3374 1497 3492 1549; x_wconf 74' lang='lat' dir='ltr'><strong>qua:</strong></span> <span class='ocrx_word' id='word_1_233' title='bbox 3517 1480 3584 1535; x_wconf 86' lang='lat' dir='ltr'><strong>ab</strong></span> <span class='ocrx_word' id='word_1_234' title='bbox 3614 1482 3700 1535; x_wconf 83' lang='lat' dir='ltr'><strong>illa</strong></span> 
     </span>
    </p>
   </div>
   <div class='ocr_carea' id='block_1_30' title="bbox 2125 1572 3703 1645">
    <p class='ocr_par' dir='ltr' id='par_1_30' title="bbox 2125 1572 3703 1645">
     <span class='ocr_line' id='line_1_30' title="bbox 2125 1572 3703 1645; baseline -0.002 -15"><span class='ocrx_word' id='word_1_235' title='bbox 2125 1578 2507 1645; x_wconf 87' lang='lat' dir='ltr'><strong>processerint,</strong></span> <span class='ocrx_word' id='word_1_236' title='bbox 2541 1574 2821 1629; x_wconf 89' lang='lat' dir='ltr'><strong>tenebrosa</strong></span> <span class='ocrx_word' id='word_1_237' title='bbox 2872 1581 3048 1627; x_wconf 85' lang='lat' dir='ltr'><strong>erunt.</strong></span> <span class='ocrx_word' id='word_1_238' title='bbox 3101 1572 3234 1626; x_wconf 89' lang='lat' dir='ltr'><strong>llinc</strong></span> <span class='ocrx_word' id='word_1_239' title='bbox 3274 1587 3402 1641; x_wconf 87' lang='lat' dir='ltr'><strong>ergo</strong></span> <span class='ocrx_word' id='word_1_240' title='bbox 3449 1573 3703 1627; x_wconf 90' lang='lat' dir='ltr'><strong>Dominus</strong></span> 
     </span>
    </p>
   </div>
   <div class='ocr_carea' id='block_1_31' title="bbox 2124 1662 3701 1734">
    <p class='ocr_par' dir='ltr' id='par_1_31' title="bbox 2124 1662 3701 1734">
     <span class='ocr_line' id='line_1_31' title="bbox 2124 1662 3701 1734; baseline -0.003 -14"><span class='ocrx_word' id='word_1_241' title='bbox 2124 1672 2283 1720; x_wconf 90' lang='lat' dir='ltr'><strong>etiam</strong></span> <span class='ocrx_word' id='word_1_242' title='bbox 2314 1666 2413 1718; x_wconf 90' lang='lat' dir='ltr'><strong>hoc</strong></span> <span class='ocrx_word' id='word_1_243' title='bbox 2443 1663 2673 1734; x_wconf 81' lang='lat' dir='ltr'><strong>adjecit:</strong></span> <span class='ocrx_word' id='word_1_244' title='bbox 2708 1662 2768 1717; x_wconf 90' lang='lat' dir='ltr'><strong>Si</strong></span> <span class='ocrx_word' id='word_1_245' title='bbox 2788 1678 2906 1731; x_wconf 81' lang='lat' dir='ltr'><strong>ergo</strong></span> <span class='ocrx_word' id='word_1_246' title='bbox 2931 1662 3099 1714; x_wconf 82' lang='lat' dir='ltr'><strong>lumen</strong></span> <span class='ocrx_word' id='word_1_247' title='bbox 3121 1663 3256 1730; x_wconf 82' lang='lat' dir='ltr'><strong>quod</strong></span> <span class='ocrx_word' id='word_1_248' title='bbox 3297 1662 3349 1714; x_wconf 88' lang='lat' dir='ltr'><strong>in</strong></span> <span class='ocrx_word' id='word_1_249' title='bbox 3380 1671 3427 1715; x_wconf 88' lang='lat' dir='ltr'><strong>te</strong></span> <span class='ocrx_word' id='word_1_250' title='bbox 3459 1672 3529 1716; x_wconf 87' lang='lat' dir='ltr'><strong>est</strong></span> <span class='ocrx_word' id='word_1_251' title='bbox 3560 1672 3701 1716; x_wconf 81' lang='lat' dir='ltr'><strong>tene-</strong></span> 
     </span>
    </p>
   </div>
   <div class='ocr_carea' id='block_1_32' title="bbox 2126 1752 3704 1826">
    <p class='ocr_par' dir='ltr' id='par_1_32' title="bbox 2126 1752 3704 1826">
     <span class='ocr_line' id='line_1_32' title="bbox 2126 1752 3704 1826; baseline -0.002 -16"><span class='ocrx_word' id='word_1_252' title='bbox 2126 1758 2227 1811; x_wconf 55' lang='lat' dir='ltr'><strong>brat</strong></span> <span class='ocrx_word' id='word_1_253' title='bbox 2256 1768 2392 1822; x_wconf 84' lang='lat' dir='ltr'><strong>sunt,</strong></span> <span class='ocrx_word' id='word_1_254' title='bbox 2428 1758 2551 1826; x_wconf 74' lang='lat' dir='ltr'><strong>ipsa:</strong></span> <span class='ocrx_word' id='word_1_255' title='bbox 2581 1754 2794 1809; x_wconf 79' lang='lat' dir='ltr'><strong>tenebra:</strong></span> <span class='ocrx_word' id='word_1_256' title='bbox 2818 1763 3019 1823; x_wconf 65' lang='lat' dir='ltr'><strong>quantm</strong></span> <span class='ocrx_word' id='word_1_257' title='bbox 3044 1754 3231 1807; x_wconf 86' lang='lat' dir='ltr'><strong>erunt?</strong></span> <span class='ocrx_word' id='word_1_258' title='bbox 3262 1752 3492 1809; x_wconf 77' lang='lat' dir='ltr'><strong>Proinde</strong></span> <span class='ocrx_word' id='word_1_259' title='bbox 3520 1754 3599 1809; x_wconf 90' lang='lat' dir='ltr'><strong>sic</strong></span> <span class='ocrx_word' id='word_1_260' title='bbox 3620 1756 3704 1807; x_wconf 72' lang='lat' dir='ltr'><strong>ho.</strong></span> 
     </span>
    </p>
   </div>
   <div class='ocr_carea' id='block_1_33' title="bbox 452 1840 3704 1916">
    <p class='ocr_par' dir='ltr' id='par_1_33' title="bbox 452 1840 3704 1916">
     <span class='ocr_line' id='line_1_33' title="bbox 452 1840 3704 1916; baseline -0.004 -16"><span class='ocrx_word' id='word_1_261' title='bbox 452 1850 603 1901; x_wconf 83' lang='lat' dir='ltr'><strong>hodie</strong></span> <span class='ocrx_word' id='word_1_262' title='bbox 630 1847 937 1899; x_wconf 67' lang='lat' dir='ltr'><strong>celebramus</strong></span> <span class='ocrx_word' id='word_1_263' title='bbox 969 1846 1247 1897; x_wconf 71' lang='lat' dir='ltr'><strong>mirabilem</strong></span> <span class='ocrx_word' id='word_1_264' title='bbox 1279 1858 1298 1897; x_wconf 87' lang='lat'><strong><em>:</em></strong></span> <span class='ocrx_word' id='word_1_265' title='bbox 1328 1862 1345 1893; x_wconf 82' lang='lat' dir='ltr'><strong>t</strong></span> <span class='ocrx_word' id='word_1_266' title='bbox 1379 1842 1571 1912; x_wconf 85' lang='lat' dir='ltr'><strong>Utique</strong></span> <span class='ocrx_word' id='word_1_267' title='bbox 1603 1840 1904 1910; x_wconf 81' lang='lat' dir='ltr'><strong>oportebat,</strong></span> <span class='ocrx_word' id='word_1_268' title='bbox 1939 1840 2021 1892; x_wconf 90' lang='lat' dir='ltr'><strong>in—</strong></span> <span class='ocrx_word' id='word_1_269' title='bbox 2055 1858 2100 1915; x_wconf 71' lang='grc' dir='ltr'><strong>Β</strong></span> <span class='ocrx_word' id='word_1_270' title='bbox 2129 1865 2265 1913; x_wconf 54' lang='lat' dir='ltr'><strong>rum,</strong></span> <span class='ocrx_word' id='word_1_271' title='bbox 2297 1848 2384 1901; x_wconf 64' lang='lat' dir='ltr'><strong>vel</strong></span> <span class='ocrx_word' id='word_1_272' title='bbox 2411 1861 2849 1916; x_wconf 69' lang='lat' dir='ltr'><strong>quorumcunque</strong></span> <span class='ocrx_word' id='word_1_273' title='bbox 2884 1847 3067 1899; x_wconf 71' lang='lat' dir='ltr'><strong>talium</strong></span> <span class='ocrx_word' id='word_1_274' title='bbox 3117 1845 3332 1899; x_wconf 69' lang='lat' dir='ltr'><strong>Patrum</strong></span> <span class='ocrx_word' id='word_1_275' title='bbox 3390 1848 3589 1914; x_wconf 58' lang='lat' dir='ltr'><strong>scripta</strong></span> <span class='ocrx_word' id='word_1_276' title='bbox 3629 1848 3704 1900; x_wconf 47' lang='grc' dir='ltr'><strong>ιιι-</strong></span> 
     </span>
    </p>
   </div>
   <div class='ocr_carea' id='block_1_34' title="bbox 454 1932 2024 2008">
    <p class='ocr_par' dir='ltr' id='par_1_34' title="bbox 454 1932 2024 2008">
     <span class='ocr_line' id='line_1_34' title="bbox 454 1932 2024 2008; baseline -0.006 -16"><span class='ocrx_word' id='word_1_277' title='bbox 454 1939 606 2008; x_wconf 88' lang='lat' dir='ltr'><strong>quit,</strong></span> <span class='ocrx_word' id='word_1_278' title='bbox 641 1936 993 1990; x_wconf 86' lang='lat' dir='ltr'><strong>differentiam</strong></span> <span class='ocrx_word' id='word_1_279' title='bbox 1026 1937 1104 1988; x_wconf 85' lang='lat' dir='ltr'><strong>sic</strong></span> <span class='ocrx_word' id='word_1_280' title='bbox 1132 1935 1331 1988; x_wconf 88' lang='lat' dir='ltr'><strong>dicere.</strong></span> <span class='ocrx_word' id='word_1_281' title='bbox 1383 1934 1463 1988; x_wconf 88' lang='lat' dir='ltr'><strong>Ad</strong></span> <span class='ocrx_word' id='word_1_282' title='bbox 1490 1934 1708 2001; x_wconf 78' lang='lat' dir='ltr'><strong>angeios</strong></span> <span class='ocrx_word' id='word_1_283' title='bbox 1755 1945 1879 1985; x_wconf 87' lang='lat' dir='ltr'><strong>suos</strong></span> <span class='ocrx_word' id='word_1_284' title='bbox 1908 1932 2024 1999; x_wconf 83' lang='lat' dir='ltr'><strong>qui-</strong></span> 
     </span>
    </p>
   </div>
   <div class='ocr_carea' id='block_1_35' title="bbox 454 2021 2023 2096">
    <p class='ocr_par' dir='ltr' id='par_1_35' title="bbox 454 2021 2023 2096">
     <span class='ocr_line' id='line_1_35' title="bbox 454 2021 2023 2096; baseline -0.003 -16"><span class='ocrx_word' id='word_1_285' title='bbox 454 2029 575 2081; x_wconf 85' lang='lat' dir='ltr'><strong>dem</strong></span> <span class='ocrx_word' id='word_1_286' title='bbox 608 2027 778 2081; x_wconf 85' lang='lat' dir='ltr'><strong>dicit:</strong></span> <span class='ocrx_word' id='word_1_287' title='bbox 818 2025 917 2092; x_wconf 74' lang='lat' dir='ltr'><strong>Qui</strong></span> <span class='ocrx_word' id='word_1_288' title='bbox 945 2026 1065 2096; x_wconf 74' lang='lat' dir='ltr'><strong>facit</strong></span> <span class='ocrx_word' id='word_1_289' title='bbox 1094 2025 1300 2094; x_wconf 81' lang='lat' dir='ltr'><strong>angelos</strong></span> <span class='ocrx_word' id='word_1_290' title='bbox 1341 2041 1457 2077; x_wconf 83' lang='lat' dir='ltr'><strong>suos</strong></span> <span class='ocrx_word' id='word_1_291' title='bbox 1499 2025 1709 2095; x_wconf 81' lang='lat' dir='ltr'><strong>spiritus</strong></span> <span class='ocrx_word' id='word_1_292' title='bbox 1754 2021 1943 2093; x_wconf 85' lang='lat' dir='ltr'><strong>(Hebr.</strong></span> <span class='ocrx_word' id='word_1_293' title='bbox 1985 2036 2023 2085; x_wconf 91' lang='lat' dir='ltr'><strong>l,</strong></span> 
     </span>
    </p>
   </div>
   <div class='ocr_carea' id='block_1_36' title="bbox 456 2114 2025 2187">
    <p class='ocr_par' dir='ltr' id='par_1_36' title="bbox 456 2114 2025 2187">
     <span class='ocr_line' id='line_1_36' title="bbox 456 2114 2025 2187; baseline -0.004 -15"><span class='ocrx_word' id='word_1_294' title='bbox 456 2121 508 2186; x_wconf 85' lang='lat'><strong>7)</strong></span> <span class='ocrx_word' id='word_1_295' title='bbox 532 2138 545 2187; x_wconf 90' lang='lat'><strong>;</strong></span> <span class='ocrx_word' id='word_1_296' title='bbox 574 2120 641 2174; x_wconf 84' lang='lat' dir='ltr'><strong>ad</strong></span> <span class='ocrx_word' id='word_1_297' title='bbox 670 2120 862 2174; x_wconf 81' lang='lat' dir='ltr'><strong>Filium</strong></span> <span class='ocrx_word' id='word_1_298' title='bbox 895 2127 1099 2184; x_wconf 85' lang='lat' dir='ltr'><strong>autem,</strong></span> <span class='ocrx_word' id='word_1_299' title='bbox 1135 2118 1383 2173; x_wconf 76' lang='lat' dir='ltr'><strong>Dominus</strong></span> <span class='ocrx_word' id='word_1_300' title='bbox 1410 2118 1602 2172; x_wconf 82' lang='lat' dir='ltr'><strong>creavit</strong></span> <span class='ocrx_word' id='word_1_301' title='bbox 1632 2133 1708 2170; x_wconf 91' lang='lat' dir='ltr'><strong>me</strong></span> <span class='ocrx_word' id='word_1_302' title='bbox 1732 2131 1751 2170; x_wconf 84' lang='lat'><strong>.&#39;</strong></span> <span class='ocrx_word' id='word_1_303' title='bbox 1781 2123 1875 2169; x_wconf 83' lang='lat' dir='ltr'><strong>aut</strong></span> <span class='ocrx_word' id='word_1_304' title='bbox 1901 2114 2025 2184; x_wconf 87' lang='lat' dir='ltr'><strong>quia</strong></span> 
     </span>
    </p>
   </div>
   <div class='ocr_carea' id='block_1_37' title="bbox 460 2206 2029 2278">
    <p class='ocr_par' dir='ltr' id='par_1_37' title="bbox 460 2206 2029 2278">
     <span class='ocr_line' id='line_1_37' title="bbox 460 2206 2029 2278; baseline -0.002 -14"><span class='ocrx_word' id='word_1_305' title='bbox 460 2206 742 2264; x_wconf 88' lang='lat' dir='ltr'><strong>Dominum</strong></span> <span class='ocrx_word' id='word_1_306' title='bbox 772 2224 894 2263; x_wconf 91' lang='lat' dir='ltr'><strong>eum</strong></span> <span class='ocrx_word' id='word_1_307' title='bbox 926 2219 980 2263; x_wconf 90' lang='lat' dir='ltr'><strong>et</strong></span> <span class='ocrx_word' id='word_1_308' title='bbox 1024 2208 1293 2263; x_wconf 86' lang='lat' dir='ltr'><strong>Christum</strong></span> <span class='ocrx_word' id='word_1_309' title='bbox 1344 2208 1483 2263; x_wconf 85' lang='lat' dir='ltr'><strong>Deus</strong></span> <span class='ocrx_word' id='word_1_310' title='bbox 1535 2208 1674 2262; x_wconf 89' lang='lat' dir='ltr'><strong>fecit.</strong></span> <span class='ocrx_word' id='word_1_311' title='bbox 1722 2208 1824 2261; x_wconf 91' lang='lat' dir='ltr'><strong>Sed</strong></span> <span class='ocrx_word' id='word_1_312' title='bbox 1853 2222 2029 2278; x_wconf 86' lang='lat' dir='ltr'><strong>neque</strong></span> 
     </span>
    </p>
   </div>
   <div class='ocr_carea' id='block_1_38' title="bbox 457 2297 2026 2369">
    <p class='ocr_par' dir='ltr' id='par_1_38' title="bbox 457 2297 2026 2369">
     <span class='ocr_line' id='line_1_38' title="bbox 457 2297 2026 2369; baseline 0 -16"><span class='ocrx_word' id='word_1_313' title='bbox 457 2301 583 2354; x_wconf 89' lang='lat' dir='ltr'><strong>illud</strong></span> <span class='ocrx_word' id='word_1_314' title='bbox 610 2300 678 2355; x_wconf 88' lang='lat' dir='ltr'><strong>de</strong></span> <span class='ocrx_word' id='word_1_315' title='bbox 706 2300 847 2354; x_wconf 86' lang='lat' dir='ltr'><strong>Filio</strong></span> <span class='ocrx_word' id='word_1_316' title='bbox 873 2298 1074 2354; x_wconf 89' lang='lat' dir='ltr'><strong>dictum</strong></span> <span class='ocrx_word' id='word_1_317' title='bbox 1117 2308 1229 2363; x_wconf 88' lang='lat' dir='ltr'><strong>est,</strong></span> <span class='ocrx_word' id='word_1_318' title='bbox 1274 2315 1447 2369; x_wconf 87' lang='lat' dir='ltr'><strong>neque</strong></span> <span class='ocrx_word' id='word_1_319' title='bbox 1478 2298 1578 2352; x_wconf 91' lang='lat' dir='ltr'><strong>hoc</strong></span> <span class='ocrx_word' id='word_1_320' title='bbox 1601 2300 1667 2353; x_wconf 90' lang='lat' dir='ltr'><strong>de</strong></span> <span class='ocrx_word' id='word_1_321' title='bbox 1697 2297 1807 2352; x_wconf 88' lang='lat' dir='ltr'><strong>Deo</strong></span> <span class='ocrx_word' id='word_1_322' title='bbox 1833 2298 2026 2363; x_wconf 85' lang='lat' dir='ltr'><strong>Verbo,</strong></span> 
     </span>
    </p>
   </div>
   <div class='ocr_carea' id='block_1_39' title="bbox 455 2386 2029 2460">
    <p class='ocr_par' dir='ltr' id='par_1_39' title="bbox 455 2386 2029 2460">
     <span class='ocr_line' id='line_1_39' title="bbox 455 2386 2029 2460; baseline -0.001 -17"><span class='ocrx_word' id='word_1_323' title='bbox 455 2392 546 2445; x_wconf 85' lang='lat' dir='ltr'><strong>sed</strong></span> <span class='ocrx_word' id='word_1_324' title='bbox 576 2390 644 2445; x_wconf 89' lang='lat' dir='ltr'><strong>de</strong></span> <span class='ocrx_word' id='word_1_325' title='bbox 677 2405 744 2445; x_wconf 90' lang='lat' dir='ltr'><strong>eo</strong></span> <span class='ocrx_word' id='word_1_326' title='bbox 771 2390 861 2460; x_wconf 89' lang='lat' dir='ltr'><strong>qui</strong></span> <span class='ocrx_word' id='word_1_327' title='bbox 892 2388 1183 2443; x_wconf 89' lang='lat' dir='ltr'><strong>secundum</strong></span> <span class='ocrx_word' id='word_1_328' title='bbox 1218 2404 1434 2443; x_wconf 88' lang='lat' dir='ltr'><strong>carnem</strong></span> <span class='ocrx_word' id='word_1_329' title='bbox 1478 2396 1578 2442; x_wconf 88' lang='lat' dir='ltr'><strong>est.</strong></span> <span class='ocrx_word' id='word_1_330' title='bbox 1633 2406 1652 2438; x_wconf 76' lang='grc' dir='ltr'><strong><em>ι</em></strong></span> <span class='ocrx_word' id='word_1_331' title='bbox 1709 2386 1871 2442; x_wconf 80' lang='lat' dir='ltr'><strong>Vides</strong></span> <span class='ocrx_word' id='word_1_332' title='bbox 1900 2403 2029 2458; x_wconf 82' lang='lat' dir='ltr'><strong>quo-</strong></span> 
     </span>
    </p>
   </div>
   <div class='ocr_carea' id='block_1_40' title="bbox 457 2479 2026 2550">
    <p class='ocr_par' dir='ltr' id='par_1_40' title="bbox 457 2479 2026 2550">
     <span class='ocr_line' id='line_1_40' title="bbox 457 2479 2026 2550; baseline -0.001 -13"><span class='ocrx_word' id='word_1_333' title='bbox 457 2484 615 2537; x_wconf 90' lang='lat' dir='ltr'><strong>modo</strong></span> <span class='ocrx_word' id='word_1_334' title='bbox 643 2483 878 2537; x_wconf 83' lang='lat' dir='ltr'><strong>Joannes</strong></span> <span class='ocrx_word' id='word_1_335' title='bbox 929 2482 980 2534; x_wconf 92' lang='lat' dir='ltr'><strong>in</strong></span> <span class='ocrx_word' id='word_1_336' title='bbox 1012 2482 1111 2534; x_wconf 90' lang='lat' dir='ltr'><strong>ista</strong></span> <span class='ocrx_word' id='word_1_337' title='bbox 1160 2496 1373 2550; x_wconf 86' lang='lat' dir='ltr'><strong>quoque</strong></span> <span class='ocrx_word' id='word_1_338' title='bbox 1412 2480 1678 2535; x_wconf 88' lang='lat' dir='ltr'><strong>sententia</strong></span> <span class='ocrx_word' id='word_1_339' title='bbox 1721 2479 1865 2534; x_wconf 88' lang='lat' dir='ltr'><strong>dicat</strong></span> <span class='ocrx_word' id='word_1_340' title='bbox 1904 2481 2026 2549; x_wconf 84' lang='lat' dir='ltr'><strong>quia</strong></span> 
     </span>
    </p>
   </div>
   <div class='ocr_carea' id='block_1_41' title="bbox 457 2571 2027 2640">
    <p class='ocr_par' dir='ltr' id='par_1_41' title="bbox 457 2571 2027 2640">
     <span class='ocr_line' id='line_1_41' title="bbox 457 2571 2027 2640; baseline -0.001 -13"><span class='ocrx_word' id='word_1_341' title='bbox 457 2590 560 2627; x_wconf 90' lang='lat' dir='ltr'><strong>non</strong></span> <span class='ocrx_word' id='word_1_342' title='bbox 590 2574 657 2628; x_wconf 89' lang='lat' dir='ltr'><strong>de</strong></span> <span class='ocrx_word' id='word_1_343' title='bbox 684 2572 822 2627; x_wconf 86' lang='lat' dir='ltr'><strong>Filio</strong></span> <span class='ocrx_word' id='word_1_344' title='bbox 862 2571 1063 2626; x_wconf 86' lang='lat' dir='ltr'><strong>dictum</strong></span> <span class='ocrx_word' id='word_1_345' title='bbox 1093 2582 1209 2634; x_wconf 87' lang='lat' dir='ltr'><strong>est,</strong></span> <span class='ocrx_word' id='word_1_346' title='bbox 1248 2571 1460 2625; x_wconf 84' lang='lat' dir='ltr'><strong>Creavit</strong></span> <span class='ocrx_word' id='word_1_347' title='bbox 1489 2586 1596 2637; x_wconf 88' lang='lat' dir='ltr'><strong>me,</strong></span> <span class='ocrx_word' id='word_1_348' title='bbox 1627 2571 1719 2625; x_wconf 91' lang='lat' dir='ltr'><strong>sed</strong></span> <span class='ocrx_word' id='word_1_349' title='bbox 1756 2572 1822 2626; x_wconf 91' lang='lat' dir='ltr'><strong>de</strong></span> <span class='ocrx_word' id='word_1_350' title='bbox 1847 2587 1915 2627; x_wconf 92' lang='lat' dir='ltr'><strong>eo</strong></span> <span class='ocrx_word' id='word_1_351' title='bbox 1940 2571 2027 2640; x_wconf 85' lang='lat' dir='ltr'><strong>qui</strong></span> 
     </span>
    </p>
   </div>
   <div class='ocr_carea' id='block_1_42' title="bbox 457 2654 2028 2731">
    <p class='ocr_par' dir='ltr' id='par_1_42' title="bbox 457 2654 2028 2731">
     <span class='ocr_line' id='line_1_42' title="bbox 457 2654 2028 2731; baseline -0.003 -13"><span class='ocrx_word' id='word_1_352' title='bbox 457 2665 750 2719; x_wconf 86' lang='lat' dir='ltr'><strong>secundum</strong></span> <span class='ocrx_word' id='word_1_353' title='bbox 797 2678 1014 2718; x_wconf 90' lang='lat' dir='ltr'><strong>carnem</strong></span> <span class='ocrx_word' id='word_1_354' title='bbox 1058 2671 1173 2726; x_wconf 89' lang='lat' dir='ltr'><strong>est;</strong></span> <span class='ocrx_word' id='word_1_355' title='bbox 1229 2678 1326 2717; x_wconf 91' lang='lat' dir='ltr'><strong>nec</strong></span> <span class='ocrx_word' id='word_1_356' title='bbox 1374 2672 1553 2716; x_wconf 91' lang='lat' dir='ltr'><strong>tamen</strong></span> <span class='ocrx_word' id='word_1_357' title='bbox 1598 2654 1798 2718; x_wconf 82' lang='lat' dir='ltr'><strong>averis</strong></span> <span class='ocrx_word' id='word_1_358' title='bbox 1826 2671 1882 2717; x_wconf 89' lang='lat' dir='ltr'><strong>et</strong></span> <span class='ocrx_word' id='word_1_359' title='bbox 1926 2662 2028 2731; x_wconf 88' lang='lat' dir='ltr'><strong>piis</strong></span> 
     </span>
    </p>
   </div>
   <div class='ocr_carea' id='block_1_43' title="bbox 460 2753 2023 2823">
    <p class='ocr_par' dir='ltr' id='par_1_43' title="bbox 460 2753 2023 2823">
     <span class='ocr_line' id='line_1_43' title="bbox 460 2753 2023 2823; baseline -0.003 -14"><span class='ocrx_word' id='word_1_360' title='bbox 460 2756 701 2811; x_wconf 89' lang='lat' dir='ltr'><strong>tidelibus</strong></span> <span class='ocrx_word' id='word_1_361' title='bbox 731 2770 851 2809; x_wconf 86' lang='lat' dir='ltr'><strong>eum</strong></span> <span class='ocrx_word' id='word_1_362' title='bbox 881 2754 971 2823; x_wconf 89' lang='lat' dir='ltr'><strong>qui</strong></span> <span class='ocrx_word' id='word_1_363' title='bbox 1009 2754 1299 2808; x_wconf 87' lang='lat' dir='ltr'><strong>secundum</strong></span> <span class='ocrx_word' id='word_1_364' title='bbox 1339 2768 1554 2810; x_wconf 91' lang='lat' dir='ltr'><strong>carnem</strong></span> <span class='ocrx_word' id='word_1_365' title='bbox 1584 2762 1666 2807; x_wconf 90' lang='lat' dir='ltr'><strong>est</strong></span> <span class='ocrx_word' id='word_1_366' title='bbox 1705 2753 1896 2807; x_wconf 86' lang='lat' dir='ltr'><strong>Filium</strong></span> <span class='ocrx_word' id='word_1_367' title='bbox 1925 2767 2023 2806; x_wconf 88' lang='lat' dir='ltr'><strong>ne-</strong></span> 
     </span>
    </p>
   </div>
   <div class='ocr_carea' id='block_1_44' title="bbox 456 2847 907 2919">
    <p class='ocr_par' dir='ltr' id='par_1_44' title="bbox 456 2847 907 2919">
     <span class='ocr_line' id='line_1_44' title="bbox 456 2847 907 2919; baseline -0.002 -20"><span class='ocrx_word' id='word_1_368' title='bbox 456 2861 615 2919; x_wconf 80' lang='lat' dir='ltr'><strong>gasse</strong></span> <span class='ocrx_word' id='word_1_369' title='bbox 640 2847 907 2901; x_wconf 87' lang='lat' dir='ltr'><strong>credatur.</strong></span> 
     </span>
    </p>
   </div>
   <div class='ocr_carea' id='block_1_45' title="bbox 1056 3027 1416 3087">
    <p class='ocr_par' dir='ltr' id='par_1_45' title="bbox 1056 3027 1416 3087">
     <span class='ocr_line' id='line_1_45' title="bbox 1056 3027 1416 3087; baseline -0.019 0"><span class='ocrx_word' id='word_1_370' title='bbox 1056 3028 1279 3087; x_wconf 83' lang='lat' dir='ltr'><strong>CAPUT</strong></span> <span class='ocrx_word' id='word_1_371' title='bbox 1330 3027 1416 3081; x_wconf 75' lang='lat' dir='ltr'><strong>Vl.</strong></span> 
     </span>
    </p>
   </div>
   <div class='ocr_carea' id='block_1_46' title="bbox 460 3136 2023 3214">
    <p class='ocr_par' dir='ltr' id='par_1_46' title="bbox 460 3136 2023 3214">
     <span class='ocr_line' id='line_1_46' title="bbox 460 3136 2023 3214; baseline -0.002 -13"><span class='ocrx_word' id='word_1_372' title='bbox 460 3136 608 3214; x_wconf 83' lang='lat' dir='ltr'><strong>Quod</strong></span> <span class='ocrx_word' id='word_1_373' title='bbox 652 3148 705 3201; x_wconf 89' lang='lat' dir='ltr'><strong>in</strong></span> <span class='ocrx_word' id='word_1_374' title='bbox 743 3146 929 3200; x_wconf 87' lang='lat' dir='ltr'><strong>sanctis</strong></span> <span class='ocrx_word' id='word_1_375' title='bbox 963 3144 1223 3206; x_wconf 76' lang='lat' dir='ltr'><strong>Patribus,</strong></span> <span class='ocrx_word' id='word_1_376' title='bbox 1257 3146 1301 3197; x_wconf 88' lang='lat' dir='ltr'><strong>si</strong></span> <span class='ocrx_word' id='word_1_377' title='bbox 1327 3144 1454 3211; x_wconf 86' lang='lat' dir='ltr'><strong>quid</strong></span> <span class='ocrx_word' id='word_1_378' title='bbox 1480 3152 1675 3209; x_wconf 84' lang='lat' dir='ltr'><strong>errant,</strong></span> <span class='ocrx_word' id='word_1_379' title='bbox 1725 3143 2023 3200; x_wconf 73' lang='lat' dir='ltr'><strong>excusanda</strong></span> 
     </span>
    </p>
   </div>
   <div class='ocr_carea' id='block_1_47' title="bbox 738 3214 1724 3282">
    <p class='ocr_par' dir='ltr' id='par_1_47' title="bbox 738 3214 1724 3282">
     <span class='ocr_line' id='line_1_47' title="bbox 738 3214 1724 3282; baseline -0.001 -13"><span class='ocrx_word' id='word_1_380' title='bbox 738 3218 801 3270; x_wconf 86' lang='lat' dir='ltr'><strong>sit</strong></span> <span class='ocrx_word' id='word_1_381' title='bbox 823 3216 1057 3282; x_wconf 75' lang='lat' dir='ltr'><strong>intentio,</strong></span> <span class='ocrx_word' id='word_1_382' title='bbox 1091 3232 1154 3269; x_wconf 83' lang='lat' dir='ltr'><strong>ne</strong></span> <span class='ocrx_word' id='word_1_383' title='bbox 1180 3215 1403 3268; x_wconf 72' lang='lat' dir='ltr'><strong>haretici</strong></span> <span class='ocrx_word' id='word_1_384' title='bbox 1429 3214 1724 3269; x_wconf 79' lang='lat' dir='ltr'><strong>credantur.</strong></span> 
     </span>
    </p>
   </div>
   <div class='ocr_carea' id='block_1_48' title="bbox 527 3328 2032 3398">
    <p class='ocr_par' dir='ltr' id='par_1_48' title="bbox 527 3328 2032 3398">
     <span class='ocr_line' id='line_1_48' title="bbox 527 3328 2032 3398; baseline 0 -13"><span class='ocrx_word' id='word_1_385' title='bbox 527 3328 635 3385; x_wconf 90' lang='lat' dir='ltr'><strong>Cur</strong></span> <span class='ocrx_word' id='word_1_386' title='bbox 658 3338 834 3384; x_wconf 86' lang='lat' dir='ltr'><strong>autem</strong></span> <span class='ocrx_word' id='word_1_387' title='bbox 860 3329 993 3395; x_wconf 62' lang='lat' dir='ltr'><strong>haec,</strong></span> <span class='ocrx_word' id='word_1_388' title='bbox 1023 3330 1105 3383; x_wconf 83' lang='lat' dir='ltr'><strong>vel</strong></span> <span class='ocrx_word' id='word_1_389' title='bbox 1140 3329 1305 3398; x_wconf 89' lang='lat' dir='ltr'><strong>ipsius</strong></span> <span class='ocrx_word' id='word_1_390' title='bbox 1334 3329 1503 3382; x_wconf 87' lang='lat' dir='ltr'><strong>sancti</strong></span> <span class='ocrx_word' id='word_1_391' title='bbox 1537 3328 1780 3393; x_wconf 84' lang='lat' dir='ltr'><strong>Joannis,</strong></span> <span class='ocrx_word' id='word_1_392' title='bbox 1822 3330 1905 3384; x_wconf 87' lang='lat' dir='ltr'><strong>vel</strong></span> <span class='ocrx_word' id='word_1_393' title='bbox 1928 3345 2032 3385; x_wconf 71' lang='lat' dir='ltr'><strong>ca:-</strong></span> 
     </span>
    </p>
   </div>
   <div class='ocr_carea' id='block_1_49' title="bbox 462 3414 2030 3489">
    <p class='ocr_par' dir='ltr' id='par_1_49' title="bbox 462 3414 2030 3489">
     <span class='ocr_line' id='line_1_49' title="bbox 462 3414 2030 3489; baseline -0.001 -15"><span class='ocrx_word' id='word_1_394' title='bbox 462 3432 720 3486; x_wconf 82' lang='lat' dir='ltr'><strong>terorum,</strong></span> <span class='ocrx_word' id='word_1_395' title='bbox 738 3420 783 3473; x_wconf 92' lang='lat' dir='ltr'><strong>si</strong></span> <span class='ocrx_word' id='word_1_396' title='bbox 807 3434 909 3489; x_wconf 89' lang='lat' dir='ltr'><strong>qua</strong></span> <span class='ocrx_word' id='word_1_397' title='bbox 934 3420 1345 3475; x_wconf 81' lang='lat' dir='ltr'><strong>memoravimus</strong></span> <span class='ocrx_word' id='word_1_398' title='bbox 1360 3414 1596 3483; x_wconf 74' lang='lat' dir='ltr'><strong>Patrum,</strong></span> <span class='ocrx_word' id='word_1_399' title='bbox 1622 3417 1827 3486; x_wconf 88' lang='lat' dir='ltr'><strong>aliaque</strong></span> <span class='ocrx_word' id='word_1_400' title='bbox 1847 3420 2030 3481; x_wconf 92' lang='lat' dir='ltr'><strong>multa,</strong></span> 
     </span>
    </p>
   </div>
   <div class='ocr_carea' id='block_1_50' title="bbox 459 3509 2029 3581">
    <p class='ocr_par' dir='ltr' id='par_1_50' title="bbox 459 3509 2029 3581">
     <span class='ocr_line' id='line_1_50' title="bbox 459 3509 2029 3581; baseline -0.001 -16"><span class='ocrx_word' id='word_1_401' title='bbox 459 3526 580 3581; x_wconf 66' lang='lat' dir='ltr'><strong>quae</strong></span> <span class='ocrx_word' id='word_1_402' title='bbox 611 3510 930 3580; x_wconf 81' lang='lat' dir='ltr'><strong>prolixitatis</strong></span> <span class='ocrx_word' id='word_1_403' title='bbox 960 3509 1191 3563; x_wconf 62' lang='lat' dir='ltr'><strong>vitanda:</strong></span> <span class='ocrx_word' id='word_1_404' title='bbox 1233 3510 1398 3577; x_wconf 83' lang='lat' dir='ltr'><strong>gratia</strong></span> <span class='ocrx_word' id='word_1_405' title='bbox 1432 3523 1734 3563; x_wconf 87' lang='lat' dir='ltr'><strong>memorare</strong></span> <span class='ocrx_word' id='word_1_406' title='bbox 1765 3510 2029 3574; x_wconf 84' lang='lat' dir='ltr'><strong>nolumus,</strong></span> 
     </span>
    </p>
   </div>
   <div class='ocr_carea' id='block_1_51' title="bbox 463 3598 2033 3665">
    <p class='ocr_par' dir='ltr' id='par_1_51' title="bbox 463 3598 2033 3665">
     <span class='ocr_line' id='line_1_51' title="bbox 463 3598 2033 3665; baseline 0.002 -14"><span class='ocrx_word' id='word_1_407' title='bbox 463 3616 566 3653; x_wconf 87' lang='lat' dir='ltr'><strong>non</strong></span> <span class='ocrx_word' id='word_1_408' title='bbox 589 3600 886 3654; x_wconf 89' lang='lat' dir='ltr'><strong>creduntur</strong></span> <span class='ocrx_word' id='word_1_409' title='bbox 915 3598 1185 3664; x_wconf 75' lang='lat' dir='ltr'><strong>lueretica,</strong></span> <span class='ocrx_word' id='word_1_410' title='bbox 1216 3599 1317 3652; x_wconf 87' lang='lat' dir='ltr'><strong>nisi</strong></span> <span class='ocrx_word' id='word_1_411' title='bbox 1348 3599 1469 3665; x_wconf 89' lang='lat' dir='ltr'><strong>quia</strong></span> <span class='ocrx_word' id='word_1_412' title='bbox 1499 3598 1759 3652; x_wconf 89' lang='lat' dir='ltr'><strong>dictorum</strong></span> <span class='ocrx_word' id='word_1_413' title='bbox 1784 3598 2033 3654; x_wconf 78' lang='lat' dir='ltr'><strong>offensio-</strong></span> 
     </span>
    </p>
   </div>
   <div class='ocr_carea' id='block_1_52' title="bbox 464 3689 2032 3759">
    <p class='ocr_par' dir='ltr' id='par_1_52' title="bbox 464 3689 2032 3759">
     <span class='ocr_line' id='line_1_52' title="bbox 464 3689 2032 3759; baseline 0.003 -18"><span class='ocrx_word' id='word_1_414' title='bbox 464 3704 584 3744; x_wconf 87' lang='lat' dir='ltr'><strong>nem</strong></span> <span class='ocrx_word' id='word_1_415' title='bbox 617 3690 909 3743; x_wconf 90' lang='lat' dir='ltr'><strong>dicentium</strong></span> <span class='ocrx_word' id='word_1_416' title='bbox 936 3698 1159 3743; x_wconf 80' lang='lat' dir='ltr'><strong>excusat</strong></span> <span class='ocrx_word' id='word_1_417' title='bbox 1187 3689 1431 3753; x_wconf 91' lang='lat' dir='ltr'><strong>intentio,</strong></span> <span class='ocrx_word' id='word_1_418' title='bbox 1465 3689 1755 3744; x_wconf 91' lang='lat' dir='ltr'><strong>secuudum</strong></span> <span class='ocrx_word' id='word_1_419' title='bbox 1781 3705 1935 3759; x_wconf 92' lang='lat' dir='ltr'><strong>quam</strong></span> <span class='ocrx_word' id='word_1_420' title='bbox 1966 3694 2032 3745; x_wconf 93' lang='lat' dir='ltr'><strong>de</strong></span> 
     </span>
    </p>
   </div>
   <div class='ocr_carea' id='block_1_53' title="bbox 459 3780 2027 3850">
    <p class='ocr_par' dir='ltr' id='par_1_53' title="bbox 459 3780 2027 3850">
     <span class='ocr_line' id='line_1_53' title="bbox 459 3780 2027 3850; baseline 0.002 -16"><span class='ocrx_word' id='word_1_421' title='bbox 459 3781 633 3834; x_wconf 72' lang='lat' dir='ltr'><strong>verbis</strong></span> <span class='ocrx_word' id='word_1_422' title='bbox 680 3782 870 3835; x_wconf 88' lang='lat' dir='ltr'><strong>melitts</strong></span> <span class='ocrx_word' id='word_1_423' title='bbox 906 3780 1209 3850; x_wconf 88' lang='lat' dir='ltr'><strong>judicatur?</strong></span> <span class='ocrx_word' id='word_1_424' title='bbox 1257 3781 1372 3849; x_wconf 90' lang='lat' dir='ltr'><strong>Ipsa</strong></span> <span class='ocrx_word' id='word_1_425' title='bbox 1413 3790 1494 3836; x_wconf 84' lang='lat' dir='ltr'><strong>est</strong></span> <span class='ocrx_word' id='word_1_426' title='bbox 1542 3780 1770 3836; x_wconf 81' lang='lat' dir='ltr'><strong>intentio</strong></span> <span class='ocrx_word' id='word_1_427' title='bbox 1812 3784 2027 3848; x_wconf 90' lang='lat' dir='ltr'><strong>mentis,</strong></span> 
     </span>
    </p>
   </div>
   <div class='ocr_carea' id='block_1_54' title="bbox 460 3870 2032 3941">
    <p class='ocr_par' dir='ltr' id='par_1_54' title="bbox 460 3870 2032 3941">
     <span class='ocr_line' id='line_1_54' title="bbox 460 3870 2032 3941; baseline 0.001 -16"><span class='ocrx_word' id='word_1_428' title='bbox 460 3888 575 3941; x_wconf 75' lang='lat' dir='ltr'><strong>qua:</strong></span> <span class='ocrx_word' id='word_1_429' title='bbox 600 3874 747 3927; x_wconf 85' lang='lat' dir='ltr'><strong>velut</strong></span> <span class='ocrx_word' id='word_1_430' title='bbox 771 3870 981 3941; x_wconf 90' lang='lat' dir='ltr'><strong>quidam</strong></span> <span class='ocrx_word' id='word_1_431' title='bbox 1005 3872 1211 3939; x_wconf 90' lang='lat' dir='ltr'><strong>oculus,</strong></span> <span class='ocrx_word' id='word_1_432' title='bbox 1230 3871 1461 3940; x_wconf 83' lang='lat' dir='ltr'><strong>corpori,</strong></span> <span class='ocrx_word' id='word_1_433' title='bbox 1491 3873 1561 3925; x_wconf 90' lang='lat' dir='ltr'><strong>ita</strong></span> <span class='ocrx_word' id='word_1_434' title='bbox 1592 3886 1693 3925; x_wconf 92' lang='lat' dir='ltr'><strong>non</strong></span> <span class='ocrx_word' id='word_1_435' title='bbox 1724 3874 1893 3927; x_wconf 87' lang='lat' dir='ltr'><strong>solum</strong></span> <span class='ocrx_word' id='word_1_436' title='bbox 1921 3874 2032 3927; x_wconf 92' lang='lat' dir='ltr'><strong>dic-</strong></span> 
     </span>
    </p>
   </div>
   <div class='ocr_carea' id='block_1_55' title="bbox 438 3948 2030 4031">
    <p class='ocr_par' dir='ltr' id='par_1_55' title="bbox 438 3948 2030 4031">
     <span class='ocr_line' id='line_1_55' title="bbox 438 3948 2030 4031; baseline 0.001 -19"><span class='ocrx_word' id='word_1_437' title='bbox 438 3965 526 4015; x_wconf 87' lang='lat' dir='ltr'><strong>&#39;tis</strong></span> <span class='ocrx_word' id='word_1_438' title='bbox 553 3962 784 4028; x_wconf 84' lang='lat' dir='ltr'><strong>nostris,</strong></span> <span class='ocrx_word' id='word_1_439' title='bbox 819 3960 912 4015; x_wconf 86' lang='lat' dir='ltr'><strong>sed</strong></span> <span class='ocrx_word' id='word_1_440' title='bbox 965 3962 1214 4028; x_wconf 86' lang='lat' dir='ltr'><strong>operibus</strong></span> <span class='ocrx_word' id='word_1_441' title='bbox 1258 3974 1467 4028; x_wconf 84' lang='lat' dir='ltr'><strong>queque</strong></span> <span class='ocrx_word' id='word_1_442' title='bbox 1512 3948 1762 4027; x_wconf 66' lang='lat' dir='ltr'><strong>praesidet</strong></span> <span class='ocrx_word' id='word_1_443' title='bbox 1790 3980 1801 4013; x_wconf 89' lang='lat'><strong>:</strong></span> <span class='ocrx_word' id='word_1_444' title='bbox 1832 3960 1896 4016; x_wconf 87' lang='lat' dir='ltr'><strong>de</strong></span> <span class='ocrx_word' id='word_1_445' title='bbox 1927 3978 2030 4031; x_wconf 88' lang='lat' dir='ltr'><strong>qua</strong></span> 
     </span>
    </p>
   </div>
   <div class='ocr_carea' id='block_1_56' title="bbox 463 4049 2031 4117">
    <p class='ocr_par' dir='ltr' id='par_1_56' title="bbox 463 4049 2031 4117">
     <span class='ocr_line' id='line_1_56' title="bbox 463 4049 2031 4117; baseline -0.001 -12"><span class='ocrx_word' id='word_1_446' title='bbox 463 4051 714 4104; x_wconf 82' lang='lat' dir='ltr'><strong>Dominus</strong></span> <span class='ocrx_word' id='word_1_447' title='bbox 739 4050 815 4103; x_wconf 86' lang='lat' dir='ltr'><strong>ait</strong></span> <span class='ocrx_word' id='word_1_448' title='bbox 844 4068 857 4101; x_wconf 88' lang='lat'>:</span> <span class='ocrx_word' id='word_1_449' title='bbox 896 4049 1124 4102; x_wconf 85' lang='lat' dir='ltr'><strong>Lucerna</strong></span> <span class='ocrx_word' id='word_1_450' title='bbox 1165 4051 1390 4117; x_wconf 85' lang='lat' dir='ltr'><strong>corporis</strong></span> <span class='ocrx_word' id='word_1_451' title='bbox 1413 4050 1484 4101; x_wconf 86' lang='lat' dir='ltr'><strong>tui</strong></span> <span class='ocrx_word' id='word_1_452' title='bbox 1505 4058 1577 4102; x_wconf 85' lang='lat' dir='ltr'><strong>est</strong></span> <span class='ocrx_word' id='word_1_453' title='bbox 1606 4051 1781 4103; x_wconf 80' lang='lat' dir='ltr'><strong>oculus</strong></span> <span class='ocrx_word' id='word_1_454' title='bbox 1806 4061 1939 4105; x_wconf 86' lang='lat' dir='ltr'><strong>tuus.</strong></span> <span class='ocrx_word' id='word_1_455' title='bbox 1970 4051 2031 4107; x_wconf 89' lang='lat' dir='ltr'><strong>Si</strong></span> 
     </span>
    </p>
   </div>
   <div class='ocr_carea' id='block_1_57' title="bbox 462 4138 2029 4209">
    <p class='ocr_par' dir='ltr' id='par_1_57' title="bbox 462 4138 2029 4209">
     <span class='ocr_line' id='line_1_57' title="bbox 462 4138 2029 4209; baseline 0.003 -18"><span class='ocrx_word' id='word_1_456' title='bbox 462 4141 611 4209; x_wconf 72' lang='lat' dir='ltr'><strong>fuerit</strong></span> <span class='ocrx_word' id='word_1_457' title='bbox 642 4140 817 4191; x_wconf 83' lang='lat' dir='ltr'><strong>oculus</strong></span> <span class='ocrx_word' id='word_1_458' title='bbox 839 4148 953 4190; x_wconf 85' lang='lat' dir='ltr'><strong>tuus</strong></span> <span class='ocrx_word' id='word_1_459' title='bbox 980 4138 1215 4206; x_wconf 78' lang='lat' dir='ltr'><strong>simplex,</strong></span> <span class='ocrx_word' id='word_1_460' title='bbox 1241 4148 1400 4192; x_wconf 86' lang='lat' dir='ltr'><strong>totum</strong></span> <span class='ocrx_word' id='word_1_461' title='bbox 1430 4155 1611 4209; x_wconf 88' lang='lat' dir='ltr'><strong>corpus</strong></span> <span class='ocrx_word' id='word_1_462' title='bbox 1635 4149 1775 4209; x_wconf 76' lang='lat' dir='ltr'><strong>tuum</strong></span> <span class='ocrx_word' id='word_1_463' title='bbox 1803 4142 2029 4195; x_wconf 83' lang='lat' dir='ltr'><strong>lucidum</strong></span> 
     </span>
    </p>
   </div>
   <div class='ocr_carea' id='block_1_58' title="bbox 460 4230 2029 4305">
    <p class='ocr_par' dir='ltr' id='par_1_58' title="bbox 460 4230 2029 4305">
     <span class='ocr_line' id='line_1_58' title="bbox 460 4230 2029 4305; baseline 0.004 -23"><span class='ocrx_word' id='word_1_464' title='bbox 460 4231 590 4294; x_wconf 68' lang='lat' dir='ltr'><strong>irit;</strong></span> <span class='ocrx_word' id='word_1_465' title='bbox 621 4230 666 4281; x_wconf 91' lang='lat' dir='ltr'><strong>si</strong></span> <span class='ocrx_word' id='word_1_466' title='bbox 695 4239 862 4282; x_wconf 87' lang='lat' dir='ltr'><strong>autem</strong></span> <span class='ocrx_word' id='word_1_467' title='bbox 885 4231 1062 4283; x_wconf 85' lang='lat' dir='ltr'><strong>oculus</strong></span> <span class='ocrx_word' id='word_1_468' title='bbox 1088 4240 1198 4283; x_wconf 79' lang='lat' dir='ltr'><strong>tuus</strong></span> <span class='ocrx_word' id='word_1_469' title='bbox 1228 4247 1443 4299; x_wconf 83' lang='lat' dir='ltr'><strong>nequam</strong></span> <span class='ocrx_word' id='word_1_470' title='bbox 1473 4232 1645 4301; x_wconf 77' lang='lat' dir='ltr'><strong>fuerit,</strong></span> <span class='ocrx_word' id='word_1_471' title='bbox 1668 4242 1824 4289; x_wconf 84' lang='lat' dir='ltr'><strong>totum</strong></span> <span class='ocrx_word' id='word_1_472' title='bbox 1846 4251 2029 4305; x_wconf 82' lang='lat' dir='ltr'><strong>corpus</strong></span> 
     </span>
    </p>
   </div>
   <div class='ocr_carea' id='block_1_59' title="bbox 462 4318 2031 4392">
    <p class='ocr_par' dir='ltr' id='par_1_59' title="bbox 462 4318 2031 4392">
     <span class='ocr_line' id='line_1_59' title="bbox 462 4318 2031 4392; baseline 0.005 -23"><span class='ocrx_word' id='word_1_473' title='bbox 462 4330 602 4371; x_wconf 83' lang='lat' dir='ltr'><strong>tuum</strong></span> <span class='ocrx_word' id='word_1_474' title='bbox 632 4318 945 4372; x_wconf 84' lang='lat' dir='ltr'><strong>tenebrosum</strong></span> <span class='ocrx_word' id='word_1_475' title='bbox 972 4320 1085 4372; x_wconf 85' lang='lat' dir='ltr'><strong>erit.</strong></span> <span class='ocrx_word' id='word_1_476' title='bbox 1122 4319 1183 4374; x_wconf 89' lang='lat' dir='ltr'><strong>Si</strong></span> <span class='ocrx_word' id='word_1_477' title='bbox 1239 4336 1356 4391; x_wconf 84' lang='lat' dir='ltr'><strong>ergo</strong></span> <span class='ocrx_word' id='word_1_478' title='bbox 1407 4321 1574 4375; x_wconf 86' lang='lat' dir='ltr'><strong>lumen</strong></span> <span class='ocrx_word' id='word_1_479' title='bbox 1613 4323 1749 4392; x_wconf 86' lang='lat' dir='ltr'><strong>quod</strong></span> <span class='ocrx_word' id='word_1_480' title='bbox 1791 4323 1843 4375; x_wconf 87' lang='lat' dir='ltr'><strong>in</strong></span> <span class='ocrx_word' id='word_1_481' title='bbox 1888 4333 1931 4377; x_wconf 92' lang='lat' dir='ltr'><strong>te</strong></span> <span class='ocrx_word' id='word_1_482' title='bbox 1961 4334 2031 4379; x_wconf 84' lang='lat' dir='ltr'><strong>est</strong></span> 
     </span>
    </p>
   </div>
   <div class='ocr_carea' id='block_1_60' title="bbox 464 4409 2028 4483">
    <p class='ocr_par' dir='ltr' id='par_1_60' title="bbox 464 4409 2028 4483">
     <span class='ocr_line' id='line_1_60' title="bbox 464 4409 2028 4483; baseline 0.004 -22"><span class='ocrx_word' id='word_1_483' title='bbox 464 4410 675 4462; x_wconf 79' lang='lat' dir='ltr'><strong>tenebra:</strong></span> <span class='ocrx_word' id='word_1_484' title='bbox 720 4420 862 4469; x_wconf 84' lang='lat' dir='ltr'><strong>sunt.</strong></span> <span class='ocrx_word' id='word_1_485' title='bbox 893 4409 1019 4477; x_wconf 78' lang='lat' dir='ltr'><strong>ipsa:</strong></span> <span class='ocrx_word' id='word_1_486' title='bbox 1068 4410 1278 4463; x_wconf 82' lang='lat' dir='ltr'><strong>tenebra:</strong></span> <span class='ocrx_word' id='word_1_487' title='bbox 1321 4421 1521 4478; x_wconf 69' lang='lat' dir='ltr'><strong>quantm</strong></span> <span class='ocrx_word' id='word_1_488' title='bbox 1545 4422 1691 4465; x_wconf 86' lang='lat' dir='ltr'><strong>erunt</strong></span> <span class='ocrx_word' id='word_1_489' title='bbox 1715 4412 1925 4483; x_wconf 83' lang='lat' dir='ltr'><strong>(Matth.</strong></span> <span class='ocrx_word' id='word_1_490' title='bbox 1952 4431 2028 4483; x_wconf 72' lang='lat' dir='ltr'><strong>Vi,</strong></span> 
     </span>
    </p>
   </div>
   <div class='ocr_carea' id='block_1_61' title="bbox 462 4497 2037 4571">
    <p class='ocr_par' dir='ltr' id='par_1_61' title="bbox 462 4497 2037 4571">
     <span class='ocr_line' id='line_1_61' title="bbox 462 4497 2037 4571; baseline 0.004 -20"><span class='ocrx_word' id='word_1_491' title='bbox 462 4498 552 4561; x_wconf 63' lang='lat'><strong>2&#39;3,</strong></span> <span class='ocrx_word' id='word_1_492' title='bbox 581 4497 714 4569; x_wconf 71' lang='lat'><strong>23)?</strong></span> <span class='ocrx_word' id='word_1_493' title='bbox 740 4498 920 4568; x_wconf 85' lang='lat' dir='ltr'><strong>Itaque</strong></span> <span class='ocrx_word' id='word_1_494' title='bbox 947 4499 1169 4568; x_wconf 79' lang='lat' dir='ltr'><strong>simplex</strong></span> <span class='ocrx_word' id='word_1_495' title='bbox 1196 4499 1382 4554; x_wconf 88' lang='lat' dir='ltr'><strong>horum</strong></span> <span class='ocrx_word' id='word_1_496' title='bbox 1409 4501 1623 4557; x_wconf 84' lang='lat' dir='ltr'><strong>Patrum</strong></span> <span class='ocrx_word' id='word_1_497' title='bbox 1649 4503 1856 4571; x_wconf 88' lang='lat' dir='ltr'><strong>oculus,</strong></span> <span class='ocrx_word' id='word_1_498' title='bbox 1882 4504 1931 4557; x_wconf 92' lang='lat' dir='ltr'><strong>id</strong></span> <span class='ocrx_word' id='word_1_499' title='bbox 1956 4514 2037 4559; x_wconf 86' lang='lat' dir='ltr'><strong>est</strong></span> 
     </span>
    </p>
   </div>
   <div class='ocr_carea' id='block_1_62' title="bbox 2125 1939 3704 2013">
    <p class='ocr_par' dir='ltr' id='par_1_62' title="bbox 2125 1939 3704 2013">
     <span class='ocr_line' id='line_1_62' title="bbox 2125 1939 3704 2013; baseline -0.003 -16"><span class='ocrx_word' id='word_1_500' title='bbox 2125 1943 2297 2013; x_wconf 80' lang='lat' dir='ltr'><strong>genda</strong></span> <span class='ocrx_word' id='word_1_501' title='bbox 2325 1950 2466 2005; x_wconf 86' lang='lat' dir='ltr'><strong>sunt,</strong></span> <span class='ocrx_word' id='word_1_502' title='bbox 2496 1951 2549 1996; x_wconf 90' lang='lat' dir='ltr'><strong>ttt</strong></span> <span class='ocrx_word' id='word_1_503' title='bbox 2587 1942 2754 1997; x_wconf 89' lang='lat' dir='ltr'><strong>sicubi</strong></span> <span class='ocrx_word' id='word_1_504' title='bbox 2805 1954 2901 1995; x_wconf 89' lang='lat' dir='ltr'><strong>nos</strong></span> <span class='ocrx_word' id='word_1_505' title='bbox 2954 1939 3154 2010; x_wconf 88' lang='lat' dir='ltr'><strong>aliquid</strong></span> <span class='ocrx_word' id='word_1_506' title='bbox 3185 1940 3239 1993; x_wconf 92' lang='lat' dir='ltr'><strong>in</strong></span> <span class='ocrx_word' id='word_1_507' title='bbox 3288 1941 3367 1993; x_wconf 89' lang='lat' dir='ltr'><strong>eis</strong></span> <span class='ocrx_word' id='word_1_508' title='bbox 3397 1940 3704 2002; x_wconf 73' lang='lat' dir='ltr'><strong>oﬂenderit,</strong></span> 
     </span>
    </p>
   </div>
   <div class='ocr_carea' id='block_1_63' title="bbox 2127 2031 3707 2101">
    <p class='ocr_par' dir='ltr' id='par_1_63' title="bbox 2127 2031 3707 2101">
     <span class='ocr_line' id='line_1_63' title="bbox 2127 2031 3707 2101; baseline 0 -16"><span class='ocrx_word' id='word_1_509' title='bbox 2127 2042 2218 2086; x_wconf 90' lang='lat' dir='ltr'><strong>aut</strong></span> <span class='ocrx_word' id='word_1_510' title='bbox 2244 2034 2432 2088; x_wconf 84' lang='lat' dir='ltr'><strong>melius</strong></span> <span class='ocrx_word' id='word_1_511' title='bbox 2479 2032 2582 2087; x_wconf 92' lang='lat' dir='ltr'><strong>hoc</strong></span> <span class='ocrx_word' id='word_1_512' title='bbox 2625 2033 3068 2101; x_wconf 87' lang='lat' dir='ltr'><strong>interpretemur,</strong></span> <span class='ocrx_word' id='word_1_513' title='bbox 3103 2040 3194 2084; x_wconf 91' lang='lat' dir='ltr'><strong>aut</strong></span> <span class='ocrx_word' id='word_1_514' title='bbox 3243 2031 3707 2099; x_wconf 85' lang='lat' dir='ltr'><strong>interpretandum</strong></span> 
     </span>
    </p>
   </div>
   <div class='ocr_carea' id='block_1_64' title="bbox 2129 2120 3707 2191">
    <p class='ocr_par' dir='ltr' id='par_1_64' title="bbox 2129 2120 3707 2191">
     <span class='ocr_line' id='line_1_64' title="bbox 2129 2120 3707 2191; baseline -0.004 -16"><span class='ocrx_word' id='word_1_515' title='bbox 2129 2123 2449 2177; x_wconf 89' lang='lat' dir='ltr'><strong>melioribus</strong></span> <span class='ocrx_word' id='word_1_516' title='bbox 2473 2123 2855 2191; x_wconf 87' lang='lat' dir='ltr'><strong>relinquamus.</strong></span> <span class='ocrx_word' id='word_1_517' title='bbox 2885 2120 2943 2175; x_wconf 91' lang='lat' dir='ltr'><strong>Si</strong></span> <span class='ocrx_word' id='word_1_518' title='bbox 2975 2135 3102 2175; x_wconf 84' lang='lat' dir='ltr'><strong>vero</strong></span> <span class='ocrx_word' id='word_1_519' title='bbox 3133 2129 3238 2174; x_wconf 90' lang='lat' dir='ltr'><strong>tam</strong></span> <span class='ocrx_word' id='word_1_520' title='bbox 3284 2131 3464 2175; x_wconf 89' lang='lat' dir='ltr'><strong>certus</strong></span> <span class='ocrx_word' id='word_1_521' title='bbox 3510 2133 3589 2176; x_wconf 88' lang='lat' dir='ltr'><strong>est</strong></span> <span class='ocrx_word' id='word_1_522' title='bbox 3622 2138 3707 2176; x_wconf 66' lang='grc' dir='ltr'><strong>ος-</strong></span> 
     </span>
    </p>
   </div>
   <div class='ocr_carea' id='block_1_65' title="bbox 2131 2211 3706 2280">
    <p class='ocr_par' dir='ltr' id='par_1_65' title="bbox 2131 2211 3706 2280">
     <span class='ocr_line' id='line_1_65' title="bbox 2131 2211 3706 2280; baseline -0.002 -14"><span class='ocrx_word' id='word_1_523' title='bbox 2131 2229 2219 2266; x_wconf 89' lang='lat' dir='ltr'><strong>ror</strong></span> <span class='ocrx_word' id='word_1_524' title='bbox 2266 2223 2321 2265; x_wconf 93' lang='lat' dir='ltr'><strong>ut</strong></span> <span class='ocrx_word' id='word_1_525' title='bbox 2368 2212 2611 2266; x_wconf 80' lang='lat' dir='ltr'><strong>excusari</strong></span> <span class='ocrx_word' id='word_1_526' title='bbox 2665 2221 2938 2280; x_wconf 87' lang='lat' dir='ltr'><strong>nequeat,</strong></span> <span class='ocrx_word' id='word_1_527' title='bbox 2986 2211 3268 2264; x_wconf 88' lang='lat' dir='ltr'><strong>credamus</strong></span> <span class='ocrx_word' id='word_1_528' title='bbox 3328 2212 3468 2278; x_wconf 87' lang='lat' dir='ltr'><strong>quod</strong></span> <span class='ocrx_word' id='word_1_529' title='bbox 3521 2224 3706 2280; x_wconf 75' lang='lat' dir='ltr'><strong>postea</strong></span> 
     </span>
    </p>
   </div>
   <div class='ocr_carea' id='block_1_66' title="bbox 2129 2300 3708 2371">
    <p class='ocr_par' dir='ltr' id='par_1_66' title="bbox 2129 2300 3708 2371">
     <span class='ocr_line' id='line_1_66' title="bbox 2129 2300 3708 2371; baseline -0.002 -15"><span class='ocrx_word' id='word_1_530' title='bbox 2129 2302 2414 2357; x_wconf 87' lang='lat' dir='ltr'><strong>emendare</strong></span> <span class='ocrx_word' id='word_1_531' title='bbox 2445 2302 2744 2371; x_wconf 83' lang='lat' dir='ltr'><strong>patueriut,</strong></span> <span class='ocrx_word' id='word_1_532' title='bbox 2778 2305 2859 2355; x_wconf 70' lang='lat' dir='ltr'><strong>vel</strong></span> <span class='ocrx_word' id='word_1_533' title='bbox 2902 2301 2948 2354; x_wconf 92' lang='lat' dir='ltr'><strong>si</strong></span> <span class='ocrx_word' id='word_1_534' title='bbox 2974 2316 3080 2354; x_wconf 91' lang='lat' dir='ltr'><strong>non</strong></span> <span class='ocrx_word' id='word_1_535' title='bbox 3109 2300 3313 2369; x_wconf 82' lang='lat' dir='ltr'><strong>legatur</strong></span> <span class='ocrx_word' id='word_1_536' title='bbox 3334 2301 3420 2354; x_wconf 88' lang='lat' dir='ltr'><strong>ubi</strong></span> <span class='ocrx_word' id='word_1_537' title='bbox 3452 2304 3708 2355; x_wconf 71' lang='lat' dir='ltr'><strong>emenda~</strong></span> 
     </span>
    </p>
   </div>
   <div class='ocr_carea' id='block_1_67' title="bbox 2131 2394 3708 2465">
    <p class='ocr_par' dir='ltr' id='par_1_67' title="bbox 2131 2394 3708 2465">
     <span class='ocr_line' id='line_1_67' title="bbox 2131 2394 3708 2465; baseline -0.001 -18"><span class='ocrx_word' id='word_1_538' title='bbox 2131 2397 2337 2459; x_wconf 76' lang='lat' dir='ltr'><strong>verint;</strong></span> <span class='ocrx_word' id='word_1_539' title='bbox 2368 2411 2435 2449; x_wconf 89' lang='lat' dir='ltr'><strong>ne</strong></span> <span class='ocrx_word' id='word_1_540' title='bbox 2459 2410 2561 2447; x_wconf 90' lang='lat' dir='ltr'><strong>non</strong></span> <span class='ocrx_word' id='word_1_541' title='bbox 2587 2403 2693 2448; x_wconf 89' lang='lat' dir='ltr'><strong>tam</strong></span> <span class='ocrx_word' id='word_1_542' title='bbox 2725 2395 2867 2463; x_wconf 90' lang='lat' dir='ltr'><strong>ipsos</strong></span> <span class='ocrx_word' id='word_1_543' title='bbox 2896 2394 2962 2448; x_wconf 91' lang='lat' dir='ltr'><strong>de</strong></span> <span class='ocrx_word' id='word_1_544' title='bbox 2992 2395 3313 2465; x_wconf 88' lang='lat' dir='ltr'><strong>subrepeute</strong></span> <span class='ocrx_word' id='word_1_545' title='bbox 3344 2396 3514 2465; x_wconf 91' lang='lat' dir='ltr'><strong>lapsu,</strong></span> <span class='ocrx_word' id='word_1_546' title='bbox 3546 2413 3708 2463; x_wconf 85' lang='lat' dir='ltr'><strong>quam</strong></span> 
     </span>
    </p>
   </div>
   <div class='ocr_carea' id='block_1_68' title="bbox 2130 2483 3706 2553">
    <p class='ocr_par' dir='ltr' id='par_1_68' title="bbox 2130 2483 3706 2553">
     <span class='ocr_line' id='line_1_68' title="bbox 2130 2483 3706 2553; baseline 0.001 -16"><span class='ocrx_word' id='word_1_547' title='bbox 2130 2483 2327 2537; x_wconf 84' lang='lat' dir='ltr'><strong>Christi</strong></span> <span class='ocrx_word' id='word_1_548' title='bbox 2360 2483 2655 2538; x_wconf 83' lang='lat' dir='ltr'><strong>Ecclesiam</strong></span> <span class='ocrx_word' id='word_1_549' title='bbox 2686 2484 2753 2537; x_wconf 90' lang='lat' dir='ltr'><strong>de</strong></span> <span class='ocrx_word' id='word_1_550' title='bbox 2802 2483 2983 2538; x_wconf 88' lang='lat' dir='ltr'><strong>sedula</strong></span> <span class='ocrx_word' id='word_1_551' title='bbox 3033 2483 3150 2551; x_wconf 85' lang='lat' dir='ltr'><strong>ejus</strong></span> <span class='ocrx_word' id='word_1_552' title='bbox 3178 2486 3563 2553; x_wconf 80' lang='lat' dir='ltr'><strong>approbatione</strong></span> <span class='ocrx_word' id='word_1_553' title='bbox 3594 2487 3706 2539; x_wconf 78' lang='lat' dir='ltr'><strong>cul-</strong></span> 
     </span>
    </p>
   </div>
   <div class='ocr_carea' id='block_1_69' title="bbox 2129 2574 3705 2647">
    <p class='ocr_par' dir='ltr' id='par_1_69' title="bbox 2129 2574 3705 2647">
     <span class='ocr_line' id='line_1_69' title="bbox 2129 2574 3705 2647; baseline 0.002 -17"><span class='ocrx_word' id='word_1_554' title='bbox 2129 2589 2337 2643; x_wconf 91' lang='lat' dir='ltr'><strong>pemus.</strong></span> <span class='ocrx_word' id='word_1_555' title='bbox 2385 2574 2535 2641; x_wconf 90' lang='lat' dir='ltr'><strong>Quod</strong></span> <span class='ocrx_word' id='word_1_556' title='bbox 2584 2577 2630 2629; x_wconf 92' lang='lat' dir='ltr'><strong>si</strong></span> <span class='ocrx_word' id='word_1_557' title='bbox 2674 2584 2729 2629; x_wconf 91' lang='lat' dir='ltr'><strong>et</strong></span> <span class='ocrx_word' id='word_1_558' title='bbox 2776 2575 2976 2644; x_wconf 86' lang='lat' dir='ltr'><strong>aliqui,</strong></span> <span class='ocrx_word' id='word_1_559' title='bbox 3012 2591 3108 2643; x_wconf 89' lang='lat' dir='ltr'><strong>pro</strong></span> <span class='ocrx_word' id='word_1_560' title='bbox 3156 2575 3503 2647; x_wconf 82' lang='lat' dir='ltr'><strong>ambiguitate</strong></span> <span class='ocrx_word' id='word_1_561' title='bbox 3553 2594 3705 2633; x_wconf 73' lang='lat' dir='ltr'><strong>uorat</strong></span> 
     </span>
    </p>
   </div>
   <div class='ocr_carea' id='block_1_70' title="bbox 2128 2665 3706 2743">
    <p class='ocr_par' dir='ltr' id='par_1_70' title="bbox 2128 2665 3706 2743">
     <span class='ocr_line' id='line_1_70' title="bbox 2128 2665 3706 2743; baseline 0.003 -24"><span class='ocrx_word' id='word_1_562' title='bbox 2128 2666 2460 2743; x_wconf 68' lang='lat' dir='ltr'><strong>quarstionis,</strong></span> <span class='ocrx_word' id='word_1_563' title='bbox 2494 2665 2561 2721; x_wconf 88' lang='lat' dir='ltr'><strong>de</strong></span> <span class='ocrx_word' id='word_1_564' title='bbox 2587 2681 2685 2735; x_wconf 90' lang='lat' dir='ltr'><strong>qua</strong></span> <span class='ocrx_word' id='word_1_565' title='bbox 2718 2667 2940 2720; x_wconf 90' lang='lat' dir='ltr'><strong>necdum</strong></span> <span class='ocrx_word' id='word_1_566' title='bbox 2987 2683 3089 2721; x_wconf 92' lang='lat' dir='ltr'><strong>una</strong></span> <span class='ocrx_word' id='word_1_567' title='bbox 3130 2669 3457 2736; x_wconf 80' lang='lat' dir='ltr'><strong>generaliter</strong></span> <span class='ocrx_word' id='word_1_568' title='bbox 3484 2680 3706 2725; x_wconf 83' lang='lat' dir='ltr'><strong>senten-</strong></span> 
     </span>
    </p>
   </div>
   <div class='ocr_carea' id='block_1_71' title="bbox 2133 2756 3707 2830">
    <p class='ocr_par' dir='ltr' id='par_1_71' title="bbox 2133 2756 3707 2830">
     <span class='ocr_line' id='line_1_71' title="bbox 2133 2756 3707 2830; baseline 0.004 -21"><span class='ocrx_word' id='word_1_569' title='bbox 2133 2756 2201 2810; x_wconf 91' lang='lat' dir='ltr'><strong>tia</strong></span> <span class='ocrx_word' id='word_1_570' title='bbox 2236 2757 2537 2822; x_wconf 88' lang='lat' dir='ltr'><strong>tenebatur,</strong></span> <span class='ocrx_word' id='word_1_571' title='bbox 2583 2759 2717 2810; x_wconf 90' lang='lat' dir='ltr'><strong>sicut</strong></span> <span class='ocrx_word' id='word_1_572' title='bbox 2746 2757 3033 2826; x_wconf 89' lang='lat' dir='ltr'><strong>aliquando</strong></span> <span class='ocrx_word' id='word_1_573' title='bbox 3066 2758 3165 2815; x_wconf 91' lang='lat' dir='ltr'><strong>fuit</strong></span> <span class='ocrx_word' id='word_1_574' title='bbox 3204 2775 3324 2814; x_wconf 86' lang='lat' dir='ltr'><strong>cum</strong></span> <span class='ocrx_word' id='word_1_575' title='bbox 3365 2760 3553 2816; x_wconf 87' lang='lat' dir='ltr'><strong>beatus</strong></span> <span class='ocrx_word' id='word_1_576' title='bbox 3597 2762 3707 2830; x_wconf 53' lang='lat' dir='ltr'><strong>Cy-</strong></span> 
     </span>
    </p>
   </div>
   <div class='ocr_carea' id='block_1_72' title="bbox 2131 2852 3707 2922">
    <p class='ocr_par' dir='ltr' id='par_1_72' title="bbox 2131 2852 3707 2922">
     <span class='ocr_line' id='line_1_72' title="bbox 2131 2852 3707 2922; baseline 0.001 -16"><span class='ocrx_word' id='word_1_577' title='bbox 2131 2853 2347 2922; x_wconf 88' lang='lat' dir='ltr'><strong>priauus</strong></span> <span class='ocrx_word' id='word_1_578' title='bbox 2367 2853 2388 2883; x_wconf 84' lang='grc'>³</span> <span class='ocrx_word' id='word_1_579' title='bbox 2411 2866 2596 2906; x_wconf 90' lang='lat' dir='ltr'><strong>omnes</strong></span> <span class='ocrx_word' id='word_1_580' title='bbox 2640 2852 2924 2906; x_wconf 73' lang='lat' dir='ltr'><strong>haereticos</strong></span> <span class='ocrx_word' id='word_1_581' title='bbox 2952 2853 3190 2907; x_wconf 90' lang='lat' dir='ltr'><strong>crederet</strong></span> <span class='ocrx_word' id='word_1_582' title='bbox 3217 2853 3581 2921; x_wconf 80' lang='lat' dir='ltr'><strong>baptizandos,</strong></span> <span class='ocrx_word' id='word_1_583' title='bbox 3616 2862 3707 2907; x_wconf 85' lang='lat' dir='ltr'><strong>aut</strong></span> 
     </span>
    </p>
   </div>
   <div class='ocr_carea' id='block_1_73' title="bbox 2130 2929 3709 3013">
    <p class='ocr_par' dir='ltr' id='par_1_73' title="bbox 2130 2929 3709 3013">
     <span class='ocr_line' id='line_1_73' title="bbox 2130 2929 3709 3013; baseline 0 -16"><span class='ocrx_word' id='word_1_584' title='bbox 2130 2958 2227 3012; x_wconf 90' lang='lat' dir='ltr'><strong>pro</strong></span> <span class='ocrx_word' id='word_1_585' title='bbox 2256 2943 2539 2997; x_wconf 90' lang='lat' dir='ltr'><strong>securitate</strong></span> <span class='ocrx_word' id='word_1_586' title='bbox 2562 2943 2701 2998; x_wconf 89' lang='lat' dir='ltr'><strong>illius</strong></span> <span class='ocrx_word' id='word_1_587' title='bbox 2729 2943 3007 3011; x_wconf 81' lang='lat' dir='ltr'><strong>temporis,</strong></span> <span class='ocrx_word' id='word_1_588' title='bbox 3042 2945 3165 3013; x_wconf 89' lang='lat' dir='ltr'><strong>quia</strong></span> <span class='ocrx_word' id='word_1_589' title='bbox 3194 2929 3417 2998; x_wconf 70' lang='lat' dir='ltr'><strong>necdum</strong></span> <span class='ocrx_word' id='word_1_590' title='bbox 3450 2946 3589 2999; x_wconf 87' lang='lat' dir='ltr'><strong>sicut</strong></span> <span class='ocrx_word' id='word_1_591' title='bbox 3609 2960 3709 2998; x_wconf 88' lang='lat' dir='ltr'><strong>nos</strong></span> 
     </span>
    </p>
   </div>
   <div class='ocr_carea' id='block_1_74' title="bbox 2130 3038 3702 3108">
    <p class='ocr_par' dir='ltr' id='par_1_74' title="bbox 2130 3038 3702 3108">
     <span class='ocr_line' id='line_1_74' title="bbox 2130 3038 3702 3108; baseline -0.001 -16"><span class='ocrx_word' id='word_1_592' title='bbox 2130 3053 2192 3092; x_wconf 80' lang='lat' dir='ltr'><strong>ex</strong></span> <span class='ocrx_word' id='word_1_593' title='bbox 2226 3038 2391 3091; x_wconf 89' lang='lat' dir='ltr'><strong>altera</strong></span> <span class='ocrx_word' id='word_1_594' title='bbox 2415 3046 2566 3108; x_wconf 89' lang='lat' dir='ltr'><strong>parte</strong></span> <span class='ocrx_word' id='word_1_595' title='bbox 2591 3039 2875 3093; x_wconf 90' lang='lat' dir='ltr'><strong>contrariis</strong></span> <span class='ocrx_word' id='word_1_596' title='bbox 2902 3038 3283 3108; x_wconf 69' lang='lat' dir='ltr'><strong>qumstionibtts</strong></span> <span class='ocrx_word' id='word_1_597' title='bbox 3326 3038 3702 3107; x_wconf 85' lang='lat' dir='ltr'><strong>pulsabantur,</strong></span> 
     </span>
    </p>
   </div>
   <div class='ocr_carea' id='block_1_75' title="bbox 2132 3129 3709 3201">
    <p class='ocr_par' dir='ltr' id='par_1_75' title="bbox 2132 3129 3709 3201">
     <span class='ocr_line' id='line_1_75' title="bbox 2132 3129 3709 3201; baseline -0.001 -18"><span class='ocrx_word' id='word_1_598' title='bbox 2132 3138 2219 3185; x_wconf 87' lang='lat' dir='ltr'><strong>aut</strong></span> <span class='ocrx_word' id='word_1_599' title='bbox 2246 3131 2368 3201; x_wconf 88' lang='lat' dir='ltr'><strong>quia</strong></span> <span class='ocrx_word' id='word_1_600' title='bbox 2399 3131 2697 3187; x_wconf 87' lang='lat' dir='ltr'><strong>Ecclesiam</strong></span> <span class='ocrx_word' id='word_1_601' title='bbox 2743 3129 2879 3184; x_wconf 90' lang='lat' dir='ltr'><strong>forte</strong></span> <span class='ocrx_word' id='word_1_602' title='bbox 2926 3129 3098 3194; x_wconf 90' lang='lat' dir='ltr'><strong>latuit,</strong></span> <span class='ocrx_word' id='word_1_603' title='bbox 3129 3139 3189 3183; x_wconf 91' lang='lat' dir='ltr'><strong>ut</strong></span> <span class='ocrx_word' id='word_1_604' title='bbox 3216 3145 3322 3183; x_wconf 91' lang='lat' dir='ltr'><strong>non</strong></span> <span class='ocrx_word' id='word_1_605' title='bbox 3353 3130 3709 3185; x_wconf 64' lang='lat' dir='ltr'><strong>admoneren-</strong></span> 
     </span>
    </p>
   </div>
   <div class='ocr_carea' id='block_1_76' title="bbox 2055 3214 3707 3292">
    <p class='ocr_par' dir='ltr' id='par_1_76' title="bbox 2055 3214 3707 3292">
     <span class='ocr_line' id='line_1_76' title="bbox 2055 3214 3707 3292; baseline -0.002 -15"><span class='ocrx_word' id='word_1_606' title='bbox 2055 3214 2100 3277; x_wconf 90' lang='lat' dir='ltr'><strong>C</strong></span> <span class='ocrx_word' id='word_1_607' title='bbox 2133 3230 2241 3287; x_wconf 92' lang='lat' dir='ltr'><strong>tur,</strong></span> <span class='ocrx_word' id='word_1_608' title='bbox 2270 3222 2323 3276; x_wconf 91' lang='lat' dir='ltr'><strong>iu</strong></span> <span class='ocrx_word' id='word_1_609' title='bbox 2354 3223 2471 3292; x_wconf 88' lang='lat' dir='ltr'><strong>ipso</strong></span> <span class='ocrx_word' id='word_1_610' title='bbox 2519 3221 2764 3277; x_wconf 89' lang='lat' dir='ltr'><strong>dicantur</strong></span> <span class='ocrx_word' id='word_1_611' title='bbox 2794 3235 2978 3276; x_wconf 88' lang='lat' dir='ltr'><strong>errore</strong></span> <span class='ocrx_word' id='word_1_612' title='bbox 3019 3222 3299 3285; x_wconf 86' lang='lat' dir='ltr'><strong>mansisse,</strong></span> <span class='ocrx_word' id='word_1_613' title='bbox 3342 3222 3707 3276; x_wconf 83' lang='lat' dir='ltr'><strong>infirmitatem</strong></span> 
     </span>
    </p>
   </div>
   <div class='ocr_carea' id='block_1_77' title="bbox 2137 3313 3707 3384">
    <p class='ocr_par' dir='ltr' id='par_1_77' title="bbox 2137 3313 3707 3384">
     <span class='ocr_line' id='line_1_77' title="bbox 2137 3313 3707 3384; baseline -0.003 -15"><span class='ocrx_word' id='word_1_614' title='bbox 2137 3316 2430 3370; x_wconf 90' lang='lat' dir='ltr'><strong>labentium</strong></span> <span class='ocrx_word' id='word_1_615' title='bbox 2458 3315 2705 3384; x_wconf 81' lang='lat' dir='ltr'><strong>religiosa</strong></span> <span class='ocrx_word' id='word_1_616' title='bbox 2735 3322 2953 3369; x_wconf 78' lang='lat' dir='ltr'><strong>excuset</strong></span> <span class='ocrx_word' id='word_1_617' title='bbox 2997 3313 3258 3378; x_wconf 90' lang='lat' dir='ltr'><strong>intentio;</strong></span> <span class='ocrx_word' id='word_1_618' title='bbox 3292 3323 3347 3367; x_wconf 88' lang='lat' dir='ltr'><strong>et</strong></span> <span class='ocrx_word' id='word_1_619' title='bbox 3372 3314 3623 3383; x_wconf 84' lang='lat' dir='ltr'><strong>quoniam</strong></span> <span class='ocrx_word' id='word_1_620' title='bbox 3653 3314 3707 3366; x_wconf 88' lang='lat' dir='ltr'><strong>in</strong></span> 
     </span>
    </p>
   </div>
   <div class='ocr_carea' id='block_1_78' title="bbox 2138 3407 3708 3475">
    <p class='ocr_par' dir='ltr' id='par_1_78' title="bbox 2138 3407 3708 3475">
     <span class='ocr_line' id='line_1_78' title="bbox 2138 3407 3708 3475; baseline -0.002 -13"><span class='ocrx_word' id='word_1_621' title='bbox 2138 3408 2393 3462; x_wconf 72' lang='lat' dir='ltr'><strong>Ecclesia:</strong></span> <span class='ocrx_word' id='word_1_622' title='bbox 2438 3410 2699 3462; x_wconf 88' lang='lat' dir='ltr'><strong>citaritate</strong></span> <span class='ocrx_word' id='word_1_623' title='bbox 2742 3416 3074 3473; x_wconf 89' lang='lat' dir='ltr'><strong>manserunt,</strong></span> <span class='ocrx_word' id='word_1_624' title='bbox 3109 3407 3391 3461; x_wconf 87' lang='lat' dir='ltr'><strong>credamus</strong></span> <span class='ocrx_word' id='word_1_625' title='bbox 3433 3407 3578 3475; x_wconf 89' lang='lat' dir='ltr'><strong>quod</strong></span> <span class='ocrx_word' id='word_1_626' title='bbox 3616 3422 3708 3461; x_wconf 84' lang='lat' dir='ltr'><strong>eo-</strong></span> 
     </span>
    </p>
   </div>
   <div class='ocr_carea' id='block_1_79' title="bbox 2135 3499 3708 3571">
    <p class='ocr_par' dir='ltr' id='par_1_79' title="bbox 2135 3499 3708 3571">
     <span class='ocr_line' id='line_1_79' title="bbox 2135 3499 3708 3571; baseline -0.001 -17"><span class='ocrx_word' id='word_1_627' title='bbox 2135 3516 2251 3554; x_wconf 93' lang='lat' dir='ltr'><strong>rum</strong></span> <span class='ocrx_word' id='word_1_628' title='bbox 2280 3500 2462 3571; x_wconf 84' lang='lat' dir='ltr'><strong>culpas</strong></span> <span class='ocrx_word' id='word_1_629' title='bbox 2485 3501 2599 3569; x_wconf 87' lang='lat' dir='ltr'><strong>ipsa</strong></span> <span class='ocrx_word' id='word_1_630' title='bbox 2626 3501 2857 3554; x_wconf 85' lang='lat' dir='ltr'><strong>eharitas</strong></span> <span class='ocrx_word' id='word_1_631' title='bbox 2887 3499 3099 3563; x_wconf 81' lang='lat' dir='ltr'><strong>texerit,</strong></span> <span class='ocrx_word' id='word_1_632' title='bbox 3133 3500 3267 3553; x_wconf 82' lang='lat' dir='ltr'><strong>sicut</strong></span> <span class='ocrx_word' id='word_1_633' title='bbox 3297 3501 3554 3568; x_wconf 90' lang='lat' dir='ltr'><strong>scriptum</strong></span> <span class='ocrx_word' id='word_1_634' title='bbox 3585 3508 3665 3553; x_wconf 88' lang='lat' dir='ltr'><strong>est</strong></span> <span class='ocrx_word' id='word_1_635' title='bbox 3693 3518 3708 3552; x_wconf 88' lang='lat'><strong>:</strong></span> 
     </span>
    </p>
   </div>
   <div class='ocr_carea' id='block_1_80' title="bbox 2135 3589 3708 3662">
    <p class='ocr_par' dir='ltr' id='par_1_80' title="bbox 2135 3589 3708 3662">
     <span class='ocr_line' id='line_1_80' title="bbox 2135 3589 3708 3662; baseline -0.002 -15"><span class='ocrx_word' id='word_1_636' title='bbox 2135 3593 2366 3647; x_wconf 80' lang='lat' dir='ltr'><strong>Charitas</strong></span> <span class='ocrx_word' id='word_1_637' title='bbox 2404 3592 2625 3662; x_wconf 79' lang='lat' dir='ltr'><strong>cooperit</strong></span> <span class='ocrx_word' id='word_1_638' title='bbox 2663 3592 3036 3646; x_wconf 84' lang='lat' dir='ltr'><strong>multitudinem</strong></span> <span class='ocrx_word' id='word_1_639' title='bbox 3083 3599 3401 3661; x_wconf 80' lang='lat' dir='ltr'><strong>peccatorum</strong></span> <span class='ocrx_word' id='word_1_640' title='bbox 3454 3589 3523 3660; x_wconf 91' lang='grc' dir='ltr'><strong>(ι</strong></span> <span class='ocrx_word' id='word_1_641' title='bbox 3560 3589 3708 3644; x_wconf 76' lang='lat' dir='ltr'><strong>Petr.</strong></span> 
     </span>
    </p>
   </div>
   <div class='ocr_carea' id='block_1_81' title="bbox 2134 3680 3711 3753">
    <p class='ocr_par' dir='ltr' id='par_1_81' title="bbox 2134 3680 3711 3753">
     <span class='ocr_line' id='line_1_81' title="bbox 2134 3680 3711 3753; baseline -0.001 -17"><span class='ocrx_word' id='word_1_642' title='bbox 2134 3698 2210 3749; x_wconf 86' lang='lat' dir='ltr'><strong>tv,</strong></span> <span class='ocrx_word' id='word_1_643' title='bbox 2240 3684 2321 3753; x_wconf 85' lang='lat'><strong>8).</strong></span> <span class='ocrx_word' id='word_1_644' title='bbox 2351 3683 2481 3738; x_wconf 80' lang='lat' dir='ltr'><strong>Nam</strong></span> <span class='ocrx_word' id='word_1_645' title='bbox 2512 3683 2629 3753; x_wconf 89' lang='lat' dir='ltr'><strong>quis</strong></span> <span class='ocrx_word' id='word_1_646' title='bbox 2661 3683 2711 3735; x_wconf 91' lang='lat' dir='ltr'><strong>in</strong></span> <span class='ocrx_word' id='word_1_647' title='bbox 2761 3681 2995 3736; x_wconf 86' lang='lat' dir='ltr'><strong>Ecclesia</strong></span> <span class='ocrx_word' id='word_1_648' title='bbox 3028 3681 3220 3735; x_wconf 90' lang='lat' dir='ltr'><strong>Christi</strong></span> <span class='ocrx_word' id='word_1_649' title='bbox 3266 3680 3344 3735; x_wconf 91' lang='lat' dir='ltr'><strong>sic</strong></span> <span class='ocrx_word' id='word_1_650' title='bbox 3388 3680 3711 3735; x_wconf 87' lang='lat' dir='ltr'><strong>inhumanus</strong></span> 
     </span>
    </p>
   </div>
   <div class='ocr_carea' id='block_1_82' title="bbox 2132 3771 3710 3845">
    <p class='ocr_par' dir='ltr' id='par_1_82' title="bbox 2132 3771 3710 3845">
     <span class='ocr_line' id='line_1_82' title="bbox 2132 3771 3710 3845; baseline -0.004 -16"><span class='ocrx_word' id='word_1_651' title='bbox 2132 3785 2293 3845; x_wconf 88' lang='lat' dir='ltr'><strong>atque</strong></span> <span class='ocrx_word' id='word_1_652' title='bbox 2338 3773 2558 3828; x_wconf 88' lang='lat' dir='ltr'><strong>immitis</strong></span> <span class='ocrx_word' id='word_1_653' title='bbox 2588 3782 2668 3827; x_wconf 91' lang='lat' dir='ltr'><strong>est</strong></span> <span class='ocrx_word' id='word_1_654' title='bbox 2688 3813 2701 3835; x_wconf 90' lang='lat'><strong>,</strong></span> <span class='ocrx_word' id='word_1_655' title='bbox 2733 3780 2790 3825; x_wconf 90' lang='lat' dir='ltr'><strong>ut</strong></span> <span class='ocrx_word' id='word_1_656' title='bbox 2818 3774 2988 3825; x_wconf 79' lang='lat' dir='ltr'><strong>virum</strong></span> <span class='ocrx_word' id='word_1_657' title='bbox 3019 3772 3110 3826; x_wconf 92' lang='lat' dir='ltr'><strong>Dei</strong></span> <span class='ocrx_word' id='word_1_658' title='bbox 3159 3771 3533 3840; x_wconf 83' lang='lat' dir='ltr'><strong>Augustinum,</strong></span> <span class='ocrx_word' id='word_1_659' title='bbox 3561 3781 3710 3825; x_wconf 77' lang='lat' dir='ltr'><strong>tanta</strong></span> 
     </span>
    </p>
   </div>
   <div class='ocr_carea' id='block_1_83' title="bbox 2133 3864 3713 3935">
    <p class='ocr_par' dir='ltr' id='par_1_83' title="bbox 2133 3864 3713 3935">
     <span class='ocr_line' id='line_1_83' title="bbox 2133 3864 3713 3935; baseline -0.002 -14"><span class='ocrx_word' id='word_1_660' title='bbox 2133 3868 2330 3935; x_wconf 86' lang='lat' dir='ltr'><strong>pietate</strong></span> <span class='ocrx_word' id='word_1_661' title='bbox 2357 3866 2657 3934; x_wconf 69' lang='lat' dir='ltr'><strong>pratditum,</strong></span> <span class='ocrx_word' id='word_1_662' title='bbox 2692 3866 2901 3919; x_wconf 88' lang='lat' dir='ltr'><strong>etiamsi</strong></span> <span class='ocrx_word' id='word_1_663' title='bbox 2947 3864 2999 3917; x_wconf 92' lang='lat' dir='ltr'><strong>in</strong></span> <span class='ocrx_word' id='word_1_664' title='bbox 3032 3864 3113 3917; x_wconf 90' lang='lat' dir='ltr'><strong>his</strong></span> <span class='ocrx_word' id='word_1_665' title='bbox 3141 3879 3363 3933; x_wconf 88' lang='lat' dir='ltr'><strong>quorum</strong></span> <span class='ocrx_word' id='word_1_666' title='bbox 3387 3864 3488 3917; x_wconf 88' lang='lat' dir='ltr'><strong>lide</strong></span> <span class='ocrx_word' id='word_1_667' title='bbox 3515 3864 3713 3919; x_wconf 88' lang='lat' dir='ltr'><strong>immo-</strong></span> 
     </span>
    </p>
   </div>
   <div class='ocr_carea' id='block_1_84' title="bbox 2116 3954 3711 4024">
    <p class='ocr_par' dir='ltr' id='par_1_84' title="bbox 2116 3954 3711 4024">
     <span class='ocr_line' id='line_1_84' title="bbox 2116 3954 3711 4024; baseline -0.001 -14"><span class='ocrx_word' id='word_1_668' title='bbox 2116 3958 2313 4011; x_wconf 48' lang='lat' dir='ltr'><strong>‘ramur</strong></span> <span class='ocrx_word' id='word_1_669' title='bbox 2339 3970 2567 4019; x_wconf 87' lang='lat' dir='ltr'><strong>errasse,</strong></span> <span class='ocrx_word' id='word_1_670' title='bbox 2593 3964 2647 4010; x_wconf 88' lang='lat' dir='ltr'><strong>et</strong></span> <span class='ocrx_word' id='word_1_671' title='bbox 2669 3969 2773 4009; x_wconf 87' lang='lat' dir='ltr'><strong>non</strong></span> <span class='ocrx_word' id='word_1_672' title='bbox 2797 3954 3122 4009; x_wconf 87' lang='lat' dir='ltr'><strong>admonitum</strong></span> <span class='ocrx_word' id='word_1_673' title='bbox 3150 3956 3202 4009; x_wconf 94' lang='lat' dir='ltr'><strong>in</strong></span> <span class='ocrx_word' id='word_1_674' title='bbox 3243 3970 3427 4009; x_wconf 89' lang='lat' dir='ltr'><strong>errore</strong></span> <span class='ocrx_word' id='word_1_675' title='bbox 3454 3970 3711 4024; x_wconf 82' lang='lat' dir='ltr'><strong>perman-</strong></span> 
     </span>
    </p>
   </div>
   <div class='ocr_carea' id='block_1_85' title="bbox 2133 4047 3710 4119">
    <p class='ocr_par' dir='ltr' id='par_1_85' title="bbox 2133 4047 3710 4119">
     <span class='ocr_line' id='line_1_85' title="bbox 2133 4047 3710 4119; baseline -0.002 -15"><span class='ocrx_word' id='word_1_676' title='bbox 2133 4048 2266 4104; x_wconf 72' lang='lat' dir='ltr'><strong>sisse</strong></span> <span class='ocrx_word' id='word_1_677' title='bbox 2319 4057 2682 4117; x_wconf 82' lang='lat' dir='ltr'><strong>cognosceret,</strong></span> <span class='ocrx_word' id='word_1_678' title='bbox 2717 4047 3024 4102; x_wconf 66' lang='lat' dir='ltr'><strong>barreticum</strong></span> <span class='ocrx_word' id='word_1_679' title='bbox 3075 4049 3275 4103; x_wconf 89' lang='lat' dir='ltr'><strong>diceret</strong></span> <span class='ocrx_word' id='word_1_680' title='bbox 3320 4059 3413 4102; x_wconf 89' lang='lat' dir='ltr'><strong>aut</strong></span> <span class='ocrx_word' id='word_1_681' title='bbox 3462 4048 3710 4119; x_wconf 82' lang='lat' dir='ltr'><strong>putaret?</strong></span> 
     </span>
    </p>
   </div>
   <div class='ocr_carea' id='block_1_86' title="bbox 2132 4137 3713 4209">
    <p class='ocr_par' dir='ltr' id='par_1_86' title="bbox 2132 4137 3713 4209">
     <span class='ocr_line' id='line_1_86' title="bbox 2132 4137 3713 4209; baseline 0 -18"><span class='ocrx_word' id='word_1_682' title='bbox 2132 4140 2219 4209; x_wconf 90' lang='lat' dir='ltr'><strong>qui</strong></span> <span class='ocrx_word' id='word_1_683' title='bbox 2251 4140 2303 4193; x_wconf 89' lang='lat' dir='ltr'><strong>in</strong></span> <span class='ocrx_word' id='word_1_684' title='bbox 2334 4138 2554 4193; x_wconf 82' lang='lat' dir='ltr'><strong>exordio</strong></span> <span class='ocrx_word' id='word_1_685' title='bbox 2585 4152 2801 4192; x_wconf 79' lang='lat' dir='ltr'><strong>suorum</strong></span> <span class='ocrx_word' id='word_1_686' title='bbox 2847 4138 2912 4193; x_wconf 89' lang='lat' dir='ltr'><strong>de</strong></span> <span class='ocrx_word' id='word_1_687' title='bbox 2942 4137 3201 4193; x_wconf 80' lang='lat' dir='ltr'><strong>Trinitate</strong></span> <span class='ocrx_word' id='word_1_688' title='bbox 3233 4139 3511 4203; x_wconf 85' lang='lat' dir='ltr'><strong>librorum,</strong></span> <span class='ocrx_word' id='word_1_689' title='bbox 3552 4158 3571 4190; x_wconf 76' lang='grc' dir='ltr'>ι</span> <span class='ocrx_word' id='word_1_690' title='bbox 3601 4139 3713 4193; x_wconf 80' lang='lat' dir='ltr'><strong>Nec</strong></span> 
     </span>
    </p>
   </div>
   <div class='ocr_carea' id='block_1_87' title="bbox 2133 4229 3713 4300">
    <p class='ocr_par' dir='ltr' id='par_1_87' title="bbox 2133 4229 3713 4300">
     <span class='ocr_line' id='line_1_87' title="bbox 2133 4229 3713 4300; baseline 0.001 -17"><span class='ocrx_word' id='word_1_691' title='bbox 2133 4231 2330 4300; x_wconf 75' lang='lat' dir='ltr'><strong>pigebit</strong></span> <span class='ocrx_word' id='word_1_692' title='bbox 2378 4238 2553 4284; x_wconf 89' lang='lat' dir='ltr'><strong>autem</strong></span> <span class='ocrx_word' id='word_1_693' title='bbox 2585 4244 2686 4295; x_wconf 90' lang='lat' dir='ltr'><strong>me,</strong></span> <span class='ocrx_word' id='word_1_694' title='bbox 2720 4230 2927 4298; x_wconf 83' lang='lat' dir='ltr'><strong>inquit,</strong></span> <span class='ocrx_word' id='word_1_695' title='bbox 2959 4229 3127 4283; x_wconf 90' lang='lat' dir='ltr'><strong>sicubi</strong></span> <span class='ocrx_word' id='word_1_696' title='bbox 3177 4230 3389 4293; x_wconf 58' lang='lat' dir='ltr'><strong>haesito,</strong></span> <span class='ocrx_word' id='word_1_697' title='bbox 3422 4245 3713 4299; x_wconf 65' lang='lat' dir='ltr'><strong>quatrere;</strong></span> 
     </span>
    </p>
   </div>
   <div class='ocr_carea' id='block_1_88' title="bbox 2138 4321 3713 4391">
    <p class='ocr_par' dir='ltr' id='par_1_88' title="bbox 2138 4321 3713 4391">
     <span class='ocr_line' id='line_1_88' title="bbox 2138 4321 3713 4391; baseline -0.001 -16"><span class='ocrx_word' id='word_1_698' title='bbox 2138 4336 2235 4375; x_wconf 87' lang='lat' dir='ltr'><strong>nec</strong></span> <span class='ocrx_word' id='word_1_699' title='bbox 2278 4321 2514 4391; x_wconf 88' lang='lat' dir='ltr'><strong>pudebit,</strong></span> <span class='ocrx_word' id='word_1_700' title='bbox 2547 4321 2712 4374; x_wconf 86' lang='lat' dir='ltr'><strong>sicubi</strong></span> <span class='ocrx_word' id='word_1_701' title='bbox 2757 4336 2898 4385; x_wconf 88' lang='lat' dir='ltr'><strong>erro,</strong></span> <span class='ocrx_word' id='word_1_702' title='bbox 2930 4322 3155 4375; x_wconf 87' lang='lat' dir='ltr'><strong>discere.</strong></span> <span class='ocrx_word' id='word_1_703' title='bbox 3193 4323 3438 4376; x_wconf 88' lang='lat' dir='ltr'><strong>&#39;Proinde</strong></span> <span class='ocrx_word' id='word_1_704' title='bbox 3464 4324 3713 4391; x_wconf 70' lang='grc' dir='ltr'><strong>ψιίδαυὶς</strong></span> 
     </span>
    </p>
   </div>
   <div class='ocr_carea' id='block_1_89' title="bbox 2136 4413 3729 4483">
    <p class='ocr_par' dir='ltr' id='par_1_89' title="bbox 2136 4413 3729 4483">
     <span class='ocr_line' id='line_1_89' title="bbox 2136 4413 3729 4483; baseline -0.001 -17"><span class='ocrx_word' id='word_1_705' title='bbox 2136 4413 2249 4466; x_wconf 70' lang='lat' dir='ltr'><strong>hate</strong></span> <span class='ocrx_word' id='word_1_706' title='bbox 2278 4413 2423 4481; x_wconf 85' lang='lat' dir='ltr'><strong>legit,</strong></span> <span class='ocrx_word' id='word_1_707' title='bbox 2442 4413 2531 4466; x_wconf 88' lang='lat' dir='ltr'><strong>ubi</strong></span> <span class='ocrx_word' id='word_1_708' title='bbox 2553 4415 2750 4481; x_wconf 88' lang='lat' dir='ltr'><strong>pariter</strong></span> <span class='ocrx_word' id='word_1_709' title='bbox 2772 4423 2949 4468; x_wconf 88' lang='lat' dir='ltr'><strong>certus</strong></span> <span class='ocrx_word' id='word_1_710' title='bbox 2977 4424 3079 4477; x_wconf 89' lang='lat' dir='ltr'><strong>est,</strong></span> <span class='ocrx_word' id='word_1_711' title='bbox 3105 4424 3287 4483; x_wconf 87' lang='lat' dir='ltr'><strong>pergat</strong></span> <span class='ocrx_word' id='word_1_712' title='bbox 3312 4428 3518 4468; x_wconf 89' lang='lat' dir='ltr'><strong>mecum</strong></span> <span class='ocrx_word' id='word_1_713' title='bbox 3540 4414 3594 4479; x_wconf 64' lang='lat' dir='ltr'><strong>;b</strong></span> <span class='ocrx_word' id='word_1_714' title='bbox 3620 4415 3729 4470; x_wconf 13' lang='lat' dir='ltr'><strong>ubi.</strong></span> 
     </span>
    </p>
   </div>
   <div class='ocr_carea' id='block_1_90' title="bbox 2134 4504 3711 4574">
    <p class='ocr_par' dir='ltr' id='par_1_90' title="bbox 2134 4504 3711 4574">
     <span class='ocr_line' id='line_1_90' title="bbox 2134 4504 3711 4574; baseline -0.001 -15"><span class='ocrx_word' id='word_1_715' title='bbox 2134 4518 2370 4559; x_wconf 88' lang='lat' dir='ltr'><strong>errorem</strong></span> <span class='ocrx_word' id='word_1_716' title='bbox 2400 4519 2552 4558; x_wconf 91' lang='lat' dir='ltr'><strong>suum</strong></span> <span class='ocrx_word' id='word_1_717' title='bbox 2594 4504 2883 4574; x_wconf 84' lang='lat' dir='ltr'><strong>cognoscit,</strong></span> <span class='ocrx_word' id='word_1_718' title='bbox 2914 4504 3091 4559; x_wconf 87' lang='lat' dir='ltr'><strong>redeat</strong></span> <span class='ocrx_word' id='word_1_719' title='bbox 3123 4504 3188 4558; x_wconf 93' lang='lat' dir='ltr'><strong>ad</strong></span> <span class='ocrx_word' id='word_1_720' title='bbox 3224 4520 3337 4569; x_wconf 90' lang='lat' dir='ltr'><strong>me;</strong></span> <span class='ocrx_word' id='word_1_721' title='bbox 3380 4505 3469 4558; x_wconf 91' lang='lat' dir='ltr'><strong>ubi</strong></span> <span class='ocrx_word' id='word_1_722' title='bbox 3507 4520 3711 4565; x_wconf 86' lang='lat' dir='ltr'><strong>meum.</strong></span> 
     </span>
    </p>
   </div>
   <div class='ocr_carea' id='block_1_91' title="bbox 462 4588 3712 4669">
    <p class='ocr_par' dir='ltr' id='par_1_91' title="bbox 462 4588 3712 4669">
     <span class='ocr_line' id='line_1_91' title="bbox 462 4588 3712 4669; baseline 0.005 -32"><span class='ocrx_word' id='word_1_723' title='bbox 462 4589 719 4655; x_wconf 78' lang='lat' dir='ltr'><strong>intentio,</strong></span> <span class='ocrx_word' id='word_1_724' title='bbox 744 4603 845 4657; x_wconf 91' lang='lat' dir='ltr'><strong>qua</strong></span> <span class='ocrx_word' id='word_1_725' title='bbox 879 4603 974 4657; x_wconf 90' lang='lat' dir='ltr'><strong>pro</strong></span> <span class='ocrx_word' id='word_1_726' title='bbox 1012 4589 1204 4643; x_wconf 89' lang='lat' dir='ltr'><strong>Christi</strong></span> <span class='ocrx_word' id='word_1_727' title='bbox 1253 4590 1485 4645; x_wconf 80' lang='lat' dir='ltr'><strong>Ecclesia</strong></span> <span class='ocrx_word' id='word_1_728' title='bbox 1509 4633 1524 4659; x_wconf 94' lang='lat'><strong>,</strong></span> <span class='ocrx_word' id='word_1_729' title='bbox 1557 4593 1780 4649; x_wconf 84' lang='lat' dir='ltr'><strong>necdum</strong></span> <span class='ocrx_word' id='word_1_730' title='bbox 1830 4595 2032 4650; x_wconf 89' lang='lat' dir='ltr'><strong>sollici-</strong></span> <span class='ocrx_word' id='word_1_731' title='bbox 2062 4588 2113 4646; x_wconf 90' lang='lat' dir='ltr'><strong>D</strong></span> <span class='ocrx_word' id='word_1_732' title='bbox 2138 4607 2356 4652; x_wconf 85' lang='lat' dir='ltr'><strong>revocet</strong></span> <span class='ocrx_word' id='word_1_733' title='bbox 2397 4612 2500 4653; x_wconf 88' lang='lat' dir='ltr'><strong>me.</strong></span> <span class='ocrx_word' id='word_1_734' title='bbox 2534 4597 2608 4653; x_wconf 83' lang='lat' dir='ltr'><strong>ita</strong></span> <span class='ocrx_word' id='word_1_735' title='bbox 2658 4598 3015 4669; x_wconf 84' lang='lat' dir='ltr'><strong>ingrediamnr</strong></span> <span class='ocrx_word' id='word_1_736' title='bbox 3038 4601 3196 4654; x_wconf 85' lang='lat' dir='ltr'><strong>simul</strong></span> <span class='ocrx_word' id='word_1_737' title='bbox 3244 4599 3523 4655; x_wconf 82' lang='lat' dir='ltr'><strong>charitatis</strong></span> <span class='ocrx_word' id='word_1_738' title='bbox 3547 4601 3712 4666; x_wconf 78' lang='lat' dir='ltr'><strong>viam,</strong></span> 
     </span>
    </p>
   </div>
   <div class='ocr_carea' id='block_1_92' title="bbox 531 4740 2030 4817">
    <p class='ocr_par' dir='ltr' id='par_1_92' title="bbox 531 4740 2030 4817">
     <span class='ocr_line' id='line_1_92' title="bbox 531 4740 2030 4817; baseline 0.006 -23"><span class='ocrx_word' id='word_1_739' title='bbox 531 4750 557 4779; x_wconf 76' lang='grc' dir='ltr'>ι</span> <span class='ocrx_word' id='word_1_740' title='bbox 578 4740 943 4817; x_wconf 70' lang='lat' dir='ltr'><strong>Chry_s_osto_mi</strong></span> <span class='ocrx_word' id='word_1_741' title='bbox 968 4745 1038 4804; x_wconf 81' lang='grc' dir='ltr'><strong>εἰς</strong></span> <span class='ocrx_word' id='word_1_742' title='bbox 1067 4744 1304 4817; x_wconf 41' lang='lat' dir='ltr'><strong>animo.»</strong></span> <span class='ocrx_word' id='word_1_743' title='bbox 1335 4745 1572 4817; x_wconf 76' lang='lat' dir='ltr'><strong>diversas</strong></span> <span class='ocrx_word' id='word_1_744' title='bbox 1600 4748 1889 4801; x_wconf 87' lang='lat' dir='ltr'><strong>sententias</strong></span> <span class='ocrx_word' id='word_1_745' title='bbox 1916 4762 2030 4817; x_wconf 80' lang='lat' dir='ltr'><strong>pro-</strong></span> 
     </span>
    </p>
   </div>
   <div class='ocr_carea' id='block_1_93' title="bbox 467 4812 2035 4889">
    <p class='ocr_par' dir='ltr' id='par_1_93' title="bbox 467 4812 2035 4889">
     <span class='ocr_line' id='line_1_93' title="bbox 467 4812 2035 4889; baseline 0.007 -26"><span class='ocrx_word' id='word_1_746' title='bbox 467 4814 643 4889; x_wconf 74' lang='lat' dir='ltr'><strong>ierunt</strong></span> <span class='ocrx_word' id='word_1_747' title='bbox 691 4812 1061 4867; x_wconf 83' lang='lat' dir='ltr'><strong>Theodoretus</strong></span> <span class='ocrx_word' id='word_1_748' title='bbox 1101 4812 1238 4889; x_wconf 52' lang='lat' dir='ltr'><strong>dial;</strong></span> <span class='ocrx_word' id='word_1_749' title='bbox 1272 4830 1335 4877; x_wconf 84' lang='lat' dir='ltr'><strong>tt,</strong></span> <span class='ocrx_word' id='word_1_750' title='bbox 1378 4826 1428 4867; x_wconf 90' lang='lat' dir='ltr'><strong>et</strong></span> <span class='ocrx_word' id='word_1_751' title='bbox 1461 4815 1709 4889; x_wconf 60' lang='lat' dir='ltr'><strong>Leontius</strong></span> <span class='ocrx_word' id='word_1_752' title='bbox 1742 4812 2035 4889; x_wconf 71' lang='lat' dir='ltr'><strong>Byzantius</strong></span> 
     </span>
    </p>
   </div>
   <div class='ocr_carea' id='block_1_94' title="bbox 461 4883 2025 4961">
    <p class='ocr_par' dir='ltr' id='par_1_94' title="bbox 461 4883 2025 4961">
     <span class='ocr_line' id='line_1_94' title="bbox 461 4883 2025 4961; baseline 0.005 -28"><span class='ocrx_word' id='word_1_753' title='bbox 461 4883 549 4961; x_wconf 49' lang='lat' dir='ltr'><strong>lib.</strong></span> <span class='ocrx_word' id='word_1_754' title='bbox 603 4896 645 4961; x_wconf 73' lang='lat' dir='ltr'><strong>_I,</strong></span> <span class='ocrx_word' id='word_1_755' title='bbox 668 4892 899 4961; x_wconf 49' lang='lat' dir='ltr'><strong>aterque</strong></span> <span class='ocrx_word' id='word_1_756' title='bbox 928 4897 991 4961; x_wconf 79' lang='lat' dir='ltr'><strong>e_x</strong></span> <span class='ocrx_word' id='word_1_757' title='bbox 1033 4883 1273 4961; x_wconf 70' lang='lat' dir='ltr'><strong>oratione</strong></span> <span class='ocrx_word' id='word_1_758' title='bbox 1305 4924 1318 4947; x_wconf 92' lang='lat'><strong>,</strong></span> <span class='ocrx_word' id='word_1_759' title='bbox 1360 4884 1560 4961; x_wconf 53' lang='lat' dir='ltr'><strong>nubtias</strong></span> <span class='ocrx_word' id='word_1_760' title='bbox 1590 4883 1816 4961; x_wconf 77' lang='grc' dir='ltr'><strong>σταυροῦ</strong></span> <span class='ocrx_word' id='word_1_761' title='bbox 1858 4891 2025 4961; x_wconf 60' lang='lat' dir='ltr'><strong>pagina</strong></span> 
     </span>
    </p>
   </div>
   <div class='ocr_carea' id='block_1_95' title="bbox 461 4951 2025 5023">
    <p class='ocr_par' dir='ltr' id='par_1_95' title="bbox 461 4951 2025 5023">
     <span class='ocr_line' id='line_1_95' title="bbox 461 4951 2025 5023; baseline 0.004 -21"><span class='ocrx_word' id='word_1_762' title='bbox 461 4951 817 5023; x_wconf 46' lang='lat' dir='ltr'><strong>érzrrloﬁpsv.</strong></span> <span class='ocrx_word' id='word_1_763' title='bbox 842 4951 1049 5023; x_wconf 81' lang='lat' dir='ltr'><strong>Profert</strong></span> <span class='ocrx_word' id='word_1_764' title='bbox 1088 4960 1163 5006; x_wconf 83' lang='lat' dir='ltr'><strong>et&#39;</strong></span> <span class='ocrx_word' id='word_1_765' title='bbox 1192 4951 1419 5023; x_wconf 76' lang='lat' dir='ltr'><strong>Joannes</strong></span> <span class='ocrx_word' id='word_1_766' title='bbox 1458 4951 1816 5023; x_wconf 80' lang='lat' dir='ltr'><strong>Cyparissi&#39;ota</strong></span> <span class='ocrx_word' id='word_1_767' title='bbox 1847 4951 1911 5009; x_wconf 79' lang='lat' dir='ltr'><strong>ex</strong></span> <span class='ocrx_word' id='word_1_768' title='bbox 1948 4958 2025 5010; x_wconf 89' lang='lat' dir='ltr'><strong>al-</strong></span> 
     </span>
    </p>
   </div>
   <div class='ocr_carea' id='block_1_96' title="bbox 464 5020 2024 5101">
    <p class='ocr_par' dir='ltr' id='par_1_96' title="bbox 464 5020 2024 5101">
     <span class='ocr_line' id='line_1_96' title="bbox 464 5020 2024 5101; baseline 0.004 -27"><span class='ocrx_word' id='word_1_769' title='bbox 464 5031 590 5085; x_wconf 79' lang='lat' dir='ltr'><strong>ttra,</strong></span> <span class='ocrx_word' id='word_1_770' title='bbox 626 5021 774 5088; x_wconf 80' lang='lat' dir='ltr'><strong>cujus</strong></span> <span class='ocrx_word' id='word_1_771' title='bbox 806 5020 1010 5073; x_wconf 89' lang='lat' dir='ltr'><strong>initium</strong></span> <span class='ocrx_word' id='word_1_772' title='bbox 1037 5030 1121 5075; x_wconf 73' lang='lat' dir='ltr'><strong>est</strong></span> <span class='ocrx_word' id='word_1_773' title='bbox 1160 5021 1347 5097; x_wconf 72' lang='grc' dir='ltr'><strong>Φαιδρὰ</strong></span> <span class='ocrx_word' id='word_1_774' title='bbox 1375 5027 1465 5093; x_wconf 76' lang='grc' dir='ltr'><strong>μὲν</strong></span> <span class='ocrx_word' id='word_1_775' title='bbox 1505 5020 1654 5079; x_wconf 62' lang='lat' dir='ltr'><strong>italae:</strong></span> <span class='ocrx_word' id='word_1_776' title='bbox 1697 5028 1864 5101; x_wconf 80' lang='grc' dir='ltr'><strong>ἑορτή.</strong></span> <span class='ocrx_word' id='word_1_777' title='bbox 1897 5029 2024 5093; x_wconf 70' lang='lat' dir='ltr'><strong>Qum</strong></span> 
     </span>
    </p>
   </div>
   <div class='ocr_carea' id='block_1_97' title="bbox 532 5174 1459 5246">
    <p class='ocr_par' dir='ltr' id='par_1_97' title="bbox 532 5174 1459 5246">
     <span class='ocr_line' id='line_1_97' title="bbox 532 5174 1459 5246; baseline 0.004 -17"><span class='ocrx_word' id='word_1_778' title='bbox 532 5175 549 5206; x_wconf 75' lang='grc'>⁸</span> <span class='ocrx_word' id='word_1_779' title='bbox 578 5174 711 5230; x_wconf 84' lang='lat' dir='ltr'><strong>Cod.</strong></span> <span class='ocrx_word' id='word_1_780' title='bbox 729 5174 949 5241; x_wconf 85' lang='lat' dir='ltr'><strong>Veron.,</strong></span> <span class='ocrx_word' id='word_1_781' title='bbox 974 5192 1129 5246; x_wconf 79' lang='lat' dir='ltr'><strong>prava</strong></span> <span class='ocrx_word' id='word_1_782' title='bbox 1160 5178 1459 5233; x_wconf 81' lang='lat' dir='ltr'><strong>intentione.</strong></span> 
     </span>
    </p>
   </div>
   <div class='ocr_carea' id='block_1_98' title="bbox 530 5333 2025 5408">
    <p class='ocr_par' dir='ltr' id='par_1_98' title="bbox 530 5333 2025 5408">
     <span class='ocr_line' id='line_1_98' title="bbox 530 5333 2025 5408; baseline 0 -20"><span class='ocrx_word' id='word_1_783' title='bbox 530 5337 560 5369; x_wconf 59' lang='lat'><strong>¥</strong></span> <span class='ocrx_word' id='word_1_784' title='bbox 588 5333 1008 5408; x_wconf 51' lang='lat' dir='ltr'><strong>Monyauronius</strong></span> <span class='ocrx_word' id='word_1_785' title='bbox 1033 5334 1082 5387; x_wconf 91' lang='lat' dir='ltr'><strong>in</strong></span> <span class='ocrx_word' id='word_1_786' title='bbox 1112 5333 1315 5408; x_wconf 58' lang='lat' dir='ltr'><strong>praefat.</strong></span> <span class='ocrx_word' id='word_1_787' title='bbox 1343 5335 1408 5408; x_wconf 81' lang='lat' dir='ltr'><strong>ad</strong></span> <span class='ocrx_word' id='word_1_788' title='bbox 1435 5344 1561 5408; x_wconf 81' lang='lat' dir='ltr'><strong>tom.</strong></span> <span class='ocrx_word' id='word_1_789' title='bbox 1588 5335 1682 5391; x_wconf 79' lang='lat' dir='ltr'><strong>XII</strong></span> <span class='ocrx_word' id='word_1_790' title='bbox 1700 5352 1823 5407; x_wconf 91' lang='lat' dir='ltr'><strong>opp.</strong></span> <span class='ocrx_word' id='word_1_791' title='bbox 1855 5335 2025 5408; x_wconf 84' lang='lat' dir='ltr'><strong>Chry-</strong></span> 
     </span>
    </p>
   </div>
   <div class='ocr_carea' id='block_1_99' title="bbox 462 5401 2023 5475">
    <p class='ocr_par' dir='ltr' id='par_1_99' title="bbox 462 5401 2023 5475">
     <span class='ocr_line' id='line_1_99' title="bbox 462 5401 2023 5475; baseline 0.002 -18"><span class='ocrx_word' id='word_1_792' title='bbox 462 5416 614 5472; x_wconf 45' lang='lat' dir='ltr'><strong>sost.,</strong></span> <span class='ocrx_word' id='word_1_793' title='bbox 649 5401 737 5475; x_wconf 66' lang='lat' dir='ltr'><strong>g8</strong></span> <span class='ocrx_word' id='word_1_794' title='bbox 772 5419 785 5455; x_wconf 94' lang='lat'>:</span> <span class='ocrx_word' id='word_1_795' title='bbox 825 5423 842 5455; x_wconf 76' lang='grc' dir='ltr'>ι</span> <span class='ocrx_word' id='word_1_796' title='bbox 883 5401 1223 5470; x_wconf 66' lang='grc' dir='ltr'><strong>Εκιιιονίιίιηη</strong></span> <span class='ocrx_word' id='word_1_797' title='bbox 1270 5406 1498 5470; x_wconf 87' lang='lat' dir='ltr'><strong>videtur,</strong></span> <span class='ocrx_word' id='word_1_798' title='bbox 1533 5401 1856 5473; x_wconf 41' lang='lat' dir='ltr'><strong>inquitfalia</strong></span> <span class='ocrx_word' id='word_1_799' title='bbox 1904 5401 2023 5474; x_wconf 77' lang='lat' dir='ltr'><strong>post</strong></span> 
     </span>
    </p>
   </div>
   <div class='ocr_carea' id='block_1_100' title="bbox 456 5475 2023 5545">
    <p class='ocr_par' dir='ltr' id='par_1_100' title="bbox 456 5475 2023 5545">
     <span class='ocr_line' id='line_1_100' title="bbox 456 5475 2023 5545; baseline 0.001 -18"><span class='ocrx_word' id='word_1_800' title='bbox 456 5476 824 5545; x_wconf 70' lang='lat' dir='ltr'><strong>tlltrysostomi</strong></span> <span class='ocrx_word' id='word_1_801' title='bbox 846 5475 1050 5545; x_wconf 86' lang='lat' dir='ltr'><strong>obitum</strong></span> <span class='ocrx_word' id='word_1_802' title='bbox 1079 5477 1273 5545; x_wconf 80' lang='lat' dir='ltr'><strong>emissa</strong></span> <span class='ocrx_word' id='word_1_803' title='bbox 1298 5476 1618 5542; x_wconf 72' lang='lat' dir='ltr'><strong>exemplaria</strong></span> <span class='ocrx_word' id='word_1_804' title='bbox 1655 5477 1815 5528; x_wconf 80' lang='lat' dir='ltr'><strong>fuisse</strong></span> <span class='ocrx_word' id='word_1_805' title='bbox 1836 5476 2023 5545; x_wconf 88' lang='lat' dir='ltr'><strong>llumi-</strong></span> 
     </span>
    </p>
   </div>
   <div class='ocr_carea' id='block_1_101' title="bbox 464 5543 2020 5611">
    <p class='ocr_par' dir='ltr' id='par_1_101' title="bbox 464 5543 2020 5611">
     <span class='ocr_line' id='line_1_101' title="bbox 464 5543 2020 5611; baseline 0.003 -15"><span class='ocrx_word' id='word_1_806' title='bbox 464 5543 649 5598; x_wconf 83' lang='lat' dir='ltr'><strong>liarum</strong></span> <span class='ocrx_word' id='word_1_807' title='bbox 680 5545 729 5596; x_wconf 90' lang='lat' dir='ltr'><strong>in</strong></span> <span class='ocrx_word' id='word_1_808' title='bbox 762 5544 927 5610; x_wconf 85' lang='lat' dir='ltr'><strong>Epist.</strong></span> <span class='ocrx_word' id='word_1_809' title='bbox 959 5544 1025 5596; x_wconf 87' lang='lat' dir='ltr'><strong>ad</strong></span> <span class='ocrx_word' id='word_1_810' title='bbox 1057 5543 1309 5599; x_wconf 71' lang='lat' dir='ltr'><strong>Hebraeos</strong></span> <span class='ocrx_word' id='word_1_811' title='bbox 1330 5586 1344 5607; x_wconf 88' lang='lat'><strong>,</strong></span> <span class='ocrx_word' id='word_1_812' title='bbox 1366 5560 1489 5611; x_wconf 72' lang='lat' dir='ltr'><strong>qua:</strong></span> <span class='ocrx_word' id='word_1_813' title='bbox 1521 5546 1569 5597; x_wconf 92' lang='lat' dir='ltr'><strong>in</strong></span> <span class='ocrx_word' id='word_1_814' title='bbox 1603 5546 1785 5598; x_wconf 89' lang='lat' dir='ltr'><strong>multis</strong></span> <span class='ocrx_word' id='word_1_815' title='bbox 1814 5544 2020 5600; x_wconf 79' lang='lat' dir='ltr'><strong>diversa</strong></span> 
     </span>
    </p>
   </div>
   <div class='ocr_carea' id='block_1_102' title="bbox 461 5612 2019 5682">
    <p class='ocr_par' dir='ltr' id='par_1_102' title="bbox 461 5612 2019 5682">
     <span class='ocr_line' id='line_1_102' title="bbox 461 5612 2019 5682; baseline 0.001 -13"><span class='ocrx_word' id='word_1_816' title='bbox 461 5625 611 5669; x_wconf 89' lang='lat' dir='ltr'><strong>erant</strong></span> <span class='ocrx_word' id='word_1_817' title='bbox 639 5629 667 5665; x_wconf 73' lang='grc' dir='ltr'><strong>ιι</strong></span> <span class='ocrx_word' id='word_1_818' title='bbox 694 5612 1020 5666; x_wconf 91' lang='lat' dir='ltr'><strong>Constantini</strong></span> <span class='ocrx_word' id='word_1_819' title='bbox 1056 5614 1344 5682; x_wconf 69' lang='lat' dir='ltr'><strong>presbyteri</strong></span> <span class='ocrx_word' id='word_1_820' title='bbox 1375 5614 1691 5678; x_wconf 78' lang='lat' dir='ltr'><strong>exemplari.</strong></span> <span class='ocrx_word' id='word_1_821' title='bbox 1727 5615 1891 5681; x_wconf 86' lang='lat' dir='ltr'><strong>llujus</strong></span> <span class='ocrx_word' id='word_1_822' title='bbox 1943 5617 2019 5670; x_wconf 71' lang='lat' dir='ltr'><strong>rei</strong></span> 
     </span>
    </p>
   </div>
   <div class='ocr_carea' id='block_1_103' title="bbox 462 5682 2021 5749">
    <p class='ocr_par' dir='ltr' id='par_1_103' title="bbox 462 5682 2021 5749">
     <span class='ocr_line' id='line_1_103' title="bbox 462 5682 2021 5749; baseline 0.002 -14"><span class='ocrx_word' id='word_1_823' title='bbox 462 5693 649 5736; x_wconf 81' lang='lat' dir='ltr'><strong>testem</strong></span> <span class='ocrx_word' id='word_1_824' title='bbox 675 5683 910 5749; x_wconf 83' lang='lat' dir='ltr'><strong>proferre</strong></span> <span class='ocrx_word' id='word_1_825' title='bbox 941 5697 1218 5749; x_wconf 87' lang='lat' dir='ltr'><strong>possumus</strong></span> <span class='ocrx_word' id='word_1_826' title='bbox 1241 5682 1542 5736; x_wconf 76' lang='lat' dir='ltr'><strong>Facundum</strong></span> <span class='ocrx_word' id='word_1_827' title='bbox 1567 5683 2021 5749; x_wconf 73' lang='lat' dir='ltr'><strong>llermiauensem,</strong></span> 
     </span>
    </p>
   </div>
   <div class='ocr_carea' id='block_1_104' title="bbox 462 5752 2022 5825">
    <p class='ocr_par' dir='ltr' id='par_1_104' title="bbox 462 5752 2022 5825">
     <span class='ocr_line' id='line_1_104' title="bbox 462 5752 2022 5825; baseline 0.005 -24"><span class='ocrx_word' id='word_1_828' title='bbox 462 5753 547 5825; x_wconf 77' lang='lat' dir='ltr'><strong>qui</strong></span> <span class='ocrx_word' id='word_1_829' title='bbox 579 5753 670 5805; x_wconf 89' lang='lat' dir='ltr'><strong>lib.</strong></span> <span class='ocrx_word' id='word_1_830' title='bbox 704 5767 777 5811; x_wconf 69' lang='grc' dir='ltr'><strong>χι.</strong></span> <span class='ocrx_word' id='word_1_831' title='bbox 806 5753 1005 5825; x_wconf 23' lang='lat' dir='ltr'><strong>capso,</strong></span> <span class='ocrx_word' id='word_1_832' title='bbox 1030 5753 1203 5806; x_wconf 89' lang='lat' dir='ltr'><strong>locum</strong></span> <span class='ocrx_word' id='word_1_833' title='bbox 1237 5752 1387 5825; x_wconf 76' lang='lat' dir='ltr'><strong>affert</strong></span> <span class='ocrx_word' id='word_1_834' title='bbox 1411 5767 1476 5805; x_wconf 82' lang='lat' dir='ltr'><strong>ex</strong></span> <span class='ocrx_word' id='word_1_835' title='bbox 1506 5752 1721 5825; x_wconf 85' lang='lat' dir='ltr'><strong>homilia</strong></span> <span class='ocrx_word' id='word_1_836' title='bbox 1753 5754 1838 5818; x_wconf 69' lang='lat'><strong>1&#39;5,</strong></span> <span class='ocrx_word' id='word_1_837' title='bbox 1866 5772 2022 5825; x_wconf 82' lang='lat' dir='ltr'><strong>quam</strong></span> 
     </span>
    </p>
   </div>
   <div class='ocr_carea' id='block_1_105' title="bbox 462 5823 2021 5890">
    <p class='ocr_par' dir='ltr' id='par_1_105' title="bbox 462 5823 2021 5890">
     <span class='ocr_line' id='line_1_105' title="bbox 462 5823 2021 5890; baseline 0.003 -15"><span class='ocrx_word' id='word_1_838' title='bbox 462 5823 573 5879; x_wconf 79' lang='lat' dir='ltr'><strong>iese</strong></span> <span class='ocrx_word' id='word_1_839' title='bbox 622 5837 896 5874; x_wconf 86' lang='lat' dir='ltr'><strong>sermonem</strong></span> <span class='ocrx_word' id='word_1_840' title='bbox 930 5823 995 5876; x_wconf 74' lang='grc' dir='ltr'>Η</span> <span class='ocrx_word' id='word_1_841' title='bbox 1045 5830 1226 5889; x_wconf 83' lang='lat' dir='ltr'><strong>vocat;</strong></span> <span class='ocrx_word' id='word_1_842' title='bbox 1270 5824 1388 5890; x_wconf 63' lang='lat' dir='ltr'><strong>quia</strong></span> <span class='ocrx_word' id='word_1_843' title='bbox 1433 5837 1622 5888; x_wconf 87' lang='lat' dir='ltr'><strong>nempe</strong></span> <span class='ocrx_word' id='word_1_844' title='bbox 1650 5824 1701 5877; x_wconf 91' lang='lat' dir='ltr'><strong>iu</strong></span> <span class='ocrx_word' id='word_1_845' title='bbox 1733 5823 2021 5889; x_wconf 66' lang='lat' dir='ltr'><strong>exemplari</strong></span> 
     </span>
    </p>
   </div>
   <div class='ocr_carea' id='block_1_106' title="bbox 2133 4754 3717 4824">
    <p class='ocr_par' dir='ltr' id='par_1_106' title="bbox 2133 4754 3717 4824">
     <span class='ocr_line' id='line_1_106' title="bbox 2133 4754 3717 4824; baseline 0.006 -21"><span class='ocrx_word' id='word_1_846' title='bbox 2133 4758 2356 4821; x_wconf 87' lang='lat' dir='ltr'><strong>utraque</strong></span> <span class='ocrx_word' id='word_1_847' title='bbox 2383 4766 2577 4824; x_wconf 58' lang='lat' dir='ltr'><strong>excusa</strong></span> <span class='ocrx_word' id='word_1_848' title='bbox 2601 4762 2683 4808; x_wconf 90' lang='lat' dir='ltr'><strong>est</strong></span> <span class='ocrx_word' id='word_1_849' title='bbox 2710 4763 2851 4808; x_wconf 90' lang='lat' dir='ltr'><strong>tomo</strong></span> <span class='ocrx_word' id='word_1_850' title='bbox 2874 4754 2916 4808; x_wconf 84' lang='lat' dir='ltr'><strong>V</strong></span> <span class='ocrx_word' id='word_1_851' title='bbox 2945 4755 3193 4810; x_wconf 86' lang='lat' dir='ltr'><strong>editionis</strong></span> <span class='ocrx_word' id='word_1_852' title='bbox 3225 4756 3554 4824; x_wconf 77' lang='lat' dir='ltr'><strong>Anglicanze.</strong></span> <span class='ocrx_word' id='word_1_853' title='bbox 3588 4757 3717 4812; x_wconf 73' lang='lat' dir='ltr'><strong>llaec</strong></span> 
     </span>
    </p>
   </div>
   <div class='ocr_carea' id='block_1_107' title="bbox 2131 4822 3719 4943">
    <p class='ocr_par' dir='ltr' id='par_1_107' title="bbox 2131 4822 3719 4943">
     <span class='ocr_line' id='line_1_107' title="bbox 2131 4822 3719 4943; baseline 0.005 -70"><span class='ocrx_word' id='word_1_854' title='bbox 2131 4828 2331 4943; x_wconf 60' lang='lat' dir='ltr'><strong>agtfm,</strong></span> <span class='ocrx_word' id='word_1_855' title='bbox 2362 4822 2517 4893; x_wconf 76' lang='lat' dir='ltr'><strong>cujus</strong></span> <span class='ocrx_word' id='word_1_856' title='bbox 2563 4824 2865 4877; x_wconf 87' lang='lat' dir='ltr'><strong>testimonio</strong></span> <span class='ocrx_word' id='word_1_857' title='bbox 2919 4827 3085 4879; x_wconf 88' lang='lat' dir='ltr'><strong>utitur</strong></span> <span class='ocrx_word' id='word_1_858' title='bbox 3114 4822 3417 4891; x_wconf 80' lang='lat' dir='ltr'><strong>Facundos,</strong></span> <span class='ocrx_word' id='word_1_859' title='bbox 3452 4828 3719 4882; x_wconf 87' lang='lat' dir='ltr'><strong>hactenus</strong></span> 
     </span>
     <span class='ocr_line' id='line_1_108' title="bbox 2131 4904 2536 4943; baseline 0 0"><span class='ocrx_word' id='word_1_860' title='bbox 2131 4905 2160 4943; x_wconf 74' lang='grc' dir='ltr'>ε</span> <span class='ocrx_word' id='word_1_861' title='bbox 2204 4909 2213 4941; x_wconf 86' lang='grc' dir='ltr'><strong><em>ι</em></strong></span> <span class='ocrx_word' id='word_1_862' title='bbox 2245 4909 2272 4943; x_wconf 73' lang='lat'><strong>8</strong></span> <span class='ocrx_word' id='word_1_863' title='bbox 2305 4904 2536 4943; x_wconf 88' lang='lat' dir='ltr'><strong>nonest.</strong></span> 
     </span>
    </p>
   </div>
   <div class='ocr_carea' id='block_1_108' title="bbox 2131 4904 2536 4948">
    <p class='ocr_par' dir='ltr' id='par_1_108' title="bbox 2131 4904 2536 4948">
     <span class='ocr_line' id='line_1_109' title="bbox 2131 4904 2536 4948; baseline 0.002 -3"><span class='ocrx_word' id='word_1_864' title='bbox 2131 4904 2272 4945; x_wconf 80' lang='lat' dir='ltr'><strong>emta</strong></span> <span class='ocrx_word' id='word_1_865' title='bbox 2305 4907 2407 4945; x_wconf 87' lang='lat' dir='ltr'><strong>non</strong></span> <span class='ocrx_word' id='word_1_866' title='bbox 2432 4904 2536 4948; x_wconf 86' lang='lat' dir='ltr'><strong>est.</strong></span> 
     </span>
    </p>
   </div>
   <div class='ocr_carea' id='block_1_109' title="bbox 2201 4958 3565 5035">
    <p class='ocr_par' dir='ltr' id='par_1_109' title="bbox 2201 4958 3565 5035">
     <span class='ocr_line' id='line_1_110' title="bbox 2201 4958 3565 5035; baseline 0.004 -20"><span class='ocrx_word' id='word_1_867' title='bbox 2201 4958 2227 4997; x_wconf 69' lang='grc' dir='ltr'><strong>ι)</strong></span> <span class='ocrx_word' id='word_1_868' title='bbox 2255 4962 2410 5017; x_wconf 83' lang='lat' dir='ltr'><strong>Deest</strong></span> <span class='ocrx_word' id='word_1_869' title='bbox 2435 4963 2520 5017; x_wconf 90' lang='lat' dir='ltr'><strong>hic</strong></span> <span class='ocrx_word' id='word_1_870' title='bbox 2553 4966 2635 5017; x_wconf 85' lang='lat' dir='ltr'><strong>ubi</strong></span> <span class='ocrx_word' id='word_1_871' title='bbox 2664 4965 2853 5029; x_wconf 72' lang='lat' dir='ltr'><strong>pariter</strong></span> <span class='ocrx_word' id='word_1_872' title='bbox 2874 4966 3092 5031; x_wconf 76' lang='lat' dir='ltr'><strong>htesitat,</strong></span> <span class='ocrx_word' id='word_1_873' title='bbox 3122 4976 3316 5035; x_wconf 68' lang='lat' dir='ltr'><strong>qucrat</strong></span> <span class='ocrx_word' id='word_1_874' title='bbox 3345 4960 3565 5022; x_wconf 67' lang='lat' dir='ltr'><strong>mecum.</strong></span> 
     </span>
    </p>
   </div>
   <div class='ocr_carea' id='block_1_110' title="bbox 2202 5181 3115 5255">
    <p class='ocr_par' dir='ltr' id='par_1_110' title="bbox 2202 5181 3115 5255">
     <span class='ocr_line' id='line_1_111' title="bbox 2202 5181 3115 5255; baseline 0.004 -20"><span class='ocrx_word' id='word_1_875' title='bbox 2202 5182 2221 5211; x_wconf 73' lang='grc'>⁸</span> <span class='ocrx_word' id='word_1_876' title='bbox 2248 5181 2392 5237; x_wconf 86' lang='lat' dir='ltr'><strong>Idem</strong></span> <span class='ocrx_word' id='word_1_877' title='bbox 2417 5183 2562 5249; x_wconf 91' lang='lat' dir='ltr'><strong>cod.,</strong></span> <span class='ocrx_word' id='word_1_878' title='bbox 2591 5198 2784 5253; x_wconf 82' lang='lat' dir='ltr'><strong>martyr</strong></span> <span class='ocrx_word' id='word_1_879' title='bbox 2807 5184 3115 5255; x_wconf 82' lang='lat' dir='ltr'><strong>Cyprianus.</strong></span> 
     </span>
    </p>
   </div>
   <div class='ocr_carea' id='block_1_111' title="bbox 2131 5328 3717 5413">
    <p class='ocr_par' dir='ltr' id='par_1_111' title="bbox 2131 5328 3717 5413">
     <span class='ocr_line' id='line_1_112' title="bbox 2131 5328 3717 5413; baseline 0.008 -21"><span class='ocrx_word' id='word_1_880' title='bbox 2131 5354 2227 5413; x_wconf 84' lang='lat' dir='ltr'><strong>suo</strong></span> <span class='ocrx_word' id='word_1_881' title='bbox 2250 5341 2402 5410; x_wconf 84' lang='lat' dir='ltr'><strong>longa</strong></span> <span class='ocrx_word' id='word_1_882' title='bbox 2426 5342 2512 5395; x_wconf 92' lang='lat' dir='ltr'><strong>illa</strong></span> <span class='ocrx_word' id='word_1_883' title='bbox 2542 5328 2852 5410; x_wconf 81' lang='lat' dir='ltr'><strong>hypothcsis</strong></span> <span class='ocrx_word' id='word_1_884' title='bbox 2874 5358 2967 5398; x_wconf 83' lang='lat' dir='ltr'><strong>seu</strong></span> <span class='ocrx_word' id='word_1_885' title='bbox 2996 5354 3364 5413; x_wconf 89' lang='lat' dir='ltr'><strong>argumentum</strong></span> <span class='ocrx_word' id='word_1_886' title='bbox 3388 5354 3516 5401; x_wconf 88' lang='lat' dir='ltr'><strong>ante</strong></span> <span class='ocrx_word' id='word_1_887' title='bbox 3539 5346 3717 5404; x_wconf 82' lang='lat' dir='ltr'><strong>homi-</strong></span> 
     </span>
    </p>
   </div>
   <div class='ocr_carea' id='block_1_112' title="bbox 2132 5408 3718 5481">
    <p class='ocr_par' dir='ltr' id='par_1_112' title="bbox 2132 5408 3718 5481">
     <span class='ocr_line' id='line_1_113' title="bbox 2132 5408 3718 5481; baseline 0.007 -19"><span class='ocrx_word' id='word_1_888' title='bbox 2132 5408 2230 5463; x_wconf 90' lang='lat' dir='ltr'><strong>Iias</strong></span> <span class='ocrx_word' id='word_1_889' title='bbox 2256 5408 2489 5477; x_wconf 81' lang='lat' dir='ltr'><strong>positum</strong></span> <span class='ocrx_word' id='word_1_890' title='bbox 2538 5408 2633 5479; x_wconf 85' lang='lat' dir='ltr'><strong>pro</strong></span> <span class='ocrx_word' id='word_1_891' title='bbox 2656 5427 2905 5466; x_wconf 88' lang='lat' dir='ltr'><strong>sermone</strong></span> <span class='ocrx_word' id='word_1_892' title='bbox 2934 5408 3103 5481; x_wconf 57' lang='lat' dir='ltr'><strong>prim&#39;o</strong></span> <span class='ocrx_word' id='word_1_893' title='bbox 3134 5418 3518 5470; x_wconf 89' lang='lat' dir='ltr'><strong>numerabatur</strong></span> <span class='ocrx_word' id='word_1_894' title='bbox 3548 5427 3602 5472; x_wconf 85' lang='lat' dir='ltr'><strong>et</strong></span> <span class='ocrx_word' id='word_1_895' title='bbox 3628 5420 3718 5472; x_wconf 86' lang='lat' dir='ltr'><strong>in-</strong></span> 
     </span>
    </p>
   </div>
   <div class='ocr_carea' id='block_1_113' title="bbox 2129 5480 3718 5548">
    <p class='ocr_par' dir='ltr' id='par_1_113' title="bbox 2129 5480 3718 5548">
     <span class='ocr_line' id='line_1_114' title="bbox 2129 5480 3718 5548; baseline 0.006 -16"><span class='ocrx_word' id='word_1_896' title='bbox 2129 5480 2464 5534; x_wconf 85' lang='lat' dir='ltr'><strong>scribebatur</strong></span> <span class='ocrx_word' id='word_1_897' title='bbox 2483 5498 2497 5534; x_wconf 89' lang='lat'><strong>:</strong></span> <span class='ocrx_word' id='word_1_898' title='bbox 2517 5483 2564 5547; x_wconf 84' lang='lat' dir='ltr'><strong>id</strong></span> <span class='ocrx_word' id='word_1_899' title='bbox 2589 5484 2727 5548; x_wconf 85' lang='lat' dir='ltr'><strong>quod</strong></span> <span class='ocrx_word' id='word_1_900' title='bbox 2760 5499 2861 5534; x_wconf 88' lang='lat' dir='ltr'><strong>non</strong></span> <span class='ocrx_word' id='word_1_901' title='bbox 2888 5480 3053 5537; x_wconf 88' lang='lat' dir='ltr'><strong>semel</strong></span> <span class='ocrx_word' id='word_1_902' title='bbox 3080 5484 3133 5537; x_wconf 87' lang='lat' dir='ltr'><strong>itt</strong></span> <span class='ocrx_word' id='word_1_903' title='bbox 3162 5486 3279 5537; x_wconf 87' lang='lat' dir='ltr'><strong>aliis</strong></span> <span class='ocrx_word' id='word_1_904' title='bbox 3303 5490 3718 5543; x_wconf 83' lang='lat' dir='ltr'><strong>commentariis</strong></span> 
     </span>
    </p>
   </div>
   <div class='ocr_carea' id='block_1_114' title="bbox 2130 5551 3719 5618">
    <p class='ocr_par' dir='ltr' id='par_1_114' title="bbox 2130 5551 3719 5618">
     <span class='ocr_line' id='line_1_115' title="bbox 2130 5551 3719 5618; baseline 0.008 -18"><span class='ocrx_word' id='word_1_905' title='bbox 2130 5551 2375 5603; x_wconf 77' lang='lat' dir='ltr'><strong>vidimus.</strong></span> <span class='ocrx_word' id='word_1_906' title='bbox 2422 5551 2515 5605; x_wconf 82' lang='lat' dir='ltr'><strong>Hic</strong></span> <span class='ocrx_word' id='word_1_907' title='bbox 2560 5568 2716 5618; x_wconf 90' lang='lat' dir='ltr'><strong>porro</strong></span> <span class='ocrx_word' id='word_1_908' title='bbox 2751 5552 3030 5606; x_wconf 81' lang='lat' dir='ltr'><strong>Facundos</strong></span> <span class='ocrx_word' id='word_1_909' title='bbox 3076 5569 3196 5607; x_wconf 86' lang='lat' dir='ltr'><strong>cum</strong></span> <span class='ocrx_word' id='word_1_910' title='bbox 3225 5554 3460 5607; x_wconf 79' lang='lat' dir='ltr'><strong>Mutiano</strong></span> <span class='ocrx_word' id='word_1_911' title='bbox 3490 5556 3719 5612; x_wconf 75' lang='lat' dir='ltr'><strong>Schola-</strong></span> 
     </span>
    </p>
   </div>
   <div class='ocr_carea' id='block_1_115' title="bbox 2131 5622 3718 5679">
    <p class='ocr_par' dir='ltr' id='par_1_115' title="bbox 2131 5622 3718 5679">
     <span class='ocr_line' id='line_1_116' title="bbox 2131 5622 3718 5679; baseline 0.004 -8"><span class='ocrx_word' id='word_1_912' title='bbox 2131 5624 2266 5673; x_wconf 80' lang='lat' dir='ltr'><strong>stico</strong></span> <span class='ocrx_word' id='word_1_913' title='bbox 2296 5622 2583 5679; x_wconf 76' lang='lat' dir='ltr'><strong>interprete</strong></span> <span class='ocrx_word' id='word_1_914' title='bbox 2616 5638 2719 5676; x_wconf 89' lang='lat' dir='ltr'><strong>non</strong></span> <span class='ocrx_word' id='word_1_915' title='bbox 2749 5624 2965 5676; x_wconf 87' lang='lat' dir='ltr'><strong>omnino</strong></span> <span class='ocrx_word' id='word_1_916' title='bbox 2989 5626 3275 5678; x_wconf 87' lang='lat' dir='ltr'><strong>consentit.</strong></span> <span class='ocrx_word' id='word_1_917' title='bbox 3308 5624 3581 5678; x_wconf 71' lang='lat' dir='ltr'><strong>s—Loeus</strong></span> <span class='ocrx_word' id='word_1_918' title='bbox 3613 5643 3718 5678; x_wconf 73' lang='lat' dir='ltr'><strong>au.</strong></span> 
     </span>
    </p>
   </div>
   <div class='ocr_carea' id='block_1_116' title="bbox 2134 5689 3715 5811">
    <p class='ocr_par' dir='ltr' id='par_1_116' title="bbox 2134 5689 3715 5811">
     <span class='ocr_line' id='line_1_117' title="bbox 2134 5689 3715 5811; baseline 0.005 -71"><span class='ocrx_word' id='word_1_919' title='bbox 2134 5689 2348 5811; x_wconf 60' lang='lat' dir='ltr'><strong>teu;_liic</strong></span> <span class='ocrx_word' id='word_1_920' title='bbox 2372 5708 2397 5743; x_wconf 88' lang='lat' dir='ltr'><strong>a</strong></span> <span class='ocrx_word' id='word_1_921' title='bbox 2428 5691 2677 5747; x_wconf 79' lang='lat' dir='ltr'><strong>Facundo</strong></span> <span class='ocrx_word' id='word_1_922' title='bbox 2704 5694 2894 5746; x_wconf 87' lang='lat' dir='ltr'><strong>citatus</strong></span> <span class='ocrx_word' id='word_1_923' title='bbox 2918 5704 3095 5747; x_wconf 74' lang='lat' dir='ltr'><strong>exstat</strong></span> <span class='ocrx_word' id='word_1_924' title='bbox 3123 5697 3172 5748; x_wconf 88' lang='lat' dir='ltr'><strong>itt</strong></span> <span class='ocrx_word' id='word_1_925' title='bbox 3205 5693 3394 5749; x_wconf 89' lang='lat' dir='ltr'><strong>eodem</strong></span> <span class='ocrx_word' id='word_1_926' title='bbox 3422 5705 3569 5750; x_wconf 74' lang='lat' dir='ltr'><strong>torno</strong></span> <span class='ocrx_word' id='word_1_927' title='bbox 3596 5696 3715 5764; x_wconf 76' lang='lat' dir='ltr'><strong>XII,</strong></span> 
     </span>
     <span class='ocr_line' id='line_1_118' title="bbox 2134 5776 2336 5811; baseline 0 0"><span class='ocrx_word' id='word_1_928' title='bbox 2134 5777 2182 5811; x_wconf 87' lang='lat' dir='ltr'><strong>n.</strong></span> <span class='ocrx_word' id='word_1_929' title='bbox 2252 5776 2336 5811; x_wconf 64' lang='lat' dir='ltr'><strong>at.</strong></span> 
     </span>
    </p>
   </div>
   <div class='ocr_carea' id='block_1_117' title="bbox 2132 5776 2336 5828">
    <p class='ocr_par' dir='ltr' id='par_1_117' title="bbox 2132 5776 2336 5828">
     <span class='ocr_line' id='line_1_119' title="bbox 2132 5776 2336 5828; baseline 0 -15"><span class='ocrx_word' id='word_1_930' title='bbox 2132 5777 2182 5828; x_wconf 85' lang='lat' dir='ltr'><strong>p.</strong></span> <span class='ocrx_word' id='word_1_931' title='bbox 2222 5776 2336 5813; x_wconf 64' lang='lat' dir='ltr'><strong>los.</strong></span> 
     </span>
    </p>
   </div>
  </div>
