3978 6350
273 353 376 408 813

274 561 399 612 ciem
426 561 535 629 ejus
556 574 752 625 mnper
777 556 949 629 (Psal.
982 572 1086 622 etv,
1116 556 1195 626 4).
1223 557 1285 611 Ει
1307 557 1407 611 hoc
1430 555 1678 625 placitum
1708 553 1849 621 pittm

275 659 435 719 atque
465 660 632 705 tutum
664 664 844 704 coram
879 650 1103 703 Domino
1157 650 1263 703 Deo
1307 656 1487 702 nostro
1515 661 1634 701 cum
1675 645 1849 698 omni-

274 738 374 801 bus
402 740 639 806 inierim,
670 742 760 809 qui
785 754 849 795 ea
882 756 999 809 quce
1025 740 1202 795 scribo
1231 739 1431 809 legunt,
1458 748 1509 792 et
1532 739 1584 791 in
1607 735 1851 790 omnibus

273 832 486 902 scriptis
514 832 672 899 meis,
695 832 1033 899 maximeque
1060 834 1115 884 in
1148 831 1227 885 liis
1262 832 1351 886 ubi
1382 830 1637 898 quaaritur
1677 828 1851 881 unitas

275 924 575 987 Trinitatis,
603 924 775 979 Patris
806 908 861 980 et
889 923 1005 979 Filii
1034 932 1087 979 et
1118 924 1348 992 Spiritus
1379 923 1579 988 sancti;
1610 921 1731 989 quia
1755 935 1851 974 nec

276 1016 624 1087 periculosius
651 1016 844 1071 alicubi
891 1025 1099 1071 erratur
1126 1055 1140 1079 ,
1171 1029 1268 1069 nec
1294 1013 1607 1069 laboriosius
1654 1010 1850 1080 aliquid

276 1107 565 1174 quaeritur,
593 1121 690 1161 nec
722 1107 1042 1161 fructuosius
1088 1105 1285 1174 aliquid
1342 1104 1629 1159 invenitur.
1669 1122 1686 1154 ι
1720 1103 1851 1166 Quis

275 1200 457 1268 itaque
480 1200 833 1269 Augustinum
882 1200 957 1252 sic
989 1200 1370 1268 ingredientem
1400 1199 1537 1251 viam
1578 1194 1852 1250 charitatis

272 1297 329 1344 et
376 1288 444 1343 ad
474 1289 640 1344 Deum
689 1291 993 1344 tendentem
1017 1330 1031 1356 ,
1058 1299 1117 1345 ut
1148 1291 1486 1358 proﬁteretur
1514 1287 1652 1357 quod
1684 1285 1852 1341 sicubi

278 1390 504 1447 erraret,
534 1396 655 1436 eum
686 1382 891 1437 discere
934 1396 1040 1435 non
1094 1380 1336 1450 puderet,
1370 1389 1423 1434 et
1469 1378 1767 1431 hortantem
1798 1384 1853 1429 ut

278 1471 346 1522 ab
370 1470 484 1539 ipso
506 1480 854 1525 revocaretur
878 1485 1083 1537 errore,
1122 1469 1428 1524 Itacreticum
1458 1468 1678 1533 diceret,
1703 1466 1786 1519 Vel
1808 1466 1851 1518 si

279 1560 331 1613 in
382 1561 484 1626 his,
518 1562 657 1615 sicut
679 1560 789 1629 jam
838 1560 1089 1625 diximus,
1118 1560 1383 1628 probaret
1406 1573 1638 1623 errasse,
1667 1565 1721 1611 et
1754 1572 1849 1611 ne-

280 1650 423 1705 mine
450 1651 769 1706 admonente
797 1653 957 1705 etiam
992 1650 1043 1704 in
1073 1665 1257 1703 errore
1280 1648 1557 1713 mansisSe,
1589 1663 1709 1702 cum
1741 1651 1850 1719 ipsa

272 1741 598 1809 praeparatio
639 1743 831 1796 mentis
878 1742 946 1795 ad
993 1741 1403 1811 corrigendum,
1446 1751 1500 1795 et
1545 1741 1852 1796 exhortatio

1146 350 1277 406 PRO
1314 348 1742 407 DEFENSIONE
1781 347 1994 404 TRIUM
2035 344 2346 402 CAPITUL.
2389 345 2514 399 LIB.
2558 343 2648 398 XI.

274 467 559 521 tendentes
587 465 652 521 ad
683 478 805 520 cum
838 464 905 520 de
954 478 1060 534 quo
1110 462 1307 519 dictum
1352 471 1433 519 est
1466 481 1477 515 ε
1514 462 1736 529 Qua-nite
1764 465 1846 531 {a-
1879 474 1922 530 Λ

3418 340 3521 396 811,

1959 462 2189 515 lectores
2203 460 2462 514 exltortati
2484 458 2679 513 fuerint
2700 465 2755 511 ut
2774 471 2865 512 eos
2886 457 2951 512 de
2968 473 3149 513 errore
3170 458 3459 527 corripiant
3477 460 3521 526 ³,

1955 552 2173 621 impium
2193 551 2432 621 judicent
2458 552 2676 606 credere
2702 551 2841 621 quod
2869 566 3023 605 nemo
3053 560 3367 606 eteterorum
3411 551 3526 605 lue-

1954 644 2023 697 rit
2053 646 2116 698 ad
2146 646 2516 714 corrigendum
2551 654 2782 713 paratus,
2812 646 2856 699 si
2886 646 3011 713 quid
3035 645 3226 699 merito
3256 643 3520 712 legentem

1954 741 2005 794 in
2034 739 2148 809 ejus
2175 739 2330 792 dictis
2358 738 2668 792 olleiideret.
2699 736 2753 789 Si
2778 751 2905 805 ergo
2934 737 3151 804 impium
3193 746 3272 792 est
3303 738 3523 793 credere

1955 830 2095 899 quod
2128 829 2302 883 nullus
2332 828 2470 881 alius
2503 828 2658 882 fuerit
2686 827 2925 897 ejusdem
2957 829 3232 897 propositi,
3259 829 3402 884 unde
3424 829 3526 883 scit

1954 937 2020 975 nc
2051 920 2139 975 ille
2162 919 2320 974 fuerit
2344 919 2465 972 talis
2490 932 2645 986 quem
2673 917 2905 971 aestimat
2933 916 2953 946 ’δ
2977 916 3373 973 damnandum?
3398 918 3527 973 Om-

1954 1012 2143 1065 nifurie
2170 1024 2296 1079 ergo
2344 1008 2629 1078 colligitur,
2662 1008 2800 1078 quod
2842 1022 2999 1062 nemo
3027 1023 3123 1077 pro
3157 1008 3248 1063 tali
3278 1010 3527 1079 ignoranv

1955 1105 2044 1169 tia,
2080 1103 2131 1156 in
2184 1101 2435 1156 Ecdesire
2482 1100 2742 1154 duntaxat
2787 1114 2919 1169 pace
2967 1100 3281 1167 defunctus,
3313 1102 3412 1155 nisi
3464 1115 3531 1159 cx

1957 1210 2146 1264 magna
2201 1195 2474 1261 impietate
2525 1207 2587 1257 ac
2638 1194 2934 1247 temeritate
2970 1193 3268 1247 damnetur.
3304 1192 3457 1251 Unde
3484 1193 3531 1247 si

1955 1286 2147 1356 aliquis
2196 1286 2333 1354 apud
2409 1295 2646 1339 sanctam
2714 1284 2976 1354 synodum
3038 1283 3531 1339 (lhaleedoncnsem

1955 1375 2296 1433 Theodorum
2346 1385 2640 1444 accusaret,
2674 1385 2726 1430 et
2774 1377 2979 1444 aliquos
3020 1377 3305 1430 ostendere
3352 1387 3535 1445 posset

1956 1474 2114 1535 atque
2140 1465 2447 1520 ostenderet
2477 1467 2590 1531 ejus
2610 1479 2843 1530 errores,
2872 1465 3113 1520 modeste
3136 1480 3197 1520 ac
3226 1466 3309 1534 pie.
3346 1468 3530 1534 procul

1957 1556 2115 1610 dubio
2139 1554 2388 1624 praedicta
2420 1555 2658 1625 synodus
2702 1553 2923 1622 iaceret,
2954 1555 3001 1609 si
3044 1556 3203 1612 etiam
3229 1557 3297 1609 de
3326 1558 3531 1611 incerto

1956 1647 2071 1717 ejus
2095 1646 2273 1701 animo
2306 1646 2441 1701 bene
2463 1646 2704 1702 sentiret.
2732 1646 2879 1701 Nunc
2909 1656 3086 1701 autem
3128 1657 3408 1702 accusatus
3449 1658 3533 1701 est

1957 1739 2096 1808 apud
2123 1739 2268 1793 illam
2296 1737 2316 1768 ⁸
2337 1776 2353 1803 ,
2381 1752 2477 1791 nec
2508 1738 2717 1792 animus
2764 1741 2878 1807 cjus
2923 1748 3038 1793 erat
3086 1739 3346 1803 incertus,
3373 1754 3532 1808 quem

278 1830 395 1900 ejus
423 1842 477 1886 ut
503 1849 531 1885 a
556 1849 655 1888 suo
684 1841 1023 1887 revocaretur
1053 1847 1257 1895 errore,
1292 1833 1410 1901 plus
1440 1846 1599 1902 quam
1642 1846 1854 1887 correc-
1886 1852 1932 1909 Β
1963 1830 2097 1885 libro
2137 1831 2411 1899 superiore
2462 1829 2740 1885 docuimus
2768 1830 3143 1900 negligentiam
3172 1845 3322 1886 suam
3370 1834 3532 1885 etiam

279 1923 354 1977 tio
389 1922 579 1978 debeat
608 1923 894 1977 mszimari?
923 1921 1054 1977 Nam
1107 1938 1251 1991 stupe
1303 1922 1622 1979 verecundia
1652 1926 1815 1992 pressi
1837 1964 1854 1989 ,

276 2026 369 2071 aut
394 2019 553 2073 etiam
584 2019 907 2073 necessitate
936 2018 1232 2081 constricti,
1259 2017 1594 2086 corriguntur
1621 2025 1646 2052 ⁸
1672 2018 1687 2047 ¹
1716 2033 1726 2068 :
1758 2017 1858 2072 iste

278 2118 456 2163 autem
486 2109 602 2163 sine
649 2110 757 2163 ulla
803 2109 1121 2165 verecundia
1172 2116 1231 2163 ut
1279 2115 1625 2164 revocaretur
1670 2122 1856 2163 onmes

283 2200 372 2269 qui
424 2214 520 2252 sua
565 2199 802 2269 legerent
849 2200 1026 2254 divina
1074 2200 1443 2255 testiﬁcatione
1488 2200 1853 2270 constringit:

284 2308 302 2340 ι
339 2289 405 2344 Et
433 2290 554 2353 hoc,
584 2291 774 2359 inquit,
810 2290 1085 2359 placitum,
1118 2292 1263 2360 pium
1292 2300 1453 2358 atque
1479 2299 1647 2344 tutum
1678 2288 1856 2343 coram

279 2380 505 2435 Domino
533 2381 645 2436 Deo
669 2394 851 2437 noetro
872 2398 991 2436 cum
1026 2383 1270 2437 omnibus
1296 2382 1504 2436 inierim
1534 2382 1621 2451 qui
1649 2397 1712 2436 ea
1740 2396 1857 2451 qua:

275 2475 453 2529 scribo
484 2475 684 2544 legunt.
725 2494 744 2526 ι
780 2476 992 2545 Ergone
1048 2476 1169 2530 huic
1204 2484 1392 2540 tutum,
1420 2476 1557 2529 sicut
1603 2474 1854 2537 credidit,

276 2581 380 2619 non
427 2577 571 2621 esset
624 2567 723 2622 hoc
770 2568 1021 2637 placitum
1072 2568 1214 2637 pium
1263 2581 1443 2620 coram
1488 2566 1718 2620 Domino
1747 2566 1858 2620 Deo

276 2666 461 2709 nostro
488 2672 610 2710 cum
645 2659 887 2713 omnibus
912 2660 998 2727 qui
1026 2674 1119 2712 sua
1153 2658 1390 2728 legerent
1420 2658 1630 2723 initum,
1663 2657 1859 2711 etiam-

274 2747 461 2800 sinon
510 2748 819 2802 admonitus
868 2748 919 2802 in
962 2749 1141 2817 aliquo
1194 2747 1582 2817 permansisset
1636 2748 1859 2802 errore?

273 2835 397 2905 quis
426 2837 523 2891 nisi
555 2837 789 2892 crudelis
817 2848 907 2891 aut
936 2838 1079 2891 dicat
1131 2849 1220 2892 aut
1259 2837 1480 2893 credat?
1513 2837 1673 2892 Tales
1704 2837 1861 2906 igitur

273 2927 608 2981 azsdtncmus
629 2937 683 2983 et
703 2930 839 2983 alios
866 2929 1112 2983 doctores
1140 2929 1419 2997 Ecclesiae,
1452 2927 1666 2997 qualem
1696 2942 1754 2980 se
1776 2943 1862 2981 no-

274 3018 356 3072 bis
384 3020 709 3089 Augustinus
756 3019 1028 3075 ostendit?
1058 3028 1112 3073 et
1144 3018 1342 3073 nullum
1366 3018 1608 3073 dicemus
1636 3018 1858 3072 haereti-

274 3125 397 3164 cum
430 3112 480 3164 in
514 3111 770 3166 Ecclesia:
800 3124 930 3181 pace
953 3119 1111 3180 atque
1141 3111 1340 3166 honore
1361 3110 1690 3166 defunctum.
1717 3110 1855 3177 Quid

277 3200 422 3255 enim
456 3217 541 3257 me
568 3202 734 3271 lmdit,
763 3204 809 3256 si
842 3203 909 3257 de
938 3202 1186 3257 omnibus
1222 3202 1397 3257 taliter
1418 3202 1666 3269 sentiam,
1698 3203 1782 3257 vel
1809 3205 1856 3259 si

276 3306 386 3345 non
413 3307 598 3348 omnes
630 3293 823 3349 fuerint
867 3294 1043 3350 tales?
1075 3294 1170 3349 llic
1202 3295 1420 3349 forsitan
1453 3295 1643 3365 aliquis
1672 3295 1814 3350 dicat
1844 3315 1857 3350 :

274 3381 384 3438 Sed
426 3384 493 3439 de
520 3388 820 3456 Augustino
861 3396 1009 3442 recte
1056 3388 1133 3440 sic
1181 3386 1335 3441 audis
1365 3389 1385 3418 ³
1408 3428 1422 3452 ,
1447 3388 1598 3456 cujus
1624 3386 1861 3441 animum

277 3474 543 3543 professio
572 3491 665 3530 sua
691 3477 922 3533 declarat
951 3493 965 3529 :
1000 3477 1064 3532 de
1086 3477 1203 3532 aliis
1226 3488 1403 3533 autem
1430 3493 1531 3547 qua
1558 3478 1762 3532 ratione
1787 3478 1864 3533 sic

274 3563 504 3621 credas?
532 3567 691 3632 Quasi
720 3566 803 3621 vel
832 3566 946 3635 ipse
975 3568 1063 3636 qui
1093 3567 1409 3621 contradicit
1443 3580 1648 3621 certum
1674 3566 1866 3621 haheat

277 3658 420 3727 quod
452 3657 552 3712 hoc
596 3657 685 3711 alii
728 3672 941 3727 quoque
970 3673 1077 3711 non
1108 3657 1375 3724 dixerint;
1407 3667 1656 3727 tanquam
1686 3659 1864 3712 omnia

275 3750 517 3806 omnium
568 3750 755 3820 legerit
784 3752 1130 3818 omniumque
1160 3750 1490 3805 meminerit:
1520 3759 1610 3804 aut
1638 3749 1721 3803 vel
1752 3749 1867 3816 ipse

279 3846 496 3899 animus
524 3842 807 3913 Augustini
832 3843 950 3897 ideo
984 3843 1105 3896 talis
1136 3841 1252 3908 fuit,
1284 3842 1534 3911 quoniam
1567 3840 1747 3895 taliter
1785 3848 1869 3893 cst

279 3934 515 4000 locutus,
547 3943 597 3989 et
627 3948 730 3987 non
760 3934 936 4002 potius
966 3935 1217 4003 quoniam
1247 3935 1366 3987 talis
1395 3933 1511 3999 fuit,
1538 3933 1659 3988 ideo
1688 3933 1869 3988 taliter

280 4034 367 4081 est
396 4025 603 4081 locutus
632 4042 649 4081 :
684 4041 745 4080 ac
787 4041 881 4095 per
911 4026 1031 4091 hoc,
1080 4027 1290 4081 etiamsi
1321 4027 1449 4081 nihil
1490 4028 1594 4082 tale
1622 4026 1867 4092 dixisset,

281 4116 424 4171 idem
474 4125 649 4171 tamen
699 4126 840 4171 esset
892 4115 1103 4172 habitus
1157 4118 1320 4172 animi
1376 4117 1444 4172 ad
1496 4118 1869 4187 corrigendum

280 4207 425 4276 quod
454 4206 595 4275 iuste
639 4206 937 4263 oli‘enderet
967 4208 1271 4277 praeparati.
1300 4208 1377 4264 De
1407 4224 1511 4279 quo
1539 4211 1583 4262 si
1609 4210 1767 4263 etiam
1795 4209 1872 4262 sic

284 4298 426 4352 bene
458 4298 800 4363 sentiremus,
826 4307 881 4353 et
926 4298 1070 4368 pium
1115 4301 1297 4369 procul
1335 4299 1499 4354 dubio
1528 4310 1672 4354 esset
1695 4310 1748 4354 et
1776 4315 1874 4354 ve-

287 4403 434 4453 rum,
467 4403 772 4459 quanquam
808 4390 1076 4445 videretur
1105 4392 1387 4445 incertum.
1414 4391 1526 4445 Hoc
1555 4393 1712 4462 igitur
1737 4392 1874 4446 etde

286 4481 516 4534 aliorum
540 4481 731 4535 animis
755 4481 1071 4546 sentiamus,
1095 4483 1218 4549 quia
1246 4482 1453 4536 interim
1484 4486 1625 4551 pium
1652 4491 1757 4549 est,
1788 4484 1873 4536 vel

1960 1922 2011 1976 in
2061 1937 2222 1992 opere
2271 1923 2322 1977 in
2370 1937 2477 1993 quo
2521 1922 2589 1978 ab
2632 1925 2806 1978 amico
2847 1924 3093 1979 Ccrdone
3120 1924 3361 1979 laudatus
3408 1932 3531 1991 est,

1958 2021 2149 2084 sponte
2176 2014 2503 2085 providcque
2524 2015 2849 2084 confessum,
2880 2031 2947 2070 ne
2970 2015 3089 2085 quis
3108 2015 3422 2071 auctoritate
3444 2031 3536 2070 ue-

1959 2104 2116 2158 minis
2138 2105 2157 2135 ⁸
2176 2104 2425 2161 inductus
2445 2114 2766 2175 sequeretur
2786 2116 3078 2173 errantem,
3108 2117 3162 2162 et
3184 2109 3533 2163 oIIensioncm

1958 2195 2258 2249 auditorum
2305 2211 2413 2251 non
2467 2197 2889 2271 contempsisse,
2920 2212 3041 2254 cum
3092 2198 3295 2254 diceret
3337 2198 3535 2267 aliquid

1959 2290 2097 2359 quod
2123 2301 2266 2345 recte
2294 2291 2494 2346 dictum
2528 2306 2632 2347 non
2664 2302 2973 2362 putaretur;
3006 2294 3100 2349 sed
3127 2296 3410 2364 perniciosi
3441 2310 3537 2365 pu-

1960 2380 2104 2434 doris
2136 2384 2391 2435 victorem
2412 2382 2657 2437 eamdem
2687 2384 3037 2439 oti'ensionem
3077 2400 3233 2455 quam
3267 2400 3361 2455 per
3390 2387 3538 2439 incu-

1964 2470 2092 2525 riam
2128 2471 2278 2525 verbi
2323 2481 2663 2528 contraxerat
2689 2474 2996 2529 abstulisse.
3029 2476 3158 2543 Quae
3187 2477 3451 2531 correctio
3476 2477 3540 2529 il-

1963 2561 2071 2615 lum
2099 2577 2203 2617 non
2231 2562 2298 2617 ab
2327 2562 2409 2616 liis
2440 2573 2641 2617 tantum
2674 2566 2724 2618 in
2754 2565 2946 2635 quibus
2975 2566 3251 2621 evidenter
3274 2566 3537 2635 apparuit,

1961 2653 2054 2706 sed
2086 2667 2116 2706 a
2160 2653 2424 2708 similibus
2468 2656 2764 2724 quibusque
2816 2657 3077 2726 purgavit.
3124 2658 3230 2711 Cur
3277 2658 3349 2711 ita
3380 2658 3399 2689 ⁷
3432 2674 3540 2712 non

1964 2741 2208 2796 laudetur
2259 2744 2310 2796 in
2371 2744 2580 2798 caeteris
2625 2744 2743 2814 ejus
2787 2760 2915 2799 sana
2955 2746 3226 2815 doctrina,
3256 2762 3376 2803 cum
3404 2756 3459 2802 et
3486 2749 3541 2802 in

1964 2832 2080 2901 ipso
2109 2847 2297 2887 errore
2326 2833 2589 2889 laudanda
2619 2837 2709 2904 sit,
2755 2852 2847 2906 per
2872 2852 3030 2906 quam
3057 2853 3153 2892 nos
3177 2840 3423 2907 exemplo
3447 2854 3542 2908 po-

1965 2926 2066 2979 tius
2099 2940 2256 2994 quam
2300 2927 2478 2979 verbis
2527 2927 2709 2981 docuit
2736 2940 2790 2983 ct
2830 2938 3009 2984 errata
3040 2940 3231 2999 sponte
3280 2930 3456 2997 lateri,
3488 2944 3545 2988 ct

1964 3017 2345 3083 reprehensam
2369 3016 2719 3075 olfensiouem
2744 3020 2861 3075 sine
2891 3022 3095 3101 pudore
3121 3023 3432 3094 corrigere?
3455 3024 3546 3077 Ni-

1966 3109 2039 3162 hil
2071 3110 2231 3178 igitur
2254 3120 2336 3165 est
2365 3112 2505 3181 quod
2535 3113 2600 3167 de
2623 3128 2779 3167 causa
2808 3115 3075 3172 Theodori
3098 3119 3333 3187 synodus
3361 3130 3547 3175 sancta

1884 3232 1930 3293 Ο
1964 3201 2227 3271 culpetur.
2264 3203 2447 3273 Neque
2475 3206 2617 3258 enim
2660 3206 2909 3275 cuiquam
2936 3211 3254 3264 auctoritate
3281 3213 3547 3267 dictorum

1965 3297 2083 3366 ejus
2114 3299 2402 3368 imposuit,
2431 3311 2487 3354 ut
2518 3301 2631 3355 sine
2683 3301 2791 3357 ullo
2819 3305 3081 3377 examine
3127 3304 3461 3375 legerentur,
3494 3317 3548 3362 et

1966 3391 2219 3461 quidquid
2242 3394 2460 3461 scripsit
2484 3395 2856 3450 inconcussum
2884 3407 3043 3467 atque
3074 3398 3370 3454 discussum
3401 3409 3549 3456 tene-

1968 3490 2115 3533 retur
2158 3480 2226 3534 ab
2254 3483 2523 3536 omnibus.
2552 3483 2608 3537 In
2641 3483 2723 3537 his
2772 3485 2927 3554 igitur
2957 3486 3219 3541 habeatur
3262 3487 3329 3542 de
3357 3490 3550 3558 quibus

1967 3570 2255 3637 Apostolus
2287 3572 2359 3625 ait
2390 3589 2402 3623 :
2446 3571 2633 3626 Omnia
2685 3576 2931 3644 probate;
2961 3578 3096 3646 quod
3150 3577 3335 3646 bonum
3377 3589 3448 3633 cst
3477 3590 3553 3634 te-

1969 3670 2099 3716 nete.
2139 3661 2308 3717 Aliter
2353 3664 2530 3733 itaque
2575 3664 2875 3735 Scripturas
2904 3666 3110 3721 divinas
3160 3670 3384 3739 legimus
3431 3688 3552 3742 qua:

1968 3753 2241 3807 canonica:
2276 3764 2553 3822 vocantur,
2579 3756 2737 3811 aliter
2778 3765 3183 3815 autem'eorum
3216 3764 3305 3832 qui
3338 3763 3551 3833 legendi

1970 3856 2128 3914 atque
2174 3847 2442 3902 scribendi
2490 3848 2668 3904 studio
2714 3852 3074 3918 proﬁcientes,
3112 3868 3205 3923 per
3234 3859 3551 3925 acquisitani

1971 3937 2281 4000 quotidiano
2309 3938 2493 3994 labore
2522 3941 2851 4007 facultatem,
2881 3942 3018 3999 sicut
3047 3956 3352 4013 pctueruut,
3379 3952 3446 4004 de
3471 3951 3554 4004 his

1972 4026 2132 4080 locuti
2166 4039 2290 4081 sunt
2321 4045 2333 4081 :
2361 4045 2429 4084 ex
2458 4031 2650 4099 quibus
2680 4043 2797 4086 erat
2816 4042 2871 4087 ct
2899 4034 2991 4089 ille
3020 4036 3101 4090 vir
3128 4036 3556 4107 sapientissimus

1972 4133 2034 4172 ac
2064 4120 2494 4177 mOdCSIISsIIIIUS
2541 4126 2892 4195 Augustinus,
2923 4130 3014 4198 qui
3056 4133 3218 4186 tertio
3249 4148 3462 4204 quoque
3488 4135 3557 4190 de

1975 4210 2233 4268 'l‘rinitate
2263 4213 2399 4268 libro
2425 4217 2504 4271 sic
2532 4218 2604 4270 ait
2634 4236 2645 4270 :
2684 4237 2705 4271 ι
2741 4219 2882 4275 Sane
2911 4237 3032 4276 eum
3064 4224 3117 4278 in
3142 4226 3389 4281 omnibus
3416 4228 3560 4284 litte-

1977 4301 2050 4355 ris
2080 4304 2234 4373 meis,
2270 4320 2374 4358 non
2405 4307 2578 4361 solum
2616 4310 2760 4378 pium
2793 4313 3069 4379 lectorem,
3102 4316 3196 4371 sed
3224 4318 3383 4372 etiam
3425 4320 3560 4374 lihe-

1976 4408 2092 4446 rum
2117 4404 2475 4451 correctorem
2500 4398 2822 4465 desiderem,
2852 4404 3018 4457 multo
3042 4406 3271 4463 maxime
3290 4406 3343 4459 in
3370 4406 3450 4461 his
3468 4409 3558 4462 ubi

1978 4482 2089 4551 ipsa
2122 4485 2429 4554 magnitudo
2454 4490 2767 4556 qurestioxris
2795 4494 2996 4547 utinam
3019 4503 3124 4549 tam
3158 4498 3352 4551 multos
3375 4499 3561 4555 inven-

284 4572 333 4625 si
362 4570 603 4626 videatur
632 4572 892 4627 incertum
923 4588 937 4626 :
972 4572 1113 4641 quod
1136 4574 1181 4626 si
1210 4583 1264 4627 et
1294 4573 1432 4629 male
1458 4574 1525 4628 de
1552 4573 1655 4627 illis
1676 4572 1875 4627 sentia-
1899 4600 1951 4660 ι)
1980 4583 2122 4629 tores
2154 4575 2349 4630 habere
2381 4587 2561 4646 posset
2588 4596 2743 4649 quam
2777 4585 2973 4638 multos
3001 4586 3422 4643 contradictores
3466 4590 3560 4645 ha-

288 4682 429 4731 mus,
466 4666 568 4721 hoc
594 4682 808 4736 quoque
841 4675 1049 4721 certum
1083 4680 1189 4720 non
1219 4667 1344 4731 erit,
1372 4665 1464 4720 sed
1492 4675 1642 4721 certa
1685 4666 1872 4735 impie-

289 4770 375 4812 tas
397 4759 498 4812 erit
529 4775 542 4810 ε
577 4760 767 4813 melius
789 4773 918 4827 ergo
939 4766 1021 4812 est
1049 4766 1106 4811 ut
1133 4758 1199 4811 de
1226 4758 1431 4812 duobtts
1462 4759 1588 4813 illud
1619 4760 1875 4827 eligamus

288 4851 581 4915 incertum,
614 4850 667 4902 in
712 4863 821 4917 quo
850 4859 993 4903 certa
1028 4853 1194 4918 pietas
1220 4850 1562 4919 approbetur,
1593 4868 1749 4919 quam
1774 4852 1877 4906 hoc

290 4941 582 5001 incertum,
609 4939 662 4993 in
694 4955 800 5012 quo
844 4940 1091 5009 impietas
1116 4952 1259 4995 certa
1291 4942 1600 4995 damnetur.
1633 4944 1879 4998 Arbitror

290 5038 479 5083 autem
508 5032 758 5097 quoniam
783 5040 839 5085 et
870 5032 968 5098 ipsi
996 5030 1085 5101 qui
1111 5031 1295 5086 uolunt
1323 5032 1391 5087 de
1417 5034 1627 5087 cmteris
1651 5034 1881 5089 doctori-

290 5127 303 5178 l
328 5139 393 5177 us
421 5123 672 5178 Ecclesia:
703 5124 949 5179 similiter
989 5133 1047 5179 ut
1082 5124 1157 5179 de
1185 5125 1479 5195 Augustino
1509 5127 1727 5192 sentire,
1756 5130 1875 5198 quia

288 5231 400 5271 non
431 5213 708 5269 inveniunt
737 5215 826 5269 ubi
872 5215 1122 5285 .similiter
1163 5225 1217 5271 et
1261 5218 1333 5272 illi
1363 5216 1625 5272 dictorum
1650 5233 1873 5273 suorum

366 5398 391 5458 fl
426 5386 480 5441 In
509 5402 606 5441 ms.
642 5389 964 5458 corrigimur.

1981 4666 2091 4721 bet.
2134 4668 2511 4725 Verumtamen
2554 4672 2692 4726 sicut
2741 4673 2994 4730 lectorem
3043 4692 3219 4733 meum
3270 4682 3395 4735 nolo
3443 4699 3563 4739 esse

1982 4757 2111 4811 mihi
2140 4758 2401 4825 deditum,
2430 4763 2497 4815 ita
2522 4775 2881 4820 correctorem
2914 4767 3038 4822 nolo
3065 4768 3186 4823 sibi.
3217 4770 3311 4827 Ille
3338 4788 3425 4829 me
3455 4792 3563 4831 non

1981 4856 2126 4903 amet
2175 4851 2404 4919 amplius
2433 4870 2590 4922 quam
2642 4856 2959 4912 catholicam
3014 4862 3296 4917 veritatem
3326 4861 3396 4931 h;
3426 4866 3563 4921 sicut

1982 4940 2055 4995 illi
2080 4941 2223 5011 dico,
2251 4942 2366 4998 Noli
2398 4946 2531 5000 meis
2561 4946 2772 5013 litteris,
2807 4953 2959 5019 quasi
3004 4953 3297 5024 Scripturis
3345 4960 3570 5013 canoni-

1983 5035 2061 5089 cis
2088 5036 2365 5101 iuscrvire,
2398 5038 2491 5092 sed
2524 5040 2574 5092 in
2607 5042 2711 5095 illis
2741 5053 2795 5097 et
2840 5047 2980 5114 quod
3012 5063 3117 5102 non
3157 5051 3415 5107 credebas
3443 5069 3567 5109 cum

1986 5129 2278 5194 inveneris,
2316 5131 2683 5189 incunctanter
2717 5138 2909 5205 crede;
2942 5141 2995 5194 in
3044 5142 3161 5197 iStis
3209 5153 3387 5199 autem
3422 5150 3567 5216 quod

1984 5230 2190 5278 certum
2222 5239 2327 5279 non
2387 5225 2645 5295 habebas,
2676 5230 2778 5286 nisi
2826 5245 3031 5290 certum
3076 5236 3425 5307 intellexeris,
3460 5243 3569 5296 noli

368 5455 393 5494 δ
422 5458 576 5525 Apud
617 5455 863 5529 August,
900 5460 1090 5529 ﬁdem,
1126 5462 1221 5515 iste
1247 5479 1301 5517 se
1329 5479 1430 5517 non
1477 5474 1609 5519 amet
1655 5466 1878 5534 amplius
1908 5484 2063 5540 quam
2093 5470 2394 5526 catholicam
2433 5474 2710 5533 ceritatem.

370 5614 387 5688 l
416 5613 546 5688 Cod.
574 5611 796 5688 Verum,
822 5617 1149 5688 corrigimur.

368 5687 388 5713 ¹
423 5684 563 5737 ldetn
586 5686 728 5749 cod.,
761 5689 946 5739 credis.

366 5748 385 5827 ἓ
421 5755 583 5827 Idem.
611 5748 753 5827 cotl,
785 5760 1114 5827 corriperent.

368 5826 390 5853 ⁸
422 5824 572 5878 Idem
597 5825 742 5886 cod..
771 5824 1029 5880 eximium
1051 5842 1155 5881 esse
1177 5830 1544 5890 damnandum.

2062 5625 2083 5656 '
2111 5625 2255 5681 Idem
2296 5628 2442 5696 cod.,
2473 5646 2561 5683 nec
2591 5644 2857 5688 accusatus
2893 5634 3033 5704 apud
3064 5636 3209 5691 illaut
3242 5635 3557 5706 Theodorus,

1985 5713 2091 5749 ηεε.

2059 5768 2079 5842 ξ
2107 5767 2247 5842 Idem
2282 5770 2426 5831 Cotl.,
2458 5772 2675 5825 nominis
2701 5776 2832 5842 ejus.

2061 5840 2078 5869 ⁷
2115 5838 2257 5890 Idem
2289 5842 2437 5899 cud.,
2472 5842 2666 5909 itaque.
