3992 6344
320 429 461 481 817»

1188 442 1317 499 rno
1358 445 1775 506 osrassmns
1815 449 2025 507 TRIUM
2063 426 2374 510 omni.
2414 457 2536 509 ua.
2583 457 2669 511 χι.

3444 460 3555 513 δῖε-

312 544 410 596 scit
438 542 691 600 adversus
719 551 1003 605 carnalem.
1040 553 1238 609 Deinde
1266 573 1368 625 qua
1410 560 1612 614 ratione
1641 560 1872 615 dicitur'
1905 566 1950 623 Α
1981 566 2245 633 crederet,
2291 567 2429 635 quod
2468 570 2752 637 aliquando
2800 585 2896 624 nec
2921 570 3015 638 ipsi
3047 571 3268 639 apostoli
3299 571 3540 625 credide-

313 636 431 700 quia
458 648 577 688 cum
616 651 645 689 a
694 652 915 707 corpore
955 657 1052 697 suo
1098 644 1413 714 deprimitur
1454 658 1543 703 aut
1584 658 1873 719 torquetur,

310 725 559 781 condolet
611 728 823 796 quidem
870 734 1008 798 quod
1053 750 1206 789 suum
1254 751 1448 806 corpus
1498 739 1712 805 patitur,
1766 740 1877 806 ipsa

314 831 439 870 vero
462 816 512 868 in
547 831 642 870 sua
682 827 867 874 natura
918 822 1118 877 nullum
1148 826 1343 893 patitur
1382 827 1597 880 omnino
1645 835 1877 881 tormen-

314 916 421 957 tum
446 905 467 957 τ
497 905 553 959 Si
600 906 741 960 enim
778 910 976 964 nullum
1012 915 1204 978 patitur
1260 917 1477 967 omnino
1532 924 1873 981 tormentum,

310 996 577 1064 quomodo
596 1013 625 1049 a
646 1012 867 1068 corpore
890 1018 983 1054 suo
1016 1005 1320 1070 torquetur?
1346 1017 1435 1059 aut
1465 1006 1731 1070 quomodo
1753 1007 1871 1062 sine

310 1104 405 1140 suo
440 1098 702 1143 tormento
747 1091 1010 1159 condolet,
1044 1110 1161 1148 cum
1216 1111 1375 1150 nemo
1423 1099 1724 1160 condoleat.
1774 1100 1875 1154 nisi

310 1180 397 1244 qui
448 1179 659 1234 doleat?
691 1196 756 1233 an
790 1191 1063 1252 torquetur
1103 1188 1313 1254 quidem
1361 1199 1413 1242 ct
1442 1189 1609 1253 dolet,
1638 1191 1730 1245 sed
1769 1207 1873 1245 non

308 1286 401 1321 sua
435 1270 655 1323 natura?
702 1271 766 1325 Et
810 1275 931 1341 quid
964 1274 1039 1327 im
1054 1276 1227 1330 enitur
1267 1278 1316 1331 in
1348 1279 1526 1345 rebus,
1557 1281 1695 1348 quod
1725 1292 1875 1335 extra

309 1374 458 1412 soam
490 1372 729 1413 naturam
761 1370 1087 1442 torqueatur,
1120 1377 1175 1420 ut
1199 1368 1493 1424 doleatHn
1516 1379 1719 1425 tantum
1747 1388 1875 1427 vero

306 1457 501 1502 anima:
530 1458 718 1504 natura
748 1467 852 1506 non
875 1464 957 1508 est
996 1447 1328 1521 passionibus
1356 1462 1373 1483 ‘
1403 1460 1596 1527 aliena,
1629 1472 1683 1515 ut
1710 1464 1873 1518 multa

309 1541 466 1593 etiam
523 1556 665 1610 smpe
712 1551 995 1611 tormenta,
1046 1547 1127 1600 vel
1180 1551 1222 1629 si
1259 1564 1351 1616 pro
1381 1565 1477 1604 suo
1501 1565 1743 1618 corpore.
1767 1568 1872 1607 non

308 1640 483 1685 tamen
532 1647 561 1685 a
610 1646 711 1687 suo
739 1649 960 1702 corpore
998 1637 1241 1705 patiatur,
1295 1639 1344 1693 id
1374 1648 1457 1693 est
1484 1641 1869 1706 sollicitudinis,

310 1733 497 1789 metus,
534 1725 779 1791 tristitiae,
813 1728 975 1793 t:rdii,
1000 1731 1097 1784 zeli
1127 1740 1179 1785 et
1207 1741 1540 1788 caeterorum.
1569 1734 1739 1803 Super
1759 1735 1873 1790 lucc

306 1825 480 1869 autem
534 1825 590 1870 et
634 1816 720 1871 ille
762 1818 907 1873 dives
958 1822 1045 1889 qui
1079 1808 1293 1877 nonest
1320 1823 1566 1879 misertus
1592 1810 1866 1893 Eleazaro,

1981 670 2121 723 runt,
2138 676 2291 729 quam
2316 670 2368 714 ut
2382 662 2522 715 il'um
2538 678 2690 730 quem
2705 664 3082 731 sempiternum
3104 662 3331 718 credidit
3353 664 3536 727 Deum,

1982 749 2169 804 timore
2200 753 2500 817 passionum
2530 752 2770 806 crederet
2800 753 2865 806 ab
2893 754 3123 808 elatione
3148 767 3535 822 compressum.

1981 835 2181 892 Rursus
2202 849 2372 893 autem
2402 841 2585 895 eodem
2611 842 2764 908 hbro,
2795 843 2943 896 titulo
2969 842 3198 905 decimo,
3229 840 3357 910 quid
3383 841 3539 897 dixe-

1980 929 2067 993 rit,
2106 930 2197 984 "vel
2253 931 2379 999 quid
2434 931 2599 1000 prima
2630 934 2801 988 ircote
2842 934 2986 986 solus
3027 934 3140 998 ipse
3190 933 3535 1001 titulusprmc

1980 1020 2135 1085 ferat,
2193 1021 2551 1076 advertamus.
2594 1023 2724 1078 Nam
2768 1025 2870 1079 hoc
2911 1025 2961 1077 in
2991 1024 3080 1078 illo
3116 1039 3174 1078 se
3201 1035 3536 1079 ostensurum

1978 1126 2097 1166 esse
2142 1114 2384 1179 promisit
2429 1114 2613 1169 dicens
2646 1132 2658 1168 :
2686 1114 2835 1180 Quod
2879 1124 2930 1168 et
2976 1116 3205 1170 adunato
3235 1114 3341 1169 Deo
3368 1116 3541 1169 Verbo

1978 1218 2118 1257 verre
2143 1205 2475 1270 humanitati,
2506 1204 2797 1258 inconfusae
2826 1214 2999 1259 tamen
3031 1205 3386 1258 subsistentia:
3410 1219 3533 1273 per-

1980 1304 2317 1358 manserunt;
2343 1306 2501 1362 utque
2524 1295 2624 1349 hoc
2646 1296 2890 1365 probaret
2915 1295 3141 1365 subjecit
3169 1296 3269 1349 ista
3293 1312 3305 1347 :
3336 1314 3353 1346 ι
3384 1296 3538 1348 Erec-

1978 1393 2086 1437 tum
2115 1397 2195 1439 est
2224 1385 2512 1439 secundum
2561 1386 2654 1439 Dei
2677 1387 3000 1440 voluntatem
3026 1394 3265 1440 sanctum
3296 1384 3540 1439 taberna-

1976 1476 2152 1530 culum
2200 1492 2294 1546 per
2320 1477 2611 1543 desertum,
2657 1489 2710 1534 et
2749 1480 2797 1532 in
2828 1493 2893 1533 eo
2918 1478 3095 1533 multis
3142 1477 3317 1532 modis
3346 1476 3539 1529 forma-

1976 1568 2130 1621 batur
2155 1569 2484 1623 Emmanuel.
2521 1589 2538 1621 ι
2578 1570 2642 1623 Ει
2671 1578 2788 1639 post
2818 1566 2918 1623 a‘ia
2947 1586 2960 1623 :
2998 1588 3016 1620 σ
3054 1568 3205 1635 Quod
3232 1576 3406 1622 autem
3448 1582 3540 1620 na-

1977 1666 2106 1725 turte
2137 1658 2249 1714 sive
2283 1659 2635 1715 subsistentia:
2669 1670 2694 1697 ιι
2723 1660 3009 1716 inconfusae
3052 1658 3362 1723 manserint,
3417 1656 3540 1709 hinc

1975 1747 2190 1801 scimus.
2234 1748 2437 1803 Aurum
2486 1750 2626 1803 enim
2672 1749 3059 1818 superpositum
3092 1749 3230 1816 ligno
3268 1746 3460 1799 mansit
3487 1744 3539 1799 id

1974 1840 2115 1907 quod
2146 1849 2291 1905 erat;
2321 1850 2373 1917 et
2399 1842 2691 1897 ornabatur
2718 1843 2927 1910 quidem
2956 1843 3150 1910 lignum
3179 1842 3294 1895 auri
3322 1841 3534 1902 decore,

306 1906 356 1957 in
387 1905 593 1959 inferno
622 1908 736 1961 sine
760 1923 981 1976 corpore
1008 1925 1106 1967 suo
1134 1923 1425 1982 torquetur.
1460 1914 1564 1969 Sed
1593 1916 1673 1970 his
1704 1918 1863 1973 omis-
1901 1923 1946 1982 B
1976 1905 2151 1985 tamen
2208 1914 2404 1999 lignum
2457 1949 2577 1989 esse
2599 1950 2702 1989 non
2749 1934 2927 1988 desiit.
2975 1932 3125 1998 Quod
3155 1944 3283 1986 vero
3332 1945 3451 1984 arca
3484 1931 3535 1983 in

303 1994 397 2060 sis,
433 1995 559 2050 illud
599 1999 1133 2066 magisconsiderare
1160 2004 1299 2067 volo,
1328 2016 1577 2073 quantam
1610 2009 1860 2064 invidiam

308 2076 513 2154 synodo
559 2078 973 2146 ChalcedonenSi
1028 2095 1279 2162 Acephali
1336 2108 1775 2165 commoverent,
1822 2104 1867 2156 si

302 2176 610 2233 Theodorus
630 2178 843 2235 diai'sel
874 2181 1080 2251 :Super
1102 2184 1213 2239 haec
1227 2200 1436 2255 quoque
1475 2189 1696 2243 dicimus
1739 2191 1867 2245 adu-

303 2269 587 2335 nationem,
618 2271 639 2302 ’
661 2286 776 2339 qua:
800 2281 882 2327 est
913 2275 964 2327 in
995 2274 1302 2331 Emmanuel
1343 2279 1475 2331 facta
1510 2296 1523 2330 :
1567 2288 1684 2334 erat
1727 2284 1866 2337 enim

302 2372 518 2413 necesse
539 2375 657 2414 cum
681 2377 776 2415 suo
798 2377 1021 2433 corpire
1042 2365 1321 2421 adunatam
1337 2368 1387 2422 ei
1408 2362 1635 2425 animam
1655 2371 1859 2439 dolere,

300 2461 359 2503 ut
409 2449 641 2505 timendo
694 2457 964 2520 paeones
1016 2457 1277 2512 subditam
1308 2462 1567 2515 cervicem
1601 2462 1711 2517 Deo
1734 2466 1861 2518 sub-

301 2543 565 2599 mitteret?
596 2544 716 2598 Ilaec
743 2560 869 2614 ergo
908 2546 951 2599 si
981 2547 1290 2603 Theodorus
1316 2551 1555 2618 dixisset,
1588 2556 1863 2621 quomodo

298 2636 654 2690 exclamarent
702 2652 820 2690 cum
854 2639 1080 2692 maxima
1103 2640 1297 2695 invidia
1326 2651 1378 2696 et
1397 2642 1753 2699 detestatione
1776 2645 1857 2699 di-

298 2734 476 2780 centes
505 2744 517 2777 :
544 2725 622 2779 En
672 2728 821 2793 cujus
850 2726 1031 2781 laudes
1068 2731 1427 2786 continentem
1458 2734 1735 2801 epistolam
1772 2754 1862 2808 sy-

300 2814 470 2869 nodus
520 2816 966 2874 Chalccdoncnsis
995 2814 1352 2890 prununtiavit
1376 2826 1749 2893 orthodoxam.
1776 2834 1863 2900 qui

300 2907 351 2956 in
387 2913 583 2959 tantum
614 2924 717 2962 non
750 2909 909 2964 Deum
939 2922 992 2968 ct
1018 2913 1108 2967 Dei
1137 2914 1322 2970 Filium
1344 2917 1571 2974 credidit
1593 2918 1863 2978 Christum

300 3003 356 3047 ut
384 2995 710 3052 existimaret
748 3016 849 3055 non
892 3018 986 3069 pro
1016 3020 1048 3057 n
1084 3007 1208 3059 stris
1252 3008 1523 3063 doloribus
1556 3012 1862 3071 auferendis

296 3088 448 3157 cujus
500 3092 715 3147 vu‘nerc
769 3097 936 3147 δέω.ιί
981 3110 1184 3168 somus,
1215 3100 1305 3154 sed
1336 3101 1433 3169 ipsi
1474 3103 1647 3170 porius
1676 3121 1863 3161 neces-

296 3181 494 3233 sarium
524 3182 687 3237 fuisse
728 3186 864 3250 quod
897 3186 1086 3251 doluit,
1119 3198 1174 3242 ut
1206 3190 1395 3245 tioo'e
1427 3195 1726 3261 passionum
1758 3212 1863 3251 non

1969 2020 2163 2075 Christi
2194 2023 2484 2090 accipiatur
2524 2026 2770 2094 imagine,
2818 2024 3050 2093 pluribus
3080 2022 3245 2092 possit
3273 2021 3537 2091 probatio-

1970 2110 2126 2164 nibus
2172 2112 2453 2183 dcclarari.
2491 2132 2509 2166 ›
2542 2113 2852 2169 Consideret
2894 2128 3019 2182 ergo
3062 2114 3225 2167 lector
3272 2112 3536 2182 quomodo

1968 2210 2237 2254 asseratur
2260 2202 2399 2270 quod
2428 2204 2477 2257 in
2500 2201 2715 2258 Christo
2738 2205 2937 2257 naturis
2967 2202 3243 2256 inconfuse
3271 2210 3531 2254 manent:-

1968 2287 2065 2343 bus
2095 2291 2446 2345 subsistentia:
2474 2307 2684 2361 quoque
2738 2301 3175 2361 permanserunt,
3230 2305 3348 2359 qtae
3401 2304 3535 2342 nun—

1967 2392 2122 2445 quztm
2173 2381 2384 2435 inerunt
2411 2398 2424 2433 :
2449 2383 2696 2450 quoniam
2719 2397 2929 2448 semper
2962 2381 3026 2434 ad
3060 2381 3149 2435 Dei
3179 2380 3333 2434 Verbi
3361 2380 3534 2432 subsi-

1968 2472 2214 2523 stentiam
2244 2471 2540 2525 humanitas
2593 2470 2680 2525 illa
2733 2470 3004 2539 pertinuit,
3039 2484 3408 2538 nunquamque
3436 2467 3533 2520 sibi

1969 2560 2109 2616 velut
2137 2562 2186 2614 in
2231 2566 2439 2631 propria
2474 2577 2695 2629 persona
2735 2562 2977 2617 subsistit
3012 2559 3035 2592 ⁸
3056 2564 3373 2615 assumentis
3401 2559 3531 2613 sub-

1967 2652 2263 2705 sistentiam
2295 2665 2463 2716 nacta,
2496 2662 2550 2706 et
2597 2654 2648 2707 in
2680 2653 2820 2707 illam
2853 2652 3115 2707 nascendo
3136 2652 3420 2714 transiens,
3451 2650 3531 2703 Vt'l

1970 2739 2288 2797 transeundo
2328 2759 2571 2809 nascens,
2629 2744 2713 2799 cui
2774 2760 2933 2799 causa
2982 2743 3206 2806 orieudi,
3257 2751 3531 2810 totumque

1967 2833 2106 2899 quod
2120 2844 2229 2885 orta
2248 2843 2347 2899 est,
2368 2834 2476 2904 ipsa
2499 2833 2595 2887 fuit
2614 2836 2920 2902 aSSumptio.
2943 2834 3175 2900 Itemque
3194 2832 3257 2883 ad
3282 2830 3528 2884 Acacium

1968 2921 2349 2977 Melitincnsem
2378 2922 2405 2960 δ
2434 2941 2448 2989 ;
2478 2941 2496 2975 ι
2534 2922 2650 2989 Quo
2674 2932 2848 2977 autem
2881 2921 3057 2987 modo,
3082 2922 3268 2990 inquit,
3293 2921 3531 2974 incarna-

1969 3022 2054 3068 tus
2095 3024 2148 3068 ct
2182 3018 2339 3067 homo
2384 3013 2553 3067 factus
2577 3026 2659 3067 eat
2681 3014 2724 3067 si
2747 3014 2863 3082 quis
2895 3020 3272 3081 perscrutetur,
3303 3020 3530 3064 contem-

1971 3104 2194 3171 plabitur
2214 3121 2278 3158 ex
2307 3105 2415 3159 Deo
2439 3105 2605 3159 Deum
2630 3104 2878 3169 Verbum,
2903 3114 2958 3160 et
2978 3104 3115 3158 servi
3143 3102 3363 3158 fortnam
3388 3117 3528 3157 smn-

1969 3196 2163 3265 psisse,
2207 3204 2258 3248 ct
2281 3197 2334 3248 in
2363 3194 2762 3249 simi'itudinem
2795 3195 3065 3247 bominum
3098 3193 3311 3259 factum,
3339 3208 3531 3247 secon-

295 3273 636 3339 superbiret,
691 3274 785 3328 sed
846 3276 1106 3329 subditam
1162 3282 1423 3335 cervicem
1483 3285 1591 3339 Deo
1643 3288 1938 3359 submit-c
1970 3288 2092 3340 dum
2139 3284 2279 3355 quod
2324 3286 2579 3353 scriptum
2623 3294 2734 3350 est;
2781 3293 2834 3338 et
2876 3284 3165 3339 secundum
3222 3285 3321 3339 hoc
3358 3284 3529 3338 solum

296 3372 456 3417 teret.
512 3363 621 3417 lloc
674 3379 879 3434 quoque
935 3368 1206 3434 dicerent,
1280 3374 1401 3442 quia
1468 3391 1565 3432 nec
1618 3379 1868 3448 perfecta

295 3454 488 3505 saltem
540 3453 748 3508 virtutis
794 3456 1059 3513 hominem
1103 3462 1329 3518 credidit
1365 3464 1654 3539 Christum,
1708 3454 1866 3540 quem

298 3538 503 3607 putavit
530 3541 595 3595 ab
637 3541 865 3597 elatione
911 3551 1275 3615 temporalium
1320 3538 1646 3622 passionum
1674 3538 1866 3619 timore

295 3632 587 3698 (ompesci,
626 3633 817 3701 quibus
853 3636 1018 3691 virtus
1054 3644 1289 3696 exerceri
1319 3645 1472 3700 solet.
1508 3648 1637 3702 Nam
1677 3651 1723 3705 si
1754 3653 1855 3707 im.

297 3721 514 3789 perfecti
562 3734 683 3777 sunt
732 3728 819 3796 qui
847 3737 990 3784 metu
1019 3744 1331 3789 coers-entur
1379 3742 1561 3794 teterni
1593 3745 1861 3812 supplicii,

296 3814 538 3881 ηροιιοιο
588 3815 793 3873 Jo;:nne
839 3819 908 3875 de
947 3821 1138 3876 talibus
1186 3841 1393 3896 quoque
1422 3829 1656 3900 dicente,
1690 3834 1866 3891 Timor

295 3919 396 3956 non
416 3914 486 3957 est
517 3906 570 3959 in
590 3906 852 3976 charitate,
880 3914 967 3965 sed
991 3912 1209 3969 Charitas
1236 3917 1255 3947 ³
1280 3920 1417 3986 [oms
1444 3922 1592 3976 mittit
1613 3926 1858 3996 timorem,

293 3997 528 4061 quoniam
571 4000 721 4054 timor
758 4020 952 4072 poenam
975 4006 1159 4072 habet;
1196 4013 1282 4078 qui
1312 4023 1476 4068 autem
1503 4017 1641 4071 timet
1667 4036 1764 4073 non
1789 4035 1863 4076 est

291 4088 541 4156 perfectus
561 4093 610 4142 in
633 4094 880 4149 charitale
911 4096 965 4165 (I
986 4099 1142 4154 Joan.
1175 4118 1246 4167 Iv,
1276 4106 1581 4175 i8):ncdutn
1610 4112 1705 4178 illi,
1729 4130 1862 4184 quiis

292 4189 495 4242 prtcsen
522 4178 627 4232 ium
681 4183 1037 4241 molestiarum
1092 4190 1250 4245 timor
1280 4195 1515 4250 rrtrahet
1540 4214 1568 4251 a
1596 4178 1853 4267 peccatis.

270 4259 449 4331 Quod
479 4270 521 4323 si
594 4274 869 4342 quisquam
923 4278 1177 4335 adversus
1232 4284 1365 4338 tales
1403 4259 1859 4357 Eutycliianorum

293 4360 563 4426 querelas,
582 4361 686 4415 alia
706 4362 945 4432 ejusdem
968 4367 1231 4425 'l‘ltcc-dori
1250 4372 1316 4426 de
1331 4376 1521 4443 quibus
1545 4382 1857 4446 paucissima

291 4453 534 4517 siquerius
550 4457 996 4525 memoravimus,
1037 4462 1231 4529 scripta
1281 4464 1546 4531 proferret
1583 4470 1635 4523 in
1665 4478 1858 4539 qubus

288 4544 554 4598 Christum
590 4546 865 4601 confessus
894 4557 978 4601 cst
1021 4560 1143 4605 ante
1170 4554 1360 4608 saecula
1396 4560 1706 4616 naturaliter
1734 4578 1855 4618 esse

292 4632 482 4696 Demn,
529 4644 582 4688 et
608 4637 841 4703 gignenti
872 4637 1013 4691 Patri
1041 4654 1251 4708 semper
1271 4645 1556 4713 aequalem;
1591 4649 1663 4703 illi
1691 4656 1856 4720 proti-

289 4737 388 4774 nus
408 4731 590 4775 contra
610 4723 865 4779 referrent
883 4726 1194 4783 actlicerent
1213 4747 1228 4784 :
1246 4731 1597 4792 Tolerabilius
1612 4738 1779 4795 fuerat
1799 4756 1853 4796 ut

286 4812 561 4865 Christum
586 4821 766 4866 natura
800 4814 963 4870 Deum
991 4828 1042 4871 et
1071 4819 1209 4874 Patri
1242 4836 1451 4889 semper
1471 4831 1725 4897 aequalem
1748 4850 1854 4889 non

357 4962 379 4987 η
409 4952 589 5004 Crmca
623 4965 747 5008 sunt
778 4958 910 5023 apud
946 4959 1217 5041 Letititittzit
1248 4963 1337 5016 lib.
1372 4981 1384 5017 ι
1421 4983 1433 5018 :
1461 4964 1575 5021 Ὀτι
1598 4967 1649 5022 δὲ
1687 4973 1848 5041 ἀσύγ-

281 5043 432 5104 χυ-ςοι
458 5029 790 5104 μεμενήκασιν
814 5029 1076 5099 αὲφύσεις.
1096 5030 1604 5104 ἧγουνγὺποστάσεις,
1632 5029 1847 5094 ἐντεῦθέν

279 5094 536 5178 εἶσὸξιεθψ
560 5096 614 5177 αεὸ
644 5100 745 5178 γᾶρ
770 5118 848 5151 τοι
888 5094 1115 5169 χρυσίον
1136 5094 1548 5174 ’ἐπαληλιμμένον
1596 5114 1667 5177 τῷ
1717 5111 1847 5178 ξύλῳ

280 5164 541 5241 pagi-anus
571 5163 793 5241 anspﬁv'
820 5163 1253 5241 κᾳῖᾯατεπλούτει
1275 5163 1438 5241 μένἰίὸ
1469 5177 1613 5238 ξύλον
1632 5165 1727 5236 ἕως
1757 5169 1844 5233 τοῧ

277 5234 502 5309 ρυονίου
526 5234 949 5309 τήνδὶὶξανῇπλήν
969 5241 1053 5292 οὐκ
1079 5234 1283 5301 ἀπέστιί
1301 5245 1355 5297 τό
1376 5241 1497 5298 εἶναι
1524 5247 1686 5309 ξύλον.
1711 5247 1847 5303 Duas

279 5302 588 5369 hypostases
612 5306 661 5358 in
687 5306 898 5359 Christo
920 5306 1049 5360 duas
1076 5312 1443 5367 subsistentias
1471 5302 1656 5367 dicere
1685 5318 1726 5369 si
1756 5302 1847 5370 v04

275 5371 374 5452 luit
397 5370 1309 5452 Cyrillus,_meri_toreprehenditur.
1341 5383 1443 5435 Sed
1472 5386 1592 5452 quid
1617 5387 1844 5440 alienius

274 5455 301 5493 a
336 5441 579 5517 dogmate
625 5446 805 5517 Cyrilli
827 5446 847 5517 ’ζ
876 5446 1197 5514 llypostases
1228 5466 1355 5514 ergo
1388 5441 1560 5517 posuit
1590 5456 1689 5508 hoc
1719 5458 1837 5510 loco

276 5524 370 5579 pro
395 5512 725 5585 substantiis,
764 5512 1035 5569 Athanasii
1086 5512 1331 5589 exemplo
1355 5512 1407 5576 et
1438 5524 1829 5579 Alexandrino-

344 5644 358 5674 ¹
387 5642 521 5698 Cod.
556 5645 775 5708 Veron.,
801 5649 967 5700 anima
996 5650 1198 5704 dicitur.

340 5715 359 5744 ³
390 5713 529 5768 Idem
560 5717 699 5777 cod.,
735 5732 844 5770 esse
869 5719 1247 5775 adumzionem.

340 5783 357 5811 ³
379 5782 522 5837 Idem
552 5787 693 5850 cod.,
714 5786 935 5853 perfecta
965 5791 1205 5849 chariton.
1234 5792 1306 5846 Ita
1332 5796 1487 5848 etiam
1518 5789 1569 5851 in
1605 5798 1829 5869 vulgata.

335 5892 361 5923 ⁸⁸
392 5891 569 5957 Forte,
602 5910 631 5946 α
655 5896 989 5965 ρηδδὶοηὶὺιη.

1971 3378 2391 3433 considerabitur
2410 3385 2715 3431 naturarum
2752 3392 2844 3431 seu
2892 3376 3351 3431 subsistentiarum
3380 3375 3528 3429 ditias

1970 3472 2159 3524 rentia.
2219 3469 2315 3524 Hic
2355 3450 2585 3538 quoque,
2625 3468 2759 3521 sicut
2809 3467 3030 3521 duarum
3084 3476 3409 3529 naturarum,
3455 3468 3529 3519 sic

1970 3562 2127 3615 etiam
2184 3559 2643 3613 subsistentiarum
2670 3556 3108 3611 considerandam
3137 3570 3254 3610 esse
3282 3553 3528 3609 diﬂeren-

1972 3653 2094 3705 tiam
2126 3652 2300 3705 docet.
2335 3669 2353 3702 ι
2391 3649 2594 3703 Rursus
2624 3649 2973 3716 interpretans
3006 3646 3292 3715 Epistulam
3327 3645 3392 3699 ad
3424 3646 3528 3698 lle-

1971 3745 2139 3796 hrrcos
2165 3741 2292 3795 dicit
2322 3741 2412 3795 lib.
2438 3754 2473 3794 tt
2504 3738 2528 3771 ⁸
2555 3756 2568 3793 :
2607 3758 2625 3790 ε
2664 3739 2793 3792 Cum
2824 3738 3114 3792 dixerimus
3152 3738 3269 3806 quia
3303 3736 3529 3789 Verbum

1969 3848 2093 3887 caro
2118 3833 2311 3885 factum
2339 3841 2439 3896 est,
2457 3830 2604 3885 carni
2621 3829 3030 3884 communicavit
3047 3828 3335 3883 secundum
3360 3826 3527 3880 subsi-

1969 3930 2212 3981 stentlam
2238 3925 2587 3989 ineil‘abiliter,
2614 3934 2667 3980 ct
2686 3924 2952 3994 quomodo
2975 3939 3071 3978 nec
3094 3924 3311 3991 intelligi
3336 3930 3525 3991 potest.

1970 4018 2118 4072 Tunc
2142 4017 2356 4083 etenim,
2381 4027 2505 4072 tunc
2526 4028 2578 4072 et
2600 4018 3007 4086 uniuscujusque
3028 4016 3526 4083 subsistentitettper-

1968 4125 2096 4161 sonu
2151 4109 2417 4162 intellectu
2462 4116 2707 4176 suscepta
2746 4110 2901 4162 simul
2944 4108 3209 4163 coocutrit
3239 4107 3437 4161 naturis
3465 4107 3527 4159 ad

1968 4200 2238 4253 unitatem.
2273 4218 2292 4251 ι
2347 4200 2476 4266 Quis
2508 4200 2681 4255 sciens
2715 4199 2967 4271 Cyrillum
3017 4199 3335 4269 prmdirasse
3386 4199 3526 4267 quod

1967 4292 2036 4343 ita
2069 4291 2203 4345 Deus
2239 4291 2466 4346 Verbum
2506 4293 2651 4346 carni
2678 4292 3100 4357 communicavit,
3130 4301 3190 4345 ut
3231 4291 3283 4344 in
3321 4304 3386 4343 eo
3410 4304 3526 4356 my-

1964 4382 2127 4434 sterio
2155 4396 2261 4436 non
2289 4383 2457 4435 solum
2502 4383 2618 4436 duae
2647 4391 2846 4436 naturae
2878 4383 2941 4435 ad
2965 4382 3215 4436 unitatem
3244 4394 3524 4433 concurre-

1965 4483 2099 4537 rent,
2130 4473 2220 4527 sed
2242 4476 2396 4528 etiam
2427 4474 2547 4529 dum
2575 4474 2927 4529 subsistentia?
2955 4485 3109 4543 atque
3136 4487 3393 4540 persona‘,
3422 4484 3525 4523 non

1963 4564 2180 4617 miretur
2206 4577 2325 4616 cum
2372 4564 2515 4618 audit
2544 4566 2681 4630 quod
2711 4565 2925 4619 Diodori
2953 4579 3013 4617 ac
3040 4561 3303 4616 Theodori
3330 4561 3524 4629 srripta

1885 4677 1938 4736 Β
1964 4656 2112 4725 quasi
2145 4656 2456 4710 Nestoriana
2504 4657 2819 4723 culpaverit,
2869 4665 2919 4709 et
2950 4669 3050 4708 non
3094 4656 3267 4722 potius
3293 4654 3522 4708 imitator

1960 4748 2039 4800 sui
2069 4747 2366 4800 decessoris
2394 4746 2683 4810 Athanasii,
2706 4747 2901 4813 scripta
2924 4744 3159 4797 omnium
3188 4744 3240 4797 in
3265 4758 3391 4809 pace
3424 4743 3522 4799 Ec.

1958 4836 2133 4890 clesim
2161 4836 2546 4903 quiescentium
2596 4837 2857 4889 studuerit
2885 4833 3182 4888 excusare?
3211 4833 3309 4901 Qui
3340 4841 3519 4904 postea

1953 4990 2065 5026 tum
2093 4990 2238 5029 more
2268 4975 2333 5029 de
2355 4991 2458 5056 quo
2487 4974 2681 5029 dictutn
2710 4984 2788 5028 est
2814 4973 3001 5056 libavt.
3026 4973 3199 5056 Quare
3218 4973 3520 5056 substantias

1952 5044 2176 5097 reddere
2205 5042 2385 5098 debuit
2410 5046 2818 5123 interpres,_non
2837 5044 3205 5123 subsistentins.
3227 5042 3371 5123 [rigui
3394 5048 3519 5123 vero

1951 5123 1999 5184 et
2033 5116 2143 5165 auri
2175 5114 2498 5182 comparatio
2517 5129 2619 5184 qua
2642 5117 2823 5179 utitur,
2849 5113 3029 5183 dispar
3049 5128 3110 5166 ac
3126 5112 3399 5168 dissimilis
3422 5113 3517 5166 hac

1952 5183 2003 5235 in
2035 5193 2201 5235 parte.

2025 5198 2231 5333 ξῗξῖἷὶει
2263 5263 2342 5305 est
2369 5253 2553 5333 Graece
2594 5254 2873 5333 ac‘ltatine
2922 5252 3109 5322 Cyr-illi
3152 5252 3515 5333 adnAcaciutn

1952 5320 2171 5393 epistola
2206 5330 2324 5385 post
2353 5324 2610 5393 synodum
2644 5320 2980 5392 Ephesinatn‘
3008 5339 3150 5393 num.
3187 5324 3275 5387 35,
3307 5322 3396 5376 ubi
3421 5330 3515 5375 τῶν

1948 5388 2175 5469 φύσςων,
2197 5393 2349 5469 ἤγουν
2381 5388 2727 5469 ostenderas
2758 5394 2979 5469 διαφορὰν
3014 5392 3233 5457 rectius,
3264 5393 3515 5469 quemad-

1947 5462 2159 5513 modum
2185 5460 2517 5527 dicebamus,
2539 5467 2817 5530 exponitur
2845 5460 3140 5516 naturarum
3170 5476 3256 5514 seu
3281 5460 3515 5513 substan-

1947 5533 2152 5596 tiarum,
2182 5547 2337 5601 quam
2369 5544 2423 5593 ut
2453 5534 2551 5590 hoc
2576 5535 2692 5590 loco
2712 5534 3185 5586 subsistentimunu.

2016 5660 2035 5690 ⁸
2065 5662 2207 5734 idem
2236 5668 2379 5734 cod.,
2412 5666 2708 5719 assumentis
2736 5664 3068 5719 subsistentiw
3098 5670 3243 5714 nata.

2018 5734 2034 5763 '
2063 5732 2201 5788 item
2234 5732 2375 5801 cod.,
2414 5737 2540 5789 libro
2566 5738 2731 5788 tertio.
