3978 6350
426 416 531 472 619

1530 407 1824 467 FACUNDI
1864 402 2076 460 EPISC.
2124 402 2308 457 llEiial
2340 402 2626 457 ANENSiS

3602 403 3717 459 8‘33

425 533 486 584 ln
519 530 704 585 eodem
750 543 913 598 opere
958 528 1091 581 libro
1122 542 1154 595 q
1178 535 1344 591 :arto;
1384 544 1402 576 ι
1440 525 1604 596 Ergo,
1636 527 1825 593 inquit,
1857 522 2012 578 reﬂo-
2040 522 2092 581 A
2120 521 2493 577 Assuel‘aeieus
2559 523 2625 575 ad
2697 522 2857 574 vitam
2912 519 3201 588 spiritalem
3259 520 3531 587 prttprium
3594 523 3715 590 jam

424 620 532 674 ruit
580 626 633 673 et
661 618 802 673 velut
850 626 1065 671 renatus
1119 625 1224 677 est,
1257 618 1407 684 qua~i
1441 632 1504 671 ex
1542 617 1722 671 radice
1752 614 2010 678 secunda,

420 711 659 765 omnium
707 719 948 762 nostrum
982 707 1268 761 salvatoris
1292 706 1496 763 Cltristi
1529 706 1711 772 homo,
1745 705 1809 760 ad
1843 706 2014 760 incor-

426 802 732 870 ruptionem
762 810 814 854 et
838 800 1175 869 antiquarum
1199 814 1480 853 caustrum
1510 800 1762 854 virtutem
1797 814 1889 867 per
1915 814 2016 851 sa:-

425 892 545 946 cula
586 906 643 946 se
674 890 821 945 vicit.
861 909 879 941 ι
911 889 967 943 Si
988 889 1303 943 calumniari
1337 889 1484 955 libet,
1508 889 1791 957 obiiciatur
1813 896 1867 943 et
1889 888 2009 942 isti:

427 993 677 1048 tanquam
697 980 859 1032 alium
875 979 1194 1033 salvatorem
1217 979 1508 1045 Christum,
1534 989 1585 1034 et
1602 978 1759 1032 alium
1778 977 2019 1035 credide-

432 1071 500 1124 rit
523 1070 792 1125 hominem
820 1069 989 1139 ipsius
1008 1068 1299 1124 Salratoris
1320 1068 1550 1132 Christi;
1582 1071 1703 1139 quia
1729 1084 1831 1122 non
1854 1069 1947 1132 ait,
1968 1078 2020 1122 et

431 1162 574 1216 velut
609 1174 827 1216 renatus
856 1171 958 1225 cst,
1009 1161 1159 1231 quasi
1184 1177 1248 1215 ex
1292 1160 1469 1215 radice
1496 1160 1754 1227 secunda,
1781 1160 2019 1213 omnium

430 1262 674 1306 nostrum
700 1253 945 1307 Salvator
973 1254 1012 1317 ⁸,
1063 1252 1182 1316 sed,
1211 1236 1450 1305 omnium
1475 1263 1713 1305 nostrum
1742 1250 2020 1304 salvatoris

434 1339 636 1394 Christi
681 1342 877 1405 homo;
906 1349 961 1394 et
995 1339 1194 1394 addant
1224 1339 1444 1410 insuper
1466 1339 1707 1395 dicentes
1737 1356 1750 1392 :
1780 1338 1833 1393 Si
1862 1338 2017 1392 Chri-

435 1441 576 1497 stus,
624 1433 674 1486 id
705 1442 787 1487 est
834 1442 1050 1498 unctus,
1095 1442 1177 1487 est
1236 1439 1416 1498 homo,
1465 1433 1715 1502 quoniam
1765 1444 1871 1484 non
1918 1430 2020 1483 nisi

438 1534 631 1577 natura
680 1524 909 1578 humana
964 1526 1014 1577 in
1057 1524 1150 1578 illo
1181 1532 1336 1577 uncta
1365 1533 1465 1588 est,
1505 1524 1592 1592 qui
1617 1521 2022 1597 rursusestille

432 1616 594 1670 homo
640 1618 728 1685 qui
773 1617 969 1671 dicitur
995 1616 1227 1671 Christi?
1259 1631 1432 1687 neque
1461 1618 1602 1671 enim
1636 1615 1728 1669 Dei
1760 1616 1913 1670 Verbi
1940 1616 2022 1670 di-

430 1722 570 1763 ctum
602 1720 685 1764 est
709 1711 885 1775 homo,
917 1712 1010 1765 sed
1042 1708 1263 1777 Christi,
1292 1710 1380 1780 qui
1412 1710 1488 1764 sic
1519 1711 1655 1763 Deus
1678 1709 1931 1772 creditur,
1966 1720 2021 1761 ut

430 1810 483 1853 et
533 1801 692 1855 homo
713 1816 832 1855 esse
864 1802 1132 1855 (redatur.
1169 1800 1227 1854 in
1259 1799 1600 1869 expositione
1631 1815 1841 1867 quoque
1872 1798 2020 1851 Isaia:

2120 613 2408 681 templum,
2483 613 2537 666 itt
2614 620 2720 681 Quo
2801 612 2938 664 Deus
3013 608 3288 674 Verbum,
3365 609 3516 678 quasi
3560 612 3717 680 prius

2117 706 2287 759 eidem
2315 704 2511 774 templo
2534 746 2547 768 ,
2578 702 2910 757 coasuetudo
2937 700 3094 756 fuerit
3120 703 3241 754 vitae
3272 702 3522 768 carnalis,
3564 705 3715 773 quod

2119 797 2185 851 de
2238 796 2441 865 Spiritu
2484 803 2673 849 sancto
2714 802 3029 861 conceptum
3078 791 3219 845 aliud
3265 806 3423 860 qutm
3453 792 3575 847 vitae
3596 796 3714 862 spi-

2120 888 2292 941 ritalis
2331 902 2451 941 esse
2498 900 2603 939 non
2650 886 2843 954 potuit.
2894 882 3173 951 Quomodo
3217 883 3379 951 igitur
3427 884 3717 939 assuelieri

2120 982 2315 1034 dicitur
2342 978 2407 1032 ad
2439 976 2731 1046 spiritalem
2756 977 2944 1040 vitam,
2970 990 3093 1029 cum
3121 974 3186 1027 ad
3217 989 3337 1029 eam
3372 989 3480 1029 non
3509 976 3713 1042 studio,

2122 1071 2214 1125 Sed
2244 1078 2427 1123 natura
2457 1066 2619 1121 fuerit
2648 1064 2991 1121 ordinatura?
3024 1065 3110 1119 cui
3138 1064 3271 1118 nihil
3290 1079 3523 1134 unquam
3546 1065 3717 1121 defuit

2122 1162 2187 1214 ad
2218 1159 2595 1229 perfectionem
2626 1156 3035 1226 largitatemque
3065 1154 3278 1208 virtutis
3311 1170 3323 1206 :
3356 1156 3609 1224 quoniam
3642 1155 3721 1211 de

2123 1272 2187 1310 eo
2232 1254 2487 1323 scriptum
2532 1261 2614 1307 est
2646 1268 2660 1306 :
2697 1252 2821 1304 Non
2860 1250 2997 1305 enim
3025 1252 3094 1303 ad
3137 1266 3425 1304 mensuram
3453 1251 3541 1305 dat
3574 1250 3717 1305 Deus

2123 1346 2359 1415 spiritum
2392 1344 2570 1413 (Joan.
2598 1359 2653 1398 ιιι
2673 1386 2686 1411 ,
2720 1341 2835 1412 54).
2870 1342 2935 1396 Et
2964 1343 3091 1396 item
3120 1360 3132 1393 ε
3162 1341 3237 1397 De
3260 1342 3574 1413 plenitudine
3598 1345 3715 1413 ejus

2126 1456 2217 1492 nos
2245 1454 2418 1491 omnes
2445 1438 2754 1505 accepimus,
2804 1444 2851 1489 et
2877 1434 3097 1505 gratiam
3144 1452 3239 1501 pro
3260 1437 3426 1505 gratia
3458 1435 3634 1508 (Joan.
3673 1457 3711 1501 ι,

2128 1528 2239 1597 16).
2270 1528 2553 1597 Exponens
2568 1527 2727 1581 etiam
2750 1526 3097 1596 Evangelium
3113 1527 3401 1581 secundum
3418 1527 3711 1594 Joannem,

2127 1622 2263 1674 libro
2289 1622 2460 1689 primo
2488 1621 2567 1675 sic
2593 1620 2703 1673 ait:
2733 1637 2752 1670 ι
2783 1615 2862 1672 Dii
2890 1627 2942 1673 et
2970 1618 3060 1673 Dei
3093 1617 3183 1671 lilii
3220 1633 3311 1688 per
3335 1618 3485 1673 {idem
3506 1628 3706 1674 osten-

2125 1714 2323 1767 dimur.
2382 1711 2704 1766 lnhabitavit
2747 1709 2891 1764 enim
2945 1710 2999 1763 in
3051 1709 3226 1774 nobis,
3283 1710 3369 1778 qui
3408 1709 3711 1763 secundum

2129 1815 2374 1859 naturam
2404 1803 2571 1857 Filius
2612 1812 2693 1856 est
2732 1811 2787 1856 et
2813 1800 2973 1855 Deus.
3017 1798 3307 1867 Propterea
3333 1808 3385 1853 et
3423 1799 3477 1853 in
3515 1798 3729 1867 spiritu

429 1895 704 1960 prOpheL'e
735 1892 870 1945 libro
911 1902 1100 1960 quarto
1130 1893 1205 1947 sic
1242 1894 1313 1945 ait
1346 1910 1358 1943 :
1400 1912 1419 1944 ε
1470 1892 1607 1962 Ergo
1653 1901 1906 1960 quantum
1950 1892 2013 1943 ad
2052 1889 2096 1946 Β
2123 1896 2239 1965 ejus
2265 1895 2595 1948 clamamus:
2628 1892 2800 1960 Abba,
2848 1891 3023 1945 Pater.
3072 1888 3333 1944 lnhabitat
3361 1898 3540 1944 autem
3574 1889 3712 1944 Ver-

436 1984 837 2038 incredulorum
890 1985 1257 2050 acerbitatem,
1292 1994 1345 2039 et
1375 1985 1551 2051 inepte
1579 1984 1681 2037 illis
1712 1983 2017 2036 meditatam

432 2075 932 2139 con‘radictionetu,
981 2075 1211 2128 inaniter
1266 2073 1525 2127 laboravit
1568 2072 1833 2138 Salvator,
1883 2080 1938 2126 et
1968 2072 2019 2124 in

432 2174 732 2219 vauttm‘et
786 2167 837 2219 in
912 2165 1136 2218 nihilum
1201 2165 1349 2219 dedit
1413 2164 1774 2218 fortitudinem
1846 2177 2016 2216 suam.

432 2256 541 2310 Nec
573 2258 715 2312 enim
760 2258 1036 2322 sustinuit,
1091 2257 1227 2310 sicut
1272 2256 1384 2310 dixi
1437 2272 1624 2321 nuper,
1677 2269 1857 2309 sacras
1904 2255 2020 2323 ejus

431 2346 841 2416 prmdicatioaes
887 2347 1114 2400 stolidus
1146 2347 1327 2412 Israel,
1361 2359 1464 2399 non
1497 2346 1777 2398 honoravit
1804 2345 1920 2413 ejus
1950 2348 2023 2396 la-

432 2441 639 2496 borem.
682 2442 857 2496 Labor
906 2442 1048 2496 enim
1078 2449 1193 2495 erat
1240 2438 1435 2505 Verbo,
1474 2440 1704 2493 utlieret
1731 2438 2021 2495 secundum

435 2548 554 2600 nos,
616 2543 670 2588 rt
718 2536 1002 2587 humanam
1059 2531 1351 2586 sustineret
1380 2531 1716 2599 parvitatem.
1751 2530 2019 2597 Sedjudis

435 2626 578 2679 cium
612 2640 810 2690 meum,
860 2624 1053 2694 inquit,
1103 2622 1240 2693 apud
1277 2622 1581 2686 Dominum,
1612 2630 1667 2675 et
1693 2620 1845 2674 labor
1876 2637 2023 2674 tuens

434 2730 616 2771 coram
666 2716 778 2771 Deo
807 2732 947 2771 meo.
996 2716 1227 2785 Agnovit
1256 2714 1420 2777 enim,
1459 2713 1650 2781 inquit,
1706 2710 1861 2765 Pater
1891 2726 2024 2780 quos

434 2811 740 2878 consumpsi
783 2809 992 2864 labores
1050 2822 1145 2878 pro
1195 2822 1380 2863 eorum
1416 2806 1588 2860 salute
1621 2822 1633 2857 :
1666 2815 1881 2874 prepter
1925 2807 2025 2860 hoc

434 2910 488 2953 et
526 2901 785 2969 judicium
835 2903 901 2955 ab
941 2916 1006 2957 eo
1036 2899 1297 2970 prolatum
1326 2908 1426 2952 est.
1468 2918 1485 2949 ι
1522 2898 1658 2953 Ecce
1690 2897 1853 2950 Deum
1891 2896 2021 2951 Ver-

440 2995 590 3060 bum,
641 2995 709 3050 de
739 3010 843 3065 quo
898 2995 1211 3064 Gregorius,
1244 2993 1381 3047 sicut
1406 3006 1563 3059 supra
1590 2991 2019 3053 memoravimus,

438 3088 561 3140 dicit
619 3089 740 3156 quia
786 3089 901 3143 sine
941 3086 1123 3142 labore
1169 3100 1379 3140 omnem
1414 3084 1667 3138 mundum
1716 3083 2021 3147 constituit;

439 3177 675 3247 Cyrillus
721 3178 850 3231 dicit
895 3180 1147 3248 quoniam
1180 3177 1437 3230 laboravit
1472 3184 1527 3228 ut
1555 3175 1701 3229 lierct
1726 3174 2019 3229 secundum

2123 1989 2249 2042 bum
2281 1988 2420 2043 sicut
2449 1989 2501 2041 in
2531 1986 2801 2051 omnibus,
2853 1991 2909 2039 et
2936 1984 2990 2039 in
3021 1997 3147 2050 uno,
3196 1983 3335 2052 quod
3367 1992 3583 2052 propter
3608 1997 3727 2038 nos.

2123 2088 2177 2132 et
2201 2094 2265 2132 ex
2288 2078 2443 2131 nobis
2466 2083 2773 2146 susceptum
2797 2084 2880 2129 est
2902 2074 3180 2144 templum,
3212 2081 3277 2127 ut
3297 2087 3487 2129 omnes
3508 2074 3714 2129 habens

2126 2172 2178 2224 in
2208 2169 2521 2238 semetipso,
2569 2168 2883 2223 reconciliet
2927 2175 2983 2222 et
3020 2180 3207 2221 omnes
3249 2166 3301 2219 in
3334 2180 3441 2220 uno
3484 2180 3715 2235 corpore

2124 2264 2261 2331 apud
2302 2263 2537 2317 Patrem.
2594 2279 2612 2311 ι
2651 2259 2706 2315 Si
2736 2276 2800 2315 ex
2835 2259 3118 2315 verborum
3164 2260 3343 2324 sonis,
3393 2268 3449 2313 et
3487 2274 3593 2313 non
3638 2275 3712 2315 ex

2125 2355 2441 2424 intentione,
2464 2355 2716 2409 doctores
2737 2352 3331 2421 Ecclesiaajudicentur,
3360 2351 3486 2421 quid
3512 2352 3581 2406 de
3604 2352 3715 2406 isto

2126 2446 2430 2517 putabimus
2460 2447 2548 2515 qui
2590 2445 2770 2499 dixit:
2805 2443 3070 2498 luhabitat
3110 2455 3288 2498 autem
3338 2444 3566 2498 Verbum
3616 2444 3714 2498 Dei

2125 2538 2265 2593 sicut
2292 2538 2343 2591 iu
2374 2537 2639 2600 omnibus,
2675 2546 2730 2590 et
2760 2537 2813 2589 iu
2847 2553 2974 2603 uno,
3021 2535 3159 2604 quod
3192 2543 3408 2603 propter
3438 2549 3536 2588 nos
3562 2545 3613 2589 et
3641 2551 3715 2588 ex

2129 2623 2286 2682 nobis
2332 2638 2634 2695 susceptum
2666 2636 2752 2681 est
2781 2625 3085 2695 templum?
3130 2623 3266 2690 Quid
3297 2639 3425 2693 ergo
3453 2624 3713 2694 Cyrillum

2127 2720 2357 2775 Nestorii
2408 2717 2776 2771 damnatorem
2823 2719 2923 2769 hoc
2964 2716 3199 2770 sensisse
3238 2715 3539 2783 credimus,
3586 2715 3717 2783 quia

2130 2813 2269 2866 Deus
2318 2809 2552 2865 Verbum
2603 2810 2682 2863 sic
2730 2807 2993 2862 inhabitat
3045 2808 3097 2861 in
3147 2822 3255 2861 uno
3301 2805 3519 2876 templo,
3568 2808 3717 2875 quod

2128 2913 2344 2975 prepter
2373 2918 2472 2958 nos
2500 2912 2551 2956 et
2578 2918 2644 2956 ex
2678 2901 2833 2957 nobis
2862 2910 3167 2989 susceptum
3201 2909 3310 2964 est,
3362 2899 3717 2968 quemadmo-

2127 2997 2252 3050 dum
2292 2994 2652 3051 communiter
2681 2995 2733 3049 in
2764 2994 3015 3048 omnibus
3060 2993 3279 3055 habitat,
3314 3001 3367 3045 et
3406 3007 3508 3046 non
3538 2993 3719 3060 potius

2126 3096 2184 3141 ut
2221 3102 2323 3141 una
2366 3095 2511 3140 esset
2551 3086 2717 3154 ipsius
2763 3085 3052 3139 habitantis
3092 3083 3183 3137 Dei
3230 3082 3386 3137 Verbi
3419 3083 3721 3151 templique

2128 3176 2388 3243 persona?
2438 3190 2560 3229 cum
2608 3173 2943 3241 Theodorus,
2997 3173 3085 3243 qui
3131 3172 3515 3227 condemnatur
3558 3174 3718 3241 quasi

442 3284 557 3335 nos,
588 3278 640 3321 et
664 3268 947 3325 humanam
979 3271 1267 3325 sn5tiueret
1298 3270 1612 3339 parvitatem
1645 3286 1658 3321 :
1690 3270 1840 3338 quasi
1862 3284 2026 3337 angu-
2054 3252 2101 3315 Ο
2133 3267 2435 3323 Nestoriani
2457 3276 2644 3321 auctor
2674 3268 2895 3331 erroris,
2925 3266 3066 3320 sicut
3091 3267 3142 3319 in
3170 3265 3327 3319 tertio
3353 3266 3486 3319 libro
3506 3279 3720 3320 memo-

442 3363 595 3415 sxiam
635 3362 687 3416 in
719 3363 953 3418 humano
988 3377 1215 3434 corpore
1238 3372 1510 3433 pateretur
1538 3361 1883 3430 itllpDSsibilis
1912 3362 2027 3430 ejus

443 3451 713 3518 divinitas,
743 3468 900 3522 quam
925 3468 1025 3508 nec
1047 3454 1224 3507 anima
1251 3461 1429 3506 nostra
1465 3454 1661 3522 patitur
1690 3466 1753 3507 ex
1786 3454 2029 3520 corporis

442 3542 734 3608 parvitate;
768 3545 861 3597 sed
894 3545 1066 3612 potius
1096 3560 1162 3598 ex
1193 3543 1306 3613 lege
1351 3543 1572 3612 peccati,
1606 3558 1726 3612 qua:
1750 3543 1801 3596 iu
1835 3543 2029 3597 nostris

443 3634 697 3689 membris
716 3644 801 3689 est
829 3634 1023 3691 mentis
1053 3635 1154 3706 legi
1188 3648 1492 3705 repugnans
1521 3652 1531 3684 :
1568 3650 1688 3688 nam
1716 3634 1895 3687 futura
1926 3635 2029 3687 vita

445 3726 639 3779 nullam
674 3727 724 3779 iu
759 3728 1149 3796 iucorruptibili
1181 3742 1407 3796 corpore
1445 3728 1678 3797 patietur
1705 3727 2029 3796 angustiam.

445 3819 552 3872 Nec
577 3834 680 3872 non
707 3820 755 3872 itt
780 3831 1079 3874 commento
1100 3822 1371 3891 Evangelii
1388 3821 1683 3876 secundum
1700 3821 2029 3887 Matthzeum,

446 3910 580 3965 libro
641 3912 878 3967 secundo
930 3931 943 3967 :
999 3932 1016 3964 ι
1056 3914 1309 3981 Quando,
1343 3916 1535 3983 inqu‘t,
1594 3916 1889 3983 btptizatus
1954 3925 2035 3970 est

446 4004 710 4067 Christus,
768 4015 891 4063 tunc
923 4020 949 4057 a
984 4005 1172 4073 Spiritu
1204 4004 1323 4058 duci
1354 4005 1567 4067 dicitur,
1594 4005 1695 4058 hoc
1720 4015 1800 4059 est
1823 4005 2034 4059 habita-

450 4108 512 4148 re
559 4094 943 4161 spiritualiter,
996 4095 1075 4147 vel
1111 4096 1266 4146 vitam
1309 4109 1467 4164 agerc
1499 4095 1851 4160 Spiritualem.
1887 4114 1907 4146 ι
1970 4096 2036 4149 Et

448 4193 565 4251 post
628 4198 829 4251 pauca:
880 4202 899 4233 ι
956 4185 1333 4237 AsSUcfaciens
1386 4183 1450 4236 ad
1510 4184 1669 4235 vitam
1741 4184 2032 4252 spiritalem

453 4272 723 4342 proprium
758 4274 1037 4342 templum,
1070 4273 1124 4327 itt
1155 4290 1259 4343 quo
1293 4274 1403 4342 jam
1437 4273 1577 4328 Deus
1612 4274 1863 4339 Verbum,
1896 4285 1949 4329 et
1980 4276 2035 4329 in

450 4364 733 4433 quemdam
763 4366 1134 4419 incensuetum
1158 4377 1212 4421 et
1236 4367 1644 4436 incompositum
1670 4368 1791 4421 vita:
1817 4367 2030 4423 modum

452 4455 834 4509 transformans
864 4470 928 4510 ea
958 4474 1076 4525 qua:
1099 4468 1278 4511 nostra
1311 4467 1455 4519 sunt,
1488 4471 1540 4512 et
1569 4458 1622 4512 itt
1648 4460 1883 4513 novitate
1915 4461 2036 4514 vitat

446 4566 563 4616 qum
589 4549 822 4603 ttondum
844 4550 1013 4604 fuerat
1041 4552 1186 4619 prius
1208 4552 1402 4621 agnita,
1436 4552 1751 4618 rel'ortnans,
1775 4552 2035 4623 jejunium

2132 3359 2387 3424 ravimus,
2421 3358 2563 3411 dicat
2590 3376 2600 3410 :
2637 3376 2654 3407 ε
2695 3356 2996 3410 lnhabitato
3021 3357 3235 3425 quidem
3258 3371 3287 3409 a
3313 3356 3419 3410 Deo
3446 3355 3618 3410 Verbo
3647 3358 3721 3409 ab

2132 3451 2244 3518 ipsa
2293 3451 2343 3503 iu
2391 3461 2541 3502 utero
2585 3449 2773 3502 matris
2814 3448 3197 3518 plasmatioue;
3250 3447 3542 3502 iuhabitato
3586 3462 3737 3505 vero.

2134 3559 2239 3599 nou
2286 3542 2578 3597 secundmu
2622 3558 2958 3597 communem
3012 3542 3489 3606 ialiabitationem,
3542 3556 3724 3610 neque

2129 3638 2277 3706 juxta
2320 3652 2437 3691 eam
2480 3650 2597 3705 qua:
2642 3637 2692 3688 itt
2736 3635 2917 3689 multis
2963 3634 3280 3703 intelligitur
3319 3633 3572 3702 gratiam,
3618 3634 3723 3686 sed

2131 3729 2277 3797 juxta
2309 3727 2591 3796 quamdam
2625 3726 2980 3780 excellentem
3000 3766 3015 3790 ,
3047 3727 3341 3781 secundum
3370 3740 3526 3793 quam
3556 3724 3725 3779 etiam

2135 3822 2354 3874 adunari
2402 3820 2630 3874 dicimus
2682 3829 2935 3887 utrasque
2981 3829 3219 3885 naturas,
3268 3828 3321 3873 et
3367 3833 3523 3871 unam
3565 3816 3724 3887 juxta

2136 3911 2512 3964 adunationem
2544 3908 2786 3963 eth-ctam
2810 3922 2929 3961 esse
2955 3923 3260 3975 personam.
3298 3926 3314 3959 ι
3353 3907 3726 3976 Diseantergo

2141 4000 2457 4071 liutychiaui
2485 4014 2776 4068 eorumque
2804 3997 3061 4064 fautores,
3096 4001 3433 4067 antiquorum
3467 3999 3725 4053 Ecclesiae

2140 4095 2550 4163 prmdicatorum
2594 4094 2791 4159 scripta
2815 4102 2916 4146 aut
2964 4092 3156 4147 melius
3207 4091 3578 4160 interpretari,
3626 4102 3733 4145 aut

2138 4186 2449 4239 melioribus
2480 4183 2873 4251 interpretanda
2921 4184 3243 4251 relinquere,
3305 4198 3368 4236 ne
3414 4181 3725 4248 Theodoro,

2137 4279 2225 4348 qui
2274 4280 2340 4333 ab
2386 4280 2463 4332 eis
2510 4277 2704 4331 dicitur
2751 4278 2919 4330 multo
2958 4276 3195 4330 deterior
3238 4275 3404 4330 fuisse
3453 4276 3727 4340 Nestorio,

2139 4368 2459 4423 deteriorem
2508 4368 2718 4421 beatam
2761 4366 3015 4436 Cyrillum
3058 4366 3240 4420 dicere
3278 4367 3675 4435 compellantur
3711 4388 3722 4419 :

2139 4462 2226 4532 qui
2272 4478 2375 4515 non
2408 4470 2688 4531 pr0pterea
2734 4461 2933 4515 dixisse
2962 4461 3262 4515 credendus
3293 4472 3369 4515 est
3396 4502 3411 4523 ,
3459 4460 3723 4515 Inhabieat

2142 4567 2318 4610 autem
2356 4555 2583 4610 Verbum
2625 4557 2761 4610 sicut
2797 4556 2847 4608 iu
2891 4557 3159 4623 omnibus,
3216 4564 3268 4610 et
3310 4556 3359 4608 in
3407 4571 3533 4620 uno,
3581 4560 3726 4623 quod

446 4630 554 4706 agit
602 4640 671 4693 ita
720 4640 954 4709 longum.
987 4658 1005 4691 ι
1041 4642 1286 4711 Nunquid
1326 4653 1609 4712 antequam
1670 4644 2030 4713 baptizaretur
2068 4624 2111 4680 υ
2142 4660 2358 4717 prOpter
2404 4662 2501 4701 nos
2550 4656 2603 4700 et
2647 4662 2715 4701 ex
2771 4648 2925 4699 nobis
2965 4657 3269 4715 susceptum
3314 4656 3395 4699 est
3441 4648 3725 4714 templum,

445 4732 710 4797 ιζῖιτὶδιιι-,
764 4749 867 4787 non
909 4734 1200 4802 Spititaletn
1255 4734 1415 4787 vitam
1466 4735 1591 4802 egit,
1650 4746 1737 4788 aut
1765 4736 2029 4802 baptismo

449 4824 664 4873 Joannis
689 4823 930 4891 indiguit,
957 4834 1012 4877 ut
1061 4826 1153 4879 illo
1184 4836 1425 4880 sacratus
1459 4825 1825 4880 institueretur
1866 4830 2028 4883 etiam

450 4911 755 4979 ipiritalitcr
792 4930 1006 4979 v-vet'e;
1058 4934 1177 4970 eum
1227 4934 1398 4986 neque
1448 4918 1524 4971 illi
1559 4918 1647 4985 qui
1681 4919 1746 4972 ab
1777 4924 2031 4988 apostolis

448 5001 851 5067 baptizabantur
891 5004 941 5056 in
992 5008 1204 5059 nomine
1257 5009 1421 5075 ipsius
1454 5010 1662 5063 Domlni
1714 5010 2029 5065 nostrilesu

447 5092 487 5144 C
512 5093 919 5161 .risti,c;ucriut
945 5097 1166 5152 Joannis
1194 5100 1455 5167 baptismo
1483 5102 1720 5155 sacrari?
1751 5103 2028 5167 Quomodo

447 5197 574 5250 ergo
604 5182 817 5248 dicitur,
853 5186 973 5252 quia
996 5202 1115 5238 eum
1138 5188 1431 5255 baptizatus
1454 5200 1596 5244 esset
1627 5193 1892 5258 Christus,
1918 5194 2026 5263 spi-

446 5274 671 5327 ritaliter
715 5277 871 5339 vixit,
902 5281 1117 5345 etquod
1148 5281 1402 5348 scriptum
1430 5292 1509 5336 est
1540 5301 1553 5340 :
1587 5282 1731 5337 Tunc
1753 5285 1899 5339 Iesus
1926 5288 2023 5339 ttu-

444 5383 555 5423 ctus
578 5382 647 5422 est
667 5388 697 5423 (ι
722 5371 902 5438 spiritu
928 5380 979 5423 ut
1012 5380 1289 5425 tentaretur
1314 5392 1343 5425 a
1370 5376 1571 5430 Δίαιοεό
1602 5377 1810 5448 (ΜαίιΙι.
1846 5395 1916 5445 tv,
1953 5380 2023 5445 Ι),

448 5472 547 5516 οπως
602 5479 625 5517 s
652 5466 956 5533 guilicatum
1011 5480 1132 5519 esse
1182 5466 1416 5522 creditur
1448 5482 1499 5521 ut
1530 5473 1793 5525 habitaret
1821 5473 2027 5540 spirita-

445 5560 563 5611 litwr
612 5573 663 5610 et
706 5571 867 5613 \’.l.tltt
910 5572 1089 5629 ageret
1136 5561 1475 5629 spititalettt?
1529 5565 1761 5633 Itemque
1792 5567 2022 5619 dieitur:

524 5832 533 5855 ¹
569 5829 695 5881 Cod.
730 5831 947 5890 thl‘Oll.,
977 5830 1214 5884 Sulvu'or
1239 5828 1488 5897 Christus,
1525 5830 1632 5880 snt.

521 5909 543 5931 ³
580 5900 722 5953 idem
751 5904 893 5965 cad,
926 5902 1032 5965 ejus
1065 5901 1233 5951 etiam.

2137 4739 2287 4805 quasi
2318 4752 2418 4790 uua
2462 4752 2684 4804 persona
2733 4737 2827 4791 Dei
2862 4736 3028 4790 Verbi
3062 4737 3349 4804 templ‘que
3392 4751 3496 4788 non
3528 4735 3723 4797 fuerit;

2136 4826 2228 4881 s-d
2277 4826 2451 4894 potius
2500 4827 2620 4896 quia
2664 4826 2914 4879 divinitas
2959 4827 3076 4893 ejus
3106 4828 3127 4858 ⁸
3159 4828 3211 4879 in
3259 4826 3477 4893 proprio
3525 4829 3729 4893 templo

2137 4919 2559 4973 inconvertibilis
2590 4921 2802 4972 mansit.
2852 4918 3090 4987 Namque
3123 4920 3171 4971 iu
3203 4920 3307 4972 isto
3336 4918 3731 4971 incarnatimtis

2138 5010 2391 5080 mysterio
2412 5011 2516 5063 duo
2542 5010 2779 5077 quaedam
2802 5010 3141 5077 intelligenda
3166 5020 3217 5062 et
3234 5008 3538 5063 conﬁtenda
3563 5022 3729 5066 sunt:

2137 5103 2341 5156 scilicet
2368 5110 2419 5155 et
2464 5118 2621 5154 unaut
2650 5116 2771 5156 esse
2814 5116 3092 5169 personam
3142 5101 3233 5154 Dei
3262 5101 3626 5170 hattiinisque,
3677 5115 3731 5157 et

2136 5194 2268 5247 duas
2299 5192 2601 5248 inconfusus
2628 5196 2893 5248 mansisse
2923 5203 3158 5249 naturas.
3201 5194 3471 5260 Quantum
3509 5197 3574 5248 ad
3601 5197 3725 5247 uni-

2140 5295 2296 5341 tatem
2338 5302 2579 5356 persona:
2618 5287 2827 5350 attinet,
2876 5287 3014 5340 Deus
3064 5287 3294 5340 Verbum
3341 5305 3371 5339 tt
3401 5306 3449 5341 ειι
3481 5290 3619 5341 sicut
3674 5289 3729 5337 in

2136 5382 2401 5447 omnibus,
2451 5382 2523 5434 ita
2568 5381 2617 5434 in
2650 5394 2777 5443 uno,
2832 5380 2971 5447 quod
3008 5388 3220 5447 propter
3265 5392 3360 5431 nos
3393 5391 3449 5432 ct
3474 5394 3540 5431 ex
3578 5384 3732 5432 ιιυιιξς

2136 5482 2441 5541 susceptum
2487 5482 2568 5526 est
2619 5474 2872 5539 templum
2907 5471 2926 5499 ³
2966 5487 2977 5521 :
3011 5479 3205 5538 quanto
3250 5484 3375 5521 vero
3405 5470 3469 5520 ad
3506 5470 3555 5521 id
3586 5476 3731 5535 quo-tl

2133 5568 2250 5618 dutc
2282 5576 2483 5619 natura:
2513 5566 2629 5619 sine
2660 5563 2977 5615 confusione
3015 5573 3321 5615 tttutscruut
3347 5605 3359 5627 ,
3416 5560 3554 5615 Deus
3595 5563 3721 5615 \cr‘

2215 5833 2232 5861 ⁸
2278 5830 2414 5883 idem
2452 5830 2590 5893 cod.,
2645 5830 2883 5897 templum
2916 5830 3181 5883 inuoluat.
