3992 6344
271 480 372 538 8‘21

1130 485 1263 541 PRO
1303 482 1724 540 DEFENSIONE
1765 478 1976 534 TRIUM
2017 478 2326 533 CAPITUL.
2371 478 2495 531 Lll}.
2537 476 2624 533 XT.

3435 485 3568 539 δεῖ,

271 601 398 655 butu
413 598 552 652 sicut
574 598 624 651 in
649 598 1046 661 omnibus,etin
1065 616 1189 666 uno,
1206 603 1344 671 quod
1362 609 1575 670 propter
1594 606 1757 652 noset
1783 611 1851 650 ex
1883 595 1928 651 A
1952 597 2256 665 judicemiui
2274 611 2293 659 ;
2336 597 2388 649 in
2415 613 2515 666 quo
2546 607 2713 650 autem
2734 593 3114 670 judicareritis,
3139 601 3537 668 judicabimim‘;

275 694 430 747 nobis
453 702 756 760 susceptum
782 702 865 747 cst
898 693 1152 762 templum
1177 694 1464 758 inhabitat;
1495 693 1617 763 quia
1636 693 1772 745 sicut
1799 691 1850 745 in

272 784 524 839 omnibus
541 784 785 838 habitans
805 785 1226 840 inconvertibilis
1248 786 1362 856 ejus
1385 785 1635 840 divinitas
1650 793 1850 850 manet,

272 878 347 933 ita
366 878 484 932 etin
513 892 639 942 uno,
664 874 804 945 quod
846 890 1061 946 prepter
1076 886 1240 932 noset
1267 895 1330 931 ex
1363 878 1516 931 nobis
1545 885 1851 945 susceptum

273 980 357 1023 est
386 968 675 1037 templum,
719 969 1136 1024 inconvertibilis
1180 971 1297 1039 ejus
1336 969 1588 1024 divinitas
1634 968 1850 1023 mansit.

275 1061 387 1114 llac
423 1061 580 1129 igitur
618 1060 912 1114 intentione
945 1060 1144 1114 dictum
1179 1062 1476 1124 credamus,
1523 1070 1582 1113 ut
1619 1075 1717 1113 nec
1759 1063 1856 1112 int-

276 1152 563 1222 probemus
579 1150 867 1216 dicentem,
894 1167 990 1207 nec
1007 1154 1362 1221 approbemus
1381 1167 1640 1207 errorem.
1666 1151 1855 1206 Posse-

274 1260 397 1300 mus
424 1255 474 1300 et
503 1246 726 1301 aliorum
760 1263 825 1301 ex
861 1245 940 1301 itis
969 1262 1087 1316 qua:
1115 1241 1402 1302 memorata
1437 1254 1564 1300 sunt
1595 1245 1854 1300 dictorum

276 1335 396 1407 ejus
437 1354 542 1392 non
573 1338 1017 1393 contemnendam
1050 1338 1278 1393 reddere
1307 1339 1601 1403 rationem,
1647 1346 1700 1390 et
1743 1337 1858 1390 sine

277 1431 438 1485 dubio
465 1431 730 1486 drctiores
767 1432 995 1498 plurium
1029 1438 1267 1499 possent.
1317 1431 1397 1484 Ob
1428 1429 1528 1484 hoc
1565 1429 1723 1498 igitur
1753 1444 1858 1482 non

278 1531 361 1576 est
397 1530 598 1575 temere
639 1521 704 1576 de
743 1522 965 1574 mortuis
995 1521 1364 1590 iudicandum.
1416 1519 1558 1574 Dicit
1592 1527 1768 1570 autem
1806 1526 1860 1571 et

279 1615 381 1665 hoc
424 1629 486 1665 ex
531 1628 757 1678 persona
804 1612 1011 1666 Domini
1044 1612 1237 1668 eodem
1271 1627 1434 1679 Opere
1478 1611 1615 1665 libro
1645 1618 1858 1676 quarto,

280 1701 454 1767 Pater,
485 1705 529 1756 si
553 1703 791 1769 possibile
818 1712 892 1758 est
914 1721 932 1757 :
964 1723 982 1757 ι
1015 1705 1127 1758 Νοιι
1160 1719 1376 1773 possum
1406 1712 1580 1756 morte
1611 1701 1860 1755 obtinere

276 1794 439 1846 vitam
465 1793 546 1848 his
570 1794 660 1863 qui
690 1793 739 1847 in
767 1809 885 1848 eam
915 1794 1241 1857 ceciderant,
1274 1794 1318 1847 si
1350 1794 1573 1846 moritur
1599 1805 1742 1844 mors
1773 1803 1860 1844 me

278 1887 561 1946 moriente.
608 1886 821 1941 Certum
849 1895 932 1940 est
961 1893 1136 1940 autent
1168 1887 1290 1955 quia
1321 1884 1613 1940 secundum
1641 1897 1858 1936 carnem

1958 688 2010 740 in
2041 705 2140 758 qua
2169 704 2402 742 mensura
2442 690 2604 743 mensi
2633 692 2853 760 (uerius,
2893 689 3126 746 metiatur
3153 692 3286 745 vobis
3323 695 3534 762 (Matth.

1957 796 2026 834 vu
2051 821 2064 844 ,
2103 781 2119 831 1
2146 822 2161 846 ,
2194 781 2266 843 9.).
2303 782 2357 835 Si
2390 798 2518 848 ergo
2549 783 2628 837 vel
2659 784 2946 852 ipsi'beato
2975 787 3174 872 Cj'rillo
3205 797 3451 858 parcunt,
3490 791 3536 844 si

1957 886 2077 923 eum
2112 871 2294 924 volunt
2327 873 2376 924 in
2412 873 2602 925 talibus
2633 875 2909 942 excusari,
2961 871 3065 932 non
3099 880 3322 936 ulterius
3349 894 3537 938 contra

1958 962 2400 1019 Chalcedonense
2431 965 2714 1020 concilium
2747 967 2953 1034 dicant,
3003 972 3142 1040 quod
3178 989 3281 1027 non
3315 991 3567 1044 parcens-

1961 1059 2182 1110 mortuis
2214 1058 2547 1111 accusaverit
2579 1059 2799 1129 insignis
2831 1063 3120 1117 testimonii
3159 1065 3304 1120 viros
3345 1080 3400 1124 et
3429 1070 3540 1139 plc-

1961 1165 2057 1202 nos
2083 1150 2288 1203 dierum
2326 1150 2378 1204 in
2404 1152 2638 1204 maxima
2669 1152 2926 1208 Ecclesia:
2955 1154 3215 1226 dignitate
3235 1155 3538 1219 defunctos.

1961 1243 2251 1312 Attendere
2298 1258 2428 1298 sane
2477 1244 2676 1300 debent
2716 1248 2770 1301 in
2817 1249 2916 1301 hac
2953 1253 3244 1319 sententia,
3289 1253 3383 1323 qui
3420 1269 3541 1310 cum

1961 1330 2090 1384 dicit
2119 1332 2407 1387 humanam
2441 1344 2680 1388 naturam
2713 1351 2806 1403 per
2832 1338 3037 1392 unitum
3067 1339 3133 1394 ad
3154 1356 3271 1396 eam
3302 1341 3536 1400 Verbum

1962 1423 2264 1489 sublevari,
2317 1436 2376 1480 ut
2423 1441 2527 1480 non
2561 1426 2791 1496 propriis
2818 1429 3182 1485 voluntatibus
3223 1433 3365 1500 quod
3398 1434 3545 1488 vide-

1963 1515 2117 1570 batur
2142 1513 2363 1584 faceret,
2399 1518 2494 1571 sed
2521 1518 2871 1574 intentionem
2895 1520 3128 1574 divinam
3159 1523 3332 1590 potius
3355 1538 3547 1594 seque-

1963 1618 2128 1674 retur,
2158 1608 2291 1665 duas
2311 1609 2498 1665 doceat
2516 1609 2836 1678 voluntates,
2863 1613 2908 1666 si
2937 1622 3114 1669 tamen
3150 1615 3284 1671 duas
3314 1625 3544 1682 tantum,

1963 1717 2082 1755 cum
2113 1702 2279 1756 solius
2310 1703 2558 1759 humanae
2583 1713 2786 1759 naturae
2843 1721 2947 1760 non
2973 1708 3262 1776 propriam,
3295 1709 3387 1763 sed
3422 1725 3544 1778 pro-

1965 1796 2106 1862 prias
2147 1809 2268 1850 eSse
2309 1794 2504 1849 dixerit
2545 1797 2864 1860 voluntates,
2897 1813 3052 1868 quas,
3097 1809 3156 1853 ut
3197 1800 3309 1868 ipse
3339 1799 3546 1856 locutus

1965 1895 2071 1950 est,
2103 1885 2396 1940 docebatur
2423 1886 2668 1941 Christus
2697 1903 2802 1942 non
2832 1886 3032 1954 facere,
3080 1898 3136 1944 et
3162 1891 3320 1945 aliam
3350 1890 3548 1946 divinae

278 1978 401 2031 dicit
424 2021 436 2036 .
469 1977 726 2031 Transeat
758 1978 916 2033 calix.
958 1978 1333 2032 Verumtamen
1365 1976 1485 2046 quia
1522 1991 1624 2030 non
1658 1982 1853 2044 potest,
1889 1968 1934 2026 Β
1963 1976 2291 2040 intentionis,
2329 1992 2487 2046 quam
2519 1979 2665 2046 sequi
2696 1978 3009 2034 docebatur.
3052 1981 3189 2046 Quid
3218 1991 3392 2037 autem
3433 1999 3550 2038 rur~

275 2067 482 2136 inquit,
519 2067 673 2122 aliter
701 2067 812 2122 fieri
834 2109 847 2132 ,
881 2084 984 2122 non
1015 2069 1152 2124 sicut
1178 2084 1277 2137 ego
1303 2069 1446 2135 volo,
1479 2069 1572 2123 sed
1608 2068 1747 2123 sicut
1773 2077 1852 2122 tu.

279 2149 507 2229 liespite
547 2161 813 2230 quomodo
854 2161 1107 2216 deﬁciens
1148 2163 1360 2231 quidem
1399 2177 1582 2218 rursus
1626 2162 1860 2216 hominis

278 2265 491 2318 natura,
538 2264 791 2324 quantum
823 2255 888 2309 ad
919 2270 1036 2308 eam
1068 2256 1254 2310 attinet
1276 2298 1289 2318 ,
1343 2256 1651 2310 sublevatur
1679 2263 1858 2308 autem

279 2364 375 2414 per
405 2348 608 2401 unitum
639 2347 703 2401 ad
733 2363 848 2400 eam
880 2347 1112 2403 Verbum
1142 2348 1206 2402 ad
1235 2348 1466 2401 divinam
1495 2346 1770 2400 audaciam
1803 2354 1857 2400 et

280 2437 346 2489 ad
388 2439 698 2506 sapientiam
745 2438 1034 2508 juvenilent
1067 2437 1344 2501 cdocetur,
1395 2447 1452 2492 ut
1485 2453 1588 2491 non
1623 2437 1860 2505 propriis

283 2527 645 2598 voluntatibus
670 2529 807 2597 quod
831 2528 1106 2582 videbatur
1135 2528 1355 2605 faceret,
1387 2528 1480 2582 sed
1512 2526 1860 2580 intentionem

283 2623 513 2675 divinam
547 2623 721 2692 potius
752 2630 1087 2692 sequeretur.
1143 2641 1161 2673 ι
1198 2621 1486 2687 Propterea
1518 2619 1860 2674 Theodorum

285 2713 436 2781 rcfu's
464 2714 793 2770 du'monibus
823 2712 1224 2782 blaspltemasse
1253 2712 1528 2777 dixerunt,
1577 2710 1700 2780 quia
1731 2709 1863 2763 dixit

283 2806 425 2872 quod
466 2805 720 2860 Dominus
765 2804 1004 2858 timuerit
1033 2803 1358 2872 passionem.
1408 2798 1560 2868 Quod
1591 2799 1636 2855 si
1668 2799 1861 2869 recipi-

284 2911 426 2957 mus,
458 2895 714 2966 Cyrillum
745 2910 959 2964 quoque
989 2910 1240 2963 cogemur
1270 2894 1450 2948 dicere
1481 2891 1630 2960 pejus
1659 2890 1863 2945 daemo-

285 2989 442 3042 nibus
467 2987 891 3058 blaspbcmassc,
919 2989 1007 3055 qui
1037 3001 1132 3041 uos
1163 2987 1408 3040 admonet
1433 2992 1491 3039 ut
1517 2983 1864 3052 respiciamus

287 3081 553 3152 quomodo
613 3081 868 3135 deﬁciens
925 3079 1160 3132 hominis
1215 3086 1426 3144 natura,
1486 3084 1744 3144 quantum
1797 3073 1865 3129 ad

286 3191 406 3230 eam
439 3176 664 3241 attinet,
712 3173 1022 3228 sublevatur
1075 3186 1170 3240 per
1215 3171 1420 3223 unitum
1469 3168 1534 3222 ad
1567 3183 1684 3223 eam
1731 3167 1866 3220 Ver-

288 3268 412 3319 bum
452 3265 516 3318 ad
547 3264 781 3317 divinam
834 3261 1134 3315 audaciam.
1193 3260 1303 3314 Iloc
1350 3268 1533 3328 autem
1584 3258 1728 3326 quod
1765 3256 1864 3312 ad-

283 3361 446 3431 jecit,
489 3369 540 3411 et
571 3359 635 3412 ad
663 3358 976 3426 sapientiam
1018 3354 1307 3424 juvenilem
1351 3353 1624 3418 edocetur,
1669 3361 1726 3405 ut
1760 3367 1867 3406 non
1893 3337 1940 3399 C

289 3451 522 3522 propriis
552 3449 910 3504 voluntatibus
950 3448 1090 3519 quod
1134 3447 1414 3502 videbatur
1452 3448 1687 3509 faceret,
1734 3443 1866 3499 doc-

288 3546 456 3600 tiores
485 3559 603 3597 cum
641 3541 955 3612 quibusdam
985 3557 1102 3608 quae
1143 3541 1391 3610 superius
1419 3549 1715 3594 memorata
1746 3548 1870 3594 sunt

291 3640 732 3705 interpretentur,
765 3636 808 3690 si
843 3643 1018 3706 tamen
1051 3633 1368 3705 Eutychiaui
1399 3648 1694 3700 eorumque
1725 3646 1874 3688 com-

293 3727 455 3798 plices
505 3727 668 3782 velint
715 3726 1020 3782 admittere.
1070 3726 1203 3781 Nam
1232 3740 1352 3780 cum
1395 3726 1738 3793 Athanasius,
1783 3725 1873 3794 qui

294 3819 595 3874 decessoris
624 3819 703 3872 sui
741 3818 978 3891 Dionysii
1019 3819 1220 3888 scripta
1254 3819 1515 3887 purgavit,
1561 3819 1761 3888 aliquid
1795 3819 1875 3874 in-

297 3911 514 3965 veuitur
540 3910 642 3963 tale
670 3909 870 3965 dixisse
891 3909 1032 3978 quod
1058 3910 1324 3979 legentem
1355 3919 1537 3980 posset
1564 3911 1872 3975 oﬂ'euderc;

298 4004 378 4055 vel
424 4017 542 4055 cum
594 4001 840 4065 Basilius,
888 4002 976 4071 qui
1027 4003 1201 4070 magni
1252 4001 1499 4073 Gregorii
1539 4003 1712 4068 dicta;
1762 4004 1876 4058 sive

299 4092 548 4156 Hilarius,
599 4093 688 4163 qui
733 4092 949 4148 concilii
993 4103 1178 4146 contra
1211 4092 1431 4146 Paulum
1461 4094 1874 4148 Samosatenum

301 4186 638 4254 congregati,
670 4195 829 4256 atque
859 4185 1168 4241 Sirmiensis
1189 4188 1475 4242 constituta
1500 4186 1768 4252 defendit;
1802 4187 1881 4243 fas

300 4294 405 4332 non
439 4288 518 4332 est
549 4280 769 4332 omnino
815 4279 882 4334 de
907 4289 1066 4337 tautae
1100 4280 1310 4350 pictatis
1339 4280 1466 4337 viris
1491 4281 1631 4336 male
1660 4281 1879 4348 sentire,

303 4372 391 4440 qui
415 4386 476 4425 ex
511 4371 813 4439 semetipsis
843 4371 978 4427 alios
1001 4373 1350 4438 aestimantes,
1380 4387 1640 4428 excusare
1667 4373 1884 4428 studue-

305 4474 428 4516 runt
476 4463 616 4517 dicta
667 4464 928 4533 majorum
950 4505 964 4530 ,
1015 4475 1066 4520 et
1094 4465 1322 4534 qualiter
1353 4480 1383 4519 a
1415 4481 1475 4521 se
1503 4466 1608 4520 dici
1643 4476 1880 4535 possent,

307 4556 375 4608 tal
402 4565 484 4608 ter
525 4555 592 4608 ab
623 4556 728 4610 illis
757 4555 962 4624 prolata
993 4555 1139 4609 etab
1169 4556 1407 4611 Ecclesia
1439 4567 1683 4624 suscepta
1713 4558 1888 4612 credi-

307 4644 530 4714 dvrunt,
565 4646 698 4700 utin
730 4661 790 4700 ea
825 4655 1203 4715 permanerent
1231 4646 1493 4715 episc0pi.
1544 4647 1647 4703 Sed
1681 4656 1736 4701 et
1765 4649 1886 4715 qui-

308 4753 517 4806 cunque
539 4738 625 4792 alii
651 4738 988 4794 venerabiles
1011 4738 1219 4804 Patres,
1249 4754 1384 4806 quos
1412 4737 1550 4792 dicta
1584 4739 1888 4806 prmccdcn-
1920 4719 1966 4776 Ῑ)

309 4839 440 4881 tum
482 4844 588 4882 non
622 4829 845 4900 legimus
877 4843 1184 4892 excusasse,
1238 4829 1434 4899 aliquid
1480 4830 1584 4883 tale
1611 4830 1887 4899 dixerunt,

310 4919 596 4974 denotandi
640 4920 824 4990 procul
869 4919 1030 4974 dubio
1073 4935 1176 4974 non
1221 4928 1377 4981 sunt,
1431 4921 1642 4989 quando
1687 4931 1740 4976 et
1790 4922 1891 4990 ipsi

311 5011 550 5077 ejusdem
583 5013 795 5080 pietatis
819 5011 981 5066 fuisse
1003 5011 1312 5066 credantur.
1345 5010 1475 5065 Cum
1501 5028 1627 5067 vero
1647 5012 1713 5068 de
1739 5014 1894 5068 beato

313 5104 516 5174 Cyrillo
544 5106 594 5157 in
619 5105 1034 5158 destructionem
1052 5102 1238 5175 synodi
1263 5102 1709 5158 Chalcedonensis
1730 5105 1893 5176 Euty-

310 5196 490 5248 tzltiatti
530 5210 651 5249 cum
695 5196 808 5250 suis
859 5195 1180 5250 satellitibus
1219 5193 1431 5262 dicunt,
1478 5195 1567 5263 qui
1611 5209 1713 5249 non
1761 5194 1896 5251 forte

312 5287 702 5358 interveniente
727 5287 908 5356 aliqua
933 5286 1232 5352 oceasione,
1265 5285 1358 5340 sed
1390 5285 1580 5339 sedulo
1609 5293 1664 5338 et
1693 5285 1756 5338 ad
1789 5286 1894 5341 hoc

313 5379 559 5432 instituto
585 5393 770 5445 opere,
798 5377 1067 5432 Theodori
1099 5393 1127 5430 a
1157 5378 1314 5432 tantis
1342 5376 1589 5431 Patr-ibus
1617 5378 1892 5447 prtedicati

313 5473 454 5526 dicta
487 5473 752 5527 notaverit
787 5490 798 5526 :
831 5473 954 5541 quid
987 5471 1128 5527 aliud
1163 5472 1177 5502 ‘
1211 5471 1312 5528 nisi
1342 5480 1398 5525 ut.
1432 5472 1547 5540 ipse
1580 5472 1632 5526 in
1664 5471 1744 5525 his
1775 5489 1893 5541 qua:

317 5567 737 5620 uicintiravimus
764 5566 1081 5635 cauet-isque
1112 5564 1376 5618 similibus
1407 5566 1783 5621 inexcusabilis
1807 5566 1895 5634 ju—

317 5657 567 5714 dicatus?
599 5659 805 5714 Veritas
833 5661 975 5713 enim
1012 5657 1142 5713 dicit
1185 5677 1197 5712 :
1230 5655 1403 5710 Nolite
1425 5657 1682 5728 judicare,
1716 5670 1768 5711 ut
1800 5678 1898 5713 uwu

394 5810 410 5842 ⁸
451 5807 564 5865 Cod
597 5809 818 5873 Veron.,
852 5809 974 5876 quid
1005 5808 1148 5862 aliud
1181 5808 1397 5873 faciunt,
1423 5806 1539 5861 nisi.

385 5881 404 5950 ξ
448 5881 590 5935 Idem
620 5880 764 5945 cod.,
793 5883 978 5950 plagis,
1014 5880 1221 5948 ﬂagel'a
1250 5891 1295 5932 et
1321 5889 1492 5947 sputu.

384 5947 405 5978 ⁸
448 5951 592 6009 Idem
616 5952 760 6020 cod.,
791 5947 831 6005 ei
854 5947 1037 6020 fuisse.

1964 2085 2056 2125 sus
2087 2071 2138 2123 in
2178 2070 2366 2124 eodem
2398 2085 2561 2138 opere
2587 2081 2748 2139 atque
2793 2071 2845 2124 in
2877 2071 3065 2126 eodem
3117 2074 3250 2128 libro
3294 2074 3436 2128 dicat
3479 2075 3550 2130 de

1963 2161 2166 2216 duabus
2195 2161 2392 2215 Christi
2421 2161 2805 2227 voluntatibus,
2839 2161 2906 2216 de
2935 2162 3125 2230 quibus
3146 2165 3306 2217 etiam
3335 2163 3556 2218 beatum.

1964 2255 2316 2310 Athanasium
2365 2262 2595 2309 tractare
2642 2254 2799 2308 tertio
2842 2265 3023 2307 nostro
3067 2255 3206 2310 libro
3251 2255 3548 2319 docuimus,

1967 2347 2133 2401 lector
2162 2347 2424 2400 advertat.
2465 2363 2482 2395 ι
2518 2345 2654 2411 Quid
2685 2355 2796 2397 erat
2819 2387 2831 2409 ,
2868 2345 3069 2414 inquit,
3105 2347 3459 2402 voluntarium
3500 2358 3554 2406 et

1968 2453 2071 2490 non
2131 2436 2486 2490 voluntarium
2542 2436 2800 2489 Christo?
2848 2451 2875 2489 a
2924 2436 3062 2492 Juda
3082 2437 3125 2492 is
3179 2439 3551 2514 exhono'atio,

1967 2531 2343 2594 detractiones,
2399 2527 2628 2598 injuriae,
2673 2529 2840 2599 plaga:
2887 2533 2928 2593 ',
2979 2547 3140 2599 super
3183 2532 3296 2588 lucc
3343 2549 3553 2603 quoque

1967 2622 2269 2686 calumniae,
2320 2632 2372 2674 et
2413 2621 2554 2689 quod
2587 2631 2668 2673 e~t
2709 2621 3039 2675 inmunibus
3071 2622 3358 2690 ultimum,
3411 2638 3554 2678 mors

1966 2715 2228 2783 corporis.
2258 2713 2364 2768 Sed
2395 2714 2437 2766 si
2471 2713 2651 2768 fuisset
2683 2714 2936 2782 possibile
2969 2724 3022 2767 ut
3055 2729 3160 2768 non
3195 2729 3382 2783 passus
3409 2718 3550 2772 obti-

1968 2816 2119 2861 uerat
2161 2806 2212 2859 in
2255 2805 2408 2860 nobis
2452 2803 2593 2874 quod
2640 2812 2722 2859 stu
2749 2806 2927 2866 lebat,
2979 2820 3083 2858 non
3125 2805 3380 2862 voluisset
3422 2809 3548 2877 pati.

1967 2898 2229 2966 Quoniam
2251 2905 2427 2951 autem
2447 2895 2666 2950 omnino
2687 2905 2735 2950 et
2760 2896 3191 2951 inexcusabiliter
3215 2897 3374 2950 futuri
3400 2911 3555 2954 erant

1967 2990 2136 3045 Judaei
2171 3004 2496 3058 prarsumere
2523 3003 2638 3056 quae
2672 2987 2724 3042 in
2759 3004 2824 3042 eo
2856 2987 2992 3041 laeta
3032 2999 3184 3055 sunt,
3237 2989 3469 3058 suscepit
3498 3002 3556 3044 ut

1969 3087 2262 3149 pateretur,
2287 3090 2340 3133 et
2363 3078 2488 3134 fecit
2509 3080 2862 3132 voluntarium
2882 3120 2896 3145 ,
2928 3079 3067 3148 quod
3093 3093 3197 3134 non
3222 3089 3338 3134 erat
3366 3081 3556 3136 volun-

1970 3173 2162 3225 tarium
2187 3211 2202 3235 ,
2244 3181 2463 3239 propter
2493 3170 2772 3224 utilitatem
2799 3185 2867 3224 ex
2899 3171 3169 3239 passione.
3207 3190 3226 3224 ι
3261 3172 3557 3229 Attendaut

1971 3275 2097 3330 ergo
2124 3258 2570 3328 quemadmodum
2599 3259 2784 3312 beatus
2811 3259 3064 3329 Cyrillus,
3097 3260 3198 3316 etsi
3228 3277 3336 3317 non
3360 3261 3549 3317 iisdem

1973 3354 2150 3410 verbis
2174 3352 2367 3423 quibus
2388 3359 2604 3406 sanctus
2625 3351 2968 3417 Athanasius,
2999 3353 3131 3408 duas
3155 3365 3329 3411 tamen
3359 3359 3551 3413 volun-

1973 3454 2109 3502 tates
2138 3445 2330 3500 doceat
2358 3443 2414 3498 in
2441 3441 2656 3499 Christo
2681 3440 2867 3508 fuisse,
2910 3459 3033 3499 cum
3063 3445 3190 3500 dicit
3221 3456 3274 3501 et
3305 3449 3552 3504 volunta-

1975 3540 2112 3595 rium
2149 3548 2210 3593 et
2252 3553 2358 3592 non
2398 3538 2752 3592 voluntarium
2803 3537 2966 3591 fuisse
3003 3538 3022 3568 ³
3049 3539 3190 3606 quod
3220 3553 3406 3609 pasSus
3442 3553 3550 3610 ett,

1977 3627 2157 3694 clquia
2175 3640 2290 3694 quae
2306 3635 2527 3694 propter
2543 3639 2641 3679 nos
2663 3626 2845 3680 volens
2864 3639 3050 3694 passus
3073 3635 3154 3681 est
3175 3643 3280 3682 non
3303 3629 3559 3686 voluisset

1980 3721 2118 3790 pati,
2143 3728 2196 3774 et
2225 3718 2347 3788 quia
2376 3716 2504 3770 fecit
2528 3715 2882 3771 voluntarium
2915 3717 3056 3787 quod
3091 3732 3194 3773 non
3228 3730 3344 3773 erat
3373 3720 3560 3774 volun-

1981 3816 2168 3870 tarium
2197 3832 2212 3869 :
2237 3828 2334 3870 nec
2360 3813 2383 3844 ⁸
2408 3829 2502 3882 per
2525 3814 2626 3868 hoc
2653 3814 2790 3869 duos
2814 3814 3057 3870 Christus
3085 3827 3175 3870 aut
3202 3816 3337 3872 ﬁlios
3367 3822 3562 3886 praedi-

1980 3923 2134 3964 casse
2169 3907 2440 3963 credatur.
2489 3907 2642 3973 Quod
2683 3907 2729 3962 si
2767 3907 2961 3963 dicitur
3002 3909 3140 3964 istud
3183 3912 3562 3977 voluntarium,

1985 4001 2101 4056 lucc
2137 3999 2348 4069 quidem
2392 4010 2608 4068 propter
2637 4014 2735 4054 uos
2763 4001 2949 4055 volens
2978 4016 3163 4069 passus
3191 4011 3272 4056 cst
3299 4003 3564 4071 Christus,

1983 4101 2168 4148 etnon
2200 4091 2554 4146 voluntarium
2585 4092 2820 4159 Christo,
2872 4092 2957 4148 vel
2989 4097 3129 4162 quod
3160 4096 3348 4152 volens
3379 4113 3568 4164 passus

1984 4195 2062 4240 est
2095 4184 2238 4252 quod
2267 4199 2372 4238 non
2398 4183 2651 4239 voluisset
2683 4184 2822 4253 pati,
2867 4199 2972 4239 non
2997 4185 3128 4240 duas
3150 4187 3348 4243 divinae
3381 4189 3568 4243 huma-

1986 4292 2176 4348 naeque
2224 4287 2429 4332 natura:
2473 4277 2774 4332 voluntates
2822 4279 3132 4346 ostendere,
3184 4280 3278 4336 sed
3325 4281 3569 4337 humanas

1989 4383 2224 4438 tantum,
2269 4380 2489 4442 propter
2527 4372 2672 4426 aliud
2716 4380 2771 4427 et
2806 4371 2972 4439 aliud,
3020 4373 3178 4427 aliam
3217 4383 3377 4442 atque
3415 4375 3571 4428 aliam

1991 4465 2345 4526 voluntatem;
2399 4462 2539 4531 quod
2583 4462 2637 4515 in
2675 4471 2862 4516 natura
2893 4463 3070 4517 divina
3104 4461 3130 4497 δ
3158 4477 3265 4517 non
3305 4465 3572 4530 congruit,

1989 4564 2050 4609 ut
2093 4554 2338 4609 eamdem
2388 4567 2501 4606 rem
2549 4553 2678 4606 velit
2726 4553 2884 4606 simul
2925 4560 2982 4606 et
3024 4553 3158 4606 nolit.
3186 4571 3198 4604 :
3225 4561 3473 4620 superest
3522 4565 3574 4609 ut

1991 4647 2226 4718 exceptis
2255 4646 2340 4701 his
2367 4645 2752 4707 voluntatibus,
2800 4645 2902 4699 alia
2934 4643 3094 4697 fuerit
3124 4643 3177 4697 in
3229 4643 3446 4698 Christo
3488 4662 3574 4698 ea.

1993 4739 2222 4807 demque
2272 4740 2324 4793 in
2377 4737 2534 4792 Patre
2563 4747 2616 4790 et
2643 4736 2844 4804 Spiritu
2889 4741 3097 4800 sancto,
3149 4743 3353 4788 naturae
3383 4735 3576 4792 divinat

2003 4834 2268 4898 voluntas,
2317 4831 2399 4884 cui
2440 4829 2584 4883 aliud
2626 4840 2680 4883 et
2720 4827 2864 4883 aliud
2903 4825 3193 4882 convenire
3236 4842 3340 4880 non
3389 4829 3575 4896 possit.

2001 4923 2226 4978 Proinde
2260 4923 2360 4975 hoc.
2383 4921 2448 4975 ab
2477 4919 2928 4990 Eutycbianorum
2960 4920 3040 4973 vel
3071 4917 3574 4991 Sen'tieutychiauo-

2000 5032 2115 5068 rum
2149 5014 2441 5067 fautoribus
2478 5020 2884 5079 cXSpCClJmlIS,
2911 5025 3000 5066 ,ue
3045 5010 3094 5062 in
3134 5010 3579 5066 condemnatione

2001 5107 2258 5161 doctrina:
2288 5103 2558 5160 Theodori
2605 5101 2902 5158 doctrinam
2949 5117 3161 5172 quoque
3209 5103 3355 5158 beati
3395 5105 3578 5173 Cyrilli

2004 5218 2098 5270 pro
2127 5199 2212 5254 his
2236 5207 2392 5268 atque
2423 5197 2791 5268 hujuscemodi
2815 5200 3026 5253 caeteris
3053 5198 3326 5253 damnent.
3359 5199 3508 5267 Quod
3538 5201 3581 5256 si

2005 5294 2215 5346 beatum
2247 5291 2501 5360 Cyrillum
2535 5291 2896 5346 condemnare
2925 5289 3078 5344 nefas
3109 5290 3445 5357 existimant,
3482 5305 3580 5344 nec

2004 5385 2342 5441 Theodorum
2385 5385 2438 5438 in
2481 5385 2845 5455 praejudicium
2887 5385 3057 5440 sancti
3094 5384 3302 5439 concilii
3343 5385 3582 5450 culpent,

2003 5480 2154 5546 qua-i
2197 5475 2500 5531 Nestoriani
2544 5477 2743 5532 erroris
2783 5486 3076 5531 auctorem.
3124 5475 3240 5528 .lam
3280 5488 3407 5526 vero
3442 5473 3484 5526 si
3525 5481 3585 5527 et

2007 5579 2126 5638 post
2179 5581 2420 5623 exortam
2471 5583 2534 5622 ac
2581 5568 2908 5622 diliamatam
2959 5567 3188 5621 Nestorii
3234 5565 3582 5633 quaestionem

2010 5663 2195 5716 beatus
2233 5661 2464 5732 Cyrillus
2514 5661 2638 5715 talia
2689 5661 2769 5714 vel
2820 5660 2994 5713 taliter
3044 5665 3127 5711 est
3175 5657 3402 5720 locutus,
3453 5658 3579 5726 quid

2073 5812 2088 5840 ‘
2137 5812 2272 5865 Idem
2301 5812 2444 5874 cod.,
2474 5828 2564 5864 nec
2593 5820 2782 5864 tanien.

2077 5885 2095 5913 ⁵
2134 5883 2276 5937 idem
2309 5883 2453 5945 cod.,
2496 5885 2631 5948 quod
2663 5893 2862 5936 natura:
2892 5882 3072 5938 diuina:
3101 5899 3201 5938 non
3225 5886 3483 5956 ‘congruit.
