3992 6344
443 379 551 437 8‘25

1500 373 1723 427 FACUN
1736 372 1795 425 Di
1838 369 2053 424 Ei’lSC.
2093 367 2593 425 ιηιιυιιΑΜεΝδιε

3592 368 3727 424 825

442 495 637 547 mirum
654 492 1050 554 si'l‘lteodorus,
1078 489 1301 543 necdum
1325 488 1726 543 contradicente
1745 488 2012 551 Nestorio,
2046 486 2086 539 Α
2120 486 2278 553 igitur
2331 486 2645 555 Eutychiani
2695 501 2984 556 eorumque
3031 484 3343 552 complices,
3401 483 3602 539 ductos
3646 493 3727 539 et

441 582 758 635 calumniam
790 580 903 635 sive
930 579 1287 648 suspicionem
1320 579 1576 647 inopinati
1605 580 1803 633 erroris
1834 580 2012 632 incur-

443 671 549 725 rit?
597 670 885 740 Cognoscis
934 679 1111 723 autem
1168 686 1231 723 ex
1284 669 1364 724 his
1407 684 1525 737 quae
1576 672 2005 736 memoravimus,

442 762 855 817 clementissime
882 763 1191 831 imperator,
1221 760 1367 831 quod
1393 761 1653 815 veraciter
1683 761 2013 839 sapientissi-

443 868 560 906 mus
608 852 841 910 Joannes
899 853 1265 909 Antiochenus
1313 869 1433 907 cum
1490 854 1734 908 orientali
1784 854 2013 908 concilio

443 946 681 1001 scribens
711 946 867 1001 beato
892 945 1109 1018 Cyrillu,
1134 961 1203 1001 ne
1226 946 1467 1011 quaedam
1490 956 1740 1016 excerpta
1766 961 1828 999 ex
1853 946 2011 1001 dictis

444 1035 712 1091 Theodori
742 1036 841 1090 sub
867 1036 1201 1091 anathemate
1227 1036 1625 1103 damnarentur,
1662 1037 1808 1091 addit
1854 1044 2012 1106 atque

444 1128 553 1181 ait:
585 1145 604 1178 ‹
643 1126 925 1195 Excerptis
954 1127 1098 1180 enim
1130 1126 1244 1181 istis
1289 1127 1480 1181 similia
1527 1128 1765 1197 quaedam
1805 1128 2012 1182 inveni-

448 1233 565 1272 mus
591 1218 737 1287 apud
759 1220 970 1273 beatum
992 1218 1011 1251 ¹
1036 1219 1341 1273 etnobilem
1373 1219 1743 1285 Athanasium,
1771 1222 2011 1289 quaedam

446 1307 604 1361 etiam
637 1308 774 1375 apud
807 1308 1019 1361 beatum
1052 1308 1337 1375 Basiitum,
1372 1310 1613 1377 quaedam
1643 1310 1780 1377 apud
1811 1311 2011 1379 Grego-

449 1401 580 1451 rium
612 1406 913 1469 utrumque,
967 1401 1133 1454 multa
1167 1417 1294 1456 vero
1325 1410 1379 1456 et
1407 1402 1543 1469 apud
1586 1402 2013 1471 Amphilochium

445 1489 643 1557 saepius
681 1489 855 1556 dicta;
892 1506 996 1545 non
1036 1507 1196 1560 parva
1228 1506 1354 1547 vero
1402 1501 1456 1547 et
1500 1492 1637 1562 apud
1680 1507 2014 1549 communem

447 1578 657 1633 Patrem
707 1578 921 1635 beatum
964 1581 1336 1651 TlteOphilum.
1383 1583 1517 1638 Sunt
1553 1584 1694 1637 enim
1732 1600 1849 1653 qua
1878 1587 1897 1616 ²
1931 1596 2017 1639 tua

446 1669 703 1723 sanctitas
742 1670 812 1723 ita
852 1672 1158 1738 conﬁtetur,
1210 1682 1266 1725 ιιι
1294 1674 1538 1729 eumdem
1583 1675 1649 1729 de
1682 1676 1783 1730 illis
1824 1676 2018 1730 habeas

394 1802 397 1803 ν
451 1756 799 1813 intellectum.
831 1759 924 1814 llis
953 1775 1082 1827 ergo
1114 1759 1422 1817 commoniti
1445 1804 1459 1826 ,
1512 1780 1617 1817 non
1648 1779 1710 1818 ex
1743 1763 2020 1820 hmretico-

2112 580 2400 635 catholicos
2429 594 2511 645 se,
2539 594 2642 633 non
2665 578 2732 634 de
2762 579 2917 653 unius
2940 577 3231 642 Theodori,
3267 575 3361 631 sed
3394 575 3462 631 de
3486 593 3725 648 magna:

2113 673 2298 742 synodi
2330 669 2781 727 Chalcedonensis
2816 670 3237 739 reprehensione
3262 669 3552 741 jactarent,
3578 668 3723 726 illo—

2115 779 2229 816 rum
2262 762 2476 817 Patrum
2516 761 2777 816 similibus
2807 760 2962 814 dictis
2989 773 3083 814 eos
3112 759 3238 813 duxi
3284 761 3719 816 convenientia:

2116 852 2467 917 coercendos,
2510 866 2645 920 quos
2677 866 2781 904 non
2821 848 3021 903 audent
3066 849 3281 916 culpare
3308 849 3452 903 velut
3481 848 3718 906 haereti-

2115 948 2207 998 c'us
2238 963 2248 996 :
2276 960 2379 998 non
2412 943 2553 1010 (μιθά
2578 941 2789 995 eosdem
2812 940 3001 995 Patres
3029 939 3198 994 videri
3225 940 3487 995 notabiles
3510 943 3709 1008 velim,

2116 1040 2254 1091 sicut
2295 1036 2371 1090 illi
2419 1034 2757 1089 Theodorum
2808 1032 2873 1085 ad
2916 1031 3274 1086 evacuandam
3319 1033 3707 1087 auctoritatem

2118 1144 2322 1199 magna:
2365 1126 2554 1197 synodi
2595 1126 2781 1185 volunt
2821 1123 2987 1178 videri
3039 1122 3356 1188 notabilem;
3404 1123 3500 1177 sed
3533 1133 3592 1177 ut
3623 1129 3704 1179 eis

2117 1221 2454 1275 ostenderem
2481 1219 2619 1288 quod
2651 1218 2768 1271 sine
2795 1216 2877 1270 his
2910 1215 3153 1269 Patribus
3181 1229 3317 1285 quos
3344 1216 3568 1284 culpare
3593 1234 3705 1271 non

2118 1310 2347 1375 audent,
2398 1307 2738 1362 Theodorum
2772 1320 2867 1375 pro
2896 1303 3179 1367 similibus,
3230 1303 3313 1357 vel
3343 1304 3591 1360 eamdem
3616 1321 3706 1375 sy-

2121 1402 2346 1466 nodum,
2397 1398 2535 1468 quod
2582 1412 2703 1452 eum
2748 1412 2853 1448 non
2900 1394 3264 1459 damnaverit,
3316 1394 3533 1462 culpare
3588 1411 3704 1452 non

2124 1492 2342 1558 possint.
2368 1488 2456 1543 Sic
2480 1488 2755 1549 Dominus,
2780 1499 2898 1538 cum
2924 1483 3147 1535 sabbato
3172 1498 3265 1551 per
3285 1493 3397 1537 sata
3421 1485 3704 1552 transiret,

2123 1591 2174 1635 ct
2202 1580 2444 1647 discipuli
2475 1578 2589 1647 ejtts
2622 1576 2920 1630 esurientes
2967 1575 3255 1643 coepissent
3282 1575 3480 1631 vellere
3521 1578 3706 1647 spicas

2123 1685 2177 1727 et
2207 1673 2544 1735 manducare,
2587 1669 2933 1738 culpantibus
2954 1682 3047 1722 eos
3077 1668 3381 1733 Pharisaeis,
3428 1680 3481 1724 et
3507 1670 3702 1727 dicen-

2126 1766 2305 1817 tibus:
2336 1762 2467 1816 Ecce
2507 1761 2747 1828 discipuli
2786 1760 2858 1811 tui
2904 1758 3097 1825 faciunt
3136 1760 3271 1828 quod
3311 1778 3412 1813 non
3458 1763 3573 1815 licet
3628 1765 3704 1817 eis

450 1861 566 1899 rum
611 1847 701 1900 vel
740 1862 1072 1919 quorumque
1121 1851 1296 1905 minus
1341 1852 1743 1923 intell‘gentium
1773 1854 2017 1919 arbitrio,
2058 1849 2095 1904 ll
2128 1862 2294 1925 facere
2322 1854 2561 1919 sabbatis,
2610 1850 2882 1919 respondit
2914 1866 2929 1903 :
2966 1849 3085 1903 Non
3125 1852 3316 1921 legistis
3355 1854 3478 1920 quid
3522 1855 3703 1923 fecerit

449 1936 588 1989 dicta
618 1939 853 1992 omnium
885 1939 935 1993 in
968 1956 1096 2008 pace
1122 1941 1376 1996 Ecclesia:
1405 1944 1795 2011 quiescentium
1817 1944 2021 2012 judice-

410 2064 411 2067 η
451 2042 599 2094 mus;
650 2032 742 2084 sed
783 2030 957 2099 potius
987 2045 1049 2085 ex
1083 2032 1377 2087 intentione
1404 2033 1692 2088 dicentium
1725 2036 2019 2103 aquoniam

455 2118 571 2170 baze
599 2133 718 2187 quae
746 2135 1061 2191 quocunque
1091 2122 1249 2177 modo
1290 2126 1532 2180 videntur
1562 2125 1814 2180 lectorem
1850 2124 2020 2180 clien-

450 2208 598 2274 dere,
622 2224 725 2263 non
740 2223 1085 2281 segregantcs
1101 2216 1416 2285 semetipsos
1433 2216 1688 2270 adversus
1709 2216 2016 2282 Ecclesiam,

448 2298 543 2352 sed
597 2315 692 2367 pro
742 2299 982 2356 Ecclesia
1032 2305 1363 2371 scripserunt
1410 2306 1665 2359 adversus
1719 2306 2017 2361 ltmreticos.

448 2387 696 2457 Nunquid
726 2391 869 2445 enim
899 2392 1124 2462 probare
1155 2394 1436 2465 quisquam
1467 2404 1641 2466 potest
1669 2397 1808 2467 quod
1838 2407 2025 2453 contra

448 2491 541 2531 eos
571 2479 693 2533 talia
717 2479 965 2537 dixerunt
988 2486 1077 2552 qui
1106 2494 1439 2540 sacramento
1466 2487 1749 2541 dominicae
1781 2488 2024 2542 incarna-

451 2567 610 2622 tionis
641 2584 796 2623 unam
842 2571 936 2627 Dei
968 2573 1124 2629 Verbi
1155 2585 1312 2644 atque
1345 2576 1573 2632 hominis
1603 2577 1796 2632 factam
1834 2579 2023 2635 crede-

449 2657 579 2712 bant
630 2674 747 2713 esse
792 2676 1109 2732 personam,
1137 2674 1214 2739 et
1257 2681 1363 2722 non
1394 2668 1568 2737 potius
1617 2668 1875 2725 adversus
1904 2671 2024 2725 illos

451 2749 539 2813 qui
571 2750 703 2806 duas
729 2752 780 2806 in
813 2768 915 2807 una
944 2753 1138 2810 Christi
1168 2772 1390 2827 perSOna
1413 2760 1741 2831 denegabant
1764 2766 2025 2823 mansisse

452 2845 713 2898 naturas?
768 2864 787 2897 ι
832 2845 888 2901 Si
930 2849 1049 2916 quis
1078 2847 1238 2918 igitur
1281 2850 1428 2905 dicat
1468 2851 1556 2906 illo
1596 2862 1857 2922 tempore,
1902 2871 2023 2911 cum

452 2952 555 2991 nun
599 2935 802 2991 hisdem
845 2939 1035 3009 quibus
1079 2955 1175 2995 nos
1224 2944 1599 2999 haereticorum
1645 2947 2026 3014 qumstiouibus

454 3027 691 3084 Ecclesia
719 3028 1037 3098 pulsaretur,
1068 3043 1123 3088 et
1145 3035 1441 3089 necessaria
1468 3032 1582 3091 haec
1610 3036 1865 3093 adversus
1888 3038 2023 3095 alios

454 3119 753 3188 hereticus,
784 3132 836 3177 et
864 3123 1143 3179 catholicis
1173 3125 1383 3180 innoxia
1412 3126 1573 3183 fuisse
1606 3148 1616 3180 :
1652 3143 1793 3184 nunc
1814 3138 2020 3198 autem,

2127 1946 2293 1999 David
2318 1945 2524 2015 quando
2550 1944 2746 2008 eturiit,
2788 1952 2834 1998 et
2865 1947 2952 2009 qui
2991 1957 3106 1994 cum
3144 1959 3201 1995 eo
3230 1956 3374 1997 erant
3400 1961 3417 1998 :
3445 1947 3701 2013 quomodo

2122 2038 2324 2092 intravit
2354 2038 2404 2090 in
2436 2037 2641 2089 domum
2672 2034 2787 2103 Dei,
2817 2048 2862 2091 et
2893 2056 3047 2109 partes
3078 2039 3435 2109 propositionis
3454 2040 3700 2107 comedit,

2123 2148 2248 2202 quos
2278 2145 2377 2183 non
2402 2130 2578 2183 licebat
2608 2130 2652 2182 ei
2684 2129 2827 2183 cdere
2863 2147 3022 2200 neque
3050 2132 3127 2183 Itis
3155 2132 3242 2199 qui
3272 2147 3383 2182 cum
3410 2132 3499 2183 illo
3528 2143 3700 2196 erant,

2124 2223 2221 2275 nisi
2264 2220 2385 2273 solis
2425 2220 2812 2273 sacerdotibus?
2840 2223 2939 2274 Aut
2983 2238 3081 2274 non
3114 2221 3299 2292 legistis
3344 2220 3395 2273 itt
3438 2222 3547 2290 lege
3578 2224 3703 2290 quia

2123 2312 2346 2364 sabbatis
2375 2310 2657 2364 sacerdotes
2690 2312 2742 2362 in
2775 2313 2959 2381 tmiplo
2982 2312 3244 2364 sabbatum
3276 2312 3483 2374 violant,
3513 2323 3559 2364 ct
3587 2315 3634 2365 si
3674 2331 3704 2367 e

2124 2402 2332 2454 crimine
2373 2411 2489 2454 sunt
2522 2399 2730 2469 (Matth.
2765 2416 2860 2466 xu,
2886 2401 3072 2471 2-5)?
3112 2402 3261 2455 Sicut
3286 2417 3412 2468 ergo
3436 2402 3701 2458 Dominus

2126 2490 2406 2545 Pharis'eis
2433 2490 2703 2556 apostolos
2719 2491 2799 2544 cul
2810 2492 3054 2560 paratibus
3073 2492 3184 2545 hare
3212 2492 3559 2562 respondens,
3588 2510 3699 2549 non

2128 2581 2438 2649 prophetam
2465 2579 2628 2634 David
2657 2590 2708 2634 et
2739 2580 2826 2650 qui
2853 2596 2974 2635 cum
3003 2583 3091 2635 illo
3113 2592 3293 2651 erant,
3328 2599 3499 2652 neque
3520 2598 3704 2639 sacer-

2064 2726 2067 2730 ,
2125 2672 2276 2725 dotes
2309 2672 2471 2724 voluit
2502 2671 2668 2725 videri
2694 2673 2972 2736 notabiles,
3005 2672 3097 2727 sed
3123 2674 3299 2741 potius
3334 2684 3390 2727 ut
3421 2674 3522 2741 ipsi
3556 2674 3709 2729 Pila-

2127 2763 2266 2818 risa‘i
2308 2775 2609 2816 sanctarum
2640 2772 2688 2818 et
2736 2763 3043 2818 indubitatae
3086 2765 3418 2819 auctoritatis
3447 2780 3714 2832 persona-

2128 2872 2242 2911 rum
2297 2854 2543 2924 exemplo
2588 2856 2838 2922 coerciti,
2894 2856 3206 2911 innocentes
3256 2857 3544 2927 discipulos
3593 2874 3713 2914 non

2127 2948 2399 3016 culpareut
2430 2964 2444 3001 :
2486 2948 2554 3000 ita
2582 2961 2677 3001 nos
2709 2960 2813 3002 non
2844 2946 3176 3002 venerabiles
3210 2948 3393 3003 Patres
3420 2948 3704 3005 odendere

2127 3035 2443 3099 delectavit,
2479 3035 2571 3090 sed
2603 3036 3055 3108 Eutychiauorum
3084 3035 3479 3106 satellitumque
3506 3052 3703 3093 eorum

2130 3129 2596 3199 pra-sumptionem
2626 3127 2810 3181 talium
2836 3128 3199 3196 exemplorum
3229 3127 3530 3196 obiectione
3554 3142 3707 3183 com-

454 3212 782 3269 Nestorianis
824 3216 1159 3272 occasionem
1201 3219 1492 3287 simplicem
1536 3219 1833 3290 decipiendi
1881 3239 2023 3293 que-
2053 3206 2098 3266 (ἶ
2131 3234 2348 3287 pescere
2378 3236 2390 3273 :
2420 3218 2609 3288 quibus
2651 3217 2748 3271 hoc
2785 3216 3033 3283 dicimus,
3079 3226 3133 3269 ut
3174 3218 3217 3271 si
3260 3216 3373 3273 hac
3419 3218 3705 3281 Eustathii,

452 3305 711 3369 rentibus,
755 3306 1101 3364 abstinendus
1131 3318 1249 3365 esse
1279 3312 1484 3377 ﬁdeles,
1537 3315 1872 3384 maximeque
1901 3331 2023 3384 par-

454 3396 624 3460 vulos,
667 3397 735 3451 ab
779 3399 1096 3467 scriptorum
1131 3402 1311 3455 talium
1359 3403 1627 3459 lectione:
1661 3404 1745 3459 cui
1790 3420 1923 3459 sano
1964 3419 2025 3459 ac

454 3485 701 3554 prudenti
726 3488 1119 3558 diSpliceathoc
1132 3506 1319 3546 sanum
1348 3492 1687 3564 prudensque
1711 3494 2027 3549 conSilium?

453 3584 511 3631 ut
548 3579 796 3646 quoniam
840 3580 1022 3636 hostes
1062 3597 1195 3648 quos
1235 3583 1392 3639 modo
1439 3600 1537 3639 nos
1578 3586 1826 3655 patimur,
1870 3586 2027 3641 aliter

451 3676 729 3722 armantur
771 3670 1030 3725 adversus
1061 3672 1381 3739 Ecclesium,
1433 3674 1549 3743 ejus
1584 3690 1794 3745 quoque
1846 3676 2027 3732 tideles

452 3767 516 3824 ac
536 3766 955 3825 pr0pugnatores
979 3760 1030 3813 in
1054 3760 1169 3816 aliis
1192 3776 1310 3817 sese
1334 3765 1497 3817 armis
1525 3774 1838 3829 exerceant;
1872 3774 2027 3836 atque

452 3845 527 3902 ita
559 3847 673 3901 sine
703 3850 1042 3919 antiquorum
1070 3852 1323 3909 Ecclesiae
1350 3855 1757 3924 praedicatorum
1790 3855 2025 3920 infamia,

452 3936 531 3990 ab
551 3938 923 3997 hmreticorum
952 3944 1156 3999 insidiis
1184 3946 1537 4001 calumnietur
1570 3948 1610 4001 ι.
1636 3947 1743 4001 Nec
1766 3947 2025 4002 videbitur

452 4030 714 4085 insultare
738 4030 1023 4098 defunctis,
1055 4045 1145 4086 aut
1176 4035 1539 4103 religiosiores
1569 4051 1669 4090 nos
1696 4047 1787 4090 aut
1815 4038 2028 4107 sapien-

455 4117 618 4176 tiores
644 4120 695 4177 in
722 4119 948 4174 aliorum
977 4123 1486 4191 reprehensionibus
1511 4135 1800 4191 ostentare,
1835 4137 1885 4181 et
1913 4128 2024 4196 glo-

457 4207 590 4260 riam
621 4209 687 4263 de
732 4211 1015 4280 ignominia
1057 4215 1425 4271 defunctorum
1471 4226 1722 4286 appetere
1749 4221 1923 4288 :quod
1954 4222 2025 4276 ita

454 4300 643 4361 beatus
666 4303 950 4373 Gregorius
972 4308 1021 4359 in
1042 4308 1391 4377 Apologetico
1413 4324 1509 4364 suo
1531 4319 1681 4364 notat
1704 4326 1718 4365 :
1755 4330 1771 4362 ε
1804 4310 2020 4380 Omnes,

455 4392 652 4461 inquit,
701 4409 767 4447 ex
819 4394 921 4451 huc
964 4396 1103 4451 docti
1152 4408 1206 4453 et
1243 4399 1491 4454 catholici
1540 4403 1786 4455 volumus
1834 4403 2023 4470 videri,

455 4491 497 4537 si
530 4485 659 4541 alios
685 4486 1160 4559 reprehendamus,
1195 4502 1245 4545 et
1274 4470 1462 4560 impios
1484 4491 1804 4561 judicemus.
1844 4491 2022 4547 rCutn

530 4640 544 4709 Ξ
586 4637 719 4709 Cod.
750 4638 1074 4709 Veron.,,ttr
1105 4645 1324 4698 beatum.

527 4708 548 4736 ³
587 4707 726 4762 Idem
750 4713 895 4778 c0d.,
926 4707 1039 4783 qua:
1067 4731 1093 4767 e
1116 4716 1216 4767 iam
1245 4724 1354 4771 tua.

2128 3310 2437 3373 Athanasii,
2472 3308 2858 3377 Amphilochii,
2905 3306 3181 3377 Gregorii,
3228 3306 3453 3362 Joannis
3513 3318 3569 3362 et
3592 3304 3707 3377 Cy-

2128 3402 2262 3464 rilti,
2307 3400 2447 3455 dicta
2487 3415 2604 3469 quae
2646 3401 3079 3466 memoravimus,
3128 3399 3316 3455 melius
3361 3401 3711 3470 interpretari

2129 3501 2378 3559 possunt,
2411 3493 2568 3545 etiam
2591 3490 2859 3546 Theodori
2890 3492 3077 3546 melius
3107 3493 3449 3561 interpretari
3478 3492 3677 3565 diguen

2130 3589 2212 3634 tur
2245 3598 2256 3631 :
2290 3582 2333 3633 si
2381 3596 2481 3633 non
2504 3620 2516 3643 ,
2549 3590 2601 3634 et
2640 3580 2660 3611 ⁸
2687 3579 3017 3634 doctioribus
3052 3595 3113 3634 ea
3152 3580 3487 3650 relinquunt,
3537 3580 3711 3636 etiam

2129 3669 2313 3723 'l‘heod
2344 3669 2396 3722 ri
2423 3670 2498 3723 sic
2529 3669 2848 3738 relinquant.
2873 3669 3022 3736 Quod
3046 3670 3091 3724 si
3117 3679 3361 3739 putantes
3383 3684 3712 3727 memorato-

2130 3775 2246 3813 tum
2302 3760 2512 3812 Patrum
2550 3759 2690 3812 dicta
2742 3759 2932 3812 melius
2982 3759 3321 3827 interpretari
3370 3774 3473 3814 non
3522 3776 3709 3830 posse,

2130 3866 2233 3904 non
2265 3858 2441 3903 tamen
2473 3865 2536 3904 ex
2571 3850 2651 3903 his
2683 3864 2802 3919 quae
2849 3850 3073 3903 necdum
3105 3848 3430 3903 sollicitante
3472 3850 3721 3909 Nestorii.

2128 3943 2423 4010 quastione
2449 3940 2628 3995 minus
2646 3940 2952 3995 examinate
2978 3940 3178 4009 prolata
3202 3950 3353 4005 sunt,
3387 3941 3707 4001 laudabilem

2129 4054 2310 4092 eorum
2342 4036 2638 4090 doctrinam
2669 4034 2976 4089 existimant
2998 4033 3338 4107 judicandam
3375 4053 3386 4088 :
3415 4035 3709 4091 bucellam

2129 4129 2197 4185 de
2239 4128 2507 4183 Theodori
2558 4127 2795 4181 doctrina
2842 4136 3078 4181 sanctam
3122 4126 3383 4197 synodum
3425 4127 3704 4196 judicasse

2132 4238 2236 4274 non
2260 4230 2501 4290 arguant.
2531 4220 2661 4274 Nam
2680 4220 2805 4289 quia
2829 4234 2932 4273 nou
2953 4220 3263 4287 ignorantia,
3289 4220 3380 4274 sed
3406 4221 3703 4281 obStinatio

2130 4312 2251 4366 facit
2278 4312 2610 4375 hmreticum,
2656 4319 2709 4363 et
2739 4310 2788 4363 in
2820 4310 3184 4380 superioribus
3217 4310 3378 4364 multa
3404 4310 3517 4387 jam
3550 4312 3704 4368 dixi-

2129 4419 2267 4472 mus,
2301 4416 2351 4459 (ιι
2381 4405 2619 4473 sequenti
2648 4404 2783 4459 libro
2811 4404 3075 4473 aliquanta
3107 4404 3367 4458 dicemus.

2205 4646 2224 4675 ³
2266 4645 2408 4698 idem
2438 4646 2581 4707 cud.,
2626 4643 2857 4696 Eet‘lesia
2889 4644 3157 4696 mtmirtur.
3203 4643 3330 4707 Nec,
3362 4653 3466 4699 etc.

2206 4715 2227 4745 ⁸
2269 4715 2406 4770 Idem
2434 4714 2579 4779 cud.,
2613 4716 2653 4765 si
2684 4730 2793 4765 vero
2824 4713 3153 4767 doctioribus.

760 5040 763 5049 ,
1444 4978 1783 5065 LIBER
1862 4976 2693 5096 DUODECIMUS.

971 5172 1196 5227 CAPUT
1234 5174 1517 5229 PRIMUM.

464 5283 621 5357 Quod
659 5284 949 5357 ha'reticum
982 5286 1136 5353 faciat
1173 5300 1270 5338 non
1293 5286 1604 5357 ignorantia,
1659 5289 1744 5339 sed
1775 5288 2028 5341 obstinata

532 5355 755 5424 defensio
786 5354 1060 5424 falsitatis;
1092 5366 1139 5406 et
1164 5354 1328 5424 quod'
1350 5358 1569 5410 haeretici
1603 5374 1699 5409 non
1741 5360 1908 5409 statim
1934 5360 2018 5426 ju-

529 5426 736 5478 dicandi
760 5428 862 5479 sint
886 5426 971 5494 qui
1002 5427 1052 5479 in
1083 5426 1333 5496 aliquibus
1366 5431 1666 5480 erraverint.
1958 5434 1961 5437 ’

532 5536 779 5591 Defensio
825 5552 1031 5607 magna:
1085 5538 1271 5608 synodi
1333 5537 1803 5601 Chalcedonensis,
1867 5553 2023 5605 quant

459 5627 811 5683 criminantur
835 5627 1088 5697 Accphali
1113 5626 1253 5697 quod
1266 5627 1544 5696 cpisto'am
1578 5629 1896 5682 venerabilis
1920 5629 2025 5684 Iba:

459 5718 753 5771 doctrinam
767 5717 1032 5773 Theodori
1055 5716 1355 5771 laudantem
1375 5716 1627 5785 judicavit
1644 5718 2021 5784 orthodoxam,

461 5806 717 5881 cornpalit
742 5819 838 5866 nos
864 5846 889 5873 ,η
909 5806 1255 5869 Orientalium
1291 5806 1522 5864 maxime
1549 5806 1868 5870 admonente
1897 5823 2024 5865 con-

2134 5174 2283 5239 cilio,
2343 5176 2584 5243 quardam
2640 5192 2711 5237 ex
2746 5176 2901 5230 dictis
2952 5176 3285 5244 antiquorum
3320 5175 3535 5230 Patrum
3588 5194 3710 5245 pro-

2136 5268 2272 5322 terrc
2298 5281 2415 5334 quae
2441 5267 2674 5334 legentes
2704 5281 2809 5319 non
2845 5266 3019 5321 minus
3059 5281 3214 5334 quam
3245 5266 3334 5319 illa
3358 5282 3475 5335 qua:
3510 5267 3563 5321 in
3596 5270 3711 5337 ipso

2136 5355 2417 5410 Theodoro
2456 5358 2690 5426 culpant,
2720 5356 2990 5410 offendere
3022 5357 3319 5411 videantur.
3358 5359 3421 5411 Et
3449 5360 3710 5428 quoniam

2134 5445 2524 5499 contemnenda
2556 5461 2658 5498 nou
2703 5455 2787 5499 est
2817 5444 2936 5498 talis
2965 5443 3188 5499 oliensio
3208 5484 3223 5508 ,
3259 5460 3357 5500 nec
3385 5446 3561 5498 omnia
3591 5462 3712 5512 qua:

2136 5555 2197 5592 cx
2227 5538 2382 5591 dictis
2410 5552 2594 5592 eorum
2637 5537 2956 5606 protulimus
2987 5551 3266 5605 possumus
3306 5552 3581 5597 excusare.
3620 5554 3712 5595 ne-

2135 5642 2239 5696 que
2259 5628 2302 5682 si
2329 5642 2602 5695 possemus
2624 5636 2832 5696 tempus
2850 5628 3120 5681 sulticerct
3140 5627 3204 5679 ad
3224 5628 3523 5689 excusanda
3546 5630 3708 5682 etiam

2136 5728 2325 5773 cmtera
2354 5734 2468 5787 quae
2502 5721 2549 5773 in
2582 5719 2815 5787 ipsorum
2846 5728 3008 5786 atque
3051 5719 3278 5773 aliorum
3330 5721 3543 5774 Patrum
3577 5724 3709 5774 scri-

2138 5808 2240 5879 ptis
2282 5819 2500 5877 pnssuut
2525 5807 2794 5867 offendere
2832 5826 2842 5861 :
2887 5810 2983 5867 hac
3015 5811 3390 5885 compendiosa
3422 5820 3474 5866 et
3519 5816 3719 5874 secura
