3978 6350
215 372 318 428 ϐΞὸ

1040 368 1171 423 l‘l’iO
1216 365 1646 422 Dl‘LFENSIONE
1687 362 1895 420 TRIUM
1933 362 2249 422 CAI‘ITUL.
2293 365 2419 423 [ιιι.
2460 365 2569 423 XII.

3394 367 3499 422 320

216 501 410 544 omnes
455 486 507 540 En
559 484 817 539 Ecclesiae
852 500 978 555 pace
1015 488 1297 542 defunctos
1343 490 1547 542 ratione
1575 486 1817 541 ἀιιίυιιόί-
1849 486 1891 542 Α
1921 498 1996 539 sto
2027 490 2107 542 loc
2149 490 2285 542 vobis
2331 504 2506 559 potum
2534 490 2681 554 dedi,
2711 506 2811 544 non
2858 505 3043 556 escam,
3093 490 3320 545 nondum
3368 491 3502 543 enim

220 596 365 645 mus,
409 588 465 634 ut
496 578 782 633 dOrcamus
821 580 962 649 quod
1009 581 1211 635 nullum
1260 596 1447 636 eorum
1492 581 1804 636 hzereticum

225 672 392 743 digne
418 671 661 741 judicare
703 672 991 738 possimus,
1025 672 1107 727 vel
1152 656 1443 742 siquidem
1477 673 1818 726 inveniuntur

234 763 436 834 aliquitl
489 763 558 817 de
602 762 909 831 bnjusmodi
942 766 1326 834 quaestionibus
1372 766 1668 835 ignorasse.
1705 765 1817 819 Non

228 866 405 913 autem
462 870 549 909 me
592 856 875 924 quisquam
926 858 1053 911 illud
1097 858 1150 911 in
1201 858 1451 928 prmsenti
1497 857 1632 911 libro
1674 868 1821 926 putet

226 961 564 1017 aggressum,
598 955 656 1000 ut
684 946 935 1001 deﬁniam
968 948 1093 1018 quid
1125 949 1193 1003 sit
1225 950 1365 1019 quod
1397 950 1709 1004 hmreticum
1741 950 1819 1002 ta-

225 1038 331 1092 ciat
366 1053 381 1090 :
413 1038 538 1105 quia
588 1037 690 1091 hoc
743 1048 944 1093 tantum
996 1050 1296 1096 monstrare
1345 1042 1627 1110 pr0posui,
1678 1042 1819 1110 quod

229 1129 442 1199 quidem
460 1131 567 1199 jam
593 1130 643 1184 in
668 1130 1033 1200 Superioribus
1056 1134 1399 1203 acceptabili,
1429 1135 1566 1189 sicut
1590 1135 1819 1201 mstimo,

232 1221 439 1276 ratione
467 1223 783 1290 monsrravi,
819 1222 1085 1279 neminem
1116 1241 1213 1295 pro
1246 1226 1429 1282 talium
1461 1229 1820 1297 quaastionum

232 1312 553 1383 ignorantia,
604 1312 657 1367 in
708 1314 944 1369 Ecclesia
989 1316 1282 1383 viventem,
1312 1320 1427 1375 sive
1477 1320 1818 1387 defunctum,

232 1404 322 1471 qui
350 1419 408 1458 se
435 1403 663 1457 docilem
692 1404 1010 1460 Christianre
1033 1408 1293 1462 doctrina:
1322 1410 1525 1478 praebet
1555 1419 1647 1464 aut
1689 1428 1824 1478 pra:-

233 1494 371 1559 buit,
404 1496 713 1551 harreticom
739 1496 1203 1566 deberejndicari.
1231 1500 1361 1554 Nam
1395 1502 1437 1556 si
1470 1518 1607 1557 nunc
1639 1502 1825 1557 Eccle-

234 1586 314 1639 sia
364 1586 608 1654 qna'darn
658 1587 858 1641 Christi
906 1589 1089 1644 schola
1140 1600 1243 1655 est,
1294 1608 1590 1663 omnesque
1642 1594 1821 1650 ﬁdeles

232 1675 348 1744 ejus
382 1676 579 1730 Christi
626 1677 874 1732 dcuntur
903 1695 1024 1735 esse
1071 1681 1339 1751 discipuli,
1388 1699 1487 1738 nec
1540 1685 1821 1755 quisquam

235 1775 411 1835 potest
456 1767 717 1821 veraciter
746 1767 849 1822 dici
897 1769 1210 1837 discipulus,
1244 1774 1332 1842 qui
1367 1786 1471 1827 n'on
1515 1774 1713 1842 aliquid
1745 1774 1822 1829 di-

1922 582 2205 647 poteratis;
2242 582 2329 635 sed
2364 598 2454 634 nec
2488 598 2621 635 inme
2660 583 2860 652 quidem
2892 582 3097 651 potestis
3124 599 3142 636 :
3172 583 3342 636 adhuc
3371 585 3502 636 enim

1920 676 2037 725 estis
2064 672 2294 725 carnales
2322 672 2368 742 (Ι
2396 670 2513 726 Cor.
2536 688 2610 737 Ill,
2636 672 2703 741 I).
2728 671 2780 727 Si
2810 672 2964 742 igitur
2987 670 3271 735 Corinthii,
3295 672 3381 740 qui
3411 670 3501 726 ad-

1923 764 2025 819 huc
2053 766 2339 830 perlectam
2370 766 2645 818 scientiam
2680 765 2729 817 in
2759 765 3055 818 ministerio
3084 763 3104 793 ⁸
3127 764 3502 821 absconditam

1923 857 2253 915 ηοερίιςικιιιι,
2282 857 2520 911 ltmretici
2555 872 2660 910 non
2704 866 2881 918 erant,
2913 856 3055 923 quia,
3081 856 3221 932 sicut
3254 855 3328 909 ait
3357 857 3499 924 Apo-

1922 948 2112 1013 stolus,
2142 949 2192 1000 in
2216 947 2431 1001 Christo
2464 946 2669 1015 parvuli
2692 956 2844 1001 erant
2867 964 2879 998 :
2904 945 3171 1014 quomodo
3200 945 3502 1015 quisquam,

1922 1040 2035 1093 sive
2061 1040 2233 1093 adhuc
2262 1041 2464 1106 visens,
2495 1040 2612 1095 sive
2641 1038 2925 1093 defunctus
2952 1039 3002 1090 in
3038 1036 3272 1092 Ecclesia
3304 1037 3502 1092 Christi

1923 1139 2140 1198 propter
2164 1130 2337 1181 solam
2370 1144 2431 1181 ex
2471 1138 2620 1197 parte
2654 1127 3006 1196 ignorantiam
3030 1126 3296 1197 judiCetui-
3332 1141 3508 1180 nterc-

1925 1222 2084 1287 ticus,
2113 1220 2178 1274 de
2224 1236 2324 1287 qua
2359 1236 2516 1274 nemo
2548 1220 2813 1289 redarguit
2840 1230 2899 1273 ut
2941 1219 3330 1274 correctionem
3372 1217 3508 1273 reci-

1925 1327 2051 1380 pere
2074 1312 2305 1366 noluisse
2328 1313 2566 1367 dicatur?
2591 1314 3022 1383 Philippensihus
3046 1314 3206 1368 ctiam
3232 1313 3504 1368 scribens:

1927 1400 2037 1472 Ego
2079 1419 2155 1454 me
2184 1403 2369 1471 ipsum,
2400 1403 2589 1473 inquit,
2622 1420 2720 1457 non
2761 1405 2983 1457 arbitror
3032 1403 3511 1470 comprehendisse;

1925 1510 2082 1546 unum
2105 1504 2296 1557 autent,
2320 1512 2433 1563 qua:
2476 1496 2677 1564 quidem
2702 1506 2833 1550 retro
2864 1504 2979 1550 sunt
3013 1496 3328 1561 obliviscens,
3354 1497 3422 1549 ad
3450 1512 3515 1550 ear

1926 1602 2042 1638 vero
2066 1601 2177 1653 qua:
2204 1597 2319 1639 ante
2359 1596 2476 1640 sunt
2516 1589 2787 1641 extendens
2818 1604 2913 1653 me,
2969 1590 3034 1639 ad
3083 1588 3391 1643 destinatum
3434 1602 3511 1641 se-

1926 1694 2075 1747 quor,
2121 1679 2186 1729 ad
2239 1680 2459 1741 palmam
2510 1697 2743 1745 superna:
2772 1681 3046 1735 vocationis
3079 1680 3173 1734 Dei
3213 1680 3267 1732 in
3309 1680 3513 1734 Christo

1928 1767 2077 1823 Jesu.
2109 1770 2402 1839 Quicunque
2427 1787 2545 1843 ergo
2567 1774 2775 1842 perfecti
2798 1773 2891 1826 ltoc
2914 1772 3223 1825 sentiamus:
3244 1779 3290 1823 et
3318 1772 3362 1823 si
3386 1771 3510 1841 quid

234 1859 358 1921 scit,
380 1874 550 1928 neque
572 1860 795 1913 discitur
817 1860 917 1915 nisi
949 1861 1092 1930 quod
1116 1863 1417 1931 ignoratur;
1447 1865 1818 1934 proculdubio
1849 1860 1896 1921 Β
1925 1863 2068 1915 aliter
2096 1864 2311 1926 sentitis,
2347 1875 2392 1917 et
2423 1862 2519 1917 hoc
2547 1864 2683 1918 vobis
2715 1864 2847 1919 Deus
2873 1865 3112 1921 ret-elaoit
3144 1867 3192 1920 δ.
3236 1864 3510 1919 Verumta-

237 1958 329 2000 aut
352 1948 540 2003 docilis
566 1950 861 2017 ignorantia
896 1967 1000 2005 non
1028 1952 1154 2007 facit
1178 1953 1513 2021 hmreticum,
1535 1966 1625 2010 aut
1650 1958 1825 2011 onmis

236 2039 439 2093 Christi
470 2040 761 2108 discipulus
803 2042 903 2096 erit
935 2044 1238 2099 haereticus.
1266 2044 1328 2099 Et
1356 2046 1476 2115 quis
1499 2048 1609 2116 jam
1641 2048 1827 2102 catho-

238 2131 375 2185 lirus
418 2146 537 2186 esse
566 2134 795 2201 dicetur,
832 2134 875 2190 si
923 2137 1101 2191 omnis
1129 2137 1219 2207 qui
1268 2136 1336 2192 de
1364 2136 1673 2193 Christiana
1705 2139 1829 2194 reli-

241 2224 403 2293 gione
425 2225 626 2294 aliquid
650 2226 824 2289 discit,
854 2227 1139 2284 haereticus
1165 2239 1245 2285 est
1271 2233 1570 2287 dicendus?
1597 2234 1748 2301 Quod
1776 2236 1820 2289 si

237 2316 406 2370 etiam
452 2318 738 2373 credantur
780 2320 943 2389 aliqui
974 2321 1051 2375 sic
1083 2322 1264 2376 omnia
1294 2323 1570 2393 didicisse,
1608 2335 1664 2378 ut
1696 2326 1827 2379 nihll

238 2406 348 2477 jam
380 2409 581 2476 possint
610 2410 807 2464 habere
830 2411 970 2480 quod
1002 2412 1213 2466 discant
1236 2431 1250 2479 ;
1271 2415 1392 2482 quia
1421 2426 1595 2468 tamen
1626 2415 1829 2485 aliquid

242 2503 561 2570 ignorabant
604 2514 888 2572 antequam
930 2505 1228 2569 discerent,
1277 2522 1341 2561 ex
1376 2508 1647 2562 Iltlll'Cli.iS
1678 2509 1826 2563 vide-

242 2596 441 2648 buntur
472 2594 593 2649 facti
625 2596 922 2651 catholici:
953 2608 1110 2664 atque
1138 2599 1209 2651 ita
1240 2598 1532 2667 Colligitur,
1569 2600 1831 2653 ntnullns

242 2687 548 2741 inveniatur
583 2687 635 2741 in
667 2687 904 2761 EccleSEa
935 2686 1157 2753 Christi,
1185 2688 1273 2758 qui
1327 2705 1431 2743 non
1464 2698 1553 2742 aut
1579 2705 1700 2744 esse
1743 2698 1834 2744 aut

243 2778 410 2833 fuisSe
441 2779 783 2846 perlibentur
815 2779 1130 2833 lucrezicus:
1162 2791 1214 2834 at
1250 2780 1350 2835 hoc
1379 2781 1562 2836 dicere
1617 2781 1699 2835 vel
1736 2796 1832 2850 pn-

245 2881 363 2923 tare
388 2885 507 2923 cum
554 2868 955 2938 impiissimum,
986 2879 1094 2923 tum
1135 2870 1297 2924 etiam
1337 2871 1497 2925 nimis
1540 2872 1831 2925 absurdum

245 2972 348 3018 est.
381 2962 531 3017 Scire
553 2964 711 3033 igitur
737 2963 997 3018 debemus
1026 2964 1166 3034 quod
1198 2965 1508 3021 hcereticum
1544 2982 1648 3021 non
1680 2966 1836 3022 faciat

245 3054 549 3123 ignorantia
579 3070 697 3123 quas
724 3054 983 3110 doctrinm
1012 3056 1254 3111 veritatis
1282 3065 1569 3112 contumax
1601 3074 1704 3114 non
1729 3069 1833 3127 est,

247 3146 343 3200 sed
376 3147 552 3215 potius
583 3147 849 3202 obstinata
894 3147 1137 3204 defensio
1172 3149 1438 3204 falsitatis.
1472 3151 1553 3205 Ad
1579 3151 1712 3207 hanc
1741 3153 1838 3205 ob—

246 3237 589 3293 stinationem
626 3240 893 3307 pertinere
922 3235 1168 3305 dicimus,
1193 3240 1302 3296 imo
1322 3241 1675 3313 principatum
1695 3243 1746 3298 in
1769 3257 1834 3299 ea
1865 3226 1910 3289 Ο

247 3341 434 3385 tenere
464 3333 753 3396 firmamus,
778 3332 895 3387 illas
934 3334 1091 3388 etiam
1137 3333 1410 3389 doctrinas
1442 3351 1574 3406 quas
1614 3338 1829 3405 quidam

253 3437 365 3476 non
394 3423 545 3491 quasi
578 3422 756 3479 minus
789 3424 1136 3494 intelligendo
1166 3424 1469 3495 Scripturas
1490 3426 1714 3497 divinas,
1744 3428 1837 3483 sed

248 3514 330 3567 eis
370 3521 554 3581 aperte
609 3514 941 3580 resistendo,
990 3518 1101 3569 sola
1146 3518 1569 3586 praesumptione
1619 3520 1839 3588 Spiritus

246 3605 636 3673 condiderunt,
662 3608 801 3663 sicut
848 3608 1169 3665 Manicbteus
1210 3619 1370 3680 atque
1410 3610 1668 3679 Origenes
1702 3621 1756 3677 ⁸,
1784 3624 1839 3668 et

252 3700 461 3767 cwteri,
485 3700 573 3770 qui
604 3716 707 3754 non
738 3711 793 3755 ut
822 3701 912 3755 alii
939 3712 1225 3771 sequentes
1250 3717 1432 3758 earum
1458 3706 1831 3775 intentionem,

249 3792 306 3845 in
334 3791 592 3845 abstrusis
619 3792 1004 3861 quzestionibus
1034 3804 1373 3861 erraverunt,
1403 3795 1496 3848 sed
1525 3811 1687 3864 super
1717 3796 1835 3850 illas

252 3883 383 3937 elati
405 3882 592 3937 melius
606 3899 663 3938 se
675 3883 1020 3938 crediderunt
1037 3884 1114 3938 vel
1131 3899 1343 3954 sapere,
1361 3886 1441 3939 vel
1457 3885 1637 3941 dicere
1655 3887 1694 3939 ¹.
1708 3885 1839 3940 Nam

250 3974 296 4028 si
326 3974 624 4029 obstinatus
648 3974 738 4028 ille
767 3974 1027 4030 dicendus
1053 3985 1136 4029 est
1157 3976 1244 4044 qui
1277 3990 1381 4029 non
1413 3975 1555 4030 cedit
1586 3976 1841 4030 Ecclesia:

249 4065 561 4119 constitutis
607 4065 916 4119 earumdem
960 4065 1359 4135 Scripturarum
1393 4067 1713 4122 auctoritate
1752 4067 1841 4120 fir-

253 4158 436 4223 matis,
469 4165 666 4225 quanto
712 4155 996 4211 dcterlo=is
1043 4157 1422 4212 obstinationis
1464 4157 1723 4213 dicendus
1762 4167 1841 4214 est

254 4248 346 4313 qui
379 4249 508 4315 ipsis
554 4247 748 4302 divinis
777 4248 1071 4315 Scripturis
1117 4247 1412 4318 dedignans
1455 4250 1797 4320 acquiescere
1824 4290 1839 4315 ,

256 4339 544 4392 inviolabili
577 4354 758 4393 earum
790 4338 1105 4409 plenitudiui
1146 4349 1238 4395 aut
1264 4340 1487 4409 abrogat
1526 4342 1837 4406 veritatem,

254 4443 345 4483 aut
376 4432 573 4501 aliquid
605 4432 793 4487 deesse
842 4442 991 4502 putat
1029 4434 1167 4501 quod
1218 4434 1428 4503 propria
1460 4433 1655 4490 debeat
1687 4436 1840 4491 adiu-

258 4522 513 4577 ventione
558 4523 849 4592 sUpplere?
880 4524 1083 4591 Quibus
1114 4532 1291 4577 autem
1324 4525 1373 4577 in
1403 4524 1562 4577 rebus
1608 4524 1723 4578 lucc
1747 4526 1843 4581 ob-

1932 1968 2046 2005 men
2100 1952 2168 2005 ad
2212 1955 2346 2021 quod
2387 1956 2731 2024 pervenimus,
2758 1957 2812 2009 in
2851 1956 2945 2009 ltoc
2989 1958 3307 2012 ambulemus
3354 1955 3511 2028 (Plii-

1932 2034 2138 2111 ιίρςιιι,
2172 2048 2381 2117 13-16).
2414 2048 2541 2113 Qum
2572 2064 2692 2104 cum
2740 2050 2809 2103 ita
2863 2052 2993 2116 s’nt,
3035 2052 3158 2119 quid
3206 2051 3273 2111 de
3303 2050 3510 2106 hisdem

1932 2139 2364 2208 Philippensibus
2393 2140 2680 2205 credimus,
2724 2142 2918 2211 quibus
2946 2143 3158 2197 dicebat
3195 2142 3511 2207 Apostolus,

1931 2230 2069 2299 quod
2104 2231 2257 2284 aliter
2301 2232 2585 2293 sen'ircnt,
2615 2242 2670 2285 et
2696 2248 2830 2300 quos
2864 2234 3134 2299 monebat,
3164 2244 3217 2287 ut
3249 2234 3300 2287 in
3338 2247 3404 2287 eo
3430 2232 3513 2286 in-

1934 2323 2086 2376 tcrirn
2120 2324 2183 2374 ad
2218 2323 2355 2391 qrod
2391 2335 2743 2390 pervenerant
2766 2324 3119 2392 ambularent,
3153 2326 3203 2379 id
3239 2334 3320 2380 est
3348 2324 3512 2393 proti-

1932 2423 2110 2468 cercnt
2139 2414 2161 2467 ’ἓ
2189 2413 2476 2467 tlrcrcticos
2507 2429 2634 2480 ergo
2659 2415 2792 2468 tales
2823 2414 3303 2483 pronuntiahimus,
3336 2430 3403 2469 an
3435 2414 3515 2469 in-

1933 2503 2116 2557 doctos
2162 2503 2499 2559 catlnlicos?
2538 2503 2645 2559 Sed
2678 2504 2957 2559 hmrcticos
2999 2505 3178 2560 dicere
3210 2519 3315 2558 non
3352 2502 3515 2558 aude-

1935 2594 2148 2659 bimus,
2205 2595 2396 2661 quibus
2443 2609 2562 2648 cum
2623 2604 2730 2648 tota
2788 2594 3024 2649 Ecclesia
3079 2594 3517 2650 communicabat

1934 2684 2243 2751 Apostolus.
2264 2685 2439 2739 Resrat
2467 2686 2628 2753 igitur
2653 2696 2709 2739 ut
2729 2699 2841 2749 eos,
2868 2686 2994 2739 licet
3010 2686 3273 2749 indoctos,
3291 2694 3344 2739 et
3362 2684 3518 2740 aliter

1935 2795 2094 2849 quam
2113 2780 2270 2833 docet
2291 2780 2487 2835 veritas
2510 2779 2823 2843 sentientes,
2848 2778 3143 2833 catholicos
3166 2786 3340 2831 tamen
3358 2777 3519 2832 fuisse

1936 2874 2196 2929 dicamus.
2228 2874 2336 2927 Nec
2386 2887 2491 2926 non
2521 2882 2576 2927 et
2605 2871 3017 2928 Colosscnsibus
3048 2872 3118 2925 ita
3148 2870 3333 2926 scribit
3362 2888 3375 2925 :
3410 2869 3519 2923 Em

1938 2986 2153 3038 corpore
2167 2970 2345 3023 absens
2368 2985 2498 3034 sum,
2526 2970 2615 3022 sed
2637 2968 2820 3034 spiritu
2847 2967 3103 3020 vobiscum
3128 2982 3274 3020 sum:
3297 2966 3521 3035 gaudens

1937 3074 1983 3117 et
2012 3062 2187 3116 videns
2215 3061 2447 3115 ordinem
2493 3070 2735 3126 vestrum,
2769 3068 2813 3111 et
2845 3059 2897 3111 id
2932 3059 3071 3128 quod
3103 3060 3239 3111 deest
3288 3056 3522 3109 utilitatis

1945 3156 2067 3221 ﬁdei
2094 3165 2270 3209 vestrm
2302 3152 2524 3225 ((Ioloss.
2551 3168 2611 3217 tr,
2648 3152 2731 3222 5).
2773 3150 3017 3220 Nunquid
3063 3165 3192 3220 ergo
3244 3147 3524 3204 debuimus

1943 3248 2075 3303 istos
2125 3246 2404 3301 hmreticos
2452 3244 2672 3307 dicere,
2708 3245 2961 3313 quoniam
2994 3242 3210 3297 videbat
3242 3242 3526 3310 Apostolus

1943 3338 2081 3406 quod
2109 3338 2211 3390 illis
2236 3336 2300 3390 ad
2326 3336 2607 3391 utilitatem
2640 3334 2760 3389 fidei
2794 3334 3022 3389 deerat?
3052 3334 3209 3387 absit.
3237 3333 3366 3387 Nam
3398 3347 3527 3399 quo-

1944 3427 2103 3482 modo
2129 3427 2320 3497 spiritu
2365 3442 2486 3481 eum
2532 3425 2726 3479 talibus
2767 3425 2906 3479 idem
2950 3435 3093 3480 esset
3126 3424 3444 3492 Apostolus,
3476 3433 3527 3479 et

1941 3534 2144 3572 eorum'
2171 3518 2343 3571 ordini
2383 3516 2786 3586 eongaudetet?
2817 3516 2893 3571 De
2924 3516 3010 3569 illa
3043 3530 3253 3584 quoque
3285 3516 3525 3581 muliere,

1943 3625 2062 3679 qnze
2092 3619 2209 3664 erat
2233 3609 2288 3664 in
2318 3609 2459 3664 ﬂuxu
2486 3606 2760 3675 sanguinis
2777 3606 2843 3661 ab
2867 3607 3020 3660 annis
3050 3606 3112 3658 l2
3140 3614 3193 3661 et
3220 3604 3271 3658 ln
3296 3604 3527 3659 medicos

1944 3710 2264 3767 erogaverat
2309 3714 2523 3753 onmem
2567 3698 2923 3753 substantiam
2972 3711 3147 3760 sum,
3189 3711 3288 3750 nec
3313 3694 3381 3749 ah
3423 3695 3530 3748 ullo

1945 3790 2113 3858 potuit
2145 3791 2342 3855 curari,
2377 3787 2502 3856 quid
2530 3788 2868 3843 seruiendum
2898 3787 3023 3841 est?
3053 3785 3166 3841 Non
3188 3787 3330 3840 enim
3365 3785 3531 3839 Deum

1943 3881 2249 3936 crediderat
2279 3880 2577 3944 Christum,
2608 3894 2729 3934 cum
2776 3878 3037 3933 limbtiam
3077 3874 3385 3931 vestimenti
3413 3873 3531 3943 ejus

1943 3974 2249 4036 attingeret.
2285 3971 2413 4027 Nam
2445 3970 2543 4026 dic
2568 3981 2659 4024 nte
2688 3970 2945 4033 Domino,
2978 3968 3104 4033 Quis
3132 3977 3207 4021 est
3236 3968 3323 4035 qui
3352 3982 3431 4019 me
3462 3976 3532 4019 ts-

1944 4071 2058 4134 tigit
2085 4066 2108 4121 ?
2137 4073 2194 4121 et
2224 4062 2586 4130 respondente
2630 4061 2789 4117 Petro
2818 4072 2872 4116 et
2901 4061 2987 4129 qui
3040 4076 3161 4115 cum
3212 4060 3302 4113 illo
3329 4069 3485 4112 erant
3515 4076 3528 4113 :

1945 4158 2259 4229 Pitrceptor,
2288 4154 2449 4209 turbt:
2490 4162 2537 4207 te
2582 4153 2925 4220 comprimunt
2967 4160 3013 4205 et
3052 4152 3299 4222 aﬂligunt,
3333 4159 3379 4203 et
3406 4149 3539 4202 dicis

1944 4251 2057 4320 quis
2080 4264 2158 4301 me
2181 4247 2337 4316 tetigit
2363 4244 2515 4317 (Luc.
2541 4258 2658 4309 vm,
2686 4242 2816 4314 45)?
2850 4257 3170 4312 rursumque
3197 4242 3423 4296 Domino
3453 4240 3534 4293 di-

1944 4348 2100 4396 cente
2130 4356 2142 4391 :
2179 4336 2368 4406 Tetigit
2410 4351 2491 4389 me
2518 4336 2703 4406 aliquis
2732 4352 2749 4389 :
2790 4351 2907 4389 nam
2940 4350 3032 4406 ego
3060 4334 3177 4387 nori
3214 4334 3446 4386 virtutem
3474 4331 3539 4385 de

1944 4449 2023 4487 me
2048 4431 2212 4486 exisse
2236 4427 2422 4499 (Ibid.,
2452 4424 2568 4493 46‘,
2603 4442 2699 4480 nec
2733 4425 2991 4494 pr-vdente
3032 4424 3155 4492 quid
3188 4422 3387 4475 iactum
3420 4420 3537 4476 fuc-

1947 4525 2016 4579 rit
2054 4533 2113 4578 ut
2140 4522 2227 4576 illa
2259 4519 2435 4589 potius
2476 4533 2596 4587 qum
2621 4525 2805 4571 sanata
2838 4525 2973 4580 erat,
3025 4515 3177 4567 testis
3207 4510 3407 4565 divina:
3431 4511 3538 4563 vir-

258 4615 478 4667 Hirtnlio
508 4613 729 4668 haeresis
760 4614 1001 4669 habenda
1033 4616 1125 4681 sit,
1160 4614 1377 4683 majoris
1402 4623 1487 4668 est
1508 4616 1839 4685 qumstionis,
1870 4595 1922 4656 D
1949 4617 2075 4673 tutis
2120 4612 2405 4677 existeret,
2433 4610 2571 4664 sicut
2617 4609 2685 4662 ibi
2732 4616 2950 4661 secutus
2991 4604 3315 4673 evangelista
3363 4601 3531 4657 dicit:

254 4713 310 4758 et
339 4704 630 4759 intentione
657 4706 681 4736 ²
705 4704 863 4773 hujus
894 4706 1073 4773 operis
1102 4705 1326 4759 alienas:
1358 4721 1499 4761 nunc
1541 4708 1682 4775 quod
1716 4724 1840 4777 pro-

256 4793 535 4864 posuimus
565 4811 940 4865 exsequamur.
967 4796 1199 4851 Dicimus
1231 4812 1380 4865 ergo,
1408 4798 1547 4865 quod
1579 4802 1785 4854 alienus
1812 4814 1840 4853 a

255 4886 476 4941 Christo
506 4889 571 4943 sit
600 4889 775 4943 omnis
824 4889 1125 4944 luereticus.
1174 4890 1464 4945 Corinthiis
1508 4903 1685 4947 autem
1717 4894 1844 4949 dicit

256 4982 588 5045 Apostolus:
625 4980 746 5034 Non
781 4981 923 5049 potui
958 4982 1096 5051 loqui
1126 4982 1261 5035 vobis
1282 4990 1520 5051 tanquam
1550 4983 1569 5013 ³
1600 4985 1846 5053 spiritua-

257 5071 344 5125 ω’
366 5089 411 5135 s,
441 5074 529 5125 sed
566 5074 712 5144 quasi
743 5073 1071 5127 carnalibus:
1101 5082 1347 5141 tanquam
1376 5073 1604 5141 parvulis
1629 5074 1679 5125 in
1705 5073 1850 5127 Chri-

334 5238 357 5265 ι
384 5228 672 5295 Utriusque
694 5230 904 5299 cognati
934 5230 1112 5283 audtis
1140 5230 1191 5283 in
1237 5230 1393 5285 rebus
1422 5242 1633 5283 errores
1659 5244 1721 5282 ac
1741 5228 1837 5283 de-

256 5300 379 5354 Iiria
426 5299 659 5364 fuerunt,
696 5314 791 5367 par
840 5301 1061 5366 proinde
1099 5301 1355 5354 adversus
1400 5314 1582 5355 sacras
1635 5300 1840 5353 litteras

253 5369 506 5425 audacia.
539 5370 687 5435 Quod
718 5384 846 5439 ergo
876 5370 941 5424 de
974 5371 1277 5425 Manichris
1314 5372 1378 5424 ad
1410 5370 1678 5425 soliturios
1701 5374 1839 5423 scri-

253 5450 441 5509 peierat
488 5440 829 5505 Athanasius,
881 5441 1018 5495 fictis
1049 5442 1172 5495 illos
1220 5442 1685 5495 dissertationibus
1731 5441 1843 5494 suis

253 5510 466 5563 divinas
486 5510 788 5576 Scripturas
814 5513 1198 5571 adulterantes.
1228 5513 1435 5565 fabulas
1466 5527 1701 5565 narrare.
1737 5513 1841 5566 M2-

257 5590 449 5651 κχαῖθι
476 5586 596 5652 γὰρ,
623 5581 813 5655 inquil,
834 5584 1200 5642 καπηλεύοντες
1232 5585 1319 5641 τὰς
1350 5586 1484 5642 θείας
1509 5589 1705 5655 γραφὶς
1734 5590 1842 5655 τοῖς

256 5655 455 5707 ἑαυτῶν
499 5652 827 5713 intulisset;
857 5654 1014 5723 λόγοις
1063 5677 1098 5723 μ
1136 5656 1440 5725 Cloio-pinv.
1490 5652 1597 5709 Hoc
1622 5652 1694 5709 dt:
1723 5653 1842 5709 Uti-

333 5811 348 5839 ‘
380 5809 512 5863 Cod.
539 5809 756 5875 Verum,
792 5810 986 5864 duret‘e.

332 5882 353 5913 ’
376 5880 523 5944 idem
554 5882 698 5952 cod,
723 5885 785 5936 ab
812 5883 1106 5936 intentione.

1961 4708 2148 4763 Videas
2194 4714 2362 4758 autem
2405 4701 2589 4755 mulier
2630 4702 2748 4769 quia
2792 4715 2893 4752 non
2948 4698 3126 4762 latuit,
3158 4705 3375 4749 tremens
3406 4695 3538 4748 venit

1951 4799 2142 4873 (lbid.,
2168 4798 2280 4865 Π),
2312 4806 2357 4849 et
2397 4794 2613 4866 procidit
2654 4801 2773 4845 ante
2800 4793 2951 4863 pedes
2984 4790 3124 4843 ill.us
3149 4805 3167 4842 :
3196 4798 3249 4842 et
3281 4788 3350 4841 ob
3377 4802 3538 4855 quam

1952 4906 2167 4947 causam
2194 4888 2342 4942 illum
2369 4886 2642 4955 tetigerat,
2671 4883 2924 4938 indicavit
2946 4896 3125 4935 coram
3152 4880 3298 4935 omni
3322 4880 3541 4949 populo,

1954 4991 2011 5038 et
2040 4979 2491 5051 quemadmodum
2516 4976 2797 5031 confestim
2819 4985 3001 5029 sanata
3026 4974 3114 5027 sit.
3147 4973 3307 5043 lgiIur
3327 4988 3391 5026 ex
3423 4986 3541 5026 ver-

1955 5076 2036 5130 bis
2070 5075 2223 5127 l.uca:
2278 5072 2544 5125 dicentis:
2583 5069 2769 5121 Videtis
2814 5081 2981 5122 aurem
3035 5067 3216 5120 mulier
3265 5068 3387 5136 quia
3439 5080 3542 5119 nan

1950 5246 2085 5302 gene
2111 5228 2173 5280 nd
2206 5227 2409 5279 Mariam
2441 5227 2683 5302 scribens
2711 5225 2879 5278 innuit
2903 5223 3251 5302 Iustinianum,
3283 5222 3429 5302 illum
3454 5234 3543 5302 ξαε-

1948 5292 2066 5357 cras
2092 5302 2298 5353 litteras
2322 5302 2373 5352 in
2401 5299 2635 5361 speciem
2665 5297 3093 5361 interpretandas
3118 5292 3419 5359 suscepisse
3438 5293 3547 5353 ,ἵνα

1950 5382 2047 5428 τῶν
2080 5371 2312 5428 Ἑλλήνων
2337 5369 2655 5440 μυθολογίας,
2682 5372 2765 5421 καὶ
2787 5372 2875 5442 τὴν
2903 5366 3394 5442 Nauigauit-inausa?
3416 5361 3545 5440 τιςλὰ-

1952 5467 2036 5501 um
2084 5432 2374 5513 slew/27g;
2428 5450 2480 5490 ut
2527 5432 2788 5513 gentilium
2839 5432 3073 5505 fabulas,
3106 5451 3149 5489 et
3196 5432 3545 5486 Manio/micas

1954 5513 2133 5583 quibus
2158 5510 2423 5563 LaboritbttlL
2446 5526 2643 5583 errores
2670 5511 2948 5561 induceret.

2028 5586 2051 5625 ι’
2087 5583 2400 5652 damula-ﬁt
2413 5621 2426 5643 ,
2459 5580 2712 5634 tet'clabtt.

2037 5800 2057 5831 ³
2084 5798 2224 5853 Idem
2272 5798 2416 5859 rod.,
2448 5798 2611 5862 quasi.

2041 5871 2060 5900 ⁸
2087 5871 2232 5924 Idem
2264 5870 2405 5935 cod.,
2437 5866 2691 5937 mysterio.
