3992 6344
501 359 595 412 5‘27
1592 367 1887 427 FACUNDI
1911 373 2119 428 EPISC.
2155 373 2649 432 lllﬂliMlANENSlS

3688 374 3804 430 ωε

503 477 670 544 latuit,
699 476 1042 547 intelligimus
1067 479 1186 546 quia
1210 479 1286 534 sic
1312 482 1556 551 tetigerat
1580 494 1637 538 ιιι
1660 487 1887 542 lateret:
1915 489 2081 545 latere
2115 495 2159 551 Λ
2189 494 2414 558 ciperet,
2442 491 2592 560 quasi
2623 491 2904 557 nescienti,
2933 490 3069 544 sicut
3098 498 3150 544 ct
3174 490 3262 544 illa
3297 489 3488 545 mulier
3513 508 3638 560 qua:
3668 507 3799 548 san-

503 580 681 625 autem
713 585 871 639 posse
893 578 995 625 neu
1021 571 1262 626 crederet
1295 574 1482 629 Deum.
1516 577 1788 634 Christum
1821 597 1946 650 ergo
1977 600 2082 638 non

509 666 670 719 Deum
695 664 1020 729 crediderat,
1053 682 1210 736 quem
1235 667 1400 723 latere
1429 685 1584 738 posse
1605 671 1924 742 crediderat,
1951 678 2087 732 adeo

502 764 558 807 ιιι
586 755 726 823 quod
759 755 897 811 inse
943 756 1137 810 factum
1168 759 1351 826 sciret,
1387 760 1725 818 imlicandum
1761 769 1807 819 ei
1850 777 2082 836 putaret.

501 847 591 900 Sic
621 846 762 901 enim
809 857 862 913 et
886 849 1021 903 alius
1059 850 1222 904 refert
1266 856 1631 922 evangelista:
1671 856 1863 911 Mulier
1915 873 2086 915 autem

503 942 684 994 timens
711 948 756 993 et
780 951 1016 1002 tremens,
1050 940 1211 995 sciens
1240 944 1375 1005 quod
1401 947 1592 1011 factum
1621 957 1750 1001 esset
1777 950 1827 1000 in
1855 966 1927 1015 se,
1953 954 2086 1006 venit
2118 971 2122 976 ·

503 1041 547 1084 ιι
569 1033 786 1101 procidit
813 1046 934 1085 ante
952 1049 1086 1094 eum,
1113 1046 1161 1087 et
1186 1035 1316 1088 dixit
1332 1037 1378 1089 ei
1400 1053 1598 1091 onmem
1617 1041 1872 1094 veritatem
1892 1041 2083 1118 (Marc.

505 1141 553 1186 ι’,
584 1122 714 1186 55);
749 1133 806 1176 ut
842 1125 980 1191 quod
1027 1126 1170 1194 prius
1221 1140 1436 1196 mgrotrc
1491 1129 1662 1199 pudor
1691 1133 2083 1200 absconderat,

503 1232 644 1269 same
676 1217 890 1271 dev0tio
914 1219 1187 1272 f'atrrerur.
1227 1220 1292 1273 Et
1321 1220 1564 1277 fortassis
1596 1225 1717 1279 ideo
1740 1238 1884 1280 retro
1912 1227 2090 1298 tetigit

503 1307 796 1374 Christum,
833 1316 891 1361 ut
939 1309 1056 1376 ipso
1085 1325 1296 1378 quoque
1324 1321 1440 1366 actu
1490 1314 1758 1384 signaret,
1789 1319 1928 1386 quod
1980 1336 2086 1375 nou

503 1401 618 1468 r-jus
645 1401 907 1466 anterius,
939 1416 1044 1470 quo
1075 1403 1331 1470 pra-cedit
1382 1407 1584 1470 omnia,
1620 1410 1912 1464 secundum
1943 1415 2087 1480 quod

501 1493 699 1548 dictum
727 1503 850 1548 est:
885 1492 949 1546 In
976 1497 1230 1568 principio
1270 1509 1380 1552 erat
1421 1499 1665 1567 Verbum,
1710 1504 1806 1558 sed
1845 1501 2090 1560 humani-

502 1595 684 1651 tatem,
718 1602 819 1654 qua
854 1595 1036 1655 postea
1077 1587 1296 1643 Verbum
1347 1608 1464 1644 raro
1495 1597 1689 1662 factum
1729 1606 1803 1649 est
1827 1593 2020 1661 ‘(Joam
2049 1611 2086 1660 ι,

502 1677 555 1740 1,
589 1675 703 1746 id),
739 1677 841 1732 fide
871 1680 1173 1749 contigerit.
1221 1681 1372 1736 Sicut
1419 1685 1560 1736 enim
1611 1685 1764 1740 nobis
1814 1687 1878 1740 ad
1907 1703 2088 1744 rerum

503 1767 942 1834 significationem
1003 1773 1168 1826 verba
1225 1784 1351 1828 sunt
1403 1776 1560 1842 data,
1615 1779 1692 1832 sic
1748 1781 2089 1850 omnipotens

2189 582 2364 650 guinis
2396 583 2539 635 fltrxu
2571 590 2752 636 curata
2785 590 2890 645 est,
2924 580 3263 635 iudicandum
3315 583 3519 650 putavit
3547 582 3745 638 dicens
3780 601 3795 639 :

2189 669 2432 736 Domine,
2455 673 2569 740 jam
2603 673 2749 742 fetet,
2782 673 3162 741 quatriduanus
3186 671 3321 724 enim
3343 679 3414 726 est
3447 670 3642 744 (Ibid.,
3677 673 3792 743 59).

2189 760 2300 815 Cur
2321 777 2448 830 ergo
2479 779 2582 815 non
2608 772 2659 816 et
2685 762 2813 816 istas
2837 761 3126 816 familiares
3149 760 3362 816 Christo
3390 777 3655 832 personas
3681 765 3790 819 hae-

2193 855 2388 909 reticas
2421 856 2588 909 fuisse
2615 854 2878 921 dicamus,
2903 855 2946 910 si
2993 863 3045 909 et
3080 855 3380 923 ignorantia
3410 856 3642 924 simplex
3672 857 3790 911 ha:-

2189 945 2418 999 reticum
2463 946 2635 999 facit?
2666 946 2771 998 imo
2809 961 2902 1000 cur
2934 962 3039 1000 non
3089 962 3278 1001 omnes
3325 947 3416 1001 Dei
3449 947 3691 1002 cultores
3720 949 3792 1002 ab

2190 1034 2340 1088 initio
2373 1035 2580 1102 mundi,
2615 1037 2703 1104 qui
2735 1036 2816 1090 vel
2847 1037 2985 1090 sicut
3030 1036 3291 1090 Corinthii
3324 1046 3377 1090 et
3406 1037 3788 1108 Philippenses

2191 1134 2353 1194 atque
2378 1126 2748 1192 Colossenscs,
2773 1127 2859 1180 vel
2889 1127 3025 1180 sicut
3047 1127 3162 1181 ista:
3195 1128 3467 1192 mulieres,
3489 1132 3669 1183 minus
3690 1132 3787 1183 ali-

2190 1219 2319 1287 quid
2350 1220 2628 1273 credentes
2658 1218 2726 1272 de
2761 1218 2842 1272 his
2871 1235 3098 1284 quorum
3135 1220 3242 1276 title
3280 1221 3626 1286 mundamur,
3663 1237 3785 1276 san-

2190 1321 2328 1363 ctam
2368 1321 2422 1364 et
2456 1310 2752 1378 simplicem
2794 1309 2958 1363 vitam
2992 1311 3046 1363 in
3079 1321 3468 1380 praeceptorum
3519 1311 3613 1365 Dei
3655 1313 3785 1368 obe-

2191 1403 2392 1457 dientia
2417 1403 2697 1458 finierunt?
2719 1403 2828 1457 lloe
2850 1411 2932 1457 est
2959 1413 3134 1457 autem
3161 1403 3376 1466 mirum,
3393 1404 3532 1472 quod
3556 1414 3608 1458 et
3635 1404 3782 1458 illius

2198 1492 2434 1546 mulieris
2465 1507 2581 1561 quae
2614 1492 2713 1544 fuit
2760 1491 2810 1546 in
2850 1492 2994 1546 fluxu
3034 1492 3309 1562 sanguinis
3361 1492 3674 1561 imperfecta
3732 1503 3787 1549 et

2193 1584 2408 1652 parvula
2437 1583 2590 1646 ﬁdes,
2621 1583 2908 1652 perfectam
2933 1593 2987 1638 et
3019 1599 3265 1653 magnam
3288 1585 3448 1653 exigit
3482 1585 3548 1638 de
3575 1583 3787 1639 Christi

2195 1674 2405 1744 jnstitia
2446 1676 2754 1761 sanitatem,
2799 1675 2989 1730 harum
3014 1691 3141 1730 vero
3171 1692 3440 1741 sororum,
3467 1678 3786 1745 stupendam

2197 1771 2488 1840 promeruit
2518 1770 2856 1840 quatriduani
2887 1770 3069 1824 fratris
3099 1771 3571 1826 resurrectionem.
3602 1773 3673 1824 At
3695 1787 3783 1824 no-

504 1860 668 1927 Deus,
702 1863 856 1929 cujus
888 1869 1134 1932 petestati
1182 1867 1420 1937 subjecta
1462 1881 1585 1924 Sllltl
1611 1874 1812 1939 omnia,
1846 1885 1898 1928 et
1939 1875 2090 1946 cujus
2125 1875 2169 1935 B
2196 1873 2326 1929 51"“.
2373 1879 2491 1933 (ιιιειε
2519 1864 2670 1917 "0M5
2699 1874 2902 1917 ῑαυῑυηῖ
2937 1879 3126 1932 magi”
3159 1863 3370 1917 "idem"
3417 1873 3586 1932 Mque
3614 1864 3784 1932 Ρθτίθ·

505 1954 767 2023 sapientia
798 1956 1145 2024 singulariter
1195 1961 1339 2014 nevit
1379 1966 1427 2016 in
1461 1980 1614 2018 usum
1646 1965 1900 2021 doctrina:
1927 1973 2088 2024 etiam

502 2045 829 2100 voluntarios
853 2049 1207 2104 nescientium
1243 2061 1417 2107 motus
1458 2056 1840 2113 convenienter
1867 2069 2086 2128 aptare,

501 2148 843 2203 quascunque
867 2151 954 2192 res
976 2139 1204 2194 voluerit
1231 2154 1352 2196 actu
1379 2156 1638 2200 creatura:
1669 2163 1783 2202 sute
1801 2150 2086 2218 significat.
2126 2152 2133 2154 ”

503 2225 658 2282 Unde
683 2242 788 2280 nou
821 2227 1111 2299 incongrue
1141 2243 1268 2302 puto
1295 2237 1434 2304 quod
1479 2237 1598 2292 ideo
1629 2249 1681 2293 et
1727 2241 1794 2294 ad
1826 2241 2087 2298 fimbriam

499 2327 704 2372 tantum
733 2319 1058 2375 vestimenti
1110 2323 1227 2392 ejus
1253 2327 1514 2393 accessit,
1547 2344 1668 2398 qua:
1713 2346 1812 2399 pro
1841 2347 2089 2388 mensura

500 2411 624 2466 fidei
652 2427 765 2467 suae
797 2427 900 2467 non
933 2415 1104 2482 potuit
1132 2414 1199 2469 ad
1231 2418 1604 2474 excellentiam
1647 2423 1943 2494 maiestatis
1975 2427 2090 2494 ejus

502 2504 797 2569 accedere;
826 2504 922 2559 sed
949 2506 1014 2558 ad
1045 2505 1096 2560 id
1125 2508 1266 2576 quod
1299 2509 1398 2577 piae
1429 2510 1814 2570 incarnationis
1852 2516 1968 2583 fuit,
1997 2533 2091 2586 per

502 2611 662 2662 quam
694 2595 980 2649 inclinatus
1011 2598 1064 2650 iu
1096 2607 1268 2652 terras
1300 2599 1585 2656 humilitati
1619 2614 1814 2660 nostrae
1867 2609 2090 2676 propin-

503 2685 662 2754 quior
692 2685 860 2739 factus
885 2695 986 2743 est.
1019 2686 1128 2742 Nec
1157 2689 1376 2754 mirum,
1408 2690 1452 2744 si
1502 2693 1633 2747 fides
1665 2695 1820 2765 hujus
1852 2699 2092 2754 mulieris

504 2777 664 2831 fuerit
698 2776 1035 2845 irupcrfecta,
1067 2780 1146 2832 vel
1179 2781 1320 2848 quod
1367 2783 1418 2835 in
1448 2782 1559 2852 ipsa
1589 2787 1994 2854 imperfectione
2023 2791 2091 2845 de

503 2867 698 2922 Christi
729 2868 1095 2925 misericordia
1123 2875 1382 2942 receperit
1406 2878 1709 2948 Sanitatem,
1739 2896 1860 2936 cum
1884 2883 1936 2936 in
1961 2884 2090 2953 ipsis

504 2976 715 3031 quoque
743 2961 988 3016 videatur
1032 2967 1287 3034 apostolis
1338 2969 1469 3023 tales
1499 2971 1706 3040 aliquos
1738 2975 1922 3041 fuisse,
1953 2978 2092 3032 sicut

499 3052 609 3120 jam
639 3055 706 3108 de
720 3055 923 3109 Thoma
951 3065 1005 3110 et
1028 3057 1273 3128 Philippo
1295 3061 1590 3130 docuimus,
1617 3081 1712 3136 per
1735 3083 1893 3138 quam
1913 3079 2090 3126 tamen

507 3145 729 3204 virtutes
761 3147 1104 3213 perficiebat“
1154 3151 1207 3204 in
1241 3153 1461 3220 populo.
1513 3155 1622 3212 Nec
1662 3159 1978 3216 incredibile
2022 3163 2092 3218 sit

2196 1967 2302 2022 cta,
2331 1965 2387 2010 ut
2417 1973 2520 2012 non
2561 1972 2840 2026 parcamus
2885 1959 3139 2022 ruortuis,
3179 1958 3264 2012 vel
3303 1957 3348 2011 si
3397 1973 3586 2012 verum
3641 1967 3785 2011 esset

2195 2049 2335 2117 quod
2367 2048 2584 2112 dicitur,
2631 2047 2978 2116 imperfectis,
3029 2063 3126 2102 nec
3159 2063 3381 2117 parvum
3411 2048 3555 2101 valet
3586 2046 3784 2114 aliqu?d

2201 2142 2508 2208 impetrare.
2540 2139 2884 2206 Disputamus
2933 2141 3268 2195 incessanter
3318 2150 3481 2211 atque
3510 2140 3784 2195 incondita

2195 2230 2261 2284 de
2288 2230 2403 2284 fidei
2428 2230 2745 2285 Christianze
2768 2231 3124 2300 dogmatibus,
3143 2232 3385 2286 volentes
3409 2233 3460 2284 in
3488 2232 3781 2300 reprehen-

2160 2315 2165 2320 ’
2195 2325 2346 2377 sione
2374 2323 2597 2375 aliorum
2630 2323 2772 2376 docti
2798 2331 2852 2374 et
2891 2323 3123 2392 religiosi
3156 2321 3322 2376 videri
3353 2333 3442 2376 :el
3476 2337 3596 2390 quae
3629 2335 3783 2376 reve-

2196 2427 2378 2471 renter
2404 2430 2666 2486 parceque
2691 2415 2964 2469 tractanda
2995 2425 3137 2481 sunt,
3168 2415 3409 2470 etelestia
3440 2417 3636 2484 possint
3665 2429 3780 2484 my-

2198 2511 2360 2563 steria
2395 2509 2734 2563 ventilamus.
2765 2507 2922 2564 lnane
2939 2507 3048 2578 jam
3084 2524 3276 2561 nomen
3299 2508 3377 2562 eis
3408 2508 3651 2561 relictura
3677 2515 3782 2568 est,

2196 2616 2302 2668 quo
2336 2612 2459 2653 sunt
2500 2609 2803 2667 nuncupata
2847 2597 3118 2666 mysteria.
3153 2597 3286 2652 Nam
3319 2597 3455 2652 inter
3481 2599 3680 2651 otiosas
3710 2596 3785 2649 fa-

2197 2692 2351 2746 bulas
2368 2701 2420 2744 et
2448 2691 2692 2759 vulgares
2718 2690 2984 2744 habentur
3008 2689 3324 2742 necessaria:
3349 2697 3406 2742 et
3433 2688 3614 2757 paucis
3636 2701 3786 2741 eom-

2196 2783 2468 2839 mittendac
2491 2782 2611 2837 ﬁdei
2635 2783 2958 2852 quaestiones
2973 2821 2985 2835 .
3015 2782 3077 2836 Et
3103 2783 3153 2836 in
3175 2782 3258 2836 his
3279 2783 3529 2836 omnibus
3544 2782 3784 2836 videmur

2197 2875 2348 2928 nobis
2367 2888 2583 2928 causam
2609 2873 2819 2942 pietatis
2844 2889 3026 2943 agere,
3052 2875 3441 2928 conturbantes
3469 2873 3783 2940 Ecclesiam,

2198 2965 2248 3018 iu
2282 2966 2434 3034 cujus
2464 2981 2594 3034 pace
2623 2966 2905 3020 defunctos
2932 2981 3028 3034 pro
3064 2966 3303 3034 parvula,
3329 2966 3468 3018 sicut
3498 2975 3746 3034 putamus
3767 3006 3782 3029 ,

2200 3055 2302 3109 fide
2327 3057 2475 3110 velut
2498 3056 2781 3110 haereticos
2805 3055 3136 3120 abdit-auius,
3165 3072 3285 3110 eum
3318 3056 3416 3126 ipsi
3444 3055 3670 3126 apostoli
3692 3056 3786 3111 ali-

2197 3147 2410 3215 quando
2445 3145 2641 3201 fuerint
2669 3147 2723 3200 in
2773 3145 2878 3200 fide
2930 3145 3264 3215 imperfecti,
3297 3161 3567 3216 nunquam
3610 3157 3786 3200 tamen

510 3237 648 3304 quod
677 3238 804 3292 licet
834 3239 999 3295 Deum
1033 3257 1136 3296 non
1171 3244 1415 3300 crederet
1445 3246 1741 3317 Christum,
1774 3252 1984 3308 dicebat
2015 3266 2090 3308 ta-

2198 3237 2468 3304 literetiei;
2494 3254 2722 3309 cumque
2749 3239 2926 3294 adhuc
2955 3253 3138 3309 parum
3164 3239 3230 3293 de
3250 3237 3462 3293 Christo
3485 3237 3784 3305 crederent,

512 3347 634 3385 men
677 3333 799 3400 quia
841 3335 922 3386 vel
971 3334 1016 3387 si
1066 3336 1436 3391 vestimentum
1480 3340 1598 3407 ejus
1653 3343 1910 3412 tetigero,
1944 3346 2090 3399 salva

507 3436 636 3475 rl‘O:
669 3439 789 3477 cum
838 3426 1097 3493 scriptum
1137 3427 1208 3481 sit
1236 3429 1290 3482 in
1330 3429 1479 3483 Actis
1518 3435 1912 3500 apostolorum,
1949 3439 2088 3505 quod

508 3523 710 3568 tantunt
742 3515 926 3570 fideles
953 3516 1152 3572 Christi
1185 3520 1251 3574 de
1282 3521 1517 3590 ipsorum
1563 3540 1776 3594 quoque
1803 3527 2094 3596 discipulo-

509 3621 625 3656 rum
658 3605 774 3674 ejus
818 3607 1014 3663 virtute
1065 3610 1426 3677 crediderint,
1461 3623 1518 3668 ut
1562 3631 1667 3669 non
1713 3617 1885 3671 solum
1934 3635 2095 3689 super

507 3698 782 3765 languidos
838 3699 1232 3757 deferrentura
1278 3717 1505 3774 corpore
1560 3707 1706 3762 Pauli
1749 3709 1962 3764 sudaria
2012 3713 2094 3767 vel

506 3787 834 3845 scmiciuctia
864 3807 878 3856 ;
911 3801 966 3846 et
996 3795 1320 3850 recedebant
1359 3798 1428 3853 ab
1454 3799 1533 3853 eis
1562 3799 1868 3870 lauguores,
1899 3814 1952 3858 et
1982 3806 2093 3874 spi-

508 3879 640 3935 ritus
691 3899 917 3953 nequam
960 3887 1369 3955 egrediebantur
1400 3891 1539 3961 (Act.
1583 3909 1691 3956 xrx.
1737 3895 1836 3965 18)
1867 3915 1879 3949 :
1912 3912 2092 3953 verum

507 3973 666 4027 etiam
686 3975 828 4045 quod
853 3978 1186 4032 credentium
1213 3979 1265 4033 in
1289 3981 1518 4036 Domino
1548 3985 1833 4042 tnultitudo
1857 3989 2092 4046 virorum

508 4077 570 4115 ac
603 4065 883 4119 mulierum
933 4068 984 4120 in
1016 4069 1209 4136 plateis
1238 4070 1496 4139 ejicerent
1538 4073 1780 4129 infirmos
1801 4118 1816 4142 ,
1844 4087 1898 4132 et
1929 4094 2092 4148 pone-

509 4164 627 4206 rent
654 4155 704 4206 in
730 4154 938 4210 lectulis
961 4167 1015 4211 et
1041 4159 1303 4228 grabatis,
1337 4171 1393 4216 ut
1423 4164 1674 4219 veniente
1718 4169 1877 4224 l'ctro
1906 4173 2094 4229 saltem

509 4242 696 4297 umbra
723 4244 870 4298 illius
902 4247 1252 4304 obumbraret
1292 4268 1609 4322 quemquam
1653 4271 1838 4312 eorum
1872 4261 2007 4332 (Act.
2042 4280 2091 4332 ν,

510 4334 702 4406 {Ei-lli)
731 4354 742 4389 :
772 4335 897 4391 dum
931 4349 1277 4397 concurreret
1323 4345 1606 4401 tunltitudo
1635 4347 1927 4407 vicinarum
1965 4355 2096 4409 civi-

507 4439 673 4483 tatum
711 4429 1040 4487 Hierusalem
1067 4474 1081 4500 ,
1116 4434 1399 4492 afferentes
1442 4450 1671 4508 aegrotos
1698 4452 1754 4498 et
1801 4459 2019 4502 vexatos
2063 4467 2093 4503 a

505 4521 784 4588 spiritibus
832 4522 1142 4595 immundis,
1178 4529 1268 4598 qui
1315 4533 1643 4590 curabantur
1670 4551 1878 4592 omnes.
1913 4539 2092 4597 Placet

2202 3345 2449 3398 magnam
2483 3339 2800 3396 potestatem
2829 3338 3151 3398 acceperunt
3179 3332 3460 3399 spirituum
3490 3330 3786 3383 immundo-

2201 3438 2339 3487 rum,
2372 3431 2429 3475 ut
2455 3422 2711 3490 ejicerent
2755 3436 2849 3477 eos
2879 3432 2930 3475 et
2962 3429 3215 3476 curarent
3238 3437 3450 3476 omnem
3480 3422 3788 3491 languorem

2199 3526 2251 3567 et
2274 3529 2488 3577 omnem
2523 3515 2913 3578 infirmitatem,
2951 3516 3200 3570 mittente
3230 3529 3323 3568 eos
3353 3514 3596 3580 Domino,
3626 3523 3790 3583 atque

2199 3603 2485 3659 mandante
2518 3607 2563 3659 ιε
2598 3603 2794 3661 Euntes
2837 3606 3134 3677 praedicare,
3164 3607 3385 3659 dicentes
3409 3622 3427 3658 :
3449 3605 3568 3674 quia
3598 3621 3789 3674 appro-

2198 3698 2463 3766 pinquat-it
2494 3713 2706 3766 regnum
2741 3697 2979 3750 caelorum
3005 3712 3024 3748 .°
3050 3697 3284 3764 infirmos
3336 3705 3527 3759 curate,
3560 3711 3792 3749 montes

2198 3789 2460 3853 suscitate,
2493 3788 2722 3852 leprosos
2769 3787 3032 3853 mandate,
3089 3788 3344 3841 (Immone:
3371 3788 3577 3858 cjicite:
3629 3790 3791 3858 gratis

2197 3880 2482 3948 accepistis,
2506 3881 2663 3951 gratis
2684 3880 2804 3933 date
2827 3878 3034 3950 (Matth.
3059 3896 3112 3947 κ,
3137 3879 3191 3946 7,
3223 3878 3309 3948 8).
3339 3879 3394 3934 Si
3418 3893 3542 3934 vero
3562 3881 3791 3947 aposwli

2199 3987 2299 4026 nec
2325 3973 2377 4025 in
2411 3972 2528 4040 ipso
2555 3972 2873 4041 ignoranti-ae
2896 3985 3005 4026 suae
3030 3980 3270 4038 tempore
3294 3969 3504 4025 fuerunt
3527 3969 3788 4035 haeretici,

2197 4079 2298 4132 qua
2332 4064 2541 4118 ratione
2566 4065 2846 4134 quisquam
2877 4079 2971 4118 eos
2998 4064 3085 4133 qui
3116 4063 3250 4118 tales
3275 4062 3342 4117 de
3367 4062 3466 4116 hac
3487 4061 3592 4116 vita
3614 4070 3790 4116 trans-

2197 4155 2395 4222 ierunt,
2420 4159 2687 4211 affirmare
2713 4157 2879 4226 possit
2907 4156 3221 4211 haereticos?
3244 4165 3298 4211 et
3328 4155 3371 4211 si
3397 4155 3494 4220 illi,
3522 4156 3609 4224 qui
3635 4169 3778 4223 prte-

2196 4239 2418 4302 sentem
2436 4247 2701 4303 habebant
2728 4247 2898 4319 ipsam
2925 4249 2976 4303 in
2999 4263 3224 4318 corpore
3253 4249 3550 4312 veritatem,
3585 4258 3782 4318 potue-

2198 4349 2323 4393 runt
2351 4340 2557 4408 absque
2598 4341 2825 4396 crimine
2867 4356 3025 4396 secus
3071 4340 3272 4411 aliquid
3313 4341 3380 4396 de
3411 4341 3503 4395 illo
3542 4341 3791 4396 minusve

2197 4429 2442 4496 sentire;
2490 4446 2585 4485 cur
2635 4431 2858 4487 haeresis
2907 4431 3121 4486 crimini
3169 4432 3490 4502 deputetur,
3547 4433 3591 4486 si
3636 4432 3790 4502 quis-

2195 4537 2354 4588 quam
2386 4522 2437 4576 in
2473 4522 2715 4578 Ecclesia
2764 4524 2963 4593 pietate
3015 4522 3300 4593 prteditus,
3330 4525 3651 4580 obedientize
3691 4523 3790 4580 de—

508 4614 684 4681 igitur,
714 4631 762 4670 llt
790 4616 944 4673 istam
968 4635 1177 4690 quoque
1202 4624 1482 4680 mulierem
1508 4630 1930 4688 condemnemus
1953 4635 2094 4692 inter
2123 4625 2172 4694 Ι)
2199 4624 2373 4684 “nus,
2401 4616 2672 4686 sumemus
2689 4618 2953 4674 “habilis
2975 4618 3042 4674 ad
3062 4619 3402 4687 disceudum’
3426 4622 3580 4675 am"
3603 4620 3673 4676 de
3696 4622 3790 4678 m‘

509 4707 791 4761 haereticos
830 4725 924 4778 pro
955 4726 1016 4764 ca
1050 4712 1155 4767 fide
1185 4729 1288 4783 qua
1317 4719 1493 4772 sanari
1546 4722 1758 4788 meruit,
1793 4734 1845 4779 et
1892 4725 1960 4782 de
1988 4744 2091 4799 qua

504 4797 552 4848 ei
610 4797 862 4855 Dominus
906 4802 1078 4858 diXll:
1112 4803 1291 4870 Filia,
1326 4809 1454 4876 ﬁdes
1487 4823 1572 4864 tua
1603 4825 1649 4867 te
1691 4815 1883 4870 salvam
1932 4797 2088 4890 fecit,

506 4889 631 4940 vade
663 4889 714 4941 in
741 4907 864 4958 pace
895 4895 1046 4961 (Luc.
1081 4912 1194 4962 γιιι,
1229 4897 1321 4972 48)
1349 4900 1372 4954 ἳ
1419 4903 1475 4959 Si
1509 4906 1648 4959 enim
1680 4889 1979 4964 damnanda
2012 4923 2093 4967 est

509 4979 847 5044 parvulorqu
879 4985 1010 5040 fides
1031 4989 1096 5042 ah
1125 4991 1203 5044 eis
1233 4995 1321 5060 qui
1366 5012 1572 5065 magna:
1601 5011 1653 5054 et
1681 5002 1930 5068 perfecta:
1964 5005 2087 5061 fidei

504 5068 609 5122 sibi
636 5071 914 5138 videntur,
947 5093 1042 5130 cur
1087 5095 1190 5134 non
1245 5095 1301 5138 et
1344 5086 1443 5139 ista
1485 5088 1812 5146 damnetur?
1841 5111 1937 5149 cur
1984 5113 2088 5153 non

505 5162 664 5215 etiam
695 5163 856 5218 Maria
879 5175 932 5219 et
954 5168 1157 5224 Martha
1187 5189 1401 5232 sorores
1428 5179 1637 5249 Laznri,
1663 5187 1914 5251 quoniam
1947 5200 2090 5242 utra-

503 5270 608 5323 que
642 5255 865 5310 Domino
889 5260 1025 5314 dixit
1052 5303 1062 5314 .
1089 5264 1149 5316 Si
1177 5265 1358 5333 fuisses
1387 5268 1492 5337 hic,
1528 5289 1624 5325 non
1651 5275 1828 5342 fuisse!
1859 5288 2089 5336 mortuus

505 5349 662 5417 frater
691 5365 831 5403 meus
859 5350 1035 5421 (Ιοίίη.
1073 5370 1146 5422 xt,
1180 5358 1238 5410 Ἣ
1257 5401 1270 5423 ,
1291 5359 1380 5426 52)
1407 5362 1429 5413 ?
1459 5364 1631 5432 Quod,
1658 5368 1792 5421 sicut
1813 5369 1923 5438 jam
1954 5372 2089 5426 dixi-

502 5456 657 5507 mus,
713 5442 954 5511 profecto
1004 5461 1106 5500 non
1163 5448 1436 5514 dicerent,
1498 5453 1538 5505 si
1589 5455 1753 5508 Deum
1807 5459 2089 5517 crederent

501 5533 796 5591 Christum.
825 5536 954 5604 Quis
984 5539 1125 5593 enim
1159 5541 1328 5595 Deum
1362 5543 1558 5598 alicubi
1585 5557 1734 5614 putet
1762 5548 2037 5606 absentem
2064 5555 2086 5607 ?

503 5624 706 5679 Martha
755 5642 904 5694 vero,
938 5630 1098 5684 etiam
1147 5649 1266 5686 cum
1319 5636 1524 5690 veniret
1569 5638 1634 5692 ad
1680 5655 2082 5699 monumentqu

505 5715 758 5774 Dominus
812 5735 859 5775 et
893 5723 1120 5791 lapidem
1147 5727 1233 5796 qui
1266 5730 1636 5798 superpositus
1665 5743 1776 5788 erat
1808 5736 1917 5790 tolli
1949 5753 2082 5808 pra:-

576 5874 589 5904 '
623 5875 752 5930 Cod.
792 5878 1007 5951 Verum,
1042 5886 1113 5939 ita
1141 5889 1430 5946 ttltlttd.tltl:’.

2196 4710 2443 4774 senserit,
2477 4710 2617 4778 quod
2648 4711 3035 4779 reprehensum
3087 4712 3358 4780 corrigere
3405 4711 3474 4766 sit
3514 4715 3782 4781 paratus?

2198 4805 2464 4870 Quocirca
2488 4821 2675 4861 omnes
2711 4807 2802 4878 qui
2834 4809 2883 4862 in
2909 4809 3239 4882 discipulatu
3267 4820 3392 4865 sunt
3421 4811 3680 4877 veritatis,
3731 4823 3790 4868 et

2196 4895 2517 4966 semetipsos
2566 4899 2757 4954 rationi
2796 4899 3000 4954 dociles
3050 4913 3104 4956 et
3149 4901 3425 4971 subjectos
3473 4902 3790 4958 auctoritati

2198 4989 2436 5056 praebent
2468 4989 2744 5058 Ecclesize,
2798 4992 2842 5044 si
2885 4991 3038 5046 aliter
3068 4994 3279 5061 sapiant
3324 4993 3393 5048 de
3431 4993 3514 5049 bis
3553 5009 3790 5062 quorum

2196 5080 2299 5135 fide
2332 5083 2682 5149 mundantur,
2727 5085 2810 5139 vel
2850 5097 3066 5154 propter
3097 5087 3403 5156 incapacem
3441 5101 3592 5142 suam
3625 5088 3793 5144 intel-

2193 5174 2488 5244 ligentiam,
2542 5179 2627 5232 vel
2684 5179 2861 5235 minus
2914 5195 3026 5234 rem
3080 5180 3559 5235 animadvertendo
3609 5195 3789 5248 quam

2192 5278 2468 5336 opusest,
2524 5270 2687 5338 impie
2735 5272 2918 5341 procul
2958 5273 3121 5327 dubio
3181 5280 3434 5341 tanquam
3491 5271 3790 5327 haereticos

2194 5375 2546 5419 exsecrantur
2567 5367 2608 5419 ⁸.
2641 5367 2739 5434 Qui
2783 5368 2925 5423 enim
2958 5370 3143 5424 statuit
3173 5369 3226 5424 iu
3267 5369 3430 5425 corde
3459 5384 3556 5426 suo
3585 5369 3787 5423 firmus

2196 5467 2297 5522 ho'c
2327 5471 2571 5534 credere,
2619 5472 2760 5540 quod
2790 5473 2840 5526 in
2871 5473 3065 5527 talibus
3095 5471 3336 5526 doctrina
3365 5469 3584 5525 ct-fides
3615 5469 3790 5523 habet

2193 5561 2473 5629 Ecclesitn,
2521 5563 2763 5630 quamvis
2799 5580 2907 5619 non
2959 5567 3190 5635 perfecte
3229 5567 3413 5621 omnia
3456 5564 3525 5620 de
3572 5563 3792 5618 hisdem

2193 5653 2364 5720 sapiat
2397 5655 2476 5709 vel
2511 5655 2786 5726 loquatur;
2836 5660 2958 5728 quia
3007 5667 3184 5715 tamen
3227 5658 3466 5713 scientia:
3515 5672 3626 5711 suae
3669 5669 3792 5711 non

2193 5745 2436 5811 confidit,
2479 5756 2532 5799 et
2582 5750 2743 5801 multa
2785 5750 2836 5802 in
2887 5751 3079 5820 quibus
3121 5763 3263 5806 errat
3307 5759 3397 5805 aut
3438 5749 3670 5815 dubitat,
3713 5752 3792 5802 ab

2260 5901 2276 5929 ²
2304 5903 2445 5960 ldetu
2470 5904 2618 5967 cod..
2651 5921 2988 5962 exsecramur.
