3992 6344
279 418 382 475 89.9

1061 422 1193 477 PRO
1223 422 1650 479 DEFENSIONE
1691 423 1904 478 TRIUM
1943 425 2258 499 CAPITUL.
2303 425 2429 480 ΗΒ.
2472 425 2588 480 ΧΗ.

3449 433 3553 488 850

278 533 520 589 Ecclesia
553 541 697 587 recte
725 535 891 588 teneri
924 549 1029 588 non
1074 535 1312 600 dubitat,
1356 535 1441 589 ubi
1486 537 1685 604 positus
1720 537 1862 590 velut
1893 541 1940 598 Λ
1968 545 2073 603 tur,
2108 547 2364 604 quantum
2396 537 2446 592 in
2490 538 2586 590 hac
2622 538 2725 592 vita
2754 552 3069 595 concessum
3091 551 3202 608 est,
3236 545 3551 598 evaluerunt

276 629 328 682 in
361 624 545 680 schola
577 625 816 678 veritatis
842 627 984 695 pium
1033 627 1193 683 habet
1233 629 1469 683 discendi
1496 632 1859 698 propositum;

276 735 382 772 non
410 730 493 772 eSt
526 715 787 772 dicendus
818 719 1062 773 inimicus
1101 721 1268 788 ipsius
1295 721 1552 786 veritatis,
1595 722 1737 790 quod
1782 732 1862 778 est

275 809 585 871 h-atreticus,
631 810 725 863 sed
771 811 1123 877 perliciendus
1167 813 1342 881 potius
1391 813 1705 881 discipulus.
1757 815 1859 868 lm-

275 901 547 970 perfectus
576 901 676 956 iste
704 903 947 970 profecto
974 904 1104 958 nihii
1140 906 1222 960 sui
1269 905 1447 959 cordis
1475 906 1857 962 adinventione

274 994 562 1049 confictum
607 997 822 1064 propria
872 998 1098 1066 quadam
1142 1000 1460 1054 auctoritate
1497 1001 1690 1054 docere
1727 1016 1864 1070 pra:-

273 1085 459 1150 sumit,
487 1085 626 1140 sicut
655 1086 871 1156 quidam
927 1089 1192 1155 amretici,
1243 1076 1416 1160 neque
1456 1091 1577 1145 talia
1607 1093 1861 1147 docentes

273 1177 547 1242 sequitur;
579 1177 672 1229 sed
703 1180 1007 1232 auctoritati
1035 1180 1330 1233 divinarum
1364 1182 1664 1236 litterarum
1687 1183 1701 1213 ¹
1722 1182 1862 1236 iuni-

277 1265 422 1334 titur,
483 1276 642 1335 atque
686 1266 773 1322 ubi
821 1283 1000 1323 earum
1034 1272 1052 1301 ³
1086 1271 1490 1340 intelligentiam
1547 1288 1651 1326 non
1701 1274 1861 1328 fuerit

276 1366 555 1410 assecutus
597 1359 682 1428 (in
722 1359 905 1414 multis
937 1361 1229 1429 siquidem,
1274 1378 1369 1430 pro
1411 1363 1622 1417 illarum
1667 1379 1857 1434 magna

277 1448 662 1518 profunditate,
690 1451 954 1505 humanus
982 1455 1175 1522 caligat
1205 1456 1497 1525 aspectus),
1531 1471 1859 1525 cognoscens

274 1539 401 1609 quid
432 1540 558 1595 inde
605 1543 849 1597 statuerit
881 1544 1200 1599 universalis
1234 1546 1491 1613 Ecclesia,
1545 1551 1716 1602 errori
1760 1565 1856 1606 suo

271 1633 359 1703 pia
400 1634 579 1689 cordis
626 1635 925 1690 humilitate
956 1639 1244 1700 renuntiat.
1298 1641 1421 1708 quia
1449 1657 1720 1711 nunquam
1752 1644 1854 1698 sibi

272 1740 343 1780 ne
382 1725 538 1779 aliter
575 1738 790 1795 saperet
825 1728 1120 1783 interdixit.
1161 1731 1311 1785 Sicut
1350 1747 1478 1800 ergo
1517 1744 1640 1788 sunt
1682 1734 1856 1803 perfe-

271 1817 466 1872 ctiores
495 1818 734 1886 quidam,
780 1822 869 1890 qui
915 1836 1108 1890 magno
1144 1823 1421 1892 sapientia:
1464 1825 1606 1878 dono
1653 1840 1854 1894 priora-

1970 629 2255 696 attingere.
2301 629 2376 682 Illi
2428 627 2590 682 etiam
2644 627 2749 683 (ide
2801 631 3168 686 tantummodo
3217 633 3434 702 perfecti
3485 633 3550 686 ad

1967 735 2090 774 eum
2123 721 2143 751 τ
2172 721 2391 788 propius
2425 730 2792 775 accesserunt.
2818 721 2908 774 Isti
2938 737 3065 778 vero
3088 723 3386 790 inferiores,
3416 738 3548 792 quos

1967 811 2122 867 tertio
2159 813 2325 881 gradu
2371 813 2669 881 posuimus,
2715 829 3016 883 quanquam
3051 829 3144 884 per
3191 815 3402 885 aliquod
3432 817 3546 870 lon-

1963 902 2079 970 gius
2112 902 2476 967 intervallntn,
2512 903 2576 956 ad
2615 903 2752 956 idem
2799 915 2975 957 tamen
3014 906 3299 973 aspiciunt,
3339 917 3393 961 et
3424 907 3550 961 illuc

1965 990 2163 1046 habent
2203 991 2453 1047 veniendi
2507 992 2862 1061 prOpositum.
2892 993 2992 1058 Qui
3036 995 3080 1047 si
3124 994 3360 1050 hatretici
3405 995 3550 1064 judi-

1961 1092 2171 1148 centur,
2204 1095 2366 1153 quota
2405 1100 2527 1155 pars
2559 1084 2734 1148 nobis,
2762 1100 2868 1140 non
2900 1086 3073 1140 dicam
3108 1087 3174 1141 de
3203 1089 3345 1141 omni
3371 1089 3548 1156 plebe,

1963 1175 2057 1228 scd
2107 1179 2174 1230 de
2231 1177 2362 1243 ipsis
2438 1176 2804 1230 Ecclesiarum
2864 1179 3166 1246 pra'pot-ilis
3216 1178 3548 1248 relinquetur

1961 1284 2079 1333 quae
2105 1267 2371 1321 catholica
2415 1267 2608 1322 debeat
2647 1267 2917 1336 judicari;
2964 1283 3084 1321 eum
3117 1276 3172 1323 et
3218 1269 3336 1322 illos
3365 1271 3548 1323 excel-

1961 1358 2208 1411 lentioris
2260 1358 2658 1426 intelligentia,
2721 1359 3044 1412 necessitate
3091 1359 3324 1428 suscepti
3373 1358 3541 1413 oflicii

1961 1467 2056 1520 per
2085 1451 2247 1504 ardua
2272 1451 2599 1520 gradientes,
2635 1466 3019 1519 nonnunquam
3055 1451 3236 1518 lapsos
3259 1451 3408 1504 sinus
3433 1453 3549 1518 pie-

1961 1545 2081 1597 tatis
2103 1543 2356 1612 excipiat,
2406 1559 2512 1612 qua
2553 1558 2613 1597 se
2656 1542 2961 1597 auctoritati
3005 1541 3240 1596 subdunt
3284 1541 3545 1596 Ecclesia:

1956 1635 2110 1703 Cujus
2139 1635 2382 1703 magistri
2413 1644 2558 1698 sunt,
2598 1644 2656 1689 ut
2686 1650 2790 1688 non
2829 1633 3089 1703 glorietur
3117 1633 3291 1686 omnis
3320 1647 3447 1686 caro
3489 1631 3542 1685 in

1955 1736 2247 1793 conspectu
2287 1726 2442 1794 ejus?
2470 1725 2586 1779 Non
2617 1726 2775 1794 igitur
2800 1726 3024 1780 hatresis
3053 1724 3277 1780 dicenda
3304 1733 3408 1788 est,
3443 1725 3543 1777 nisi

1954 1819 2307 1871 contradictio
2336 1817 2690 1885 soperborum
2716 1816 2987 1885 pervicax,
3021 1831 3138 1884 qua:
3170 1815 3268 1870 sibi
3303 1830 3370 1868 nc
3394 1813 3537 1867 alud

272 1908 384 1963 ient
418 1919 597 1965 mente
635 1913 1014 1981 contemplari,
1055 1931 1173 1985 qum
1211 1919 1582 1973 tantummodo
1619 1919 1853 1974 credun-
1883 1928 1930 1988 Β
1957 1907 2124 1977 sapiat
2148 1909 2441 1973 interdicit,
2473 1916 2526 1964 et
2563 1909 2834 1963 admonita
2868 1909 3161 1964 contemnit
3201 1908 3546 1976 acquirscee

271 2008 358 2053 tur
385 2001 451 2056 ab
481 2001 600 2056 aliis
632 2004 684 2056 in
718 2001 861 2057 vita"
913 2006 1182 2072 perfectis,
1224 2010 1292 2062 ita
1323 2011 1474 2064 multi
1507 2021 1630 2064 sunt
1659 2011 1855 2081 imper-

268 2089 397 2143 fecti
420 2090 472 2143 in
500 2091 742 2147 Ecclesia
772 2092 993 2159 Christi,
1044 2106 1096 2147 et
1129 2105 1304 2150 tamen
1337 2097 1391 2152 in
1426 2101 1692 2154 Servanda
1731 2101 1850 2170 ejus

267 2182 478 2235 unitate
511 2182 733 2251 perfecti
761 2201 772 2236 :
821 2185 910 2253 qui
938 2199 1059 2239 cum
1095 2203 1192 2256 per
1235 2189 1589 2259 ignorantiam
1623 2208 1770 2248 suam
1801 2199 1852 2250 in

267 2273 515 2343 plurimis
560 2285 764 2341 errent,
801 2276 853 2330 in
886 2279 1032 2331 nullo
1066 2289 1240 2334 tamen
1272 2297 1456 2338 errare
1493 2285 1716 2339 credunt
1754 2286 1854 2341 Ec-

267 2365 485 2419 clesiam
517 2367 667 2436 cujus
720 2382 779 2422 se
815 2368 1092 2424 coalitlunt
1138 2373 1342 2428 unitate
1384 2375 1598 2430 salvari.
1649 2377 1850 2442 Quam-

266 2457 451 2512 obrem
481 2459 563 2512 vel
590 2461 634 2513 si
667 2461 821 2514 nobis
853 2463 1207 2530 sapientiores
1237 2465 1502 2531 videmur,
1549 2483 1850 2537 quanquam

265 2550 525 2619 scriptum
569 2553 640 2607 sit
675 2554 814 2623 quod
847 2555 1017 2622 pietas
1057 2568 1138 2611 est
1185 2558 1492 2627 sapientia:
1545 2575 1651 2614 non
1690 2560 1851 2616 debe-

264 2657 386 2698 mus
437 2646 566 2699 istos
611 2645 703 2700 Dei
751 2647 987 2702 cultores
1009 2649 1075 2704 ab
1121 2650 1359 2705 Ecclesia
1400 2650 1515 2720 ejus
1561 2652 1847 2722 expellere,

265 2747 367 2788 nec
395 2748 427 2787 a
457 2737 624 2789 muris
657 2736 785 2792 Sion
816 2738 1073 2807 Spiritalis
1103 2740 1305 2810 ejectos
1337 2742 1473 2796 inter
1501 2742 1617 2810 ejus
1663 2743 1854 2797 adver-

264 2825 437 2879 sarios
467 2825 744 2894 deputare.
777 2826 1122 2897 Circumdate,
1177 2831 1350 2902 inquit
1380 2833 1659 2903 propheta,
1695 2833 1848 2902 Sion,

264 2929 310 2975 et
339 2923 732 2992 complectimini
765 2940 914 2990 eam;
953 2934 1161 2980 narrate
1199 2926 1253 2980 in
1295 2929 1522 2981 turribus
1559 2930 1712 2999 ejus;
1755 2944 1848 2998 po-

263 3011 367 3063 nite
394 3013 548 3065 corda
574 3023 736 3066 vestra
775 3015 826 3067 in
856 3016 1040 3069 virtute
1067 3020 1197 3086 ejus,
1249 3028 1295 3070 et
1337 3019 1629 3072 distribuite
1672 3020 1850 3074 domos

263 3106 376 3174 ejus
400 3104 572 3173 (Psal.
611 3125 772 3172 XLvn,
809 3110 1062 3178 ὕμνει,
1096 3112 1240 3166 sicut
1267 3113 1354 3166 alii
1389 3114 1602 3168 codices
1630 3113 1848 3181 habent,

264 3195 564 3251 Distrbuitc
590 3200 774 3252 domus
805 3208 831 3238 λ
857 3201 880 3231 ⁸
908 3202 1102 3270 gradus
1147 3203 1278 3272 ejus.
1313 3203 1657 3259 Circumdare
1695 3205 1853 3272 igitur

1961 2003 2196 2056 veritati.
2238 2002 2333 2056 illa
2375 2002 2542 2072 magis
2582 2001 2972 2056 contumaciter
3003 2001 3070 2055 ab
3103 2000 3344 2055 Ecclesia
3391 2016 3548 2067 sepa-

1958 2077 2067 2148 rari
2096 2094 2301 2165 deligit,
2353 2095 2436 2149 vel
2472 2096 2524 2147 in
2555 2109 2617 2149 ea
2647 2095 2833 2148 dolose
2877 2095 3066 2159 latere,
3117 2108 3275 2161 quam
3324 2106 3542 2161 pravam

1957 2195 2166 2240 mutare
2210 2187 2554 2241 sententiam.
2589 2185 2696 2242 Sed
2745 2187 3060 2256 ignorantes
3105 2185 3156 2238 in
3187 2199 3253 2238 eo
3284 2183 3543 2237 discerni-

1957 2293 2076 2332 mus
2101 2293 2131 2331 a
2160 2279 2396 2343 dolosis,
2444 2278 2569 2347 quia
2601 2292 2702 2332 nec
2741 2277 3039 2346 probantur
3076 2274 3411 2328 sufficienter
3443 2273 3542 2326 ali-

1955 2367 2168 2436 quando
2207 2369 2442 2438 correpti
2484 2384 2581 2437 pro
2611 2368 2694 2421 bis
2723 2383 2842 2436 qua:
2887 2366 3060 2420 minus
3083 2365 3410 2433 intelligunt,
3442 2379 3540 2419 nec

1957 2445 2078 2513 suis.
2099 2460 2395 2513 rationibus
2423 2459 2646 2513 occultis
2669 2466 3018 2526 corrumpunt
3048 2458 3279 2512 facilium
3306 2467 3540 2524 mentes,

1955 2551 2048 2605 sed
2074 2551 2239 2606 libere
2261 2551 2438 2606 solent
2459 2560 2514 2605 et
2543 2551 2859 2620 simpliciter
2889 2550 3099 2620 aperire
3128 2549 3255 2619 quid
3279 2550 3539 2604 sentiunt.

1957 2643 2012 2698 Si
2041 2644 2160 2712 quis
2190 2652 2443 2698 autemet
2472 2643 2526 2698 in
2558 2642 2686 2712 ipsis
2714 2642 2917 2697 Christi
2944 2643 3244 2711 discipulis,
3273 2654 3410 2710 quos
3441 2640 3540 2695 ha-

1956 2733 2070 2787 buit
2092 2748 2214 2788 eum
2239 2734 2324 2788 hic
2352 2743 2765 2789 conversaretur
2797 2734 2847 2787 in
2877 2748 3042 2789 carne
3073 2733 3308 2798 mortali,
3334 2740 3541 2802 quaerat

1955 2839 2306 2893 cognoscere,
2339 2834 2597 2895 quantum
2641 2825 2852 2880 diﬂ'erat
2898 2828 3039 2880 inter
3081 2826 3305 2879 rationis
3338 2825 3540 2894 patien-

1958 2926 2086 2982 tem,
2119 2915 2202 2970 vel
2235 2913 2536 2971 auctoritati
2563 2925 2932 2971 contumacem
2964 2915 3208 2984 spiritum
3241 2930 3349 2984 quo
3377 2931 3542 2984 agun-

1956 3016 2042 3061 tur
2065 3008 2322 3073 heretici,
2352 3005 2440 3077 qui
2471 3008 2819 3062 scandalizari
2860 3017 2915 3062 et
2942 3022 3194 3077 separare
3220 3007 3541 3075 semetipsos

1957 3100 2124 3166 magis
2149 3112 2272 3153 sunt
2321 3102 2573 3169 prorupti,
2611 3117 2771 3169 qnam
2801 3101 3040 3166 discere;
3097 3110 3152 3156 et
3184 3101 3324 3154 inter
3365 3100 3544 3154 minus

1956 3204 2206 3258 Capacctn
2235 3191 2567 3245 intellectum
2611 3194 2845 3261 piorum,
2891 3202 3170 3248 mansuete
3217 3193 3534 3262 opportuni-

261 3305 452 3344 θηιηες
481 3291 886 3346 defensionibus
931 3294 1163 3358 nostris,
1205 3304 1260 3348 οι
1298 3298 1542 3364 ampjecu
1592 3299 1766 3364 ροιίυε
1800 3296 1852 3350 in
1883 3300 1929 3362 ρ
1960 3288 2122 3333 tati-tn
2155 3281 2580 3348 prtestolantium
2615 3283 2934 3350 disciplinae,
2966 3292 3021 3336 et
3049 3295 3383 3338 servantzum
3418 3285 3538 3338 uni-

261 3381 531 3434 charitate
557 3380 833 3446 debemus,
882 3383 972 3451 qui
1005 3385 1270 3451 pertinent
1302 3387 1365 3439 ad
1400 3388 1552 3452 Sion,
1589 3402 1684 3443 nec
1716 3404 1852 3460 quo-

260 3470 395 3524 libet
425 3467 543 3535 ejus
582 3473 749 3538 gradu
790 3474 1109 3530 constitutos
1143 3476 1473 3532 excludere:
1508 3477 1602 3532 sed
1643 3478 1714 3534 ita
1756 3497 1847 3534 su-

185 3550 189 3554 ’
261 3560 568 3629 perioribus
611 3561 662 3615 in
692 3577 752 3616 ea
787 3563 1045 3618 honorem
1077 3582 1325 3636 magnum
1368 3569 1592 3624 reddere
1630 3571 1717 3640 qui
1748 3571 1848 3627 de-

261 3651 440 3716 betur,
475 3659 531 3704 ut
564 3651 722 3705 etiam
765 3652 1111 3711 inferioribus
1145 3656 1262 3724 ejus
1291 3658 1592 3729 quibusque
1631 3660 1847 3717 dilectio

261 3756 372 3795 non
420 3753 664 3812 negetur.
727 3745 838 3801 lloc
873 3748 1016 3801 enim
1060 3757 1144 3802 est
1188 3748 1329 3818 quod
1379 3750 1454 3802 ait
1495 3767 1506 3802 :
1549 3749 1848 3807 Distribuite

262 3837 457 3906 gradus
511 3839 662 3908 ejus,
719 3839 860 3909 quod
912 3840 1036 3894 alibi
1093 3841 1333 3895 dicitur:
1368 3842 1614 3897 Ordinate
1671 3845 1724 3899 in
1770 3863 1848 3901 me

263 3924 564 3980 clraritatem
614 3927 795 3997 (Cant.
831 3946 896 3992 ιι,
923 3930 1004 4000 4).
1049 3931 1202 3986 Sicut
1241 3947 1369 4004 ergo
1407 3950 1510 3989 non
1556 3934 1674 3990 ideo
1715 3952 1848 4003 quo-

264 4017 512 4072 rumdam
543 4021 895 4089 perfectorum
927 4024 978 4077 in
1011 4023 1112 4078 fide
1135 4026 1470 4092 spernendus
1499 4034 1582 4081 est
1624 4027 1847 4082 inferior

259 4109 478 4176 gradus,
509 4113 649 4180 quod
671 4111 820 4168 ‘nou
854 4124 1078 4183 possunt
1109 4115 1381 4170 intellectu
1427 4131 1620 4185 capere
1652 4119 1844 4172 verita-

262 4209 395 4265 tem,
437 4202 558 4270 quia
607 4204 708 4259 hoc
745 4206 1075 4261 sublimioris
1117 4207 1315 4277 gradus
1349 4206 1440 4261 alii
1471 4219 1693 4278 possunt
1726 4226 1740 4264 :
1773 4209 1841 4262 ita

262 4303 362 4344 nec
390 4291 489 4361 ipsi
517 4293 537 4323 ⁸
569 4297 858 4363 spernendi
899 4307 1045 4366 sunt,
1077 4298 1162 4352 vel
1190 4299 1258 4350 ab
1290 4298 1527 4354 Ecclesia
1559 4310 1677 4369 post
1703 4316 1845 4355 mor-

257 4393 388 4450 tem,
433 4387 576 4456 quod
613 4398 696 4442 est
723 4391 1014 4458 crudelius,
1063 4391 1163 4445 sub
1191 4395 1534 4447 anathemate
1587 4393 1844 4446 condem-

258 4476 456 4544 nandi,
503 4479 592 4548 qui
638 4481 761 4536 licet
815 4484 1144 4553 imperfecte
1177 4485 1295 4538 lidei
1343 4484 1503 4539 luisse
1534 4485 1839 4551 videantur,

256 4566 381 4632 quia
413 4584 515 4621 non
545 4573 594 4623 in
621 4573 799 4626 omnia
833 4590 951 4642 qua:
992 4585 1097 4628 tam
1142 4575 1305 4629 multa
1347 4585 1400 4630 et
1430 4592 1621 4645 magna
1663 4578 1838 4631 comi-

1960 3382 2121 3426 tatem
2173 3375 2394 3442 Spiritus
2445 3376 2497 3427 in
2551 3373 2764 3428 vinculo
2812 3374 2991 3443 pacis;
3049 3376 3103 3429 in
3160 3392 3264 3430 uno
3306 3376 3542 3445 capitulo

1951 3464 2175 3520 Joannis
2218 3466 2560 3534 evangelista:
2591 3466 2842 3520 similiter
2869 3467 3127 3531 inveniet,
3163 3469 3249 3521 ubi
3287 3470 3297 3518 l
3327 3467 3540 3522 ominus

1951 3556 2126 3611 dixit:
2154 3555 2266 3628 Ego
2296 3572 2408 3610 sum
2438 3559 2586 3627 panis
2619 3559 2781 3622 vivus,
2813 3559 2899 3627 qui
2932 3558 2997 3611 de
3027 3559 3155 3611 creto
3186 3559 3420 3612 descendi
3455 3561 3550 3614 :si'

1949 3649 2064 3720 quis
2085 3650 2463 3702 manducauerit
2485 3665 2547 3702 ex
2565 3647 2661 3701 Itoc
2688 3664 2839 3716 pane,
2869 3648 2998 3700 viret
3028 3648 3080 3701 in
3105 3646 3538 3720 wler::unt(Jomi.

1951 3740 2480 3812 Vt,51,52).El:Qui
2523 3741 2798 3793 manducat
2837 3755 3002 3794 meam
3048 3757 3278 3806 carnem,
3322 3752 3366 3793 et
3417 3739 3540 3792 bibit

1951 3850 2120 3888 meum
2151 3833 2470 3903 sanguinein,
2500 3833 2555 3886 in
2588 3849 2665 3885 me
2689 3842 2878 3894 manet,
2930 3843 2977 3886 et
3013 3849 3103 3903 ego
3139 3833 3189 3885 in
3222 3832 3313 3884 illo
3345 3830 3536 3901 (Ibid,

1949 3927 2064 3997 57).
2094 3928 2238 3982 Sicut
2283 3927 2416 3980 misit
2446 3943 2525 3981 me
2570 3927 2738 3980 vivens
2769 3924 2926 3979 Pater
2945 3967 2960 3990 ,
2991 3936 3038 3979 et
3068 3942 3158 3997 ego
3187 3927 3295 3978 viro
3324 3935 3546 3994 propter-

1952 4017 2184 4084 Putrem,
2224 4028 2272 4070 et
2298 4019 2384 4084 qui
2404 4018 2696 4070 mandarat
2731 4033 2829 4081 nte,
2853 4027 2903 4071 et
2931 4018 3040 4088 ipse
3064 4019 3189 4071 vivet
3229 4026 3435 4086 propter
3463 4032 3552 4070 me

1950 4111 1968 4179 (
1999 4110 2160 4177 Ibid,
2194 4110 2306 4182 58).
2333 4111 2401 4166 Et
2426 4111 2757 4182 litigantibus
2787 4112 3011 4178 ludatis,
3055 4120 3111 4167 et
3135 4112 3438 4167 dicentibus
3467 4110 3549 4167 ad:

1949 4205 2176 4260 invicem
2223 4205 2544 4272 :Quomodo
2594 4215 2755 4274 potest
2807 4207 2890 4260 hic
2945 4207 3086 4261 nobis
3131 4222 3335 4260 carnem
3391 4221 3549 4258 suam

1948 4297 2073 4351 dare
2098 4298 2165 4350 ad
2201 4297 2620 4350 manducandum
2679 4295 2866 4368 (lbid.,
2917 4297 3050 4365 55)?
3081 4299 3232 4353 inulti
3267 4300 3422 4352 etiam
3470 4313 3545 4352 ex

1947 4396 2226 4465 discipulis
2279 4395 2398 4464 ejus
2451 4395 2730 4450 audientes
2775 4395 3074 4448 dixerunt:
3114 4393 3288 4446 Durus
3337 4401 3410 4443 est
3454 4390 3538 4442 hic

1945 4504 2131 4550 sermo,
2179 4487 2290 4556 quis
2342 4496 2503 4553 potest
2545 4503 2659 4539 eum
2693 4487 2876 4539 audire
2920 4483 3106 4554 (Ibid.,
3160 4482 3287 4550 Gl)?
3321 4491 3540 4549 pmptcr

1946 4579 2107 4649 quod,
2162 4578 2300 4632 sicut
2331 4581 2381 4632 in
2422 4578 2877 4647 consequentibus
2924 4586 3143 4629 narrat:
3183 4573 3336 4626 Multi
3377 4573 3536 4625 disci-

255 4663 350 4710 nct
388 4657 686 4716 Christiana
737 4664 940 4734 religio,
997 4665 1134 4719 sicut
1187 4665 1403 4735 dignum
1456 4676 1557 4731 est,
1609 4667 1842 4722 animum
1877 4681 1922 4740 ο
1950 4673 2187 4738 putarunt
2215 4672 2326 4740 ejus
2371 4669 2606 4722 abierunt
2626 4679 2781 4733 retro,
2807 4678 2854 4721 et
2875 4670 2990 4738 jam
3020 4683 3118 4719 non
3152 4680 3268 4718 cum
3300 4663 3395 4716 illo
3418 4680 3542 4715 ant--

255 4757 549 4816 potuerunt
578 4752 878 4824 intendere,
911 4757 1086 4810 omnia
1120 4766 1296 4812 tamen
1320 4774 1442 4812 vera
1470 4767 1525 4813 et
1548 4769 1695 4814 recta
1722 4775 1841 4815 esse

253 4840 306 4894 in
351 4841 602 4898 Ecclesia:
646 4846 749 4901 fide
792 4864 898 4903 non
937 4850 1336 4915 dubitaverunt,
1383 4863 1440 4906 ut
1476 4851 1527 4907 in
1570 4869 1630 4908 ea
1677 4856 1839 4922 perli-

252 4933 429 4987 ciendi
464 4947 775 5004 manerent;
828 4956 891 4996 ac
941 4957 1036 5012 per
1070 4942 1172 4996 hoc
1213 4944 1282 4997 ita
1334 4944 1642 5012 credentes,
1683 4945 1833 5015 juxta

248 5027 536 5096 quemdam
566 5031 790 5097 gradum
813 5073 828 5098 ,
885 5044 939 5088 et
960 5033 1061 5103 ipsi
1094 5036 1337 5089 videntur
1367 5034 1419 5088 in
1452 5035 1555 5091 fide
1585 5036 1831 5105 perfecti,

251 5116 341 5182 qui
374 5133 433 5171 se
455 5121 813 5183 perficiendos
846 5141 911 5180 ex
941 5125 1143 5180 unitate
1179 5127 1434 5180 Ecclesite
1465 5126 1831 5182 crediderunt.

251 5204 331 5262 llli
385 5222 518 5280 ergo
559 5209 942 5272 excellentiore
979 5218 1148 5287 gradu
1181 5217 1549 5287 intelligentiae
1601 5219 1830 5288 praediti,

248 5296 417 5366 ipsum
452 5318 563 5358 rem
605 5307 755 5376 cujus
802 5310 852 5363 in
885 5309 1119 5365 futurum
1153 5311 1414 5367 revelatio
1455 5312 1610 5382 plena
1650 5329 1834 5368 serva-

1947 4761 2189 4814 bulabnnt
2229 4758 2418 4830 (lbid.,
2450 4757 2561 4827 67).
2599 4758 2739 4811 Ecce
2783 4767 2866 4811 est
2913 4757 3002 4810 ille
3046 4757 3262 4821 spiritus
3312 4752 3536 4806 rationis

1947 4852 2253 4915 impulistis,
2292 4859 2348 4904 et
2377 4850 2682 4903 auctoritati
2713 4858 2999 4903 contumax
3030 4862 3137 4916 quo
3166 4853 3392 4914 aguntur
3418 4843 3540 4898 lite-

1943 4945 2121 5010 retici,
2146 4945 2234 5014 qui
2267 4943 2621 4998 scandalizari
2653 4951 2983 5011 et-separare
3012 4939 3328 5011 semetipsos'
3361 4938 3536 5006 magis

1939 5047 2065 5092 sunt
2093 5037 2323 5106 prompti
2347 5052 2506 5105 quam
2540 5035 2771 5091 discere.
2819 5033 3121 5104 Ignorantia
3154 5048 3283 5086 vero
3318 5032 3538 5101 piorum

1943 5138 2219 5182 nntnsuete
2259 5127 2711 5197 opportunitatem
2745 5125 3164 5195 pratstolantium
3196 5123 3526 5193 disciplinas,

1937 5223 2260 5276 scrt'antium
2309 5221 2566 5275 unitatem
2598 5220 2818 5289 spiritus
2850 5219 2900 5271 in
2932 5217 3142 5273 vinculo
3170 5217 3338 5286 pacis,
3371 5214 3443 5269 ita
3474 5213 3528 5267 in

1936 5313 2391 5384 cons-quentibus
2422 5313 2683 5380 aperitur.
2730 5310 2989 5382 Adjungit
3035 5310 3177 5367 enim
3227 5308 3336 5364 illic
3367 5321 3527 5363 cvan-

320 5519 346 5549 ι
377 5513 626 5568 Abundat
663 5531 763 5568 vox
804 5516 891 5568 illa
922 5517 1143 5580 donius;
1195 5533 1314 5570 nam
1351 5517 1402 5572 in
1445 5517 1631 5575 Graeco
1664 5518 1864 5574 καταδίε

1960 5539 1978 5572 ε
2005 5521 2097 5578 τὰς
2125 5519 2306 5589 βάσεις
2335 5519 2507 5578 αὐτῆς.

319 5693 334 5722 ⁸
364 5691 499 5764 Coll.
530 5693 754 5764 V'ct'0tt.,
780 5694 1189 5764 Scripturarum.

315 5764 337 5837 ξ
370 5763 509 5837 litem
535 5763 681 5826 cod.,
713 5781 882 5837 verum
902 5763 1316 5837 intelligentiam.

308 5827 328 5857 ³
368 5833 508 5902 Ideni
533 5839 678 5898 cod.,
707 5836 756 5886 in
781 5835 902 5902 (ille.

315 5905 333 5926 ‘
357 5901 418 5959 lu
444 5905 632 5960 eodem
661 5901 800 5974 cod.,
833 5908 964 5961 dccs:
995 5906 1204 5962 domus.

2015 5697 2034 5725 ⁵
2063 5695 2201 5748 Idem
2230 5692 2378 5756 cod.,
2401 5694 2509 5760 qui.

2015 5765 2033 5796 °
2064 5767 2201 5819 litem
2229 5766 2371 5829 cod.,
2403 5764 2502 5814 isti.

2013 5833 2029 5862 ⁷
2056 5836 2199 5892 ltlctu
2222 5835 2366 5899 cod.,
2386 5832 2451 5885 ad
2478 5847 2611 5886 cam.
