3992 6344
479 392 571 443 85!

1556 380 1848 438 FACUNDI
1886 374 2095 432 EPISC.
2140 374 2645 435 HERMIANENSIS

3634 378 3740 434 83‘!

478 501 665 567 Belista
688 502 764 554 sic
794 500 1030 554 referens
1066 516 1075 550 :
1111 498 1383 565 Dixitergo
1410 495 1559 548 Jesus
1590 492 1892 547 duodecim:
1920 503 2052 540 uuu-
2083 485 2132 543 Α
2164 484 2390 541 Fructus
2421 492 2555 543 enim
2588 492 2830 556 justititr,
2886 495 3175 548 secundum
3216 495 3437 550 Paulum
3470 498 3487 525 ⁵
3523 510 3739 568 aposto-

483 591 597 654 uuid
622 602 665 643 et
696 606 780 642 vos
826 590 976 642 vultis
1017 589 1154 641 abire
1187 586 1372 658 (Ibid.,
1403 583 1528 655 68)?
1555 582 1695 653 quod
1751 582 1851 635 nisi
1899 594 2049 647 mque

422 708 427 723 ι
483 686 789 750 mysterium
821 696 924 733 non
952 679 1384 748 intelligentibus,
1413 677 1508 731 sed
1541 691 1643 729 non
1691 690 1841 743 mune
1873 673 2049 727 immi-

422 800 429 809 -
482 772 623 823 tibus
651 776 705 823 et
733 770 1031 823 auctoritati
1054 767 1478 829 contumacibus,
1510 765 1729 819 minime
1758 765 2047 817 diceretur.

483 862 595 915 Cur
626 864 1081 931 interrogarentur
1123 868 1297 914 utrum
1330 867 1383 914 et
1410 859 1510 927 ipsi
1555 857 1703 910 abire
1746 855 1965 918 vellent,
2006 854 2049 907 si

475 951 618 1019 quod
651 950 872 1020 myStice
893 951 1095 1003 dictum
1131 952 1302 1003 fuerat
1332 946 1743 1017 cognovissent?
1772 961 1892 998 nam
1924 960 2047 1014 my-

440 1070 450 1081 -
485 1041 699 1093 sterinm
728 1052 1112 1103 cognoscentes
1141 1040 1488 1094 scandalizari
1530 1047 1585 1092 et
1611 1038 1757 1090 abire
1783 1052 1886 1088 non
1932 1050 2054 1103 pos-

488 1140 624 1186 sent.
666 1131 766 1184 Set]
802 1132 1110 1200 interrogati
1155 1141 1275 1183 sunt
1323 1138 1379 1183 ut
1409 1127 1812 1195 responderent,
1876 1136 2051 1177 utrum

489 1239 605 1287 eos,
636 1226 875 1292 quamvis
907 1240 1011 1276 non
1046 1224 1397 1292 intelligentes
1418 1220 1555 1289 quod
1585 1220 1781 1273 dictum
1811 1228 1912 1281 est,
1933 1218 2052 1270 boni

490 1330 665 1370 tamen
697 1319 931 1383 magistri
964 1327 1164 1371 teneret
1199 1314 1523 1377 auctoritas;
1569 1324 1619 1365 et
1652 1311 1801 1364 nobis
1846 1308 2057 1377 pietatis

489 1415 540 1460 et
587 1406 1009 1459 mansuetudinis
1054 1405 1212 1474 hujus
1259 1405 1475 1458 salubre
1522 1404 1571 1454 in
1619 1401 1695 1453 ris
1728 1399 2055 1467 prmberctur

488 1498 815 1565 ixcmplum,
861 1506 918 1551 ut
958 1498 1126 1552 sienbi
1180 1511 1285 1549 non
1336 1494 1707 1562 intelligimus,
1758 1489 2056 1543 auctoritati

490 1585 758 1639 cedamus.
821 1586 1057 1653 Denique
1096 1585 1173 1640 sic
1203 1584 1275 1637 ibi
1327 1581 1672 1650 interrOganti
1713 1578 1938 1632 Domino
1970 1592 2057 1631 re-

490 1677 703 1743 spondit
724 1686 776 1729 et
804 1675 1013 1741 Petrus,
1048 1686 1231 1729 utqion
1259 1675 1380 1729 ideo
1410 1690 1464 1727 se
1487 1673 1688 1725 diceret
1721 1670 1861 1724 nolle
1890 1670 2057 1734 abire,

501 1766 644 1833 quod
677 1768 987 1835 mysterium
1019 1766 1371 1829 intellexerit,
1405 1763 1499 1819 sed
1531 1764 1649 1832 quia
1679 1761 1804 1815 illud
1834 1761 2007 1828 ipsum
2042 1760 2055 1789 ¹

2152 579 2277 643 lmn,
2298 581 2349 632 in
2371 596 2499 648 pace
2520 586 2802 637 seminatur
2825 586 3122 655 facientibus
3146 603 3320 654 pacem
3344 587 3478 658 (Jac.
3510 605 3593 655 ιιι,
3619 589 3734 661 18):

2153 668 2274 721 ideo
2303 670 2443 738 quod
2474 671 2494 701 ⁸
2538 674 2790 727 ltominus
2830 675 2881 728 in
2927 674 3215 745 Evangelio
3243 677 3417 733 dicit:
3460 677 3572 749 Ego
3623 698 3738 736 sum

2155 761 2269 813 ritis
2294 777 2431 824 vera,
2462 772 2506 816 et
2538 762 2697 817 Pater
2728 781 2869 820 meus
2906 768 3136 838 agricola
3170 780 3284 822 est:
3316 786 3513 824 omnem
3544 772 3737 839 palmi-

2153 860 2250 903 tem
2281 852 2332 903 in
2363 868 2440 905 me
2468 870 2567 906 non
2606 854 2847 922 ferentem
2875 858 3117 924 fructum,
3176 857 3315 911 tollet
3355 875 3466 911 eum
3486 902 3502 926 ,
3533 870 3583 914 et
3623 879 3736 915 om-

2154 954 2265 991 nem
2296 942 2382 1008 qui
2422 946 2517 1011 fert
2562 945 2802 1013 fructum,
2836 946 3073 1015 purgabit
3112 964 3250 1012 eum,
3281 959 3335 1003 ut
3371 950 3486 1015 plus
3515 952 3740 1021 fructum

2154 1032 2336 1097 afferat
2368 1031 2548 1112 (Joau.
2583 1051 2669 1101 xv,
2702 1038 2752 1099 i,
2785 1035 2860 1105 Ξ).
2890 1037 2997 1091 Nec
3034 1038 3233 1092 mirum
3264 1034 3521 1103 videatur,
3547 1044 3590 1095 si
3619 1060 3738 1111 per-

2156 1132 2434 1177 manentes
2467 1125 2517 1177 in
2560 1140 2814 1195 compage
2841 1128 3082 1196 corporis
3123 1127 3337 1192 Christi,
3371 1141 3426 1185 et
3455 1144 3739 1188 servantes

2160 1212 2412 1265 unitatem
2466 1214 2685 1281 spiritus
2728 1215 2778 1267 in
2808 1216 3020 1270 vinculo
3050 1219 3213 1285 pacis,
3244 1234 3337 1286 per
3364 1220 3531 1288 ipsam
3563 1223 3739 1276 chari-

2161 1311 2318 1355 tatem
2350 1318 2378 1357 a
2398 1305 2509 1357 suis
2532 1313 2822 1373 purgentur
2852 1308 3149 1372 erroribus,
3193 1324 3320 1361 cum
3361 1313 3617 1372 scriptum
3646 1313 3735 1376 sit,

2158 1392 2299 1460 quod
2325 1394 2569 1447 universa
2608 1395 2803 1449 delicta
2830 1398 3034 1464 Operiat
3055 1399 3287 1454 charitas
3322 1399 3501 1469 (Prov.
3530 1418 3583 1469 ι,
3619 1404 3738 1471 12).

2160 1483 2622 1546 Quemadmodum
2646 1498 2774 1540 vero
2803 1489 3087 1541 multorum
3117 1491 3275 1545 vitam
3324 1507 3415 1560 pro
3443 1492 3741 1563 Scriptura:

2164 1574 2257 1627 Dei
2288 1576 2593 1628 testimonio
2615 1591 2643 1629 a
2665 1592 2766 1645 qua
2787 1577 2986 1632 laudati
3010 1589 3151 1645 sunt,
3177 1581 3386 1650 impiam
3417 1583 3597 1638 dicere
3626 1602 3740 1640 non

2162 1663 2444 1727 audemus,
2471 1665 2596 1719 licet
2624 1666 2890 1735 aliquibus
2914 1683 3098 1723 eorum
3133 1670 3540 1742 factisgraviter
3564 1675 3740 1730 offen-

2165 1751 2384 1813 damur;
2415 1753 2493 1807 sic
2520 1755 2680 1808 etiarn
2713 1756 2998 1810 multorum
3028 1759 3323 1814 doctrinam
3359 1779 3454 1831 pro
3481 1765 3737 1819 Ecclesiae

494 1854 636 1923 quod
679 1872 707 1908 3
741 1858 830 1909 ωιί
876 1859 1125 1926 magism,
1164 1858 1464 1920 diceretur,
1498 1858 1562 1910 ad
1608 1855 1767 1907 vim".
1807 1861 2060 1906 “uernam
2095 1844 2141 1902 Β
2170 1842 2261 1896 Dci
2292 1844 2594 1897 testimonio
2618 1860 2647 1899 a
2672 1861 2772 1913 qua
2798 1846 3042 1901 honorati
3065 1861 3208 1913 sunt,
3230 1849 3533 1905 ltmreticam
3560 1854 3741 1908 dicere

494 1945 678 2011 procul
708 1944 871 1999 dubio
901 1948 1207 2014 pertineret.
1234 1947 1322 2000 Ait
1345 1946 1486 2000 enim
1517 1962 1529 1997 :
1566 1944 1802 2008 Domine,
1827 1943 1897 1994 ad
1920 1958 2067 2019 quem

494 2036 715 2090 ibimus?
744 2038 891 2090 verba
913 2039 1027 2092 rita:
1052 2048 1251 2093 u'terme
1278 2038 1430 2093 habes
1470 2055 1488 2091 :
1536 2048 1582 2091 et
1610 2054 1698 2090 nos
1731 2036 2064 2097 credidimus,

492 2135 541 2176 et
584 2131 907 2197 cognovimus
957 2132 1075 2199 quia
1122 2142 1175 2183 tu
1222 2148 1273 2185 es
1320 2131 1549 2184 Christus
1602 2129 1770 2183 Filius
1826 2126 1920 2181 Dei
1969 2128 2067 2180 vivi

493 2216 677 2277 (Joan.
703 2234 776 2282 νι,
810 2218 924 2287 69).
953 2220 1104 2285 Quod
1126 2222 1168 2274 si
1204 2221 1513 2289 mysterium
1553 2220 1917 2283 intellexisset,
1953 2218 2066 2271 tunc

500 2306 675 2373 potius
704 2309 923 2362 dixisset
955 2327 968 2362 :
1003 2311 1241 2375 Domine,
1266 2327 1360 2365 cur
1394 2312 1649 2364 abeamus
1680 2327 1785 2365 non
1810 2319 1913 2391 est,
1944 2326 2065 2364 cum

503 2396 782 2451 crcdanms
810 2413 908 2453 nos
934 2413 1128 2470 corpor
1153 2414 1177 2456 s
1203 2412 1255 2455 et
1281 2401 1552 2470 sanguinis
1596 2402 1677 2453 tui
1716 2402 1819 2455 title
1847 2403 2067 2457 salvan-

496 2486 615 2541 dos.
659 2489 877 2543 Multum
912 2492 1089 2560 itaque
1124 2492 1302 2547 diﬂ'ert
1349 2497 1485 2546 inter
1530 2494 1897 2547 haereticorum
1943 2510 2067 2564 pro-

497 2581 715 2632 terviam
748 2580 1004 2636 immitem
1029 2598 1222 2653 corpus
1254 2584 1507 2639 Ecclesia:
1539 2587 1949 2653 discindentem,
1984 2588 2066 2641 vel

498 2667 550 2719 in
586 2668 822 2722 Ecclesia
855 2671 1019 2726 corde
1066 2677 1186 2726 licto
1218 2674 1489 2739 latentem,
1524 2684 1577 2728 et
1617 2677 1789 2729 minus
1820 2692 2069 2745 capacem

496 2758 883 2813 catholicorum
935 2762 1365 2832 intelligentiam,
1398 2763 1657 2818 doctrinae
1706 2763 1905 2818 Clirisd
1935 2767 2065 2819 sub-

498 2848 715 2916 iectam,
769 2857 823 2904 et
867 2862 1166 2906 servantem
1200 2855 1455 2906 unitatem
1503 2855 1720 2921 spiritus
1753 2856 1803 2908 in
1854 2856 2069 2909 vinculo

499 2940 663 3007 pacis.
698 2942 862 3007 Quem
896 2944 1137 3011 spiritum
1169 2944 1241 2998 illi
1274 2945 1509 3014 profecto
1541 2963 1643 2999 non
1672 2948 1867 3001 habent
1895 2951 1982 3018 qni
2012 2964 2069 3003 se

452 3080 457 3081 κ
498 3035 567 3086 ab
614 3033 850 3089 Eet-lesia
894 3046 1216 3105 segregant,
1265 3039 1505 3106 apostolo
1534 3039 1668 3093 Juda
1699 3040 1909 3095 dicente
1943 3060 1953 3093 :
1998 3041 2070 3095 Hi

499 3136 616 3179 sunt
645 3128 731 3195 qui
750 3142 1013 3199 segregant
1041 3132 1354 3197 semetipsos,
1401 3132 1666 3193 animales,
1699 3133 1931 3203 spiritum
1970 3151 2068 3189 non

2169 1951 2273 1990 non
2297 1937 2573 2003 debemus,
2604 1938 2724 1993 licet
2756 1939 2805 1993 in
2832 1941 3094 2007 aliquibus
3115 1957 3300 1998 eorum
3328 1944 3485 1999 dictis
3506 1948 3743 2016 graviter

2170 2027 2499 2082 offendamur
2527 2047 2538 2083 :
2570 2039 2726 2099 atque
2757 2040 2812 2084 ut
2849 2031 2989 2098 illos,
3020 2034 3263 2100 quamvis
3302 2050 3329 2087 a
3371 2035 3550 2090 divina
3595 2037 3742 2091 Scri-

2132 2175 2136 2179 ,
2171 2126 2320 2183 plura
2355 2119 2596 2174 laudatos
2617 2160 2632 2184 ,
2676 2137 2779 2174 non
2811 2124 3133 2177 arbitramur
3162 2126 3211 2178 in
3244 2128 3489 2181 omnibus
3520 2129 3740 2181 imitan-

2136 2256 2137 2259 η
2168 2208 2290 2271 dus,
2322 2209 2393 2262 ita
2440 2224 2536 2263 uec
2560 2278 2561 2281 η
2583 2211 2733 2275 istos,
2781 2217 3022 2279 quamvis
3048 2215 3116 2268 ab
3147 2216 3376 2270 Ecclesia
3418 2218 3735 2279 lionomtns,

2170 2298 2490 2352 arbitremur
2538 2299 2592 2353 in
2643 2303 2890 2360 omnibus
2932 2306 3322 2376 approbandos.
3378 2304 3521 2366 lianc
3558 2320 3740 2367 autem

2173 2391 2526 2449 reverentiam
2580 2392 2679 2466 ipsi
2734 2397 2934 2452 divinae
2984 2400 3271 2469 Scriptura:
3318 2402 3631 2469 deferimus,
3687 2416 3745 2462 ut

2173 2501 2276 2537 non
2316 2486 2599 2545 credamus
2643 2490 2783 2558 quod
2807 2491 3003 2559 aliquid
3027 2492 3046 2523 ⁸
3078 2493 3292 2564 indigne
3321 2496 3553 2549 laudavit
3580 2498 3624 2551 ⁷.
3677 2501 3744 2553 Et

2174 2577 2291 2631 ideo
2338 2593 2456 2631 cum
2512 2579 2792 2634 audiamus
2837 2582 3147 2647 Apostolum
3195 2585 3334 2637 inter
3384 2586 3516 2639 alios
3564 2586 3743 2655 justas

2173 2666 2399 2719 Samson
2442 2684 2654 2735 quoque
2702 2670 3003 2725 laudantem
3051 2682 3205 2742 atque
3246 2674 3510 2729 dicentem
3547 2693 3559 2728 :
3596 2676 3746 2745 Deﬁ-

2140 2820 2145 2823 _
2172 2756 2267 2819 ciet
2298 2759 2430 2810 enim
2466 2770 2553 2813 ‘me
2599 2771 2793 2831 tempus
2833 2774 3155 2818 enarrantem
3187 2766 3249 2819 de
3279 2754 3509 2829 Cedeou,
3546 2767 3741 2834 Barac,

2144 2900 2147 2901 ,
2175 2848 2419 2912 Samson,
2458 2848 2642 2919 Iephte
2662 2892 2676 2914 ,
2730 2851 2895 2906 David
2915 2895 2932 2922 ,
2972 2855 3183 2912 Samuel
3232 2866 3281 2910 et
3324 2859 3577 2928 praphetis
3605 2875 3625 2914 :
3654 2866 3745 2928 qui

2172 2956 2263 3009 per
2288 2939 2441 3006 ﬁdem
2469 2942 2695 2995 vicerunt
2718 2961 2893 3013 regna,
2919 2948 3113 3013 operati
3138 2958 3253 3000 sunt
3273 2950 3548 3018 justitiam,
3571 2952 3745 3021 adepti

2172 3043 2293 3089 sunt
2342 3036 2757 3101 repromissiones
2798 3036 2983 3107 (Hebr.
3021 3054 3098 3104 XI,
3147 3038 3237 3105 52,
3268 3038 3379 3110 55),
3420 3050 3473 3093 et
3499 3052 3697 3095 caetera
3730 3062 3740 3093 :

2175 3122 2517 3191 intelligimus
2540 3123 2681 3192 quod
2705 3134 2757 3177 ut
2785 3142 2845 3179 se
2875 3127 3012 3180 idem
3043 3128 3267 3181 Samson
3299 3145 3419 3183 cum
3450 3130 3745 3201 allophylis

505 3218 743 3271 [tabentes
775 3218 945 3287 μιαί..
1009 3219 1114 3286 l9).
1141 3221 1245 3275 Sed
1294 3236 1393 3275 nec
1424 3222 1498 3276 illi
1540 3223 1680 3277 hunc
1712 3224 1928 3291 habent,
1976 3229 2067 3295 qui
2099 3216 2143 3278 C
2176 3216 2342 3270 ruinw
2374 3218 2601 3287 ingentis
2631 3227 2845 3272 necaret
2868 3234 3146 3286 oppressu.
3187 3236 3289 3274 non
3321 3236 3436 3275 sum
3468 3223 3743 3278 calamita-

502 3308 627 3361 ﬁcto
650 3309 813 3363 corde
843 3310 893 3361 in
924 3311 1162 3364 Ecclesia
1192 3311 1361 3364 latent
1393 3327 1408 3363 :
1434 3312 1656 3366 Sanctus
1684 3314 1814 3366 enim
1840 3314 2064 3380 Spiritus

500 3398 786 3468 disciplina:
814 3401 973 3470 fugiet
1012 3402 1188 3469 ﬁctum
1231 3401 1385 3473 (Sep.
1430 3419 1468 3469 ι,
1502 3401 1578 3470 5).
1607 3403 1718 3456 Νοιι
1749 3419 1874 3473 ergo
1904 3404 2069 3459 debe-

500 3506 619 3544 mus
651 3490 765 3546 luec
787 3494 1007 3547 multum
1040 3494 1265 3548 discreta
1296 3495 1642 3560 coafuudere,
1676 3511 1771 3549 nec
1800 3496 1941 3550 idem
1976 3512 2069 3566 pn-

500 3592 613 3638 tare
641 3584 780 3653 quod
811 3585 967 3654 longe
1010 3586 1281 3641 diversum
1320 3596 1422 3640 est.
1454 3588 1532 3639 οι»
1575 3588 1673 3640 hoc
1705 3588 1861 3655 igitur
1900 3589 2067 3643 sancti

504 3678 711 3742 Patres,
754 3694 976 3749 quorum
1009 3682 1353 3746 apostolicam
1400 3683 1629 3753 regulam
1672 3683 1921 3738 videntur
1950 3686 2068 3753 qni-

502 3766 625 3819 dam
655 3770 793 3822 male
824 3772 1141 3839 transgressi
1168 3813 1181 3837 ,
1218 3787 1321 3826 non
1352 3771 1435 3825 bis
1465 3773 1719 3827 Ecclesiae
1760 3774 2069 3829 doctoribus

504 3859 1002 3931 condemnationem
1056 3870 1373 3926 statuerunt,
1425 3863 1513 3932 qui
1559 3879 1737 3931 pacem
1768 3864 1885 3933 ejus
1912 3865 1977 3917 ad
2010 3865 2069 3917 fl-

504 3965 626 4004 uem
650 3967 818 4020 usque
840 3938 1134 4016 servantes,
1172 3955 1222 4006 in
1259 3954 1572 4022 quibusdam
1602 3954 1723 4008 ﬁdei
1755 3954 2069 4010 Christiana:

501 4041 724 4095 forsitan
771 4052 1117 4107 erraverunt;
1146 4044 1240 4097 sed
1284 4045 1386 4097 illis
1435 4044 1523 4113 qui
1556 4054 1673 4111 post
1713 4059 1870 4098 unam
1901 4055 1953 4099 et
1979 4061 2066 4101 se-

500 4132 728 4185 cundam
750 4135 1163 4200 correptionem,
1197 4134 1528 4189 manifestata
1552 4138 1705 4188 etiam
1731 4136 1909 4203 regula
1930 4138 2067 4192 veri-

506 4221 647 4286 tatis,
677 4236 772 4289 per
811 4223 1071 4291 synodum
1127 4234 1343 4292 paterna
1402 4228 1687 4279 constituta
1734 4237 2068 4295 servantem,

500 4311 641 4365 aliud
666 4313 886 4368 credere
908 4330 969 4368 ac
989 4316 1182 4369 ducere
1217 4328 1595 4384 praesumerent
1625 4335 1637 4371 :
1668 4320 1787 4389 quia
1821 4335 1917 4373 nec
1952 4336 2072 4394 pns-

500 4413 621 4457 scut
658 4404 803 4458 solos
842 4406 987 4473 ipsos
1025 4406 1382 4463 condemnare
1408 4410 1425 4438 ’
1448 4409 1649 4476 absque
1699 4409 1847 4462 omni
1892 4411 2072 4465 Eccle-

499 4498 598 4562 sia,
630 4512 750 4567 quos
771 4514 891 4552 cum
921 4515 1013 4554 cos
1052 4499 1378 4565 adverteret,
1413 4517 1517 4554 non
1559 4502 1733 4571 arguit
1784 4503 1902 4555 taiia
1936 4519 2071 4569 prte-

2175 3306 2242 3359 tis
2266 3306 2618 3373 impatientia,
2649 3306 2744 3361 sed
2780 3318 2907 3361 nutu
2953 3309 3135 3363 divino
3163 3311 3448 3378 inspiratus
3478 3312 3579 3366 hoc
3599 3313 3746 3367 fece-

2171 3402 2263 3454 rit.
2307 3401 2557 3470 Alioquin
2613 3417 2710 3456 nec
2756 3402 3028 3456 sufficiens
3068 3405 3115 3458 ei
3165 3404 3333 3457 virtus
3383 3404 3634 3472 daretur,
3688 3417 3749 3465 ut

2174 3500 2335 3544 tanta:
2386 3491 2767 3559 magnitudinis
2811 3492 3097 3559 fabricam,
3129 3495 3179 3547 in
3214 3510 3321 3564 quo
3341 3510 3473 3565 gens
3499 3497 3747 3569 allophy-

2174 3582 2345 3635 lorum
2387 3582 2631 3636 convivia
2672 3584 2993 3648 celebrabat,
3042 3585 3153 3639 suis
3199 3587 3441 3640 manibus
3486 3599 3743 3656 quateret

2172 3685 2330 3743 atque
2378 3673 2665 3742 dejiceret;
2718 3690 2890 3744 neque
2931 3676 2974 3728 si
3007 3687 3135 3730 nutu
3164 3679 3376 3747 proprio
3418 3680 3517 3733 sibi
3549 3695 3745 3736 necem

2173 3768 2460 3838 ingereret,
2503 3767 2639 3821 inter
2666 3766 2841 3836 justus
2882 3768 2949 3820 ab
2999 3767 3256 3837 Apostolo
3298 3769 3652 3824 laudaretur:
3691 3783 3749 3827 et

2171 3858 2292 3911 ideo
2329 3857 2528 3912 factum
2577 3859 2692 3927 ejus
2737 3873 2802 3912 ex
2847 3856 3040 3913 divina:
3078 3860 3366 3930 Scriptum
3411 3864 3745 3932 testimonio,

2171 3963 2275 4002 tt0n
2307 3963 2373 4002 ex
2405 3961 2583 4002 neStra
2613 3949 2994 4003 consuetudine
3018 3947 3339 4018 jndicamus.
3374 3951 3501 4006 Item
3530 3968 3646 4006 cum
3674 3957 3747 4009 ab

2171 4039 2355 4094 eadem
2387 4039 2656 4104 Seriptura
2699 4039 2968 4093 videamus
3000 4041 3201 4095 laudari
3248 4043 3440 4108 David,
3490 4045 3579 4113 qui
3611 4060 3739 4112 per-

2172 4138 2377 4196 petrato
2438 4128 2699 4184 adulterio
2769 4129 3113 4185 homicidium
3178 4148 3386 4202 quoque
3442 4138 3746 4204 conjunxit,

2171 4220 2421 4286 quoniam
2467 4220 2518 4273 in
2549 4237 2607 4272 ea
2642 4221 2799 4275 simul
2827 4224 3067 4291 legimus,
3097 4226 3236 4292 quod
3264 4228 3446 4279 horum
3470 4228 3746 4283 scelerum

2173 4308 2536 4375 pouritentiam
2583 4311 2775 4379 egerit,
2828 4313 3029 4368 idcirco
3076 4316 3144 4368 ab
3193 4330 3255 4369 ea
3305 4319 3571 4371 credimus
3616 4333 3749 4373 esse

2174 4398 2459 4451 laudatum.
2486 4400 2616 4454 Cum
2650 4417 2775 4455 vero
2809 4404 2988 4459 laudet
3011 4409 3168 4459 etiaut
3201 4408 3501 4465 pontificem
3530 4411 3742 4473 Aaron,

2174 4487 2259 4555 qui
2284 4491 2500 4545 vitulum
2544 4492 2665 4545 fecit
2707 4492 2759 4545 iu
2796 4495 3000 4561 Coteb,
3050 4506 3107 4551 ut
3139 4499 3450 4554 adoraretnr
3482 4519 3509 4552 a
3541 4506 3746 4571 pepulo

500 4586 763 4641 dicentes.
809 4589 1056 4643 Omnium
1105 4590 1301 4659 quippe
1359 4592 1583 4655 fuerant,
1640 4606 1668 4642 a
1719 4592 1911 4659 quibus
1967 4575 2149 4647 nonD
2178 4581 2370 4650 (Εποάσ
2425 4586 2615 4653 xum)-
2664 4600 2761 4639 "ec
2804 4587 2965 4640 fere”
3002 4588 3087 4641 "bi
3128 4605 3249 4643 eum
3293 4592 3420 4645 ι²ηιί
3473 4593 3747 4663 sacrilegii

500 4686 625 4730 sunt
649 4678 965 4745 improbata,
1012 4697 1133 4735 cum
1168 4682 1247 4735 eis
1276 4697 1377 4736 non
1414 4692 1587 4735 essent
1623 4682 1912 4751 inetiguita.
1947 4685 2073 4738 Per-

504 4772 653 4824 vidcs
709 4773 885 4839 igitur,
940 4777 1358 4831 Clelll"llllSSime
1410 4778 1716 4844 imperator,
1751 4789 2069 4846 quanlornm

500 4862 775 4916 damnatio
803 4876 1177 4935 consequatur,
1210 4867 1253 4919 si
1278 4869 1554 4937 quisquam
1586 4885 1647 4923 ex
1677 4870 1868 4923 talibus
1895 4882 2073 4939 poste-

502 4967 682 5004 rorum
714 4958 1123 5023 prtesutnptione
1150 4956 1434 5011 damnetur
1460 4975 1472 5011 :
1504 4958 1633 5012 tanti
1667 4973 1792 5012 vero
1822 4960 2071 5026 penditur

502 5043 555 5095 in
586 5043 790 5098 unitate
818 5047 1056 5113 corporis
1094 5048 1288 5102 ChriSti
1321 5065 1535 5103 manere
1556 5090 1570 5114 ,
1619 5058 1673 5102 et
1705 5066 1808 5104 non
1837 5064 2065 5106 conten-

506 5138 697 5189 tiosum
734 5151 792 5189 se
821 5137 1071 5205 objicere,
1114 5140 1207 5193 sed
1248 5141 1474 5195 docilem
1516 5142 1781 5210 subjicere
1831 5143 2065 5199 animum

498 5226 746 5291 veritati,
800 5236 855 5278 nt
900 5243 993 5293 pro
1041 5230 1184 5295 pacis
1220 5231 1387 5297 ipsius
1430 5242 1483 5286 ct
1532 5233 1803 5288 clra:itatis
1848 5234 2022 5291 fructu
2052 5278 2067 5301 ,

502 5317 641 5380 quod
671 5316 889 5371 forsitan
920 5317 941 5349 ⁸
971 5319 1127 5372 aliter
1155 5326 1355 5387 sapitnr
1383 5338 1538 5391 quam
1568 5340 1691 5377 vera
1723 5326 1853 5379 fides
1881 5329 2069 5397 exigit,

502 5419 752 5477 purgetur
807 5425 834 5461 a
881 5408 1140 5472 Domino,
1205 5420 1259 5462 ut
1315 5413 1428 5479 plus
1467 5415 1517 5466 in
1571 5430 1699 5481 pace
1752 5416 2067 5485 frttctificet;

570 5612 587 5643 ⁸
614 5610 747 5665 Cod.
777 5610 994 5678 Veron.,
1019 5611 1260 5680 quidquid
1283 5610 1415 5664 illud
1442 5622 1587 5673 esset,
1615 5614 1770 5681 quod.

569 5681 585 5710 ’
616 5681 757 5734 idem
781 5681 878 5733 cod
912 5721 924 5742 ,
958 5682 1292 5735 condemnare
1321 5683 1566 5736 ductores.

570 5749 587 5820 ξ’
622 5750 758 5820 idem
787 5750 926 5814 ωδ..
961 5756 1000 5802 si
1024 5753 1146 5819 quid
1176 5755 1414 5820 forsitan.

571 5815 590 5847 ⁸
621 5817 763 5874 idem
795 5820 937 5889 ccd.,
963 5815 1232 5878 Iacobum.

2177 4673 2501 4742 paenituerit,
2548 4677 2711 4743 exigit
2746 4693 2773 4729 a
2819 4679 2971 4733 nobis
3019 4683 3315 4737 reverentia
3359 4699 3516 4753 quam
3562 4683 3749 4740 eidem

2175 4773 2373 4818 sancta:
2402 4766 2687 4834 Scriptura:
2710 4767 2990 4837 debemus,
3027 4781 3083 4823 ut
3110 4787 3411 4841 quanquam
3437 4775 3536 4828 boc
3560 4784 3748 4831 tacue-

2176 4859 2264 4921 rit,
2290 4875 2393 4913 non
2424 4867 2598 4913 tamen
2634 4861 2917 4915 credamus
2948 4865 3089 4931 quod
3136 4881 3257 4917 eum
3298 4865 3519 4920 laudare
3548 4868 3749 4936 possit,

2176 4948 2276 5001 nisi
2302 4948 2370 5003 de
2390 4957 2534 5006 tanto
2564 4953 2845 5022 sacrilegio
2877 4955 3241 5020 paenitentem.
3279 4955 3426 5010 llane
3458 4957 3619 5029 igitur
3648 4960 3757 5013 ob-

2177 5044 2501 5098 servantiam
2534 5056 2719 5097 tenere
2752 5061 2847 5097 nos
2874 5057 3086 5111 oportet
3111 5056 3165 5099 et
3196 5049 3246 5101 in
3282 5049 3367 5102 bis
3393 5064 3619 5119 quorum
3648 5050 3747 5104 dus

2172 5136 2339 5188 ctrina
2372 5135 2421 5188 in
2453 5134 2697 5190 Ecclesia
2724 5135 2821 5189 Dei
2854 5148 3065 5206 recepta
3092 5149 3207 5202 est;
3255 5149 3310 5193 ut
3333 5139 3376 5192 si
3407 5140 3532 5208 quid
3560 5154 3658 5194 nos
3692 5142 3747 5194 in

2175 5242 2357 5281 eorum
2400 5228 2577 5282 verbis
2608 5228 2911 5294 offenderit,
2953 5230 3097 5297 prius
3139 5245 3462 5299 quieramus,
3511 5247 3576 5286 ne
3610 5232 3750 5286 forte

2177 5338 2281 5374 non
2315 5320 2413 5390 ipsi
2456 5322 2758 5383 veritatem,
2792 5322 2883 5375 sed
2917 5339 3016 5377 nos
3044 5337 3226 5377 eorum
3259 5324 3604 5379 intentionem
3641 5326 3751 5379 tui-

2178 5429 2279 5468 nus
2310 5416 2578 5482 potuimus
2600 5414 2861 5469 invenire.
2888 5415 2952 5469 Et
2978 5416 3426 5484 quemadmodum
3458 5416 3589 5472 illud
3609 5433 3749 5486 opus

2239 5618 2257 5649 "
2288 5618 2425 5673 Idem
2458 5618 2577 5673 cod.
2603 5658 2618 5682 ,
2650 5620 2880 5685 ideoque.

2239 5690 2261 5721 ⁶
2292 5690 2428 5742 Idem
2451 5690 2592 5753 cod.,
2620 5691 2857 5757 aliquem.

2240 5761 2258 5791 ⁷
2292 5759 2433 5814 idem
2463 5759 2608 5830 ced.,
2639 5762 2936 5821 laudaverit.
