3992 6344
185 361 286 417 833

190 576 369 621 nostra
403 570 792 625 consuetudine
816 573 1120 640 judicamus
1152 596 1163 629 :
1197 579 1267 631 ita
1308 588 1362 633 et
1409 579 1599 633 ltorum
1628 582 1769 636 dicta

184 674 245 711 es
276 659 533 712 Ecclesia:
563 660 891 729 testimonio,
924 676 978 720 et
1006 682 1110 721 non
1152 685 1217 721 ex
1249 651 1427 723 nostra
1473 672 1771 742 intelligen-

185 754 258 807 tia
280 752 603 823 iudicemus.
635 754 691 810 Si
722 771 848 811 vero
870 768 1047 814 certus
1079 760 1290 815 illorum
1319 772 1399 816 est
1426 777 1600 831 error,
1636 765 1770 819 sicut

190 843 356 897 David
400 852 561 914 atque
612 846 815 912 Aaron,
865 863 970 903 non
1008 850 1107 904 nisi
1146 866 1244 919 pro
1285 852 1402 921 ejus
1432 858 1771 924 correptione

187 933 471 988 credamus
533 934 699 989 fuisse
764 935 1042 1003 laudatos,
1103 941 1215 993 sive
1268 940 1369 995 hoc
1422 945 1766 1010 ostendatur,

188 1018 638 1091 quémadmodum
655 1026 1000 1081 Theodorum
1037 1045 1155 1099 qua:
1185 1033 1359 1086 minus
1390 1046 1544 1088 caute
1588 1047 1770 1104 protu-

189 1115 320 1169 lerat
345 1115 681 1172 ostendimus
702 1121 1050 1182 emendasse;
1077 1125 1189 1176 sive
1219 1126 1318 1179 ltoc
1352 1126 1488 1179 forte
1513 1144 1616 1181 non
1650 1145 1771 1195 pos-

188 1205 257 1259 sit
285 1206 562 1260 evidenter
603 1209 817 1263 ostendi
850 1226 862 1263 :
899 1226 1017 1265 nam
1063 1214 1214 1266 aliter
1257 1215 1375 1268 illos
1410 1217 1641 1271 Ecclesia
1676 1219 1769 1273 Dei

189 1298 484 1366 approbare
526 1316 629 1354 non
663 1302 847 1367 possit.
883 1303 1030 1357 Sicut
1060 1315 1237 1361 autent
1269 1308 1426 1362 nimis
1458 1309 1766 1364 indecorum

189 1397 270 1440 est
298 1398 352 1441 et
379 1388 666 1454 oﬂ‘ensutn,
702 1401 757 1444 ut
800 1404 985 1445 eorum
1033 1404 1245 1462 peccata
1285 1398 1477 1462 quibus
1524 1404 1767 1454 testimo-

191 1482 333 1536 nium
370 1481 589 1551 justitize
622 1483 895 1552 Scriptura
944 1485 1036 1540 Dei
1078 1487 1365 1555 perhibuit,
1399 1490 1770 1546 curiosissime

192 1572 525 1640 requirentes
579 1586 893 1629 enumerata
940 1577 1292 1644 denotemus,
1351 1580 1474 1634 hinc
1529 1583 1771 1639 volentes

192 1664 357 1716 sancti
388 1672 547 1731 atque
594 1666 996 1722 incontaminati
1022 1668 1189 1724 videri
1217 1687 1231 1723 :
1263 1672 1333 1725 ita
1367 1673 1522 1727 nimis
1552 1674 1771 1729 indeco-

195 1769 306 1807 rum
338 1764 421 1807 est
457 1764 615 1824 atque
647 1755 934 1824 offensum,
965 1776 1015 1813 ut
1050 1761 1403 1828 ignorantiam
1440 1779 1624 1818 eorum
1655 1767 1773 1835 qui-

1039 372 1171 429 PRO
1212 375 1639 433 DEFENSIONE
1680 378 1890 435 τιιιωι
1932 383 2239 442 C.\PlTUl..
2282 387 2408 443 LIB.
2454 388 2565 443 ΧμΙΙ.

185 477 410 528 Samson
441 490 505 529 ex
538 477 729 534 divina:
778 479 1069 550 Scriptura:
1112 486 1439 549 testimonio.
1477 499 1529 542 et
1562 505 1664 542 non
1695 505 1758 543 ex
1790 496 1834 549 Α
1861 492 2141 563 judicavit,
2189 508 2500 555 cunctorum
2532 516 2651 569 qua:
2682 502 2734 558 in
2790 505 2875 558 illa
2917 506 3111 563 ealum:

3350 401 3449 455 8'54

3119 512 3313 568 tiatttur
3348 515 3464 572 lue-

1876 590 2048 653 retici,
2100 593 2363 647 rationein
2410 595 2543 649 actis
2576 595 2842 650 inseruit?
2884 613 3003 653 cum
3035 601 3330 673 intelligere
3358 609 3448 664 de-

1875 678 2051 743 beant,
2077 681 2218 749 quod
2246 684 2647 740 accusatoribus
2676 684 2776 740 lbzc
2809 689 3052 757 epistola:
3080 695 3209 748 nihil
3240 697 3293 751 in
3326 713 3443 754 eam

1875 772 2268 839 opponentibus
2291 773 2335 844 ⁸,
2368 790 2587 833 necesse
2629 792 2732 833 non
2764 778 3009 838 habuerit
3051 785 3103 839 in
3138 787 3326 843 talibus
3358 791 3446 846 iut-

1874 864 2090 916 ntorari.
2145 865 2294 931 Quod
2353 868 2397 920 si
2448 881 2727 938 propterea
2766 876 3185 931 succeuscndum
3247 894 3453 950 magna

1872 955 2078 1022 synodo
2102 966 2332 1024 putetur,
2366 963 2489 1028 quia
2522 962 2724 1017 futuras
2748 964 3118 1024 haereticorum
3149 970 3446 1029 calumnias

1873 1057 1977 1095 nou
2009 1052 2298 1113 pra-vertit,
2333 1051 2462 1117 ipsis
2486 1067 2697 1122 quoque
2728 1056 3002 1123 prophetis
3033 1069 3190 1127 atque
3223 1073 3445 1130 aposto-

1872 1133 1935 1185 lis
1957 1150 2034 1187 ευ(
2052 1147 2332 1192 censeatur
2356 1155 2574 1195 necesse
2599 1156 2701 1209 εει,
2726 1158 2845 1197 cum
2872 1145 3033 1200 multa
3059 1148 3165 1201 sint
3190 1151 3238 1201 iu
3265 1166 3447 1206 eorum

1872 1224 2069 1279 litteris
2099 1245 2326 1295 quorum
2352 1247 2472 1285 cum
2505 1234 2601 1300 ipsi
2625 1246 2839 1302 possent
2868 1238 2983 1290 sine
3004 1239 3106 1291 ulla
3133 1238 3449 1296 difﬁcultate

1874 1317 2109 1382 pandere
2153 1321 2437 1385 rationem,
2482 1311 2714 1377 maximo
2760 1340 2899 1378 nunc
2943 1327 3119 1380 studio
3172 1341 3333 1398 atque
3375 1332 3449 1384 la-

1875 1406 2003 1459 bore
2034 1408 2100 1460 ab
2147 1410 2586 1477 ingeniosissitnis
2629 1425 2789 1485 atque
2825 1416 3150 1472 doctissimis
3175 1437 3449 1489 exponun-

1876 1504 1981 1549 tur.
2028 1498 2361 1569 Cognoscant
2408 1504 2586 1571 igitur,
2620 1507 2760 1574 quod
2816 1509 2896 1561 Itis
2941 1509 3339 1567 difﬁcultatibus
3387 1514 3452 1567 ﬁ-

1874 1585 1995 1641 dem
2042 1604 2105 1642 ae
2153 1592 2402 1659 pietatem
2451 1596 2705 1652 Ecclesia:
2754 1614 2864 1653 suae
2907 1598 3153 1656 Christus
3184 1613 3451 1667 exerceat.

1874 1679 2005 1734 Nant
2052 1685 2234 1753 utique
2267 1688 2433 1757 magis
2467 1691 2759 1759 propltette,
2808 1694 2979 1762 magis
3018 1703 3171 1762 atque
3205 1708 3369 1764 apostt
3397 1698 3454 1765 li,

1879 1772 2077 1827 futuras
2105 1790 2237 1843 quas
2270 1781 2637 1845 pratvidebaut
2668 1783 3103 1837 calumniantium
3128 1788 3207 1839 vel
3244 1803 3344 1838 non
3374 1789 3457 1841 itt-

192 1841 288 1898 bus
316 1847 683 1927 testimonium
724 1862 869 1902 sana:
896 1849 1153 1905 doctrinae
1188 1838 1435 1908 Ecclesia.
1458 1855 1552 1910 Dei
1591 1858 1770 1926 perbi-
1801 1858 1849 1916 B
1877 1864 2253 1935 telligeutiuut,
2288 1881 2377 1923 aut
2409 1873 2641 1926 vitarent
2670 1885 2760 1926 aut
2810 1876 3082 1930 solverent
3110 1880 3386 1945 qumSlittm
3406 1896 3451 1934 ε,

192 1933 324 1998 buit,
350 1938 823 2004 scrupulosissime
848 1944 1235 2010 perquiramus,
1269 1954 1325 1998 et
1349 1945 1396 1999 si
1424 1961 1557 2016 quos
1582 1963 1767 2002 eorum

192 2028 704 2095 depreltenderiutus
737 2032 819 2086 vel
853 2035 1213 2099 putaverimus
1241 2051 1476 2104 errores,
1522 2039 1572 2092 in
1607 2055 1768 2094 unum

190 2132 471 2189 congestos
498 2121 835 2185 ventilemus,
888 2123 1009 2178 ltinc
1038 2126 1279 2180 volentes
1313 2127 1484 2181 videri
1518 2129 1659 2184 docti
1690 2140 1772 2184 at-

190 2223 292 2274 que
320 2208 591 2264 catholici.
643 2210 745 2265 Sed
776 2214 1223 2280 quemadmodum
1270 2217 1479 2271 illorum
1532 2232 1767 2287 peccata,

193 2299 260 2352 ita
290 2309 341 2353 et
376 2298 566 2354 horum
601 2301 643 2355 si
684 2317 786 2371 qua
829 2303 1102 2358 invenitur
1135 2306 1450 2374 ignorantia,
1487 2308 1686 2363 suflicit
1718 2319 1772 2364 ut

189 2402 305 2442 cum
334 2389 561 2459 legimus
584 2390 971 2459 improbemus,
1004 2394 1262 2460 Apostolo
1303 2395 1514 2450 dicente
1541 2413 1554 2450 :
1583 2397 1770 2450 Omnia

194 2482 423 2551 probate,
472 2485 608 2553 quod
636 2485 819 2538 bonum
844 2497 916 2539 est
948 2497 1106 2540 tenete
1147 2487 1197 2558 (1
1219 2488 1396 2545 Thess.
1444 2506 1497 2558 v,
1528 2492 1641 2562 2|).
1672 2497 1770 2547 At-

192 2586 291 2640 que
318 2584 374 2626 ut
402 2573 610 2627 illorum
643 2574 824 2640 vitam,
857 2591 961 2630 non
981 2593 1044 2630 ex
1072 2578 1389 2647 quibusdam
1413 2581 1769 2649 culpabilibus

193 2662 342 2719 fartis
394 2664 646 2735 impiam,
687 2666 780 2721 sed
829 2682 894 2722 ex
938 2669 1059 2723 aliis
1107 2670 1275 2724 multo
1327 2672 1566 2740 pluribus
1607 2674 1769 2730 rectis

189 2750 407 2823 justam,
455 2760 746 2814 secundum
792 2762 1081 2831 Scriptura:
1111 2764 1201 2818 Dei
1235 2768 1592 2821 testimonium
1626 2767 1771 2838 judi-

190 2859 371 2904 camus
409 2850 514 2903 :ita
548 2863 598 2907 et
633 2852 822 2907 ltorum
864 2855 1188 2921 doctrinam,
1223 2873 1326 2911 non
1358 2874 1423 2912 ex
1452 2860 1769 2929 quibusdam

191 2940 540 3007 rulpabilibus
586 2943 743 2998 dictis
795 2946 1123 3011 ltarreticam,
1175 2948 1269 3003 scd
1314 2964 1380 3004 ex
1432 2952 1550 3006 aliis
1604 2951 1771 3006 multo

193 3031 436 3098 pluribus
476 3037 636 3089 rectis
668 3036 985 3091 catholicam
1033 3040 1324 3092 secundum
1375 3040 1633 3095 Ecclesia:
1681 3042 1770 3095 Dei

192 3123 554 3177 testimonium
580 3124 902 3192 iudicemus.
930 3126 1082 3181 Unde
1109 3140 1289 3182 sancta
1315 3130 1551 3199 synodus
1582 3132 1772 3184 Oricu-

193 3212 255 3265 tis
293 3213 603 3267 Theodosio
650 3216 890 3269 scribens
935 3216 1143 3270 diccbat
1179 3234 1193 3271 :
1230 3237 1247 3269 ι
1288 3218 1341 3273 Si
1389 3235 1566 3273 au;em
1619 3236 1667 3288 (ιι

190 3393 330 3447 dicat
392 3394 445 3446 in
489 3392 757 3450 Theodori
804 3397 884 3451 vel
927 3398 1152 3452 aliorum
1198 3401 1408 3463 litteris,
1463 3402 1564 3457 hoc
1606 3411 1777 3456 retra-

190 3486 313 3537 ctari
346 3486 709 3539 necessarium
742 3501 846 3541 non
880 3500 983 3543 est.
1018 3491 1255 3555 Quorum
1286 3492 1429 3547 enim
1462 3496 1570 3547 vita
1604 3494 1653 3547 in
1688 3510 1773 3549 sa-

191 3577 434 3631 cerdotio
482 3588 535 3631 et
582 3579 882 3635 ministerio
931 3584 1189 3650 optimutn
1235 3584 1417 3638 habuit
1466 3584 1646 3649 linem,
1695 3587 1775 3640 bis

192 3671 463 3739 prtelatam
487 3671 711 3739 gloriam
739 3672 1075 3741 dedicamus,
1113 3683 1168 3730 et
1195 3690 1302 3730 non
1333 3692 1397 3731 ex
1441 3677 1545 3730 illis
1574 3694 1667 3733 eos
1688 3678 1774 3746 ju-

193 3759 433 3814 dicamus
456 3768 526 3816 de
555 3762 746 3831 quibus
769 3762 932 3834 aliqui
956 3765 1210 3820 atrociter
1239 3781 1333 3821 eos
1354 3777 1627 3821 accusant.
1662 3788 1679 3818 ι

805 3894 1032 3952 CAPUT
1073 3898 1134 3953 ll.

200 3985 344 4050 Quod
392 3989 657 4042 re:ractari
687 4005 789 4042 non
825 3990 1037 4073 debeant
1079 4008 1139 4045 ea
1180 4008 1292 4062 qua:
1313 3994 1367 4047 in
1398 3994 1596 4064 synodo
1621 3995 1774 4048 semel

724 4070 840 4114 sunt
874 4070 1165 4116 constituta.

265 4170 369 4226 Sed
404 4186 547 4237 erce,
579 4173 720 4242 quod
744 4174 988 4228 ultimum
1022 4175 1176 4230 nobis
1201 4176 1267 4229 ad
1298 4175 1771 4233 demonstrandam

201 4265 455 4319 rationem
489 4265 649 4320 totius
692 4280 870 4320 causa;
918 4277 1271 4336 remanserat,
1304 4270 1465 4324 etiam
1512 4270 1580 4326 de
1619 4272 1774 4326 laude

201 4351 461 4409 Theodori
488 4356 845 4425 Mopsuesteni
874 4360 1003 4411 satis
1030 4373 1298 4428 superque
1318 4359 1613 4425 docuimus,
1638 4363 1773 4418 hanc

203 4448 473 4512 epistolam
505 4451 643 4503 velut
676 4449 984 4504 haereticam
1010 4452 1154 4516 juste
1192 4466 1295 4505 non
1339 4467 1500 4519 posse
1530 4454 1771 4522 culpari;

206 4551 296 4590 nos
338 4549 535 4604 tamen,
586 4539 726 4595 sicut
763 4540 1074 4610 pratdictum
1122 4550 1224 4607 est,
1258 4557 1363 4594 non
1398 4544 1450 4595 ιιι
1482 4553 1663 4596 nostra
1701 4560 1775 4596 ra-

206 4627 363 4697 tione,
392 4647 693 4700 quanquam
719 4633 960 4686 videatur
989 4632 1211 4699 invicta,
1242 4632 1340 4686 sed
1372 4634 1422 4685 in
1456 4635 1776 4689 auctoritate

206 4723 369 4777 sancti
391 4724 601 4778 concilii
634 4740 743 4794 quo
764 4726 781 4755 ¹
810 4736 1056 4794 suscepta
1094 4733 1201 4790 est,
1250 4726 1665 4780 constituimus’
1688 4726 1779 4781 ﬁr-

206 4813 461 4869 mitatem.
490 4815 733 4870 Sufﬁciat
759 4813 916 4885 igitur
940 4818 1274 4871 instructioni
1306 4818 1646 4885 parvulorum
1681 4834 1775 4871 no-

207 4911 451 4969 strorunt,
481 4923 549 4961 ne
578 4908 1009 4962 scandalizentur
1056 4909 1108 4961 in
1143 4908 1224 4961 his
1252 4923 1369 4977 qua:
1403 4910 1468 4963 de
1497 4910 1582 4963 illa
1612 4911 1780 4965 conﬁ-

207 5003 284 5047 cta
314 5006 453 5059 sunt,
488 4998 627 5065 quod
655 5000 835 5052 omnia
877 4998 1093 5052 diverso
1122 5007 1283 5067 atque
1312 5000 1611 5065 multiplici,
1644 5010 1699 5056 ct
1728 5003 1778 5055 in

210 5089 510 5160 "llSt‘qlllutll
540 5093 787 5147 veritatis
815 5091 1049 5163 undique
1077 5101 1432 5147 concurrente
1461 5108 1660 5160 genere
1684 5095 1777 5148 tle-

212 5179 456 5238 fensionis
472 5186 818 5239 exclusimus.
846 5186 954 5239 Nec
983 5185 1120 5253 apud
1152 5200 1210 5239 se
1238 5194 1482 5253 reputent
1513 5186 1776 5249 dicentes,

211 5284 297 5324 cur
325 5288 427 5328 non
461 5278 627 5345 m‘tgis
668 5276 797 5329 illud
841 5276 1157 5341 concilium,
1206 5275 1345 5345 quod
1380 5276 1545 5344 ipsam
1585 5279 1781 5345 episto-

214 5363 307 5419 lam
344 5371 532 5425 merito
560 5378 719 5425 recta:
751 5369 873 5424 ﬁdei
916 5385 1075 5439 quam
1128 5370 1385 5433 continet,
1425 5370 1780 5425 orthodoxam

279 5553 300 5614 ἒ
326 5546 463 5603 Edit.
492 5549 682 5614 Leon.,
718 5551 868 5603 etiam
897 5551 947 5602 in
978 5566 1053 5601 eo.

275 5613 301 5652 δ
324 5618 461 5673 Edit.
494 5613 689 5688 Leon.,
721 5623 964 5690 majorem
995 5621 1217 5690 fructum
1260 5632 1559 5690 conspectu.

283 5795 451 5870 ﬁlled.
484 5796 704 5861 Veron.,
736 5816 768 5853 a
796 5815 919 5870 quo.

286 5862 304 5891 ²
327 5864 465 5923 ldcm
492 5871 639 5937 cod.,
671 5872 779 5943 ejus
808 5862 1178 5925 constituimus.

1808 4593 1856 4651 D

1878 1957 2170 2013 Atlcndaut
2200 1964 2339 2029 quod
2373 1962 2560 2018 Petrus
2589 1967 2864 2034 apostolus
2894 1967 3062 2020 dicat:
3084 1966 3457 2022 Dilectissimus

1873 2050 2032 2119 frater
2059 2062 2229 2105 noster
2260 2052 2483 2123 Paulus,
2515 2058 2792 2111 secundum
2835 2076 2945 2111 eam
2974 2077 3087 2129 qua:
3126 2062 3247 2116 data
3276 2075 3350 2117 est
3378 2064 3459 2117 illi

1873 2146 2178 2213 sapientiam
2207 2148 2410 2216 scripsit
2436 2149 2596 2213 vobis,
2632 2159 2685 2204 ut
2732 2153 2783 2205 in
2816 2156 3046 2207 omnibus
3092 2158 3332 2223 epistolis,
3379 2160 3457 2211 to-

1877 2251 2032 2302 quens
2062 2238 2113 2289 in
2141 2238 2212 2291 eis
2242 2242 2302 2291 de
2322 2238 2402 2293 his
2422 2241 2475 2295 in
2504 2244 2683 2310 quibus
2713 2255 2831 2297 sunt
2857 2247 3093 2316 qmrdam
3124 2248 3349 2317 (li/ficilia
3378 2253 3458 2301 in-

1876 2325 2100 2390 tellectu,
2130 2345 2243 2397 qua:
2271 2332 2466 2385 indocti
2512 2344 2662 2402 atque
2690 2336 2952 2390 instabiles
2988 2349 3295 2406 pervertunt,
3328 2341 3457 2394 sicut

1880 2426 1927 2470 et
1956 2426 2165 2472 crateras
2208 2419 2530 2490 Scripturas,
2578 2425 2647 2476 ad
2677 2428 2941 2495 praprium
2981 2445 3129 2482 suum
3176 2431 3454 2486 interitum.

1884 2511 1990 2567 Vos
2019 2515 2174 2585 igitur
2205 2519 2563 2583 amantissimi,
2612 2522 2931 2587 prarscientcs
2959 2530 3145 2587 cavete,
3187 2542 3249 2577 ne
3277 2526 3421 2592 infan
3441 2556 3453 2565 -

1876 2614 2072 2659 storum
2094 2624 2264 2661 errore
2293 2610 2489 2662 seducti
2518 2610 2768 2663 decidatis
2796 2629 2826 2663 a
2856 2612 3189 2666 corroborati.
3207 2631 3267 2666 ne
3301 2626 3457 2669 t’estm

1877 2695 1967 2768 (II
1997 2698 2140 2752 Petr.
2172 2714 2250 2765 tu,
2284 2700 2499 2768 15-17).
2536 2701 2672 2756 Ecce
2700 2718 2806 2756 non
2837 2704 3011 2756 solum
3044 2720 3162 2757 cum
3202 2706 3457 2772 prmvide-

1878 2799 1997 2843 rent
2027 2806 2131 2843 non
2165 2792 2467 2845 vitaverunt
2499 2792 2723 2856 futuras,
2747 2794 2839 2848 sed
2871 2796 3029 2849 etiam
3062 2812 3182 2850 cum
3214 2813 3448 2866 praesen-

1880 2892 1957 2940 tes
1987 2886 2249 2953 viderent,
2287 2902 2390 2942 nou
2435 2887 2588 2939 nobis
2627 2888 2975 2942 absolvet-unt
3004 2890 3341 2943 indoctorum
3375 2901 3455 2941 at-

1876 2993 1980 3045 que
2008 2978 2356 3040 instabilium,
2385 2994 2515 3046 quas
2538 2996 2600 3033 ex
2628 2995 2812 3035 eorum
2839 2980 3029 3034 litteris
3058 2988 3334 3051 opponunt
3359 2982 3455 3035 Ec-

1875 3070 2090 3135 clesim,
2146 3070 2490 3136 quaestiones.
2545 3070 2649 3124 Nec
2701 3069 2979 3140 quisquam
3035 3073 3138 3126 illis
3193 3073 3458 3142 imputare

1876 3160 2213 3213 Christianus
2240 3162 2420 3230 audet,
2450 3164 2589 3229 quod
2633 3166 2756 3217 talia
2799 3165 2957 3219 locuti
2990 3175 3113 3219 sunt
3142 3183 3262 3237 qua:
3292 3168 3450 3221 iidem

1676 3221 1771 3321 ’ίξίί
1801 3229 1847 3291 C
1878 3252 2073 3304 indocti
2109 3262 2265 3320 atque
2323 3221 2597 3307 instabiles
2644 3272 2739 3322 pro
2797 3257 3099 3312 intellectus
3144 3221 3458 3315 difﬁcultate

192 3319 372 3374 quam,
417 3308 705 3373 imperator
755 3318 961 3373 sancte,
992 3309 1283 3363 obscurum
1323 3310 1517 3379 aliquis
1548 3312 1772 3365 inveniri
1828 3324 1845 3331 ‘

1878 3353 2280 3413 pervertereut;
2308 3348 2399 3400 sed
2433 3347 2523 3400 Dei
2556 3348 2732 3415 potius
2755 3349 2804 3400 iu
2831 3349 2931 3403 hoc
2954 3350 3210 3418 judicium
3242 3363 3457 3404 contre-

1879 3437 2070 3501 ntiscit,
2098 3436 2235 3505 quod
2271 3436 2575 3505 huiusmodi
2602 3440 2984 3501 tentationilus
3019 3441 3143 3493 illud
3175 3441 3457 3508 impletur,

1880 3538 1936 3580 ut
1967 3528 2053 3596 qui
2082 3528 2133 3581 in
2165 3528 2411 3583 sordibus
2439 3541 2521 3583 est
2549 3529 2826 3584 sordescat
2855 3531 3049 3593 adhuc,
3079 3532 3251 3597 justus
3280 3541 3457 3584 autem

1873 3619 2100 3688 justiora
2126 3620 2307 3685 faciat,
2341 3631 2396 3675 et
2419 3631 2634 3676 sanctus
2665 3623 2932 3675 sanctiora
2962 3622 3145 3692 (Apoc.
3180 3638 3309 3685 xxtt,
3346 3624 3457 3690 ll).

1880 3708 2031 3763 Unde
2059 3710 2101 3762 si
2130 3725 2285 3778 quam
2316 3710 2671 3763 reverentiam
2703 3710 2992 3765 deferimus
3032 3712 3190 3764 etiam
3221 3712 3458 3782 synoda-

1796 3830 1800 3841 ι
1879 3805 2016 3857 libus
2052 3804 2352 3857 eonsﬁtutis
2391 3804 2459 3857 ab
2501 3805 2735 3858 Ecclesia
2786 3804 3070 3858 universali
3117 3806 3370 3873 receptis,
3406 3805 3458 3859 in

1879 3896 2126 3949 omnibus
2153 3912 2271 3963 quae
2294 3897 2519 3950 obscura
2549 3897 2599 3949 in
2628 3897 2708 3953 cis
2740 3906 2792 3951 et
2816 3897 2881 3951 ad
2925 3897 3332 3967 intelligendum
3359 3898 3457 3951 dil-

1880 3990 2038 4042 ﬁcilia
2091 3991 2411 4058 reperimus,
2470 3990 2703 4043 divinant
2753 3990 3082 4044 voluntatem
3134 4005 3459 4061 cognoscere

1878 4087 2037 4148 atque
2060 4081 2354 4147 approbare
2377 4080 2653 4135 debemus.
2681 4080 2971 4150 Cognoscis
2994 4094 3192 4148 autern,
3226 4084 3471 4137 serenis~.

1878 4169 2015 4223 sime
2062 4168 2386 4238 imperator,
2440 4173 2581 4240 quod
2635 4187 2739 4226 non
2796 4173 3061 4228 immerito
3118 4175 3459 4229 beatissimus

1881 4259 1989 4313 Leo
2035 4262 2349 4314 temerarios
2410 4276 2439 4314 a
2496 4264 2872 4317 retractatione
2941 4265 3210 4333 prmdictze
3270 4268 3460 4337 synodi

1878 4352 2184 4413 coercebat,
2214 4366 2330 4404 cum
2363 4351 2525 4405 Leoni
2570 4354 2794 4422 principi
2831 4354 3088 4408 scriberet
3120 4356 3304 4409 dicens
3332 4372 3344 4408 :
3371 4357 3459 4409 Ni.-

1883 4443 1955 4497 Itil
1990 4458 2206 4509 prorsus
2235 4444 2302 4497 de
2328 4442 2463 4498 bene
2494 4447 2804 4512 compositis
2834 4454 3169 4499 retractetur.
3204 4445 3303 4510 Qui
3335 4461 3460 4499 rur-

1881 4549 1991 4598 sus,
2016 4548 2135 4587 cum
2164 4533 2230 4587 ab
2258 4548 2324 4586 eo
2352 4533 2461 4586 suis
2493 4530 2683 4587 litteris
2705 4532 2969 4599 ﬂagitaret
2993 4542 3319 4586 memoratus
3346 4534 3456 4585 Au-

1883 4636 2087 4693 gustus,
2142 4634 2197 4678 ut
2247 4625 2298 4677 in
2346 4624 2546 4692 regiam
2587 4624 2858 4676 civitatem
2892 4623 3112 4677 veniens
3158 4622 3358 4691 aliquid
3405 4623 3457 4676 itt

1882 4718 2119 4786 ejusdem
2162 4715 2349 4785 synodi
2398 4715 2613 4767 statutis
2657 4714 2739 4767 vel
2772 4714 3089 4782 corrigeret,
3134 4714 3216 4767 vel
3246 4713 3460 4784 supple-

1884 4818 1984 4873 ret,
2019 4809 2158 4876 quod
2211 4806 2321 4861 ﬁeri
2365 4808 2482 4861 sine
2521 4805 2823 4859 detestabili
2856 4805 3299 4875 prmvaricat'one
3352 4824 3457 4861 non

1886 4912 2101 4970 posset;
2136 4899 2213 4954 sic
2256 4903 2303 4954 ei
2337 4898 2584 4953 rescribit
2618 4896 2810 4969 (Epist.
2853 4896 2976 4967 125)
3006 4916 3017 4950 :
3045 4916 3062 4950 ι
3097 4897 3323 4954 Litteras
3353 4900 3460 4953 cle-

1888 4994 2102 5049 mentia:
2131 5004 2255 5058 tum,
2287 4993 2473 5062 plenas
2501 4994 2568 5045 vit
2587 5003 2697 5044 tute
2725 4991 2846 5045 ﬁdei
2878 5000 2932 5045 ct
2962 4991 3163 5045 lumine
3194 4990 3459 5061 veritatis,

1889 5094 2204 5142 venerantet
2259 5085 2437 5154 accepi
2478 5100 2492 5137 :
2533 5084 2726 5151 quibus
2775 5097 3023 5153 cuperem
3073 5081 3125 5135 in
3168 5096 3233 5136 eo
3259 5091 3283 5119 α
3318 5084 3458 5152 quod

1891 5179 2230 5250 praesentiam
2260 5193 2431 5234 meam
2466 5179 2633 5247 pietas
2672 5190 2849 5231 ve5tra
2888 5177 3241 5231 necessariam
3271 5176 3460 5228 existi-

1891 5286 2019 5339 mat,
2053 5273 2291 5337 obedire,
2328 5281 2385 5326 ut
2421 5272 2625 5340 majore
2655 5271 2825 5324 fructu
2867 5277 3211 5338 conspectum
3240 5265 3265 5305 δ
3293 5266 3457 5321 vestri

1893 5365 2192 5437 Splendoris
2244 5379 2584 5435 assequcrer;
2635 5362 2728 5420 sed
2777 5364 2944 5432 magis
2994 5361 3192 5417 vobisc
3230 5359 3461 5413 arbitror

1959 5560 1981 5588 ε
2014 5548 2152 5605 Ε‹1ῑι.
2185 5548 2373 5616 Lemn,
2406 5549 2460 5602 id
2490 5548 2646 5603 vobis.

1968 5801 1989 5832 ³
2012 5800 2156 5855 Idem
2185 5796 2331 5859 c0tl.,
2359 5792 2497 5863 quod
2534 5784 2912 5863 accusatoribus
2944 5779 2973 5833 1
2979 5784 3051 5863 (ne
3079 5792 3301 5849 episcopi
3328 5776 3460 5833 nihil

1900 5852 2027 5925 hinc
2043 5852 2433 5939 opponentibus,
2468 5874 2665 5914 necesse
2697 5870 2797 5909 non
2825 5852 3072 5907 habuerit.
