3992 6344
483 384 580 409 (⁸”ῗ

482 407 581 435 (Αιιε)

1542 379 1837 435 FACi'NDl
1882 378 2093 432 EPiSC.
2139 376 2642 432 ili-IRMlANENSiS

3634 370 3747 425 836

481 493 791 561 placiturum
821 534 835 557 ,
891 492 1030 562 quod
1084 490 1387 561 eligendum
1440 490 1586 545 ratio
1642 491 2053 545 demonstravit.
2091 495 2133 551 Λ
2167 492 2375 544 rissima
2404 490 2526 544 tnha
2553 504 2663 544 suze
2689 488 3018 542 auctoritatis
3043 490 3248 542 intonat
3270 485 3627 555 inquietorum
3650 502 3748 540 an-

481 584 611 639 Nam
640 600 760 638 cum
790 592 975 637 sancto
1009 581 1239 652 spiritali
1274 591 1300 619 ⁸
1331 582 1507 636 studio
1540 581 1803 636 universa:
1825 580 1851 619 ι)
1878 596 2060 649 pacem

482 674 740 727 Ecclesia:
791 672 1063 737 muniatis,
1098 672 1335 741 nihilque
1377 672 1446 725 sit
1484 672 1897 726 convenientius
1941 671 2062 724 ﬁdei

455 755 853 827 defendendae,
901 779 1059 833 quam
1102 764 1187 817 his
1230 778 1348 831 qua:
1399 778 1492 831 per
1543 763 1722 815 omnia
1761 763 2064 816 instruente

481 854 685 921 Spiritu
728 863 919 908 sancto
961 854 1509 923 irrepreltensibiltter
1552 854 1770 908 deﬁnita
1815 866 1939 908 sunt
1984 856 2065 908 in-

483 945 727 999 hzerere:
762 947 859 1014 ipsi
894 946 1195 999 videbimur
1232 947 1369 1001 bene
1410 956 1607 1001 statuta
1636 948 1962 1010 convellere,
2010 956 2066 1001 et

484 1037 833 1091 auctoritates
867 1052 999 1106 quas
1032 1038 1266 1091 Ecclesia
1316 1040 1634 1093 universalis
1686 1039 1929 1107 amplexa
1959 1048 2063 1104 est,

484 1126 550 1179 ad
587 1129 866 1181 arbitrium
912 1129 1176 1182 hmreticze
1220 1130 1489 1196 petitionis
1538 1128 1861 1200 infringere,
1909 1139 2067 1199 atque

486 1217 557 1268 ita
592 1217 795 1271 nullum
826 1218 1144 1272 collidendis
1174 1220 1419 1273 ecclesiis
1462 1220 1677 1274 modum
1716 1236 1937 1289 ponere,
1971 1221 2065 1274 sed

487 1308 608 1358 data
643 1306 854 1361 licentia
885 1308 1203 1372 rebellandi,
1246 1292 1470 1363 dilatare
1512 1310 1679 1378 magis
1703 1325 1860 1377 quam
1884 1311 2065 1379 sopire

487 1398 796 1449 certamina.
840 1396 992 1451 Unde
1022 1399 1141 1467 quia
1199 1410 1319 1469 post
1369 1400 1488 1453 illas
1541 1400 1825 1468 Ephesium
1879 1402 2065 1471 synodi

487 1484 811 1554 impietates,
853 1488 1045 1555 quibus
1089 1488 1332 1543 Dioscori
1391 1490 1596 1544 scelere
1626 1490 1758 1544 ﬁdes
1801 1491 2066 1544 catholica

488 1576 733 1639 rel'utata,
762 1586 814 1628 et
841 1578 1161 1644 perversitas
1204 1578 1533 1648 Eutychiana
1565 1591 1813 1649 suscepta
1847 1591 1950 1646 est,
1984 1582 2069 1635 ni-

490 1662 564 1714 hil
597 1663 661 1715 ad
695 1666 1159 1719 conservationem
1191 1666 1311 1721 fidei
1342 1668 1661 1724 Christianae
1691 1672 1874 1725 utilius
1898 1675 2069 1740 potuit

489 1752 749 1820 ordinari,
794 1770 950 1824 quam
1001 1767 1057 1809 ut
1090 1757 1330 1824 praedicti
1368 1760 1575 1813 facinus
1616 1771 1798 1816 sancta
1831 1763 2067 1833 synodus

2166 581 2315 634 sihus
2347 578 2667 642 inltibcndis,
2704 586 2759 632 et
2788 578 2917 630 dicit
2950 574 3143 645 (Epist.
3170 575 3260 645 78)
3285 593 3297 627 :
3327 593 3346 626 ς
3377 575 3505 640 Quae
3532 574 3739 645 patefa-

2166 683 2246 726 cta
2279 682 2401 726 sunt
2444 686 2711 741 quaerere,
2752 685 2869 740 qua:
2900 670 3131 736 perfecta
3173 680 3296 723 sunt
3340 678 3661 732 retractare,
3692 681 3747 723 et

2166 780 2284 833 qua:
2314 774 2438 818 sunt
2486 764 2707 818 deﬁnita
2752 764 3077 827 Convellere,
3111 762 3235 832 quid
3284 762 3426 815 aliud
3471 773 3552 816 est
3584 779 3746 831 quam

2166 855 2234 907 de
2263 853 2470 918 adeptis
2495 856 2717 924 gratiam
2748 868 2852 905 non
2880 850 3101 914 referre,
3136 862 3189 904 et
3232 853 3297 903 ad
3328 852 3625 906 interdictae
3657 870 3748 904 ar-

2170 945 2316 999 boris
2347 947 2521 999 cihnm
2558 946 2827 1012 improbos
2857 943 3123 1014 appetitus
3163 943 3454 997 mortifera:
3484 945 3750 1012 cupidita-

2168 1036 2234 1089 tis
2259 1036 2585 1089 extendere?
2612 1055 2629 1087 ι
2665 1036 2856 1089 Verum
2884 1046 3058 1087 autem
3094 1034 3175 1087 his
3220 1044 3376 1103 atque
3406 1036 3524 1088 aliis
3564 1037 3749 1090 muitis

2170 1127 2495 1196 hnjusmt‘di,
2547 1144 2668 1197 qua:
2716 1128 2879 1181 Leoni
2920 1126 3149 1195 principi
3187 1127 3485 1195 sn-pissime
3526 1125 3748 1195 scripsit

2169 1218 2257 1269 ille
2288 1220 2366 1271 vir
2402 1218 2517 1283 Dei,
2570 1217 2744 1272 minus
2774 1233 2930 1286 quam
2975 1218 3119 1281 volo,
3151 1226 3204 1271 et
3231 1232 3389 1285 quam
3422 1234 3559 1271 mea:
3608 1217 3743 1273 atie-

2168 1308 2332 1361 cti0ni
2358 1308 2529 1362 debeo
2556 1308 2937 1371 demonstravi,
2971 1314 3167 1376 quanta
3200 1306 3359 1361 fuerit
3390 1308 3506 1375 ejus
3537 1309 3747 1363 sollici-

2171 1400 2299 1453 tudo
2326 1410 2484 1468 atque
2528 1399 2733 1453 cautela
2780 1414 2873 1467 pro
2899 1398 3244 1453 custodienda
3268 1400 3564 1453 reverentia
3590 1414 3748 1470 syno~

2168 1490 2364 1545 daliutn
2398 1500 2742 1545 statutorum.
2793 1490 2925 1543 Nam
2957 1489 3007 1542 iu
3056 1490 3160 1542 illis
3202 1488 3452 1543 omnibus
3493 1493 3748 1559 superius

2169 1582 2498 1644 memoratis,
2532 1595 2704 1650 neque
2748 1581 2970 1634 ulterius
2999 1588 3308 1647 retractare,
3351 1596 3518 1650 neque
3562 1582 3749 1635 discu-

2170 1680 2284 1726 tere
2327 1689 2383 1726 se
2434 1686 2594 1741 posse
2638 1670 2910 1740 professus
2955 1679 3038 1724 est
3074 1684 3137 1724 ea
3185 1684 3303 1739 qua:
3339 1670 3501 1724 semel
3524 1669 3750 1726 fuerant

2176 1766 2600 1820 Chalcedonensi
2643 1762 2859 1819 deﬁnita
2906 1762 3159 1828 concilio,
3198 1763 3345 1817 velut
3394 1778 3511 1831 qua:
3563 1774 3750 1818 nosset

490 1842 951 1900 Chalcedonensis
1000 1848 1273 1917 aboleret,
1321 1858 1378 1904 et
1428 1860 1570 1904 tanta
1627 1852 1739 1905 illic
1789 1855 2074 1909 haberetur
2105 1848 2151 1908 Β
2182 1872 2286 1912 non
2315 1867 2423 1911 tam
2451 1858 2685 1911 humano
2710 1872 2870 1926 quam
2899 1857 3079 1910 divino
3121 1854 3312 1925 spiritu
3348 1856 3657 1909 constituta.
3695 1855 3750 1909 ltt

492 1935 727 1987 ctelestis
760 1949 887 1988 cura
935 1935 1215 2004 doctrinm,
1252 1948 1309 1991 ut
1358 1939 1489 1993 nihil
1526 1942 1576 1994 in
1617 1941 1929 2011 cujusquam
1958 1945 2073 2012 opi-

492 2027 651 2079 nione
682 2028 966 2091 resideret,
996 2029 1136 2098 quod
1165 2046 1191 2083 a
1222 2032 1688 2100 praedicationibus
1718 2035 1800 2087 vel
1833 2036 2074 2104 prophe-

491 2120 611 2172 ticis
642 2121 723 2173 vel
767 2122 1440 2197 apostolicisdissonaret:
1473 2142 1536 2180 ea
1584 2128 1787 2182 scilicet
1823 2129 2072 2183 modera-

492 2211 637 2264 tione
665 2222 899 2279 servata,
936 2224 993 2267 ut
1030 2216 1323 2270 rebellibus
1372 2226 1573 2271 tantum
1619 2235 1681 2274 ac
1713 2222 2074 2289 pertinacibus

490 2305 556 2358 ab
587 2306 843 2362 Ecclesia:
878 2309 1079 2363 unitate
1110 2310 1341 2379 rejectis,
1370 2315 1493 2365 nulli
1521 2323 1763 2368 eorrecto
1791 2315 1947 2369 venia
1982 2332 2075 2370 ue-

489 2410 712 2465 garetur
753 2416 767 2452 :
803 2399 930 2467 quid
984 2401 1347 2469 probabilius?
1394 2405 1519 2473 quid
1580 2407 1881 2475 religiosius
1927 2418 2073 2476 pute-

492 2487 560 2540 tit
592 2488 762 2550 pietas
791 2500 967 2543 vestra
1003 2490 1324 2556 decernere,
1356 2510 1515 2563 quam
1550 2505 1603 2549 ttt
1640 2512 1759 2565 qua:
1812 2513 1918 2551 non
1968 2511 2071 2553 tam

496 2578 745 2631 humanis
776 2596 931 2647 quant
962 2580 1160 2634 divinis
1196 2596 1321 2637 sunt
1364 2596 1563 2639 statuta
1605 2587 1856 2654 decretis,
1891 2591 2075 2643 nullus

493 2672 631 2724 ultra
676 2672 885 2727 sluatur
929 2675 1220 2741 impetere;
1276 2692 1341 2730 ne
1385 2693 1507 2733 vere
1549 2680 1692 2749 digni
1722 2684 1829 2734 siut
1870 2692 2071 2737 tantum

494 2763 588 2818 Dei
620 2780 813 2819 munus
855 2766 1124 2833 amittere,
1159 2769 1249 2838 qui
1274 2768 1343 2824 de
1371 2772 1592 2825 veritate
1631 2772 1795 2841 ipsius
1824 2777 1937 2828 ausi
1970 2774 2077 2831 fue-

494 2856 604 2907 rint
655 2856 936 2911 dubitare?
968 2876 985 2909 ι
1033 2860 1297 2928 l’etspicis
1331 2862 1783 2930 quemadmodum
1836 2865 2071 2921 Leonem

494 2948 791 3016 principim
840 2959 1079 3015 moueat,
1118 2950 1207 3007 his
1252 2969 1371 3020 qua:
1416 2968 1511 3023 per
1547 2957 1724 3010 omnia
1769 2959 2073 3015 instruente

496 3039 698 3105 Spititu
731 3052 917 3095 sancto
951 3042 999 3094 in
1034 3054 1326 3096 memorata
1359 3045 1564 3115 synodo
1590 3048 2073 3116 irreprebeusihili-

497 3140 578 3180 ter
608 3128 824 3184 deﬁnita
864 3141 988 3185 sunt
1025 3132 1285 3188 inhaarere
1316 3144 1475 3202 atque
1513 3136 1824 3205 decernere,
1870 3149 1927 3194 ut
1952 3155 2070 3210 qua:

494 3237 601 3275 ttou
643 3234 744 3275 tatu
793 3226 1035 3279 humanis
1083 3242 1239 3295 quam
1270 3227 1461 3283 divinis
1492 3240 1618 3284 sunt
1659 3240 1855 3286 statuta
1885 3208 2073 3288 decre-
2096 3208 2142 3270 Ο

494 3312 587 3377 tis,
634 3313 810 3368 nullus
863 3316 1003 3369 ultra
1048 3316 1255 3371 sinatur
1306 3319 1583 3387 impetere.
1633 3322 1912 3388 Quomodo
1942 3339 2072 3394 ergo

498 3418 602 3455 non
638 3403 860 3471 profane
907 3416 1283 3474 retractantur,
1335 3419 1394 3463 ut
1424 3425 1527 3463 non
1558 3412 1732 3465 dicam
1781 3415 2073 3482 reprehen-

495 3494 711 3557 dantur,
757 3496 934 3550 divina
962 3496 1213 3553 decreta?
1243 3500 1345 3555 Sed
1374 3502 1491 3570 quis
1523 3502 1680 3571 hujus
1716 3502 1941 3558 Romani
1974 3519 2072 3559 an-

497 3585 677 3640 tistitis
713 3590 1031 3656 gravitatem
1072 3607 1177 3646 non
1218 3595 1510 3662 prtctlicet‘!
1552 3596 1671 3666 quis
1718 3606 1913 3651 tantam
1945 3614 2071 3654 con-

498 3676 748 3729 stantiam
798 3692 901 3731 noa
952 3680 1216 3735 honoret?
1267 3684 1481 3739 Movere
1535 3687 1674 3740 hunc
1734 3698 1913 3755 posset
1964 3690 2073 3743 ullo

500 3764 660 3816 modo
690 3766 961 3819 saecularis
993 3778 1228 3837 potestas
1257 3786 1288 3824 a
1318 3776 1582 3829 sententia
1615 3791 1718 3830 non
1746 3779 2075 3833 retractandi

496 3867 617 3919 quae
654 3855 905 3909 divinitus
940 3856 1152 3914 fuerant
1182 3864 1490 3931 constituta,
1524 3882 1681 3935 quem
1724 3870 2075 3935 corporaliter

500 3944 621 3995 loco
650 3961 866 4000 movere
898 3963 1001 4000 non
1036 3952 1245 4017 potuit?
1274 3953 1586 4020 Splettderet
1615 3956 1859 4024 equidem
1892 3960 2075 4025 procul

500 4034 664 4087 dubio
714 4037 1014 4106 ubicunque
1064 4040 1147 4091 sol
1178 4053 1354 4106 esset;
1398 4046 1490 4097 sed
1531 4046 1582 4096 in
1630 4047 1767 4099 cmlo
1806 4048 1886 4100 sol
1920 4049 2074 4118 longe

498 4124 813 4180 honoratius
858 4128 1124 4199 longeque
1171 4130 1472 4200 decentius,
1514 4137 1603 4189 ubi
1651 4138 1796 4193 locus
1838 4138 1955 4207 ejus
1994 4153 2077 4197 est

494 4227 738 4268 summus
760 4226 813 4270 et
834 4231 1097 4286 congruos
1120 4222 1386 4277 universis
1418 4226 1614 4293 pariter
1638 4226 1984 4298 illustrandis,
2008 4248 2076 4288 ne

498 4304 695 4357 multos
737 4305 974 4373 deserat,
1017 4326 1136 4364 cum
1167 4312 1402 4367 declinat
1449 4317 1513 4368 ad
1558 4317 1793 4387 aliquos.
1838 4320 2078 4392 Denique

494 4404 641 4449 tanta
669 4397 930 4453 libertatis
975 4409 1133 4471 atque
1182 4404 1407 4459 rationis
1439 4408 1556 4473 ejus
1601 4412 1917 4467 auctoritate
1956 4429 2079 4481 per-

498 4500 676 4543 motus
700 4490 861 4544 etiam
896 4492 1332 4563 religiosissimus
1362 4499 1629 4569 princeps.
1659 4516 2070 4572 supervacuam,

497 4582 629 4648 quin
662 4584 835 4651 potius
876 4584 1058 4638 multis
1106 4589 1423 4655 nocituram,
1458 4593 1803 4660 cupiditatem
1831 4596 2072 4665 deponit,
2106 4578 2153 4637 ί)

496 4682 552 4724 et
581 4681 834 4743 tanquam
878 4676 1021 4742 pacis
1050 4676 1210 4744 ﬁlius,
1246 4678 1346 4734 hoc
1392 4690 1444 4734 et
1476 4682 1592 4750 ipse
1621 4688 1880 4752 sequitur,
1924 4690 2072 4757 quod

498 4758 797 4827 eligendum
827 4768 962 4818 ratio
1007 4765 1418 4823 demonstravit.
1454 4770 1545 4825 Ille
1592 4781 1789 4838 tamen,
1820 4777 1963 4831 velut
2009 4794 2077 4833 a3-

501 4860 650 4904 terua
681 4854 794 4923 lege
824 4859 1072 4923 prteﬁxus
1102 4862 1153 4913 itt
1185 4863 1413 4931 quodam
1443 4879 1552 4919 sum
1573 4866 1846 4935 dignitatis
1872 4879 1925 4924 et
1948 4873 2075 4927 ﬁdei

501 4938 859 5010 ﬁrmamento,
890 4948 966 5001 sic
998 4949 1115 5004 luce
1141 4952 1381 5008 veritatis
1422 4954 1666 5023 irradiat,
1691 4965 1748 5011 et
1778 4962 1929 5027 quasi
1960 4963 2071 5017 cla-

578 5146 775 5219 sgtlit.
796 5146 997 5219 _Lcon.,
1025 5157 1070 5202 et
1096 5152 1337 5219 spiritali.

569 5214 596 5254 δ
623 5217 761 5269 Edit.
795 5214 993 5281 Lemn,
1011 5222 1063 5271 in
1087 5214 1393 5279 universum.

570 5297 595 5324 ε
621 5286 944 5368 Exciderunt
987 5290 1224 5368 epistolas
1266 5294 1384 5368 dum
1430 5295 1640 5368 Leonis,
1695 5314 1918 5368 quarum
1951 5302 2063 5358 fra-

499 5365 725 5434 gmenta
742 5356 1111 5434 subjiciuntur.
1147 5360 1295 5414 Prior
1324 5364 1433 5417 htee
1458 5366 1521 5418 ad
1549 5356 1829 5434 episcopos
1859 5380 1915 5425 et
1951 5356 2063 5428 cle-

500 5430 637 5508 ricos
662 5426 949 5508 Egyptios.
977 5430 1195 5508 scripta,
1218 5433 1304 5498 qui
1339 5448 1367 5485 a
1399 5426 1676 5489 Timotheo
1698 5426 1896 5494 IEluro
1924 5426 2060 5508 pulsi

497 5498 1418 5575 Cou_stanttnopolim__confugerant,
1448 5521 1692 5575 eamque
1734 5510 1802 5561 ob
1844 5498 2060 5567 causam

494 5565 830 5619 confessores
860 5565 1234 5634 appellanturf
1254 5570 1523 5627 Posterior
1567 5565 1630 5629 at'l
1662 5578 1889 5633 clericos
1922 5565 2062 5635 Con-ﬁ

496 5636 1024 5705 stantinopolitanos.
1056 5638 1338 5709 Utriusque
1366 5644 1502 5698 idcut
1526 5658 1640 5701 erat
1664 5658 2057 5719 argumentum,

568 5823 585 5854 ⁸
608 5819 737 5877 Cod.
775 5821 987 5891 Verum,
1014 5824 1443 5895 disceptationem.

2176 1951 2255 2003 eis
2283 1959 2457 2002 autem
2486 1965 2605 2018 qua:
2634 1948 2808 2002 adhuc
2846 1963 3271 2003 commemorare
3307 1946 3569 2015 disposui,
3610 1947 3750 2000 alios

2174 2042 2337 2094 etiam
2385 2043 2811 2109 qualemcunque
2848 2040 3262 2109 disputationem
3303 2041 3320 2071 ⁸
3350 2043 3418 2096 de
3456 2050 3751 2094 memorata

2174 2132 2383 2202 synodo
2412 2146 2531 2185 cum
2563 2132 2828 2186 haereticis
2861 2132 2994 2186 inire
3024 2131 3313 2199 prohibuit.
3345 2132 3595 2201 Namque
3628 2146 3752 2185 cum

2175 2224 2438 2278 scriberet
2460 2240 2562 2277 nou
2595 2224 2765 2278 solum
2795 2226 3085 2292 episc0pis,
3111 2226 3208 2279 sed
3240 2225 3400 2280 etiam
3430 2225 3640 2279 clericis
3663 2239 3753 2277 ca-

2174 2315 2384 2368 tholicis
2408 2324 2460 2368 et
2489 2314 2821 2369 confessorib
2844 2328 2885 2367 .s
2916 2330 2980 2368 ex
3024 2314 3257 2385 Aigypto
3280 2325 3302 2353 ο
3329 2315 3466 2385 apud
3498 2314 3755 2369 Constare

2178 2406 2452 2473 tinpolitn
2477 2405 2805 2468 constitutis,
2839 2405 2919 2457 sic
2946 2420 3037 2459 eos
3067 2407 3341 2459 admonuit
3368 2424 3381 2459 :
3410 2424 3427 2457 ι
3461 2408 3615 2459 Omni
3648 2407 3755 2459 ita-

2174 2511 2279 2566 que
2309 2496 2577 2550 dilectioni
2610 2508 2803 2549 vestra:
2848 2496 3026 2549 studio
3054 2510 3116 2549 ac
3159 2496 3340 2550 labore
3369 2497 3642 2551 nitendum
3670 2506 3755 2550 est

2176 2606 2243 2644 ne
2274 2591 2380 2644 ulla
2410 2590 2776 2644 insidiantium
2809 2589 3125 2657 disceptatio
3158 2591 3322 2658 possit
3349 2590 3584 2655 admitti,
3614 2603 3756 2643 neve

2176 2685 2279 2738 hoc
2329 2684 2397 2737 ab
2431 2682 2701 2737 ltarreticis
2733 2684 2905 2735 valeat
2944 2682 3194 2748 obtineri,
3243 2696 3348 2749 quo
3387 2680 3756 2749 evangelieam

2175 2774 2333 2829 ﬁdem
2379 2775 2720 2829 manifestum
2753 2785 2837 2829 est
2872 2776 3189 2843 impugnari.
3232 2775 3364 2829 Nam
3410 2774 3757 2829 deﬁnitarum

2175 2883 2354 2922 rerum
2384 2882 2515 2937 quas
2548 2876 2711 2921 tanta:
2742 2865 2932 2936 synodi
2965 2868 3045 2919 vel
3074 2865 3517 2920 Christianissimi
3552 2865 3759 2934 princi-

2176 2960 2261 3029 pis
2290 2960 2471 3013 sanxit
2516 2962 2825 3023 auctoritas,
2858 2968 2912 3013 et
2955 2959 3260 3028 apostolicae
3288 2959 3431 3014 sedis
3461 2959 3757 3013 conﬁrma-

2174 3052 2248 3104 vit
2278 3064 2552 3116 assensus,
2592 3049 2724 3103 nihil
2749 3060 2959 3118 oportet
2982 3049 3197 3114 discuti,
3232 3064 3299 3103 tte
3327 3058 3513 3103 contra
3543 3050 3621 3104 fas
3646 3050 3756 3105 ali-

2176 3142 2300 3211 quid
2334 3142 2574 3195 videatur
2600 3141 2841 3210 infringi;
2879 3142 3207 3211 multumque
3246 3141 3369 3195 ﬁdei
3403 3148 3461 3195 et
3501 3143 3760 3196 sacerdo.

2178 3230 2266 3283 tali
2300 3232 2617 3285 constantia:
2646 3230 2950 3299 derogatur,
2982 3230 3174 3284 si'cutn
3221 3231 3299 3284 his
3330 3231 3420 3300 qui
3451 3230 3759 3285 homicidiis

2175 3332 2229 3376 et
2266 3321 2442 3376 lurore
2472 3322 2661 3390 repleti
2692 3331 2837 3387 sunt,
2868 3336 2930 3375 ac
2960 3321 3143 3374 volunt
3171 3331 3483 3375 convertere
3513 3321 3761 3390 Evange-

2177 3414 2305 3467 lium
2346 3413 2567 3479 Christi,
2610 3422 2664 3468 et
2694 3412 2932 3468 facinoze
2962 3427 3058 3466 suo
3097 3411 3208 3467 Deo
3255 3412 3549 3482 probantur
3579 3413 3758 3477 exosi,

2175 3505 2460 3573 superﬂua:
2508 3515 2558 3559 et
2593 3505 2877 3573 plurimum
2914 3504 3173 3557 nociturae
3220 3503 3584 3557 altercationis
3623 3517 3764 3557 con-

2177 3597 2352 3650 ﬂictus
2386 3597 2660 3650 habeatur.
2695 3616 2714 3647 ›
2760 3595 2868 3649 Leo
2902 3605 3009 3649 tam
3052 3594 3205 3649 fortis
3235 3609 3297 3649 ac
3328 3606 3625 3664 praepotens
3653 3610 3766 3650 nec

2176 3705 2288 3744 suae
2311 3690 2486 3743 virtuti
2535 3690 2681 3754 ﬁdit,
2715 3703 2813 3742 nec
2840 3687 2961 3741 aliis
2994 3687 3275 3756 permittit,
3316 3687 3382 3740 de
3428 3685 3584 3740 rebus
3612 3686 3763 3753 apud

2177 3782 2573 3837 Chalcedonam
2621 3782 2759 3835 sicut
2818 3780 2927 3835 Deo
2982 3780 3181 3848 piat-uit
3221 3780 3458 3833 deﬁnitis
3506 3780 3764 3833 altercari

2177 3875 2371 3929 Saltem
2425 3885 2589 3943 atque
2627 3874 3033 3941 conﬂi-gerent
3083 3873 3263 3928 nescio
3292 3873 3382 3942 qui
3428 3882 3767 3941 prmsumunt

2179 3967 2335 4020 etiam
2369 3967 2661 4020 decernere
2692 3965 3017 4033 congregati,
3056 3972 3111 4019 et
3152 3965 3365 4033 impiam
3398 3978 3590 4017 vocare
3639 3966 3766 4030 cpio

2180 4058 2372 4109 stolam
2405 4072 2562 4124 quam
2594 4054 2920 4109 catholicam
2961 4064 3141 4109 sancta
3171 4055 3257 4107 illa
3289 4064 3343 4109 et
3372 4068 3557 4123 magna
3591 4068 3764 4124 syno-

2179 4149 2280 4204 dus
2319 4149 2600 4217 judicavit.
2646 4149 2899 4203 Scribens
2928 4150 3088 4203 etiam
3123 4149 3467 4220 presbyteris,
3516 4148 3766 4202 diaconi-

2182 4241 2285 4294 bus
2330 4251 2382 4295 et
2412 4241 2625 4295 clericis
2655 4240 3255 4308 Constantinopolitaua:
3285 4238 3556 4301 Ecclesicc,
3585 4237 3723 4291 dicit
3748 4256 3761 4290 :

2186 4331 2496 4386 «Habemus
2525 4331 2760 4399 prepitio
2807 4332 2917 4386 Deo
2956 4347 3203 4400 magnum
3250 4341 3307 4385 et
3339 4328 3596 4383 divinitus
3627 4344 3763 4396 pra:-

2181 4434 2420 4494 paratttm
2494 4422 2938 4477 Christianissimi
3019 4421 3357 4491 imperatoris
3437 4421 3761 4473 auxilium:

2182 4532 2338 4583 quem
2362 4515 2576 4581 scriptis
2598 4514 2729 4566 meis
2757 4521 3012 4581 quantum
3034 4528 3194 4567 causa
3222 4511 3421 4581 expetit
3445 4510 3765 4572 obsecravi,

2182 4623 2250 4662 ne
2282 4607 2540 4675 improbis
2577 4604 2958 4675 parricidarum
2989 4603 3335 4673 petitionibus
3363 4603 3416 4656 in
3448 4603 3625 4670 alitqu
3646 4601 3768 4654 cle-

2186 4702 2398 4755 mentite
2439 4714 2551 4752 suae
2580 4698 2842 4765 pratheret
2883 4712 3182 4764 assensum,
3236 4711 3407 4762 neque
3448 4695 3554 4748 ullo
3600 4694 3770 4745 modo

2187 4793 2389 4846 sineret
2414 4796 2613 4843 sancta:
2663 4787 3117 4841 Chalcedonensis
3159 4785 3348 4857 synodi
3398 4782 3769 4844 deﬁnitiones.

2184 4896 2302 4949 qua:
2332 4893 2458 4933 Vt'l'e
2484 4878 2550 4933 de
2591 4879 2897 4934 caelestibus
2927 4877 3172 4947 prodiere
3214 4875 3467 4941 decretis,
3505 4883 3769 4938 tanquam

2185 4968 2493 5023 necessaria
2550 4968 2931 5023 retractatione
2979 4966 3168 5021 violari
3206 4980 3365 5020 :cum
3422 4962 3771 5018 insidiatores

2182 5176 2364 5221 contra
2397 5166 2732 5220 Timotheum
2764 5164 3109 5233 parricidam,
3136 5163 3222 5229 qui
3257 5159 3635 5233 Alexandrinae
3658 5173 3765 5213 se-

2179 5237 2262 5291 dis
2309 5239 2677 5301 pervasinnem
2733 5230 2958 5289 P‘roterii
3012 5233 3157 5288 caede
3189 5230 3611 5293 cttmularat,‘et
3656 5248 3767 5297 pru

2177 5309 2381 5372 synodo
2431 5307 2887 5369 ChalcedonenJ,
2935 5320 3094 5373 qttam
3138 5302 3510 5371 Oppugnabat,
3562 5310 3624 5373 ut
3671 5312 3765 5353 est

2177 5370 2315 5443 apud
2351 5378 2654 5432 Liberatum
2682 5392 2801 5446 cap.
2839 5373 2926 5429 15.
2955 5370 3089 5446 Tum
3133 5389 3260 5438 ergo
3292 5370 3531 5446 scriptas
3561 5370 3765 5439 liquet,

2174 5442 2293 5500 cum
2324 5464 2353 5500 a
2384 5450 2558 5502 Leone
2586 5442 2827 5516 Augusto
2862 5447 2927 5518 de
2963 5443 3149 5498 eadem
3183 5458 3242 5495 re
3274 5442 3434 5495 missa
3467 5450 3557 5518 _est
3584 5454 3766 5518 ency-

2171 5518 2306 5589 clica
2340 5520 2403 5570 ad
2432 5534 2616 5571 omnes
2658 5510 2978 5589 provincias,
3010 5529 3129 5589 quae
3160 5524 3276 5580 post
3311 5511 3575 5589 svnodutu
3606 5510 3765 5589 edita

2172 5588 2364 5653 legitur
2406 5603 2525 5641 cum
2568 5580 2840 5654 rescriptis
2874 5580 3292 5649 provinciarum,
3340 5582 3407 5634 de
3448 5581 3645 5654 quibus
3672 5580 3767 5632 di-

2169 5652 2312 5710 ctum
2346 5667 2426 5712 est
2456 5659 2549 5712 lib.
2580 5672 2636 5723 tt,
2674 5652 2852 5711 ethoc
2877 5657 2993 5725 ipso
3023 5657 3199 5723 capite
3228 5654 3419 5707 iterum
3449 5652 3680 5705 dicetur.
