3978 6350
175 387 272 442 837

1041 390 1169 443 Plit)
1203 388 1631 443 DEFENSIONE
1666 388 1879 443 TRIUM
1909 391 2222 447 CAPITUL.
2271 395 2395 450 LIB.
2432 395 2542 449 XII.

3363 402 3464 456 εδες

174 503 387 573 piorum
415 500 429 530 '
457 500 523 553 ad
556 500 658 555 hoc
689 500 980 569 subrepere
1012 502 1150 556 velle
1195 504 1538 559 manifestum
1570 505 1658 565 sit.
1707 515 1763 559 ut
1791 510 1841 566 Α
1869 506 1989 574 quis
2034 510 2201 563 semel
2224 509 2459 578 jndieata
2492 526 2553 566 ac
2595 520 2741 567 recte
2784 511 3042 582 disposita
3089 515 3367 571 revolvere
3406 531 3460 575 et

175 604 375 649 Statuta
404 592 731 661 evangelicis
759 593 1228 662 prmdicationihus
1254 606 1309 650 et
1348 596 1564 650 Patrum
1594 595 1767 650 tradi-

176 688 416 742 tionibus
464 689 816 742 consonantia
864 705 1003 742 novo
1052 693 1245 747 faciant
1291 692 1501 745 iniirma
1542 691 1768 763 judicio,

174 790 234 833 ut
263 780 283 809 ⁸
312 784 434 832 dum
480 779 799 848 disceptatio
849 782 1170 846 admittitur,
1221 786 1513 838 auctoritas
1563 785 1769 838 auftra-

175 885 282 927 tur.
318 893 335 925 ι
372 875 508 942 Quid
544 891 673 945 ergo
703 890 763 931 se
801 876 985 931 dicunt
1018 878 1232 933 novitiae
1267 880 1556 950 diligentice
1589 897 1771 951 reper-

183 978 331 1020 tores
382 968 571 1020 novitii
610 967 755 1022 'suo
798 968 1015 1023 decreto
1064 970 1558 1026 Chalcedoneusem
1610 988 1771 1045 syno-

174 1059 301 1113 dum
334 1058 717 1124 confirmasse,
751 1058 904 1129 cujus
936 1069 1131 1114 statuta
1159 1064 1483 1131 evangelicis
1515 1064 1771 1131 praedica-

174 1151 411 1203 tionibus
452 1158 507 1203 et
550 1148 764 1203 Patrum
809 1150 1185 1204 traditionibus
1230 1154 1603 1216 consonantia,
1658 1170 1770 1207 ma-

173 1242 309 1307 gnus
387 1242 471 1295 hic
548 1240 747 1295 Christi
812 1243 1065 1297 sacerdos
1131 1260 1267 1299 novo
1346 1248 1520 1314 potius
1599 1247 1772 1301 sensit

175 1335 493 1389 infirmanda
524 1333 763 1404 judicio?
793 1335 923 1400 Qua:
971 1336 1183 1404 quidem
1232 1338 1369 1392 sicut
1415 1340 1615 1392 firmari
1665 1357 1767 1393 non

176 1427 438 1497 indigent,
494 1429 562 1481 ita
608 1428 866 1481 infirmari
911 1443 1015 1481 non
1060 1439 1306 1498 possunt.
1364 1430 1765 1495 Verumtamen,

174 1530 434 1590 quantum
480 1522 532 1575 in
561 1520 680 1574 istis
727 1529 809 1574 est
841 1522 1333 1591 praisuiuptoribtts,
1372 1539 1508 1577 novo
1538 1539 1600 1579 ea
1631 1524 1770 1579 free-

176 1623 303 1665 runt
328 1612 534 1665 infirma
563 1611 790 1679 judicio,
825 1613 986 1665 etiam
1018 1613 1061 1665 si
1097 1611 1226 1665 nihil
1267 1614 1596 1667 coiitraritttn
1620 1614 1766 1683 judi-

178 1716 413 1759 eassent.
445 1704 599 1759 Unde
632 1704 932 1758 Marcianus
965 1720 1179 1774 quoque
1218 1705 1513 1773 imperator
1535 1715 1656 1773 post
1683 1722 1769 1760 sa-

172 1794 449 1848 cerdotum
478 1794 801 1847 sententiam
835 1793 1034 1863 aliquid
1078 1802 1312 1848 tractare
1356 1795 1575 1862 impium
1618 1796 1768 1851 duxit

1875 598 2091 667 publice
2115 602 2391 669 disputare
2419 605 2694 659 contrudit
2720 620 2735 671 ;
2764 616 2814 658 et
2838 605 2921 659 iSti
2949 607 3137 663 dicunt
3166 607 3463 666 honorasse

1874 690 2161 761 synodum,
2198 694 2265 746 de
2296 694 2449 762 cujus
2472 695 2679 763 jndcio
2701 696 3079 765 judicaverunt
3112 714 3127 751 :
3155 700 3262 753 ituo
3302 700 3462 771 cujus

1870 781 2132 849 judicium
2184 782 2562 849 dissiilwntes,
2618 787 2834 855 impiam
2882 799 3205 844 vocaverunt
3256 793 3462 859 epist0«

1878 874 2003 937 latn,
2038 890 2195 942 quam
2229 876 2594 943 pronuntiavit
2628 877 2713 929 illa
2750 876 3107 943 catholicam;
3160 889 3213 932 et
3243 889 3461 933 sancto-

1875 984 1990 1020 rum
2046 969 2262 1023 Patrum
2323 971 2643 1022 sententiam
2700 970 3023 1024 labefactare
3064 972 3307 1025 nituntur
3349 971 3463 1040 epi-

1873 1060 2047 1126 scepi,
2079 1060 2146 1114 de
2176 1078 2278 1129 qua
2310 1060 2611 1115 Marcianus
2644 1062 2893 1129 princeps
2936 1062 3141 1115 nemini
3169 1063 3254 1115 vel
3280 1064 3462 1133 dispu—

1875 1159 1988 1203 tare
2020 1152 2277 1219 permisit.
2312 1151 2391 1205 Sit
2433 1149 2551 1219 ejus
2593 1152 2851 1204 memoria
2886 1151 2935 1204 iit
2972 1151 3459 1215 benedimiunibus,

1872 1249 1927 1295 ct
1959 1243 2054 1293 ista
2086 1256 2189 1295 vos
2220 1243 2267 1295 ei
2298 1258 2394 1310 pro
2426 1242 2622 1296 talibus
2652 1242 2858 1296 meritis
2889 1257 3104 1309 semper
3132 1258 3160 1295 a
3196 1253 3306 1296 toto
3337 1243 3461 1296 red-

1873 1330 2060 1383 datur:
2092 1345 2186 1397 per
2238 1347 2393 1401 quem
2444 1346 2546 1384 non
2599 1332 2769 1384 solum
2802 1331 3103 1398 desperatae
3155 1332 3462 1401 reipublicm

1872 1420 2039 1484 salus,
2075 1438 2256 1475 verum
2303 1424 2461 1476 etiam
2517 1422 2771 1476 Ecclesia:
2800 1421 2889 1475 diu
2939 1438 3216 1479 concussa:
3248 1425 3461 1493 requies

1873 1511 1993 1565 data
2022 1524 2123 1565 est.

2487 1663 2715 1720 CAPUT
2757 1666 2841 1720 lli.

1875 1758 2023 1825 Quod
2069 1758 2357 1825 principum
2399 1759 2463 1810 sit
2496 1759 2547 1811 in
2572 1758 2739 1810 causis
2769 1758 2891 1823 ﬁdei
2938 1757 3279 1810 obeJientiam
3319 1757 3463 1811 exiti-

1944 1831 2078 1893 bere,
2128 1846 2228 1880 non
2264 1844 2322 1880 ea
2361 1830 2459 1881 sibi
2494 1844 2744 1893 usurpare
2774 1844 2889 1897 quat
2914 1839 3028 1897 sunt
3056 1843 3264 1895 propria
3294 1844 3461 1880 sarcr-

173 1896 335 1955 atque
360 1886 703 1953 sacrilegum,
737 1900 836 1939 nec
865 1885 1115 1955 cuiquam
1137 1887 1302 1942 semel
1330 1888 1567 1956 judicuta
1594 1900 1764 1944 recte-
1798 1886 1841 1944 Β
1942 1885 2139 1961 ιιοιιιίη,
2165 1899 2311 1951 docet
2342 1902 2572 1969 exemplo
2621 1885 2881 1951 Marciani
2902 1909 2949 1950 et
2999 1885 3184 1950 Leonis
3232 1904 3462 1967 impera-

173 1992 281 2044 que
320 1976 580 2043 disposita
614 1975 919 2044 revolvere,
956 1987 1007 2031 et
1039 1978 1104 2030 de
1135 1977 1216 2030 his
1249 1978 1462 2046 publice
1490 1980 1765 2048 disputare

174 2066 444 2133 permisit,
474 2067 565 2136 qui
596 2081 694 2119 suo
738 2066 916 2121 edicto
948 2068 1197 2122 omnibus
1242 2068 1629 2124 discussionem
1677 2088 1767 2126 eo-

172 2174 294 2211 rum
320 2173 440 2227 qua:
470 2157 808 2211 Chalcedone
840 2158 1081 2227 jndicata
1129 2171 1253 2212 sunt
1285 2175 1506 2229 negans,
1547 2180 1564 2212 ι
1607 2162 1761 2227 Vere,

174 2251 272 2313 ait,
301 2249 493 2317 impius
521 2259 575 2303 et
600 2250 893 2318 sacrilegus
923 2258 1004 2303 est
1033 2250 1118 2319 qui
1150 2259 1269 2319 post
1309 2260 1387 2304 tot
1424 2253 1763 2307 sacerdotum

174 2344 498 2395 sententiam
522 2342 759 2410 epinioui
783 2357 893 2416 sua:
920 2342 1122 2411 aliquid
1150 2343 1490 2397 tractandum
1524 2344 1762 2414 reliquit.

178 2434 451 2488 Extrema:
482 2434 677 2502 quippe
705 2433 992 2488 dementize
1022 2443 1103 2488 cst
1135 2434 1185 2487 in
1211 2435 1386 2488 medio
1408 2446 1461 2489 et
1486 2438 1765 2505 perspicuo

174 2526 266 2578 die
316 2524 742 2579 commentitium
789 2526 968 2577 lumen
1016 2525 1593 2595 inquirere:quisqnis
1649 2537 1767 2596 post

174 2615 460 2670 veritatem
489 2624 757 2685 repertam
793 2615 993 2684 aliquid
1026 2616 1251 2669 ulterius
1279 2618 1517 2682 discutit,
1547 2618 1765 2671 menda-

173 2706 318 2758 cium
350 2707 564 2775 quterit.
591 2704 758 2759 Nemo
785 2705 964 2773 itaque
998 2704 1076 2759 vel
1119 2706 1350 2759 clericus
1378 2707 1462 2759 vel
1506 2708 1760 2771 militans,

173 2805 230 2849 et
257 2794 486 2850 alterius
514 2796 801 2864 cujuslibet
827 2796 1173 2864 conditionis,
1200 2796 1267 2850 de
1300 2796 1405 2850 [ide
1429 2796 1759 2863 Christiana,

175 2891 392 2961 publice
435 2892 777 2961 cOngregatis
803 2892 1013 2960 pepulis
1061 2901 1113 2946 et
1150 2893 1493 2947 audientibus
1525 2902 1761 2949 tractare

173 2993 466 3051 praesumat
514 2984 564 3037 in
596 2992 888 3051 posterum,
919 2992 975 3037 et
1019 2984 1119 3038 hoc
1150 2985 1407 3039 tumultus
1434 2995 1489 3039 et
1529 2988 1764 3051 iernilim

170 3076 515 3127 occasionem
574 3075 872 3144 requirens.
926 3074 1056 3128 Nam
1108 3075 1355 3143 injuriatn
1398 3076 1522 3130 facit
1562 3078 1766 3147 judicio

171 3168 595 3237 religiosissima:
628 3167 841 3240 synodi,
865 3169 908 3222 si
936 3168 1055 3237 quis
1084 3170 1249 3223 semel
1273 3170 1509 3238 judicata
1539 3185 1599 3223 ac
1620 3183 1762 3226 reete

1945 1978 2133 2022 torum.

1943 2061 2206 2130 Cognovit
2236 2060 2326 2114 ille
2357 2060 2550 2129 quibus
2602 2061 2653 2113 iu
2702 2060 2878 2114 causis
2920 2066 3161 2113 uteretur
3206 2060 3465 2129 principis

1871 2162 2157 2221 potestate,
2202 2161 2255 2207 et
2299 2152 2351 2204 in
2393 2152 2584 2219 quibus
2610 2151 2890 2205 exhiberet
2917 2150 3277 2204 obedientiam
3310 2138 3465 2203 Chri-

1870 2248 2047 2299 stiani.
2084 2245 2148 2297 Et
2178 2243 2317 2308 ideo,
2350 2259 2416 2298 ne
2440 2244 2633 2311 impius
2664 2253 2822 2312 atque
2850 2247 3149 2311 sitcrilegus
3173 2244 3463 2305 videretur,

1871 2349 1990 2406 post
2015 2347 2091 2391 tot
2120 2338 2459 2391 Sacerdotum
2490 2338 2813 2390 sententiam
2853 2336 3090 2404 Opiniuni
3132 2350 3245 2388 suae
3283 2336 3413 2388 nihil
3443 2336 3464 2365 ⁸

1871 2432 2102 2497 reliquit.
2158 2430 2307 2483 Sicut
2357 2430 2445 2496 qui
2500 2430 2815 2481 meminerat
2863 2428 3038 2481 exitus
3097 2427 3238 2480 Uzia:
3277 2426 3318 2489 ⁸,
3374 2429 3465 2495 qui

1870 2532 2153 2592 postquam
2211 2520 2492 2589 praevaluit
2540 2520 2720 2572 tnultis
2770 2518 3041 2587 gentibus,
3090 2527 3143 2571 ct
3183 2516 3355 2571 factus
3384 2529 3467 2571 est

1868 2614 2154 2681 gloriosus,
2178 2612 2468 2666 exaltatum
2496 2618 2578 2664 est
2613 2626 2705 2663 cor
2734 2610 2879 2676 ejus,
2912 2617 2969 2661 tit
2997 2609 3272 2661 incensum
3300 2623 3466 2676 pone-

1869 2719 1949 2762 ret
1971 2724 2131 2776 super
2154 2708 2346 2771 altaie,
2379 2705 2519 2773 quod
2552 2720 2655 2759 non
2686 2704 2881 2758 licebat
2910 2704 3010 2757 nisi
3044 2707 3174 2758 solis
3211 2703 3465 2759 sacerdo-

1870 2801 2008 2853 tilius
2054 2800 2177 2853 filiis
2221 2802 2396 2852 Aaron
2430 2815 2444 2851 :
2479 2806 2694 2866 propter
2741 2795 2883 2865 quod
2934 2796 3052 2865 ejus
3104 2797 3464 2851 obstinatissi-

1870 2909 2009 2946 mam
2066 2893 2293 2947 frontem
2345 2906 2503 2961 quam
2556 2890 2860 2944 reverentia
2914 2890 3264 2958 deseruerat,
3317 2892 3463 2960 lepra

1868 2984 2128 3038 confudit.
2161 2984 2348 3039 Sciens
2384 2985 2545 3053 igitur
2582 2984 2673 3037 ille
2709 2984 3134 3038 modestissimus
3178 2984 3461 3052 princeps,

1866 3078 2015 3132 Ozite
2044 3077 2152 3145 regi
2187 3091 2290 3129 non
2323 3076 2540 3144 impune
2571 3075 2821 3140 cessisse,
2848 3076 2971 3143 quia
3001 3074 3302 3129 sacrificare
3330 3090 3464 3143 pra:-

1867 3166 2115 3236 sumpsit,
2143 3166 2285 3234 quod
2342 3164 2544 3218 licitum
2594 3175 2673 3218 est
2701 3166 2910 3232 singulo
2949 3164 3142 3233 cuique
3180 3164 3340 3218 etiam
3372 3179 3467 3219 se-

171 3258 436 3326 disposita
469 3258 748 3312 revolvere
770 3268 823 3312 et
855 3257 1066 3327 publice
1099 3258 1373 3327 disputare
1401 3261 1698 3314 contendit.
1737 3279 1754 3312 ι
1794 3258 1833 3313 C
1866 3260 2024 3313 eundi
2055 3258 2258 3311 ordinis
2294 3255 2559 3312 sacerdOti
2585 3264 2607 3289 ι
2644 3272 2657 3306 :
2691 3258 2859 3307 muEto
2897 3256 3064 3323 magis
3111 3257 3329 3325 impune
3356 3257 3461 3309 sibi

172 3348 239 3402 Et
268 3347 426 3410 infra,
454 3358 735 3417 postquam
764 3348 1007 3402 diversas
1032 3364 1127 3417 pro
1152 3360 1608 3419 transgressorum
1635 3367 1765 3405 cou-

181 3440 389 3494 ditione
418 3442 607 3494 statuit
628 3455 813 3509 paruas
838 3456 852 3495 :
882 3459 899 3490 ι
924 3439 1179 3495 Universa
1201 3456 1349 3510 ergo,
1368 3443 1556 3511 inquit,
1583 3460 1701 3511 qua:
1735 3459 1763 3497 a

171 3543 363 3589 sancta
396 3534 602 3603 synodo
631 3532 973 3587 Chalcedone
1004 3542 1199 3586 statuta
1233 3543 1359 3587 sunt
1387 3536 1646 3589 custodiri
1672 3538 1767 3591 de-

171 3625 360 3691 beant,
385 3625 518 3678 nihil
551 3634 736 3693 postea
768 3625 1021 3678 dubitari.
1050 3625 1159 3677 lloc
1186 3624 1365 3693 itaque
1396 3641 1595 3679 nosme
1618 3642 1766 3680 eont-

171 3718 367 3772 tnoniti
392 3718 797 3787 tranquillitatis
827 3719 1025 3782 edicto,
1056 3718 1324 3771 abstinete
1354 3718 1592 3787 profanis
1622 3722 1766 3771 voci—

176 3810 299 3872 bus,
331 3819 387 3863 et
428 3811 652 3863 ulterius
684 3808 904 3881 definite
946 3810 1013 3863 de
1053 3810 1253 3862 divinis
1292 3810 1589 3875 disputare,
1621 3811 1763 3879 quod

171 3900 326 3953 nefas
370 3907 494 3953 est:
528 3900 649 3969 quia
689 3916 794 3953 non
835 3899 1008 3954 solum
1036 3900 1216 3952 divino
1238 3899 1442 3968 judicio
1487 3912 1763 3969 pet-catum

175 3990 276 4045 hoc
301 4001 459 4061 prout
485 3992 756 4046 credimus
789 3992 1064 4061 punietur,
1099 4008 1283 4046 verum
1307 3998 1465 4046 et‘atn
1498 3995 1674 4063 legum
1712 4005 1768 4049 et

171 4081 409 4151 indicum
457 4084 776 4136 anetorita:e
825 4085 1182 4139 coercebitur.
1228 4103 1245 4135 ι
1292 4086 1427 4138 Ecce
1466 4086 1766 4141 Marcianus

173 4175 450 4241 princeps,
479 4190 639 4229 verus
677 4174 986 4244 reipublicae
1038 4186 1190 4243 pater
1232 4186 1283 4230 et
1328 4192 1483 4230 verus
1516 4179 1767 4233 Ecclesice

172 4268 337 4331 tilius,
389 4268 805 4322 sacerdotalium
852 4286 956 4323 non
1005 4269 1256 4339 prmvins,
1307 4271 1400 4324 sed
1450 4272 1768 4339 pedisequus

170 4362 545 4423 decretorum,
603 4360 780 4415 edicto
826 4376 924 4415 suo
976 4361 1286 4431 prouttntiat
1333 4364 1475 4431 quod
1522 4366 1765 4433 quisquis

177 4462 303 4519 post
352 4455 631 4507 veritatem
684 4465 955 4523 repertam
1004 4454 1201 4521 aliquid
1254 4454 1479 4507 ulterius
1518 4456 1760 4522 discutit,

172 4541 514 4597 mendacium
545 4544 770 4610 quierit;
823 4553 877 4597 et
908 4552 1027 4611 post
1072 4543 1209 4597 hanc
1249 4542 1367 4612 ejus
1412 4549 1781 4611 sententiam,

1868 3353 2060 3405 cedere
2118 3364 2225 3402 non
2266 3363 2424 3417 posse
2462 3348 2736 3417 cognovit,
2784 3348 2866 3400 vel
2921 3363 3039 3414 qua:
3089 3348 3197 3416 jam
3254 3349 3465 3401 deiide

1868 3442 2173 3497 Christiana
2218 3441 2319 3495 rite
2371 3439 2580 3492 fuerant
2629 3439 2919 3492 coi.stituta
2978 3438 3270 3502 discutere,
3322 3439 3465 3506 quod

1872 3534 2176 3588 nullatenus
2194 3532 2349 3595 licet;
2385 3534 2465 3585 vel
2491 3545 2663 3584 novos
2687 3530 3014 3583 constituere
3042 3542 3296 3593 canones,
3321 3528 3466 3596 quod

1868 3647 1979 3686 non
2012 3630 2113 3683 nisi
2149 3627 2327 3681 multis
2355 3630 2483 3681 etin
2515 3643 2676 3680 unum
2705 3626 3042 3696 congregatis
3086 3626 3237 3694 primi
3261 3625 3464 3679 ordinis

1868 3720 2246 3776 sacerdotibus
2275 3719 2417 3772 licet.
2454 3718 2534 3770 Ub
2575 3717 2675 3770 huc
2710 3720 2887 3786 itaque
2932 3717 3012 3769 vir
3054 3725 3105 3770 te
3130 3732 3381 3784 i-peraus,
3413 3728 3467 3771 et

1869 3830 1964 3867 suo
1993 3820 2276 3866 contentus
2302 3811 2504 3875 utﬁcio,
2531 3810 3017 3864 ecclesiasticornui
3060 3824 3325 3863 canonum
3373 3826 3466 3863 ex-

1868 3916 2084 3960 secutor
2107 3919 2228 3958 esse
2258 3903 2457 3966 voluit,
2490 3918 2592 3955 non
2626 3901 2907 3966 conditor,
2940 3917 3044 3955 non
3083 3910 3345 3955 exactor:
3372 3902 3463 3969 qui

1870 4013 1968 4051 nec
1999 4006 2206 4049 remoto
2238 3993 2573 4063 prmjndicio,
2603 3992 2742 4059 quod
2776 3992 3029 4045 violentia
3063 3992 3299 4045 Dioscuri
3329 3993 3468 4058 apud

1872 4088 2141 4157 Ephesum
2189 4087 2430 4155 religioni
2478 4084 2675 4139 inferre
2725 4091 3053 4147 tentaverat,
3101 4098 3288 4137 novant
3346 4082 3469 4135 fidei

1869 4180 2105 4248 regulam
2135 4186 2320 4231 contra
2347 4178 2463 4243 ejus
2504 4189 2743 4229 errorem
2788 4172 2903 4240 ipse
2950 4172 3245 4239 constituit,
3296 4187 3471 4241 neque

1868 4271 2212 4325 Chalcedone
2243 4285 2269 4321 a
2305 4267 2552 4321 Palribus
2580 4266 2925 4320 constitutam
2959 4264 3237 4318 retractari
3275 4263 3469 4334 coegit.

1874 4365 2068 4419 Verum
2120 4377 2225 4415 non
2271 4358 2438 4413 solius
2468 4356 2612 4411 Ozize
2656 4358 2799 4426 regis
2828 4356 3001 4419 exitu,
3035 4368 3338 4424 quanquam
3386 4353 3470 4405 ni-

1873 4458 2036 4510 niiuui
2088 4450 2411 4510 metuendo,
2454 4450 2758 4503 Marcianus
2802 4446 3094 4515 imperator
3144 4444 3311 4511 potuit
3360 4454 3469 4495 tum

1874 4544 2152 4608 moveri“,
2205 4542 2297 4595 sed
2346 4542 2522 4593 Chore
2574 4553 2807 4606 quoque,
2872 4535 3074 4588 Dathan
3115 4544 3168 4588 et
3215 4534 3416 4586 Aliiron
3455 4549 3467 4585 :

169 4637 241 4686 ah
273 4634 512 4690 Ecclesia
555 4636 650 4689 Dei
682 4646 975 4705 receptant,
1024 4636 1205 4691 nescio
1236 4640 1323 4706 qui
1365 4652 1423 4692 se
1452 4638 1653 4705 jactant
1686 4639 1765 4695 in-
1796 4620 1845 4678 Ῑ)
1875 4653 2098 4709 quorum
2124 4633 2439 4690 Cliorelicet
2465 4631 2527 4683 de
2562 4630 2686 4682 filiis
2717 4638 2859 4681 esset
2887 4625 3010 4677 Levi
3039 4666 3053 4689 ,
3096 4626 3183 4691 qui
3215 4640 3278 4676 ex
3321 4624 3469 4677 omni

166 4725 370 4778 solenti
396 4725 731 4780 discussione
763 4726 1034 4782 invenisse
1064 4728 1287 4782 alteram
1325 4729 1634 4785 veritatem.
1671 4732 1763 4787 Ille

168 4817 309 4869 dicit
334 4834 346 4868 :
376 4816 623 4886 lujuriam
651 4820 773 4873 facit
796 4819 996 4889 judicio
1028 4819 1440 4889 religiosissima:
1467 4823 1679 4893 synodi,
1714 4828 1760 4880 si

251 5047 594 5117 ‘Perstiicue
649 5050 869 5104 secundi
939 5050 1141 5105 ordinis
1206 5052 1541 5107 sacerdotem
1608 5067 1763 5111 vocat

169 5120 588 5190 presbyterum,
615 5130 667 5175 et
700 5123 860 5189 paulo
888 5130 1007 5189 post
1055 5123 1210 5190 primi
1256 5123 1459 5176 ordinis
1508 5129 1761 5180 sacerdo-

171 5205 282 5255 tes,
314 5190 617 5260 episcopos.
645 5193 735 5263 Sic
772 5192 913 5263 enim
960 5192 1209 5263 distingui
1259 5196 1386 5247 olim
1434 5196 1621 5251 solitos
1670 5198 1764 5251 ob-

170 5275 450 5315 servatum
484 5271 567 5315 est
604 5262 668 5314 ad
714 5261 993 5316 Sidonium
1050 5261 1146 5317 lib.
1179 5278 1255 5325 tv,
1288 5268 1447 5333 epist.
1498 5268 1590 5319 25.
1638 5270 1763 5323 lude

170 5342 232 5407 et
276 5333 497 5407 secundi
540 5332 746 5407 ordinis
778 5334 937 5386 homo
974 5332 1470 5407 dictus__ptestiyter
1502 5336 1555 5389 in
1602 5354 1764 5407 synn-

169 5405 248 5457 do
276 5402 644 5473 ttSymmacbi
687 5418 836 5473 papa:
871 5417 991 5473 cap.
1026 5405 1097 5458 6:
1132 5403 1297 5474 Nefas
1340 5402 1478 5459 dictu
1512 5416 1584 5461 est
1632 5402 1764 5463 obli-

253 5620 269 5648 ⁸
297 5616 663 5688 Cod.Veron.,
683 5622 897 5677 insidias
918 5622 1210 5687 impiorum.
1227 5621 1342 5675 Alia
1367 5622 1522 5676 lectio
1540 5621 1757 5674 insidia-

174 5700 320 5741 tores
344 5691 574 5761 piorum,
604 5709 766 5761 quam
790 5708 854 5747 ev
889 5690 1141 5747 Facundo
1171 5693 1220 5746 in
1245 5697 1484 5759 mirgine
1506 5692 1749 5758 epistolae

173 5760 352 5813 sancti
380 5760 571 5814 Leonis
610 5760 705 5817 (δι
739 5764 1011 5817 adnotavit
1045 5763 1405 5828 Quesncllius,
1436 5764 1575 5819 inter
1598 5763 1757 5817 falsas

173 5830 644 5904 antattdari‘posse
676 5834 884 5887 videtur
908 5850 921 5895 ;
948 5848 1053 5887 non
1086 5833 1229 5886 enim
1262 5847 1377 5888 etin
1406 5835 1552 5904 juxta
1582 5835 1749 5891 nostri

174 5900 385 5956 codicis
419 5901 573 5956 fidem
608 5903 886 5958 Facundos
916 5904 1196 5968 evpressit.

1878 4731 2075 4803 populo
2106 4725 2268 4782 Israel
2292 4722 2467 4784 electi,
2501 4729 2555 4775 et
2603 4734 2758 4773 sacro
2786 4717 2985 4785 Jempli
3028 4715 3324 4768 ministerio
3358 4714 3471 4767 [σιρ-

1875 4834 1997 4881 rant
2024 4819 2298 4890 deputati;
2332 4825 2510 4869 tamen
2534 4811 2785 4881 quoniam
2819 4808 2979 4862 simul
3027 4821 3214 4861 omnes
3248 4822 3470 4875 usurpa-

1869 5058 2073 5131 gatione
2099 5066 2276 5131 quaﬁse
2297 5046 2800 5131 connectitsummus
2828 5039 3482 5131 pontifexg-ca-ho‘mi-iiem

1870 5112 2083 5182 iecundi
2112 5112 2164 5177 in
2197 5119 2424 5174 Ecclesia
2452 5116 2649 5169 ordinis
2693 5128 2795 5166 non
2821 5113 3004 5182 teneri.
3061 5112 3124 5165 Et
3159 5112 3297 5177 apud
3352 5112 3474 5163 Itin.

1876 5181 2119 5254 emarnm
2178 5194 2335 5260 epist.
2384 5190 2449 5249 7.
2500 5201 2619 5252 cap.
2651 5184 2721 5261 20
2754 5181 2956 5261 εβῃὶ
2988 5186 3048 5235 de
3107 5182 3477 5261 cpiscOpisnilft

1870 5252 2095 5324 (idmissa
2121 5252 2259 5327 sunt,
2285 5262 2347 5313 de
2395 5256 2699 5325 presbyteris
2748 5253 2982 5309 uidelicet
3023 5252 3233 5307 secundi
3277 5252 3471 5306 ordinis

1869 5342 1991 5395 viris
2023 5355 2123 5391 non
2152 5331 2457 5387 dimittenda
2481 5337 2620 5381 sunt.

1944 5621 1963 5650 ²
1992 5617 2135 5671 Idem
2169 5613 2315 5685 cod.,
2352 5619 2420 5666 et.
2451 5682 2461 5685 _
2493 5681 2503 5685 _
3380 5634 3408 5685 ,ι

1940 5689 1959 5719 ⁸
1986 5688 2129 5742 ldetn
2164 5684 2313 5748 cod.,
2344 5681 2556 5736 nouitio.
2726 5747 2735 5751 Α
2914 5739 2945 5751 υ
3024 5738 3059 5751 ,Α
3380 5681 3389 5703 ἱ

1938 5759 1956 5788 ⁸
1988 5740 2128 5813 idem
2162 5740 2312 5814 cod.,
2347 5751 2475 5805 nihil
2497 5747 2825 5801 tractandum
2852 5740 3080 5810 reliquit.

1936 5831 1956 5861 δ
1992 5830 2131 5882 Idem
2164 5825 2311 5887 cod.,
2346 5822 2486 5887 regis
2514 5817 2679 5871 Ozirc.

1934 5898 1952 5925 ⁶
1976 5902 2117 5955 idem
2144 5895 2294 5957 cod.,
2333 5904 2437 5947 tam
2468 5889 2698 5941 moneri-
