3992 6344
482 382 584 437 859

1545 368 1839 426 FACUNDI
1883 354 2090 421 EPISC.
2138 360 2637 419 ιιειιιιιΑΝεκειε

3643 373 3757 430 8νὶῡ

487 503 612 551 runt
638 493 869 548 ofﬁcium
914 487 1272 551 sacerdotum,
1326 494 1382 539 ut
1431 484 1711 537 immolare
1760 481 1870 534 Deo
1898 477 2061 531 aude-
2090 476 2143 537 Α
2172 488 2265 541 pro
2293 474 2571 545 SynagOga
2600 474 2776 543 loqui,
2805 484 2859 527 et
2894 475 2944 527 in
2986 473 3079 528 Dei
3128 473 3281 528 laude
3323 474 3485 533 verba
3518 477 3755 550 jactare,

487 592 624 647 rent,
656 599 739 653 que
763 582 795 636 d
821 580 985 634 multo
1016 578 1189 631 minus
1211 588 1292 629 est
1318 590 1474 645 quam
1515 574 1583 628 de
1616 572 1719 626 ﬁde
1760 570 2059 626 Christiana

486 676 633 730 decet
650 689 793 740 nere,
820 686 975 727 terra:
1004 669 1325 725 debiscentis
1351 666 1583 743 absorpti
1609 677 1816 729 voratu,
1847 677 1984 717 novo
2010 670 2065 715 et

486 764 735 833 singulari
781 777 879 815 suo
932 762 1095 816 exitio
1138 759 1454 828 stupendum
1506 755 1714 810 cunctis
1762 754 2062 821 exemplum

490 852 964 922 praesumptoribus
1015 850 1364 919 reliquerunt.
1432 846 1713 914 Quomodo
1775 859 1901 913 ergo
1963 843 2063 897 sibi

488 944 624 997 laico
648 944 928 1012 religiosus
952 951 1004 995 et
1034 941 1249 1008 sapiens
1272 940 1560 1005 imperator
1582 936 1826 990 crederet
1849 936 2064 1003 impune

489 1050 788 1097 CBaSIJI‘UiIl,
814 1032 895 1087 vel
926 1043 1228 1085 sanetorum
1261 1030 1471 1083 Patrum
1499 1042 1617 1096 qua:
1643 1026 1708 1079 de
1734 1024 1834 1077 Iide
1852 1024 1959 1093 jam
1984 1023 2068 1077 de-

490 1133 635 1179 creta
680 1124 886 1179 fuerant
916 1131 1210 1176 retractare
1266 1120 1347 1173 vel
1405 1133 1540 1172 nova
1593 1118 1704 1186 ipse
1750 1115 2061 1181 decernere,

489 1227 612 1267 cum
645 1214 761 1266 ﬁliis
786 1211 935 1274 Levi,
959 1210 1011 1263 id
1038 1221 1120 1265 est
1157 1208 1349 1272 Cbore,
1392 1216 1445 1262 et
1486 1207 1567 1261 his
1598 1206 1682 1275 qui
1714 1220 1832 1260 eum
1863 1204 1930 1259 de
1970 1218 2063 1256 sua

494 1301 632 1355 tribu
672 1301 837 1355 secuti
890 1314 1043 1364 sunt,
1093 1298 1337 1368 quamvis
1391 1299 1442 1351 in
1483 1297 1664 1365 templi
1696 1296 1966 1351 servitium
1999 1295 2066 1349 de

491 1391 686 1460 populo
704 1390 963 1459 segregati
995 1389 1033 1456 ⁸,
1067 1388 1159 1442 sed
1190 1396 1244 1442 ct
1276 1385 1499 1451 Dathan,
1533 1396 1585 1441 et
1616 1385 1837 1448 Abirun,
1858 1384 2064 1453 idquod

490 1481 974 1551 incomparabiliter
1018 1481 1192 1534 minus
1239 1494 1358 1533 esse
1415 1478 1791 1547 probavimus,
1847 1479 2065 1545 impune

490 1588 594 1627 non
618 1572 811 1626 cessit?
833 1571 1222 1625 Prtecesserant
1250 1569 1493 1639 equidem
1527 1569 1687 1623 multa
1712 1569 1888 1638 populi
1924 1569 2065 1622 illius

490 1673 543 1717 et
602 1678 788 1731 magna
853 1670 1087 1731 peccata,
1150 1670 1204 1715 et
1264 1660 1402 1730 quod
1457 1662 1694 1715 omnium
1728 1672 2063 1729 peccatorum

492 1756 778 1809 maximum
819 1755 1148 1821 crederetttr,
1206 1752 1518 1806 idololatria
1562 1766 1776 1820 quoque
1825 1751 2068 1820 profana-

2163 579 2282 619 cum
2308 565 2545 620 dicerent
2572 584 2584 619 ι
2612 567 2748 621 Certi
2795 575 2950 620 estote
2975 608 2988 631 ,
3014 568 3149 636 quod
3194 568 3247 621 in
3294 570 3433 621 omni
3467 569 3758 644 Synagaga

2164 673 2335 711 omnes
2374 661 2538 713 sancti
2585 670 2743 723 sunt,
2787 671 2833 711 et
2881 670 2953 713 est
3007 659 3254 713 Dominus
3295 661 3347 713 in
3395 660 3542 716 illis:
3573 676 3620 717 et
3664 682 3754 718 eos

2164 764 2319 817 quare
2368 748 2595 816 premitis
2644 750 2974 821 Synagogam
3020 750 3229 803 Domini
3270 750 3457 820 (Nam.
3490 770 3579 808 xvt
3606 797 3624 820 ,
3655 754 3758 827 3)?

2165 838 2269 893 Sed
2301 855 2404 891 non
2435 840 2634 895 idcirco
2667 842 2836 908 potuit
2877 840 3159 909 justiﬁcari
3203 844 3488 910 Superbia,
3531 861 3653 912 qua:
3699 848 3755 901 in

2165 928 2554 994 operimentum
2588 928 2669 983 sui
2714 940 3051 996 contetmtus
3095 932 3215 983 talia
3263 932 3401 984 s--let
3425 932 3752 990 obtendere.

2165 1020 2351 1074 Nullus
2388 1023 2528 1076 enim
2571 1024 2761 1077 melius
2804 1024 2966 1078 Deum
3011 1025 3209 1089 laudat,
3240 1040 3397 1093 quam
3439 1028 3481 1078 is
3509 1028 3599 1096 qui
3633 1030 3758 1096 ejus

2168 1113 2218 1166 in
2247 1129 2303 1167 Sc
2325 1113 2582 1182 judicium
2615 1115 2874 1184 probans,
2905 1116 3045 1184 quod
3077 1117 3195 1171 aliis
3225 1127 3305 1170 est
3335 1117 3598 1172 creditum
3645 1135 3754 1172 non

2168 1214 2410 1272 usurpat.
2440 1204 2555 1259 Jam
2588 1221 2713 1261 vero
2742 1211 2787 1260 si
2820 1217 2873 1261 et
2902 1207 3043 1260 illius
3067 1209 3315 1276 praecepti
3344 1224 3553 1263 memor
3590 1210 3755 1264 fuisse

2167 1294 2463 1350 credendus
2487 1304 2571 1350 est
2600 1299 2619 1327 ⁸
2647 1340 2662 1364 ,
2702 1297 2843 1366 quod
2887 1297 2955 1353 de
2996 1297 3125 1367 ipsis
3172 1296 3375 1353 Levitis
3412 1300 3538 1354 ﬁliis
3583 1300 3758 1355 Caatb

2167 1386 2357 1439 dicitur
2389 1404 2400 1437 ε
2436 1384 2556 1440 Non
2602 1396 2806 1457 tangent
2856 1400 3062 1453 sancta,
3118 1406 3179 1442 ne
3219 1391 3504 1442 moriantur
3556 1390 3751 1462 (Num.

2168 1493 2322 1545 svnt,
2376 1479 2462 1547 5);
2516 1478 2782 1547 quomodo
2836 1492 2895 1532 se
2949 1478 3196 1533 crederet
3244 1480 3752 1534 condemnationem

2168 1576 2382 1621 teternze
2430 1568 2615 1622 mortis
2667 1567 2919 1637 eliugere,
2975 1568 3019 1621 si
3064 1570 3131 1622 de
3177 1568 3471 1623 Christiana
3527 1570 3631 1623 ﬁde
3666 1571 3753 1625 vel

2169 1672 2305 1710 nova
2334 1655 2669 1720 decerneret,
2699 1659 2781 1711 vel
2802 1659 2911 1726 jam
2931 1657 3144 1713 decreta
3172 1658 3486 1712 discuteret?
3514 1660 3623 1714 Sed
3659 1676 3757 1727 pa-

2171 1759 2287 1797 rum
2310 1754 2416 1809 est,
2442 1760 2545 1798 non
2576 1755 2790 1814 tangere
2815 1754 2997 1799 sancta
3019 1786 3033 1811 ,
3074 1746 3262 1815 quibus
3311 1747 3556 1800 indicitur
3588 1751 3754 1804 etiam

490 1846 634 1899 tione
675 1846 1064 1898 contaminatus
1114 1858 1234 1897 cum
1281 1858 1380 1897 suo
1424 1843 1702 1897 sacerdote
1739 1842 1848 1911 jam
1877 1843 2062 1895 fuerat.
2099 1831 2141 1888 Β
2170 1852 2274 1890 non
2306 1837 2505 1900 videre,
2537 1838 2673 1891 sicut
2696 1837 2949 1905 scriptum
2972 1845 3089 1891 est:
3125 1836 3189 1890 Et
3223 1836 3421 1891 locutus
3452 1850 3523 1891 est
3575 1839 3753 1892 Domi-

489 1935 620 1988 Nam
674 1942 952 2004 postquam
1006 1933 1337 1988 liberationis
1375 1949 1487 1988 sua:
1527 1947 1685 1988 causa
1740 1931 2067 1986 mirabilibus

490 2024 657 2092 plagis
703 2034 957 2077 vastatam
1011 2023 1142 2077 vidit
1188 2023 1515 2093 Egyptum,
1565 2032 1620 2078 et
1682 2037 1776 2090 per
1833 2022 2065 2075 medium

488 2129 635 2170 mare
654 2116 796 2170 sicco
823 2116 955 2183 pede
985 2115 1249 2180 transivit,
1285 2116 1409 2170 fecit
1430 2116 1478 2170 ei
1507 2114 1849 2184 extorquenti
1885 2115 2064 2169 Aaron

455 2209 457 2212 ⁴
490 2206 711 2260 vitulum
744 2206 795 2259 in
820 2206 1058 2270 Cboreb,
1089 2215 1134 2259 et
1164 2206 1497 2260 adoraveruut
1536 2207 1800 2277 sculptile,
1824 2215 1869 2259 et
1899 2216 2065 2260 muta-

486 2304 665 2348 verunt
690 2294 905 2364 gloriam
942 2311 1085 2348 suam
1114 2296 1166 2347 in
1199 2296 1579 2349 sim'liudtnem
1609 2297 1754 2349 vituli
1798 2300 2067 2349 comeden-

489 2388 553 2440 tis
582 2389 753 2457 fenum
794 2385 967 2459 (Psal.
1013 2402 1098 2453 cv,
1144 2386 1232 2453 19,
1271 2385 1388 2457 2η),
1421 2385 1700 2440 dicentes:
1730 2386 1802 2438 Ili
1842 2396 1961 2440 sunt
1997 2388 2071 2441 dii

490 2479 584 2542 tui,
611 2475 792 2544 Israel,
822 2477 904 2546 qui
936 2486 982 2530 te
1003 2476 1282 2529 eduxerunt
1310 2477 1372 2529 de
1401 2475 1631 2546 Egypto
1667 2474 1863 2545 (Exod.
1894 2492 2069 2541 χχχιι,

490 2568 577 2638 4);
611 2576 664 2622 et
691 2568 865 2623 Aaron
910 2565 1193 2621 aedificavit
1242 2568 1407 2620 altare
1449 2577 1570 2620 ante
1602 2583 1743 2630 eum,
1772 2576 1823 2621 et
1854 2568 2071 2620 adduxit

492 2660 969 2724 Itolocaustoniata,
993 2668 1049 2713 et
1070 2660 1258 2713 obtulit
1289 2659 1517 2712 IiOstiam
1558 2659 1769 2723 salutis,
1794 2669 1847 2714 et
1876 2674 2070 2712 conse-

492 2754 569 2808 dit
599 2752 821 2823 populus
850 2752 1168 2806 manducare
1198 2760 1250 2806 et
1280 2750 1483 2814 bibere,
1509 2758 1563 2804 et
1592 2751 1824 2804 surrexit
1866 2751 2066 2804 ludere.

493 2844 601 2899 Nec
634 2855 833 2909 tamen,
856 2857 975 2898 cum
1009 2844 1062 2897 in
1087 2843 1164 2898 eis
1187 2841 1549 2917 vindicaretur
1578 2843 1679 2897 hoc
1705 2845 1936 2909 malum,
1968 2844 2071 2898 tale

496 2935 701 3006 aliquid
729 2935 923 2989 factum
953 2944 1035 2989 est
1073 2936 1225 3005 quale
1263 2937 1316 2989 in
1365 2936 1594 2990 vindicta
1637 2938 2072 3006 praesumptionis

494 3029 705 3083 illorum
755 3029 980 3099 legimus
1026 3029 1251 3094 factum,
1302 3038 1357 3082 ut
1400 3044 1558 3098 parua
1603 3030 1885 3099 singular's
1915 3043 2073 3100 atque

498 3121 753 3176 mirabilis
792 3124 1059 3192 singulare
1103 3132 1546 3192 prrcsumptorum
1602 3124 1775 3177 scelus
1826 3125 2073 3179 ostende-

2170 1944 2265 1982 nus
2296 1929 2363 1981 ad
2390 1928 2601 1997 Moysen
2643 1938 2689 1983 et
2730 1930 2899 1981 Aaron
2937 1931 3109 1983 dicens
3136 1944 3157 1983 :
3192 1930 3366 1983 Nolite
3402 1931 3696 2000 disperdere
3725 1950 3756 1984 a

2169 2021 2299 2073 tribu
2327 2036 2419 2073 sua
2451 2021 2639 2087 plebem
2668 2019 2829 2074 Caath
2867 2021 2931 2074 de
2973 2022 3135 2074 medio
3175 2019 3461 2074 Levitarum
3484 2037 3503 2072 :
3532 2020 3628 2073 hoc
3675 2026 3756 2090 [a-

2170 2110 2264 2162 cite
2282 2111 2374 2175 eis,
2408 2120 2451 2162 et
2482 2111 2660 2173 vivnt,
2711 2121 2755 2164 et
2784 2127 2884 2164 non
2924 2112 3200 2164 morientur
3242 2111 3599 2164 accedentibus
3650 2113 3756 2166 illis

2169 2200 2238 2253 ad
2268 2212 2443 2254 sancta
2462 2210 2771 2255 sanctorum.
2804 2206 2973 2256 Aaron
3008 2214 3053 2256 ct
3089 2205 3187 2272 ﬁlii
3225 2205 3331 2274 ejus
3378 2205 3753 2274 ingrediantur,

2174 2305 2218 2346 et
2242 2295 2479 2347 ordimnt
2510 2311 2591 2347 eos
2613 2336 2627 2359 ,
2656 2310 3059 2364 unumquemque
3108 2304 3257 2364 prout
3301 2297 3540 2365 portendi
3586 2296 3756 2349 locum

2169 2387 2338 2452 liabet,
2372 2398 2417 2440 et
2445 2404 2542 2439 non
2574 2388 2756 2440 intrent
2787 2387 3012 2441 desubito
3042 2389 3207 2441 videre
3230 2396 3459 2440 sanctum
3488 2387 3508 2417 ³
3561 2387 3752 2457 (Num.

2171 2493 2249 2544 tv,
2286 2479 2472 2547 ιῖ-ιε)
2504 2494 2517 2531 :
2552 2494 2684 2533 neve
2714 2480 2882 2547 potuit
2908 2479 3070 2533 exitio
3096 2493 3194 2532 suo
3227 2486 3427 2533 terrere
3461 2480 3751 2547 principem

2169 2570 2554 2623 Christianum.
2586 2570 2682 2638 Qui
2715 2586 2832 2624 cum
2862 2570 2927 2624 de
2969 2569 3127 2623 domo
3168 2569 3331 2638 patris
3362 2570 3479 2639 ejus
3518 2571 3755 2625 adduce-

2170 2669 2321 2714 retur
2375 2675 2496 2714 arca
2539 2676 2698 2729 super
2742 2661 3034 2729 plaustrum
3075 2675 3267 2713 novum
3311 2660 3579 2728 imposita,
3621 2675 3757 2729 quo-

2174 2751 2316 2804 niam
2342 2766 2461 2805 cum
2491 2753 2831 2806 calcitr.:rent
2854 2754 3016 2806 boves
3057 2752 3293 2806 extendit
3317 2767 3557 2818 manum,
3584 2764 3638 2808 et
3670 2761 3757 2807 te~

2174 2842 2287 2897 nuit
2309 2858 2425 2897 eam
2452 2858 2516 2897 ne
2547 2843 2778 2908 caderet,
2812 2842 2974 2897 iratus
3000 2852 3079 2898 est
3112 2844 3471 2914 indignatione
3500 2845 3757 2899 Dominus

2172 2945 2356 2991 contra
2382 2936 2702 3003 eum,sicut
2735 2935 3006 3004 Scriptura
3049 2936 3176 2990 dicit
3206 2953 3218 2988 :
3253 2934 3318 2989 Et
3357 2939 3599 3005 percussit
3639 2954 3758 2990 eum

2173 3044 2326 3099 super
2357 3028 2637 3081 temeritate
2662 3042 2679 3080 :
2704 3028 2790 3096 qui
2814 3037 3039 3081 mortuus
3063 3038 3135 3081 est
3168 3028 3234 3080 ibi
3250 3032 3405 3099 juxta
3436 3045 3609 3081 arcam
3652 3029 3759 3082 Da-

2176 3121 2301 3173 mini
2325 3118 2411 3191 (II
2430 3119 2558 3191 Reg.
2585 3135 2659 3186 vt,
2681 3120 2734 3188 7)
2760 3135 2773 3171 :
2800 3128 2920 3172 etut
2948 3120 3240 3173 formidinis
3262 3132 3476 3174 awtcrnre
3502 3122 3760 3174 memoria

495 3221 595 3268 ret.
623 3212 843 3282 Propter
872 3214 1011 3282 quod
1039 3216 1197 3268 etiam
1222 3214 1428 3285 Moyses
1454 3214 1523 3268 ibi
1552 3214 1683 3269 dicit
1707 3234 1720 3270 :
1747 3214 1811 3267 In
1834 3217 1928 3268 hoc
1948 3217 2073 3269 scie-
2099 3198 2143 3257 (ἶ
2181 3214 2403 3281 posteris
2433 3227 2643 3281 quoque
2686 3213 3101 3282 relinqueretur,
3147 3220 3391 3265 vocatum
3423 3222 3503 3266 est
3552 3228 3755 3267 nomen

496 3305 813 3375 tisquoniam
841 3305 1084 3358 Dominus
1101 3306 1232 3359 misit
1257 3323 1335 3359 me
1356 3310 1525 3376 facere
1551 3307 1719 3360 omnia
1759 3323 1913 3375 opera
1951 3308 2071 3374 ista,

496 3406 544 3448 et
575 3397 809 3463 quoniam
832 3412 932 3448 non
970 3413 1000 3449 a
1039 3412 1117 3448 me
1154 3397 1288 3465 facio
1312 3413 1330 3456 ;
1356 3398 1399 3448 si
1426 3397 1701 3449 secundum
1727 3406 1936 3450 mortem
1969 3413 2077 3450 om-

497 3489 637 3539 nium
668 3486 926 3539 hominum
955 3487 1231 3540 morientur
1276 3488 1379 3550 isti,
1414 3496 1459 3539 et
1502 3491 1546 3539 si
1587 3487 1865 3539 secundum
1899 3487 2075 3540 visita-

498 3580 683 3631 tionem
724 3579 949 3631 omnium
991 3578 1253 3631 hominum
1302 3579 1524 3631 visitatio
1576 3580 1670 3631 erit
1716 3579 1945 3644 iilorum,
1975 3596 2076 3632 non

499 3667 751 3720 Dominus
800 3668 935 3720 misit
981 3683 1059 3721 me
1095 3666 1281 3737 (Nam.
1316 3683 1426 3732 xvx,
1460 3670 1553 3737 28,
1592 3666 1707 3739 29).
1752 3669 1862 3723 Illic
1900 3676 2073 3725 Aaron

500 3774 736 3811 summus
757 3757 1007 3813 sacerdos
1035 3771 1089 3812 et
1117 3758 1364 3812 formavit
1402 3761 1618 3812 vitulum
1642 3800 1656 3824 ,
1704 3769 1756 3814 et
1798 3760 2079 3813 aediﬁcavit

501 3851 693 3915 altare,
724 3858 779 3904 et
796 3850 973 3903 attulit
1005 3851 1491 3917 bolocaustomata,
1524 3862 1577 3905 et
1606 3853 1794 3905 obtulit
1826 3852 2077 3918 hostiam;

502 3941 642 3996 unde
671 3942 925 4009 scriptum
950 3950 1031 3995 est
1061 3959 1073 3994 :
1107 3940 1248 3995 Vidit
1276 3940 1483 4010 Moyses
1519 3946 1789 4012 papulum,
1820 3944 1904 4013 qui
1932 3945 2081 3997 dissi-

504 4040 653 4099 patus
679 4042 773 4085 est.
806 4031 1077 4101 Dissipavit
1106 4034 1235 4084 enim
1266 4048 1347 4084 eos
1369 4034 1562 4097 Aaron,
1598 4044 1650 4085 ut
1682 4044 1840 4088 essent
1871 4036 1924 4087 in
1950 4052 2078 4103 gau-

504 4123 645 4174 dium
673 4123 977 4175 adrersariis
1017 4124 1121 4175 suis
1151 4122 1343 4191 (Exod.
1394 4139 1541 4175 nam
1563 4164 1579 4189 ,
1615 4122 1708 4195 25)
1737 4143 1748 4177 :
1775 4136 1825 4179 et
1873 4128 2079 4181 veniam

507 4210 630 4262 laeti
655 4212 1018 4278 consequitur.
1044 4209 1157 4264 Illic
1188 4222 1360 4265 autem
1403 4210 1579 4267 Cliore
1598 4254 1611 4275 ,
1638 4214 1841 4269 Dathan
1871 4227 1926 4270 et
1955 4218 2082 4270 Abi-

508 4315 627 4362 ron,
662 4300 902 4367 quamvis
936 4299 1047 4354 Deo
1078 4316 1203 4355 vero
1239 4301 1637 4368 sacriﬁcarent,
1663 4306 1782 4373 quia
1817 4320 1988 4358 tamen
2016 4308 2085 4361 all

508 4407 689 4446 eorum
721 4406 823 4446 non
872 4392 1171 4461 pertinebat
1216 4393 1470 4457 ofﬁcinn,
1514 4411 1649 4449 novo
1692 4408 1744 4451 et
1790 4400 2083 4454 incredibili

508 4482 767 4550 supplicio
811 4484 1123 4551 puniuntur;
1170 4491 1476 4553 tantumque
1508 4487 1752 4552 penditur
1809 4490 1946 4557 apud
2003 4491 2085 4543 di-

509 4574 686 4626 vinant
734 4570 1020 4641 justitiam,
1070 4573 1115 4627 si
1163 4574 1217 4626 in
1261 4574 1376 4643 ejus
1419 4574 1687 4645 obsequiis
1735 4579 1867 4631 ordo
1922 4594 2079 4647 quem

510 4664 784 4717 constituit
829 4664 1173 4719 conservetur
1201 4665 1269 4732 ⁸,
1325 4675 1382 4718 ut
1432 4665 1667 4720 deterius
1718 4667 1820 4722 boc
1860 4669 2080 4738 judicet,

513 4773 667 4825 quam
698 4756 741 4811 si
771 4756 916 4811 falsis
942 4758 1043 4811 diis
1070 4757 1212 4827 quod
1243 4758 1339 4810 soli
1371 4758 1468 4825 ipsi
1494 4757 1716 4813 debetur
1745 4760 2082 4829 obsequium,

515 4847 804 4902 deferatur.
841 4848 1165 4903 Videbantur
1194 4849 1270 4903 illi
1298 4850 1513 4918 quidem
1538 4850 1698 4904 divini
1732 4852 1935 4907 ordinis
1958 4869 2085 4907 con-

517 4945 830 5008 temptores,
882 4955 1002 4993 cum
1056 4941 1391 5009 insurgerent
1440 4941 1491 4996 in
1539 4942 1753 5011 Moysen
1798 4957 1847 4998 et
1881 4945 2083 5009 Aaron,

597 5091 623 5118 ι
658 5077 845 5147 Vulg.,
889 5077 1162 5134 Percussio
1189 5082 1329 5133 Ozaz.

601 5262 615 5292 ¹
652 5260 790 5315 Cod.
833 5258 1057 5323 Verum,
1099 5262 1402 5328 segregatis.

603 5334 623 5363 ’
657 5331 802 5385 Idem
835 5328 984 5387 cod.,
1018 5327 1215 5381 memor
1246 5329 1344 5390 fuit
1363 5328 1665 5383 Marcianus
1684 5328 1969 5398 Augustus,
2000 5327 2105 5383 imo

530 5402 653 5471 quia
686 5416 886 5453 memor
914 5399 1078 5471 fuisse
1109 5400 1395 5451 credendus
1425 5409 1519 5460 est,
1556 5402 1717 5468 quod.

602 5472 623 5503 ³
644 5472 787 5524 Idem
825 5465 975 5534 cod.,
993 5478 1262 5530 sanctum,
1291 5476 1463 5521 etnon
1484 5465 1791 5521 morientur.
1817 5465 1954 5531 Quid
1973 5467 2105 5521 Ozia

573 5543 675 5595 lius
694 5544 729 5595 Α
743 5540 987 5593 minadab
1010 5554 1328 5604 parumnere
1344 5540 1529 5605 potuit.
1550 5536 1859 5605 Legendnm
1876 5536 2106 5589 c5102.“:

558 5610 797 5668 Iebraice
814 5620 951 5676 my;
977 5606 1329 5672 Gracce’OCo't.
1354 5604 1520 5659 Filius
1546 5606 2031 5660 dieiturAbinadab
2055 5608 2106 5659 in

608 5778 628 5797 ‘
667 5777 845 5848 Legtn
872 5782 955 5831 'uoe
1006 5776 1250 5843 videtur,
1285 5795 1385 5831 non
1423 5785 1772 5829 conservetur.

2179 3304 2280 3357 loci
2313 3305 2456 3357 illius
2480 3304 2585 3357 Oza
2623 3313 2647 3339 ι
2679 3303 2723 3354 ’⁸.
2752 3303 2975 3372 l’r0ptcr
3016 3305 3154 3373 quod
3204 3305 3360 3357 etiam
3406 3303 3605 3371 David,
3663 3301 3759 3371 qui

2177 3409 2294 3447 cam
2342 3394 2672 3448 laetabundus
2717 3395 2987 3449 adducens
3051 3394 3383 3463 przet'edebat
3433 3409 3553 3447 cum
3610 3396 3761 3447 omni

2177 3484 2362 3551 Israel,
2401 3486 2646 3539 extimuit
2688 3485 2970 3540 Dominum
3005 3485 3053 3538 in
3097 3486 3183 3538 illa
3228 3485 3315 3538 die
3353 3486 3538 3538 dicens
3572 3502 3584 3535 :
3621 3487 3764 3549 Quo-

2178 3576 2329 3629 modo
2354 3577 2666 3646 ingredietur
2695 3593 2814 3629 arca
2846 3576 3055 3630 Domini
3071 3580 3137 3629 ad
3170 3592 3246 3629 me
3270 3575 3353 3646 (Il
3386 3577 3514 3646 Reg.
3561 3592 3633 3639 ιι,
3664 3575 3765 3645 9)?

2179 3679 2233 3723 ct
2258 3670 2426 3723 noluit
2455 3671 2722 3723 divertere
2743 3668 2808 3723 ad
2848 3684 2908 3724 se
2932 3686 3107 3723 aream
3141 3669 3370 3723 Domini.
3399 3669 3456 3723 Si
3481 3670 3770 3723 exiStima-

2181 3763 2378 3816 tionem
2408 3762 2587 3816 cordis
2619 3764 2754 3817 male
2784 3764 3090 3833 praesumpti
3121 3765 3413 3833 sequimur,
3446 3779 3622 3818 nonne
3643 3780 3768 3817 ma-

2180 3858 2260 3924 gis
2293 3856 2421 3909 illud
2452 3856 2788 3923 plectendum
2811 3855 3111 3920 videbitur,
3146 3870 3320 3909 arcam
3355 3855 3559 3908 Domini
3596 3871 3761 3923 quam

2181 3946 2397 4015 putabat
2448 3960 2567 3999 esse
2612 3960 2879 4009 casuram,
2933 3960 3038 3999 non
3082 3946 3357 4000 continere
3397 3960 3514 3998 cum
3542 3946 3769 4013 posset?

2185 4036 2287 4091 Sed
2314 4051 2409 4106 pro
2438 4036 2599 4090 divini
2634 4037 2824 4089 timore
2856 4035 2876 4065 '
2912 4035 3191 4104 praecepti,
3231 4050 3338 4088 non
3388 4050 3482 4103 pro
3534 4045 3769 4088 temera-

2185 4130 2382 4182 rioruiu
2413 4128 2738 4196 suspicione,
2793 4127 3032 4197 judicare
3079 4127 3357 4182 debemus.
3406 4125 3534 4180 Nam
3586 4126 3630 4180 is
3669 4129 3770 4195 qui

2186 4219 2384 4272 Levitis
2426 4219 2724 4272 nuntiatum
2764 4232 2884 4272 esse
2929 4217 3229 4272 didicerat:
3262 4217 3382 4271 Non
3420 4227 3620 4288 tangent
3643 4233 3772 4269 sane

2186 4318 2289 4371 cta,
2321 4324 2380 4360 ne
2422 4312 2726 4377 moriantur,
2783 4308 3047 4376 quomodo
3105 4307 3338 4377 legitime
3365 4315 3543 4374 posset
3593 4308 3772 4360 inter-

2189 4403 2324 4457 dicta
2349 4399 2677 4469 contingere,
2711 4400 2798 4468 qui
2832 4399 2955 4453 licet
2999 4400 3051 4452 in
3082 4398 3321 4451 districto
3350 4396 3601 4464 temporis
3628 4397 3770 4449 arti-

2189 4497 2327 4562 culo,
2377 4511 2480 4551 non
2520 4496 2797 4564 repentino
2844 4509 3040 4563 pavore
3085 4494 3317 4546 nutantis
3348 4506 3487 4544 arcte
3535 4493 3773 4557 moveri,

2188 4588 2281 4640 sed
2329 4587 2667 4641 observantia
2695 4584 2716 4617 ⁸
2757 4585 2922 4639 divini
2972 4585 3221 4654 praecepti
3271 4583 3490 4638 retineri
3544 4583 3774 4636 debuit!

2186 4680 2318 4733 Cum
2349 4679 2507 4748 igitur
2536 4678 2641 4731 Oza
2661 4717 2676 4742 ,
2708 4693 2811 4731 non
2841 4691 2906 4731 ex
2946 4677 3219 4746 proposito
3243 4675 3565 4743 consilioque
3595 4682 3781 4727 trans-

2187 4783 2419 4837 gressus,
2451 4767 2543 4821 sed
2575 4767 2794 4836 inopino
2823 4776 2877 4821 et
2905 4768 3122 4820 fortuito
3152 4781 3281 4820 casu
3311 4773 3643 4834 praeventus,
3669 4779 3781 4832 pro

2188 4863 2304 4915 solo
2335 4860 2636 4914 inconsulto
2662 4869 2802 4913 tactu
2834 4866 3129 4912 extremum
3160 4874 3269 4911 sua:
3294 4855 3609 4910 temeritatis
3638 4868 3783 4921 sup.

2192 4951 2405 5021 plicium
2436 4951 2534 5004 luit
2560 4968 2571 5002 2
2597 4966 2697 5019 qua
2728 4948 2986 5020 probabili
3016 4949 3223 5003 ratione
3254 4946 3544 5002 Marcianus
3588 4949 3783 5013 Augu-

2200 5307 2340 5361 textu
2376 5308 2633 5362 llebraico
2674 5315 2729 5361 et
2751 5304 2972 5374 Vulgata
3004 5303 3259 5367 editione,
3294 5300 3346 5354 in
3378 5296 3559 5354 Grmca
3591 5308 3783 5354 autem

2197 5378 2502 5443 Aminadab,
2532 5379 2622 5430 lib.
2650 5377 2689 5430 II
2718 5376 2872 5444 Reg.,
2898 5390 3015 5440 cap.
3049 5388 3116 5427 vt.

2270 5446 2291 5475 ⁸
2321 5448 2461 5502 Idem
2489 5439 2638 5511 cod.,
2670 5439 2925 5515 percussio
2958 5439 3104 5497 Ozia.
3140 5441 3442 5511 Legendum
3475 5439 3603 5494 Oxo.

2271 5516 2292 5547 ⁸
2320 5518 2459 5570 Idem
2488 5520 2635 5584 cod.,
2668 5526 2858 5569 tenore.

2270 5587 2289 5617 ⁶
2310 5586 2452 5641 Idem
2474 5588 2619 5654 cod.,
2649 5585 2831 5641 sedula
2858 5584 3189 5639 observantia.
