3978 6350
219 331 316 388 RM

1085 331 1216 387 PRO
1259 326 1680 402 DEFEXSlONE
1723 323 1934 382 TlllU.“
1964 323 2280 380 CANTDL.
2317 323 2444 378 LIB.
2490 322 2600 376 .\'ll.

3396 318 3502 374 8i?

216 457 354 512 stus,
393 459 514 516 qum
542 445 682 516 apud
732 443 1128 500 Chalcedonem
1173 445 1461 499 constituta
1504 452 1631 497 sunt
1661 442 1700 505 ¹,
1751 439 1805 492 in
1839 440 1886 499 Α
1917 438 1997 492 vel
2047 452 2208 491 unum
2263 438 2470 506 apicem
2527 448 2834 505 postumus,
2886 440 2976 488 aut
3005 445 3364 498 commovere.
3415 445 3507 490 aut

218 535 662 608 disceptationem
688 549 939 590 revocare
971 534 1351 605 praesumeret?
1381 534 1488 588 Sed
1509 532 1650 588 enim
1677 545 1813 600 prte-

219 627 554 682 dicatoribus
579 627 834 693 veritatis,
867 627 1017 696 quasi
1050 626 1238 691 bobus,
1268 627 1336 680 de
1366 625 1559 695 quibus
1579 623 1808 677 dicitur:

222 718 356 775 Bovi
377 718 643 772 trituranti
685 734 745 771 os
779 733 882 770 non
924 716 1200 786 infrenabis
1235 715 1286 786 (Ι
1318 715 1434 770 Cor.
1462 730 1535 776 ix,
1568 711 1647 782 9),
1675 727 1813 766 non-

223 824 502 878 nunquam
531 817 718 865 contra
746 807 1018 862 stimulum
1051 806 1451 862 calcitrantibus
1479 804 1687 859 videtur
1717 804 1814 857 Ec-

224 903 414 969 clesia,
440 900 593 968 cujus
614 901 686 954 illi
713 907 954 954 vectores
984 899 1334 966 doctoresque
1358 898 1559 962 ’,\‘elut
1585 909 1703 950 arca
1729 895 1815 948 illa

226 1001 450 1058 nutare;
482 991 576 1047 sed
611 1006 714 1044 non
746 999 829 1044 est
859 989 978 1044 Ozne
1011 989 1172 1043 officii
1213 987 1512 1043 continere.
1557 985 1818 1040 Prmcedit

229 1086 374 1138 illam
402 1097 532 1137 suus
557 1082 746 1147 David,
778 1082 866 1153 qui
900 1080 1116 1136 deducit
1156 1081 1432 1134 exsultans
1459 1095 1474 1132 :
1503 1079 1616 1148 ipse
1657 1092 1819 1130 manu

229 1177 384 1233 l‘nrtis
416 1176 750 1232 invisibiliter
779 1191 895 1231 eam
926 1176 1090 1245 regit,
1123 1188 1217 1246 per
1243 1189 1378 1244 quos
1406 1187 1527 1227 eam
1555 1172 1665 1241 regi
1688 1187 1819 1224 con-

232 1270 427 1324 stituit.
457 1271 522 1326 Et
547 1270 665 1324 ideo
695 1281 884 1324 nutare
927 1268 1146 1338 quidem
1184 1275 1394 1336 potest,
1440 1265 1632 1320 cadere
1680 1279 1818 1317 nun-

235 1377 393 1434 quam
425 1372 529 1432 pote
551 1371 619 1414 st.
651 1360 790 1414 Nihil
822 1362 980 1431 igitur
1013 1359 1177 1413 habes
1197 1400 1212 1426 ,
1241 1358 1370 1419 Oza,
1419 1357 1560 1426 quod
1605 1355 1823 1408 simula-

235 1456 384 1509 tione
408 1455 505 1522 pia:
530 1435 902 1518 sollicitudinis
933 1451 1206 1504 excuseris
1225 1491 1238 1513 ,
1263 1449 1384 1519 quia
1416 1446 1822 1513 divinojudicio

237 1563 336 1618 pro
360 1546 662 1601 temeritate
710 1545 1020 1612 perculeris.
1080 1542 1171 1595 llis
1215 1551 1390 1594 autem
1434 1550 1594 1609 atque
1642 1537 1821 1606 hujus-

239 1640 384 1695 modi
419 1636 716 1692 rationibus
745 1645 799 1687 et
827 1633 1088 1702 exemplis
1111 1643 1346 1701 augustze
1373 1631 1646 1686 memoria:
1691 1630 1824 1681 illar-

238 1732 447 1784 riannm
475 1742 592 1782 com
605 1729 864 1780 munitum
890 1734 945 1780 et
972 1728 1218 1780 edoctum
1247 1723 1410 1776 fuisse
1445 1719 1699 1774 credibile
1721 1729 1821 1784 est,

1917 539 2250 584 commutare
2299 545 2484 583 eorum
2535 543 2653 598 qua:
2681 529 2819 597 apud
2868 526 3014 581 illam
3045 527 3268 586 definita
3297 537 3442 584 smtt.
3484 547 3502 577 ι

1919 619 1988 674 Et
2010 622 2201 679 iterum
2228 636 2242 672 :
2271 636 2290 670 ι
2325 619 2615 685 Quoniam.
2649 618 2788 672 sicut
2829 617 2926 671 soli
2956 616 3091 671 nihil
3122 619 3298 672 minus
3325 627 3406 672 est
3439 619 3510 672 ad

1917 709 2391 765 demonstrandum
2425 709 2544 778 quia
2570 711 2649 763 sol
2679 718 2789 774 est;
2821 707 2900 763 sic
2938 718 2993 764 et
3019 722 3208 778 magna
3241 717 3295 763 et
3321 721 3512 762 sancta

1918 813 1972 856 et
2019 802 2305 857 universali
2345 801 2550 872 synodo
2597 799 3022 856 Chalcedonensi
3065 801 3243 854 minus
3294 800 3513 870 quidem

1922 895 2184 955 bonorum
2212 894 2342 948 nihil
2365 894 2585 948 omnino
2610 902 2713 956 est,
2741 906 2914 961 neque
2941 891 3307 947 additamento
3331 893 3514 960 aliquo

1920 996 2063 1057 eget,
2099 1002 2270 1056 neque
2298 987 2649 1049 detractione,
2681 987 2748 1041 ab
2771 985 2971 1052 Spiritu
2995 994 3183 1040 sancto
3223 984 3388 1041 veluti
3435 985 3514 1038 di-

1922 1079 2047 1133 vino
2075 1080 2302 1149 quodam
2334 1080 2448 1133 sole
2478 1080 2498 1110 ⁸
2527 1078 2760 1138 condita.
2794 1076 3001 1133 Etenim
3029 1075 3122 1145 qui
3154 1077 3205 1130 in
3230 1089 3292 1132 ea
3322 1091 3514 1131 secun-

1923 1171 2048 1224 dum
2079 1182 2288 1240 tempus
2316 1172 2552 1226 damnati
2581 1179 2726 1234 sunt,
2757 1169 2960 1241 indigni
2987 1168 3336 1244 sacerdotalis
3366 1169 3514 1222 ordi-

1926 1249 2011 1316 nis.
2030 1262 2281 1331 judicati,
2314 1263 2536 1317 decreto
2562 1277 2622 1315 ac
2648 1261 2847 1330 judicio
2883 1261 3058 1330 magni
3104 1259 3197 1313 Dei
3244 1260 3387 1314 velut
3417 1259 3516 1312 ἱιης

1927 1357 1996 1424 pii
2028 1357 2367 1411 condemnati
2400 1363 2543 1410 sunt.
2583 1354 2684 1422 Qui
2725 1351 2857 1409 vero
2908 1356 2958 1407 in
2993 1369 3052 1407 ea
3099 1356 3331 1422 suscepti
3369 1365 3514 1416 sunt,

1928 1448 2178 1517 injuStam
2211 1457 2262 1502 et
2306 1447 2636 1518 tyrannicam
2676 1455 2800 1501 ante
2842 1445 3174 1502 sustinentes
3212 1444 3517 1512 inscriptio-

1929 1555 2075 1603 nem,
2095 1539 2378 1594 confestim
2407 1541 2623 1594 decreto
2645 1537 2817 1593 sancti
2848 1537 3082 1606 Spiritus
3105 1534 3248 1604 juste
3285 1535 3519 1604 suscepti

1931 1639 2053 1684 sunt
2079 1646 2092 1682 :
2119 1630 2172 1684 in
2201 1630 2394 1700 quibus
2424 1639 2506 1684 est
2552 1638 2607 1683 et
2654 1636 2959 1683 nostrorum
2990 1636 3291 1698 temporum
3329 1641 3517 1682 secun-

1933 1722 2032 1776 dns
2081 1723 2238 1786 Abel,
2270 1722 2458 1778 beatus
2492 1721 2790 1776 Flavianus.
2834 1739 2852 1774 ι
2899 1720 2980 1776 Ad
3010 1719 3126 1777 haec
3171 1719 3353 1775 omnia
3393 1735 3520 1774 ion-

240 1836 310 1875 ne
334 1816 544 1886 imperii
570 1814 674 1872 sibi
701 1815 979 1871 commissi
1003 1814 1252 1869 decorem
1279 1811 1438 1866 alieni
1465 1811 1625 1864 officii
1670 1826 1826 1864 usur-
1861 1816 1906 1875 Β
1937 1804 2273 1884 tempserunt
2300 1815 2599 1881 attendere,
2627 1814 2718 1882 qui
2764 1814 2831 1867 de
2872 1812 3138 1868 sententia
3176 1819 3338 1864 tantae
3363 1825 3522 1880 synn-

240 1912 455 1982 p-itione
495 1910 744 1966 foedaret.
789 1906 940 1976 Quod
997 1906 1041 1960 si
1095 1905 1257 1962 etiam
1304 1904 1482 1958 minus
1507 1905 1622 1971 ejus
1651 1902 1830 1956 animo

239 2019 359 2074 quae
405 2002 821 2057 memoravimus
854 2006 1201 2053 occurrerent
1242 1995 1296 2060 ³,
1331 1995 1630 2049 modestum
1655 1994 1830 2047 virum

237 2110 339 2149 sua
384 2095 566 2164 procul
611 2094 773 2148 dubio
802 2093 936 2147 ratio
971 2091 1308 2158 temperavit,
1356 2103 1458 2157 qua
1496 2089 1732 2164 cogitare
1779 2096 1832 2141 ct

239 2201 405 2241 nosse
437 2184 684 2257 facillime
734 2183 941 2254 potuit,
994 2180 1191 2234 ChriSti
1237 2177 1403 2232 solius
1448 2193 1566 2233 esse
1611 2193 1831 2247 regnum

239 2291 362 2329 cum
419 2274 719 2329 sacerdOtio
757 2272 913 2327 simul
957 2269 1154 2324 habere
1207 2287 1218 2320 :
1277 2269 1528 2337 quoniam
1579 2269 1678 2322 etsi
1717 2269 1834 2337 qui-

241 2367 362 2419 dam
388 2380 539 2434 reges
566 2367 618 2420 in
660 2365 778 2434 ejus
808 2363 1033 2418 venturi.
1061 2361 1283 2430 liguram
1319 2359 1621 2414 sacerdOtio
1667 2359 1833 2416 functi

240 2465 386 2519 sunt,
415 2464 590 2509 tamen
618 2469 738 2508 cum
777 2452 1056 2508 manifesta
1106 2456 1195 2508 lux
1224 2455 1436 2507 veniret
1467 2451 1519 2504 in
1553 2451 1828 2518 mundum,

243 2543 460 2596 umbras
493 2557 772 2598 removens
794 2541 1090 2597 futurorum
1115 2583 1130 2607 ,
1162 2542 1290 2595 nulli
1320 2541 1472 2596 alteri
1505 2541 1652 2595 dedit
1691 2544 1833 2608 quod

242 2633 346 2687 sibi
389 2633 659 2704 singulare
710 2635 969 2706 servavit;
1005 2633 1098 2687 sed
1154 2634 1206 2685 in
1261 2633 1502 2685 diversos
1551 2629 1687 2684 dona
1740 2644 1833 2683 sua

243 2723 598 2787 distribuens,
632 2723 710 2776 sic
735 2737 853 2791 quae
889 2723 1099 2790 propria
1139 2732 1262 2776 sunt
1303 2720 1586 2774 sacerdotii
1615 2718 1657 2784 ⁸,
1698 2719 1836 2789 regi-

243 2817 346 2869 bus
387 2814 682 2871 interdixit.
715 2813 973 2880 Quocirca
1013 2814 1460 2882 quemadinodum
1498 2813 1581 2865 vir
1623 2812 1837 2879 sapiens

245 2920 356 2958 non
390 2906 664 2973 profanum
689 2904 954 2972 judicarct
997 2905 1096 2956 hoc
1125 2903 1264 2957 velle
1293 2903 1489 2966 videri,
1520 2902 1660 2971 quod
1690 2901 1836 2956 Solus

245 2991 338 3049 est
357 2994 637 3050 Christus?
685 2993 790 3050 Sed
826 3008 946 3048 cum
980 2995 1060 3048 vel
1100 2993 1319 3048 decreto
1360 2993 1527 3047 Sancti
1563 3003 1617 3047 et
1661 2992 1837 3062 magni

248 3087 482 3151 concilii,
516 3087 601 3140 vii
628 3090 942 3140 auctoritate
969 3086 1132 3154 ipsius
1171 3086 1424 3155 principis
1463 3084 1742 3150 Marciani,
1769 3083 1835 3140 ab

1934 1905 1987 1958 di
2019 1906 2131 1959 ausi
2156 1915 2280 1960 sunt
2304 1906 2573 1974 judicare,
2606 1906 2978 1960 existimantes
3023 1903 3144 1974 quia
3197 1903 3282 1958 vel
3332 1903 3528 1958 deesse

1936 1997 2010 2050 illi
2055 1997 2224 2065 potuit
2273 1995 2471 2065 aliquid
2525 1995 2666 2065 quod
2715 1994 2986 2066 supplere,
3037 1994 3120 2049 vel
3177 1994 3352 2049 inesse
3380 1993 3522 2062 quod

1933 2087 2225 2158 emendare
2267 2086 2546 2142 deberent.
2600 2085 3060 2140 Considerandum
3108 2100 3240 2140 vero
3286 2093 3368 2138 est
3404 2099 3525 2153 qum

1935 2174 2135 2230 fuerint
2183 2176 2276 2231 illo
2324 2186 2572 2246 tempore
2610 2175 2927 2230 Christianae
2973 2176 3233 2230 libertatis
3281 2175 3335 2230 iu
3365 2189 3524 2245 quam

1934 2279 2121 2321 simius
2147 2268 2321 2322 vocati
2350 2281 2630 2340 responsa,
2664 2281 2785 2322 cum
2821 2266 2931 2322 Leo
2967 2266 3403 2336 religiosissimus
3428 2269 3524 2321 im~

1937 2366 2172 2424 perator,
2205 2372 2310 2412 non
2339 2359 2404 2413 de
2437 2358 2717 2426 temporali
2749 2365 3011 2427 potestate
3036 2373 3193 2427 quam
3222 2369 3523 2428 acceperat,

1935 2448 2245 2503 sacerdotes
2297 2448 2391 2502 Dei
2442 2457 2700 2515 terreret,
2729 2449 2824 2503 sed
2857 2449 3032 2518 potius
3067 2458 3254 2503 contra
3280 2451 3524 2506 timorem

1938 2535 2229 2590 humanum
2264 2536 2508 2591 timorem
2556 2537 2636 2593 eis
2679 2537 2773 2592 Dei
2815 2539 3200 2608 omnipotentis
3239 2540 3524 2596 incuteret.

1936 2626 2022 2680 Ait
2039 2629 2178 2682 enim
2207 2625 2602 2696 :iltespondete
2631 2628 2747 2683 sine
2767 2628 2942 2698 aliquo
2975 2629 3166 2688 timore
3190 2629 3447 2697 humano,
3473 2645 3527 2686 et

1935 2720 2052 2773 sine
2076 2721 2243 2788 gratia
2273 2719 2499 2788 alicujus
2529 2729 2582 2775 et
2607 2721 2750 2784 odio,
2774 2732 2897 2776 ante
2923 2722 3106 2776 oculos
3133 2731 3336 2778 tantum
3366 2725 3525 2780 timo-

1937 2823 2048 2862 rem
2071 2810 2162 2864 Dei
2183 2812 2562 2879 omnipotentis
2577 2821 2852 2879 ponentcs.
2879 2831 2897 2864 ι
2918 2812 3026 2867 Nec
3039 2814 3136 2867 sibi
3151 2828 3244 2869 eos
3266 2818 3526 2871 rationem

1939 2901 2106 2970 ipsius
2132 2915 2244 2955 suae
2276 2903 2640 2971 responsionis
2669 2903 2887 2957 daturos
2931 2918 3052 2958 esse
3101 2898 3439 2972 praemonuit,
3471 2921 3531 2962 ut

1938 2993 2041 3047 dici
2074 2993 2297 3048 forsitan
2329 2989 2518 3064 possit,
2557 2995 2658 3052 hoc
2687 3010 2782 3051 eos
2813 2997 3154 3066 respondisse
3181 3038 3196 3062 ,
3227 2999 3366 3068 quod
3414 3001 3530 3071 ejus

1939 3086 2120 3138 animo
2152 3087 2469 3152 placiturum
2499 3089 2802 3156 crederent,
2834 3091 2921 3158 qui
2949 3089 3026 3142 eis
3053 3089 3188 3144 dixit
3226 3109 3238 3142 :
3278 3109 3298 3143 ο
3335 3092 3529 3149 Scituri

248 3180 623 3232 lueretieoruin
691 3177 1062 3233 collisionihus
1141 3179 1486 3246 requiescens
1553 3176 1792 3232 Ecclesia
1820 3221 1833 3247 ,
1866 3181 1913 3244 C
1946 3177 2087 3246 quod
2120 3177 2318 3231 divina:
2367 3178 2634 3247 majestati
2677 3180 2744 3234 de
2787 3195 2944 3235 causa
2991 3181 3296 3251 lmjusmodi
3339 3185 3534 3242 dabitis

249 3279 438 3339 postea
485 3270 661 3344 Leone
720 3271 774 3323 in
817 3270 1100 3337 imperium
1147 3270 1499 3333 succedente,
1540 3282 1723 3323 rursus
1751 3282 1842 3322 co-

251 3379 370 3417 rum
401 3362 718 3418 factionibus
750 3363 1080 3430 pulsaretur;
1107 3363 1294 3417 volens
1323 3371 1414 3417 eos
1452 3377 1554 3416 non
1601 3376 1697 3415 sua
1729 3372 1844 3415 tan-

251 3459 392 3517 tum,
423 3452 516 3507 sed
542 3452 811 3507 communi
838 3452 1088 3507 Ecclesiae
1119 3455 1468 3523 reSponsione
1495 3453 1839 3517 confundere,

253 3543 357 3597 hoc
386 3551 440 3597 et
469 3544 583 3613 ipse
607 3542 730 3598 fecit
759 3543 902 3614 quod
935 3545 1313 3614 imperatorem
1362 3545 1542 3599 decuit
1586 3546 1844 3600 Christia-

253 3649 405 3698 num,
441 3644 496 3688 ut
528 3649 621 3703 per
651 3636 1092 3705 metropolitanos
1120 3637 1404 3707 episcopos
1436 3637 1643 3692 litteras
1680 3652 1843 3707 gene-

253 3725 396 3779 rales
429 3727 682 3792 mitteret,
704 3729 988 3782 consulens
1030 3728 1098 3782 de
1146 3727 1430 3783 Timotheo
1479 3729 1846 3783 Alexandrino

255 3817 510 3885 episcopo
543 3818 840 3886 parm-ida,
893 3821 979 3873 vel
1025 3819 1093 3874 de
1140 3819 1564 3874 Chalcedonensi
1593 3821 1844 3885 concilio,

259 3920 318 3960 ut
354 3909 796 3964 convenientibus
822 3925 1002 3964 secum
1043 3910 1371 3981 coepiscopis
1404 3912 1514 3966 suis
1559 3920 1614 3965 et
1638 3912 1848 3968 clericis

257 4014 353 4053 sua
381 4001 731 4068 responsione
756 4000 1032 4072 signarent
1059 4001 1184 4072 quid
1211 4004 1288 4058 eis
1323 4002 1614 4057 videretur.
1647 4004 1848 4067 Quibus

259 4093 458 4146 litteris
489 4093 589 4148 hoc
617 4110 830 4164 quoque
856 4095 1214 4165 adjiciendum
1239 4095 1518 4164 judicavit,
1538 4095 1804 4151 utdicerct
1832 4113 1845 4151 :

257 4181 604 4251 Respondete
627 4185 744 4238 sine
769 4185 949 4254 aliquo
982 4186 1201 4251 timore,
1231 4195 1287 4238 et
1325 4186 1442 4240 sine
1482 4187 1650 4255 gratia
1682 4186 1847 4239 alicu-

261 4275 346 4341 jus
372 4285 424 4328 et
446 4275 592 4338 odio,
627 4291 749 4330 ante
771 4280 955 4331 oculos
979 4286 1153 4332 tamen
1192 4278 1438 4332 timorem
1490 4278 1580 4332 Dei
1611 4277 1853 4344 omnipo-

263 4366 425 4420 tentis
475 4376 768 4434 ponentes,
819 4367 1005 4422 scituri
1053 4368 1193 4438 quod
1230 4367 1426 4424 divinie
1473 4369 1738 4438 majestati
1786 4370 1853 4424 de

263 4468 423 4509 causa
457 4456 758 4524 hujusmodi
782 4457 977 4513 dabitis
1001 4460 1282 4513 rationem.
1324 4459 1416 4513 His
1442 4475 1570 4528 ergo
1595 4465 1848 4528 acceptis,

1945 3270 2224 3322 rationem.
2269 3288 2286 3321 ι
2315 3269 2466 3336 Quod
2496 3272 2584 3324 ille
2618 3272 2866 3341 princeps
2888 3287 2993 3327 non
3025 3290 3120 3342 pro
3141 3275 3254 3331 sola
3276 3276 3534 3334 Christi»

1947 3376 2028 3414 nae
2057 3359 2329 3430 religionis
2359 3361 2636 3431 disciplina
2687 3372 2742 3416 ct
2796 3362 3135 3420 observantia
3179 3365 3383 3423 dixisse
3420 3383 3538 3423 cre-

1945 3455 2154 3510 dendus
2184 3464 2286 3519 est,
2316 3470 2501 3511 verum
2533 3457 2692 3510 etiam
2733 3458 2873 3524 quod
2905 3459 3046 3514 nulla
3092 3470 3400 3515 coactorum
3443 3463 3538 3518 de-

1945 3557 2215 3602 cretorum
2241 3560 2361 3603 esse
2385 3547 2553 3617 possit
2583 3549 2905 3615 auctoritas,
2939 3557 2996 3605 et
3039 3559 3293 3606 extremae
3332 3550 3404 3606 sit
3445 3569 3538 3607 va-

1946 3637 2127 3693 nitatis
2169 3639 2248 3694 vel
2279 3637 2518 3708 proferre
2561 3637 2819 3694 adversus
2847 3640 3117 3708 aliquem,
3163 3641 3250 3697 vel
3295 3643 3538 3714 reeipeie

1947 3733 2266 3787 sententiam
2301 3732 2549 3799 potestati
2580 3746 2892 3788 concessam
2927 3750 2942 3786 :
2973 3749 3093 3788 eum
3124 3745 3178 3790 et
3226 3736 3397 3806 ipsum
3435 3754 3535 3790 tto-

1950 3839 2071 3878 men
2102 3824 2384 3878 sententiae
2411 3835 2614 3892 pereat,
2645 3823 2860 3891 quando
2891 3839 2995 3878 non
3025 3824 3154 3880 illud
3185 3825 3380 3881 dicitur
3395 3832 3536 3897 quod

1949 3917 2196 3969 sentitur.
2227 3914 2379 3970 Unde
2413 3929 2514 3969 nec
2544 3914 2746 3984 aliquid
2783 3924 3065 3985 praastatur
3094 3931 3271 3972 causa:
3319 3919 3388 3973 de
3433 3935 3539 3988 qua

1950 4007 2030 4061 sic
2057 4007 2217 4062 fuerit
2244 4007 2537 4074 judicatum
2555 4044 2573 4072 ,
2617 4014 2673 4061 et
2699 4007 3190 4063 contradicentibus
3218 4009 3444 4064 multum
3471 4026 3537 4065 ex

1954 4099 2056 4151 hoc
2087 4098 2355 4152 firmitatis
2382 4097 2613 4152 accedit.
2662 4097 3007 4152 Convineitur
3058 4101 3203 4154 enim
3254 4117 3361 4156 non
3393 4112 3542 4157 recte

1954 4186 2177 4255 quisque
2202 4186 2507 4256 judicasse,
2538 4187 2679 4257 quod
2720 4188 3077 4257 compellente
3115 4191 3220 4245 alio
3260 4190 3539 4261 judicavit.

1959 4275 2090 4334 llinc
2118 4281 2404 4350 aliquando
2429 4281 2541 4349 jam
2571 4281 2887 4335 conturbata
2914 4281 3014 4336 fuit
3047 4282 3307 4350 Ecclesia,
3336 4299 3456 4340 cum
3488 4294 3542 4341 in

1955 4385 2015 4424 ea
2046 4371 2146 4424 sibi
2179 4370 2451 4424 Strcularis
2479 4379 2716 4438 potestas
2755 4386 2848 4441 per
2879 4373 3252 4441 imperatorem
3282 4375 3544 4432 Cerretan-

1957 4459 2086 4514 tium
2113 4460 2250 4528 quod
2282 4461 2330 4514 ei
2361 4475 2466 4515 non
2493 4460 2674 4515 datum
2697 4471 2779 4516 est
2810 4473 3112 4531 usurparet.
3145 4464 3248 4518 Pro
3285 4482 3392 4534 quo
3417 4467 3544 4523 bea-

266 4544 429 4600 iidem
460 4549 853 4617 metroiiolitani
882 4565 1003 4604 cum
1053 4551 1165 4604 suis
1217 4549 1455 4620 collegis,
1503 4551 1641 4605 sicut
1699 4564 1848 4607 erant
1882 4551 1929 4609 D
1959 4561 2043 4621 tus
2073 4551 2306 4606 Hilarius
2335 4551 2388 4604 in
2419 4551 2644 4619 epistola
2672 4553 2824 4622 cujus
2857 4564 3060 4622 partem
3091 4556 3142 4609 in
3174 4557 3384 4612 decimo
3407 4559 3545 4614 libro

263 4639 603 4703 commoniti,
637 4639 706 4695 de
754 4655 847 4693 sua
879 4642 1101 4710 quisque
1140 4643 1412 4709 provincia
1460 4643 1850 4710 responderunt

265 4737 375 4782 tam
405 4731 656 4785 concordi
689 4739 848 4800 atque
886 4734 1150 4787 constanti
1199 4734 1462 4788 sententia
1483 4774 1500 4802 ,
1529 4749 1687 4804 quam
1717 4737 1853 4790 solet

268 4825 471 4878 multos
497 4824 649 4879 unire
675 4825 898 4893 Spiritus
940 4827 1201 4881 veritatis.
1242 4826 1373 4882 Nam
1404 4827 1528 4882 licet
1565 4844 1596 4883 e
1626 4829 1853 4884 diversis

267 4917 534 4985 longeque
559 4916 879 4972 distantibus
912 4919 1042 4973 locis
1079 4917 1233 4983 data,
1287 4917 1416 4972 nihil
1447 4929 1622 4974 tamen
1651 4919 1851 4974 habue-

267 5018 394 5063 runt
436 5010 674 5063 omnium
735 5025 994 5079 responsa
1036 5011 1330 5075 diversum,
1380 5011 1572 5081 quibus
1601 5011 1852 5068 decreve-

265 5109 391 5156 runt
423 5102 880 5157 irretractabiliter
920 5118 1039 5158 esse
1069 5102 1418 5160 custodienda
1447 5101 1856 5159 Chalcedonen-

266 5198 346 5253 sis
375 5198 589 5252 decreta
613 5198 826 5253 concilii
853 5218 867 5255 :
902 5208 1282 5269 protestantes,
1305 5201 1440 5255 sicut
1465 5200 1601 5255 libro
1625 5201 1860 5257 secundo

265 5291 378 5363 jam
427 5291 874 5357 memoravimus,
923 5300 1082 5362 atque
1135 5293 1374 5350 dicentes
1406 5311 1419 5348 :
1454 5310 1474 5345 ι
1503 5291 1686 5364 Neque
1715 5293 1819 5349 iota
1843 5294 1865 5325 '

349 5540 365 5570 ‘
384 5537 518 5592 Cod.
535 5537 757 5602 Veron,
782 5538 1058 5592 constituta
1078 5549 1195 5591 sunt
1219 5540 1270 5592 in
1294 5540 1507 5592 concilio
1529 5547 1783 5594 rectorum
1810 5549 1853 5591 ct

273 5611 664 5681 congregatione
692 5627 875 5680 magna
897 5627 1050 5678 opera
1082 5609 1284 5662 Domini
1313 5612 1564 5681 exquisita
1601 5613 1651 5666 iu
1681 5627 1854 5665 omnes

274 5678 555 5734 voluntates
582 5683 710 5750 ejus,
743 5678 795 5732 iii
825 5681 1256 5750 disceptationem.

350 5753 370 5781 ¹
403 5750 541 5819 idem
566 5751 708 5812 cod.,
738 5752 1064 5819 doctoresque
1086 5762 1225 5819 sunt,
1249 5751 1402 5808 velut.

348 5820 369 5854 ³
396 5818 538 5875 Idem
566 5821 711 5882 cod.,
745 5818 1094 5874 occurrerunt.

561 5910 832 5970 l’n'non.
881 5910 1039 5971 LXV
1056 5911 1134 5971 ll.

1960 4645 2272 4712 protulimus
2294 4684 2308 4708 ,
2343 4644 2552 4698 dicebat
2579 4661 2590 4696 :
2622 4662 2638 4694 ι
2677 4645 2803 4698 Post
2834 4647 3057 4700 multum
3088 4657 3142 4702 et
3185 4664 3400 4719 gravem
3431 4666 3545 4706 om.

1960 4737 2105 4791 nium
2139 4748 2379 4791 nostrum
2407 4736 2478 4791 ob
2517 4751 2608 4790 eas
2649 4751 2735 4792 res
2765 4751 2884 4805 quze
2923 4737 3224 4809 irreligiose
3251 4739 3322 4794 ab
3365 4742 3546 4812 impiis

1957 4830 2280 4900 gerebantur
2309 4829 2572 4894 dolorem,
2604 4844 2668 4884 ex
2693 4843 2759 4883 eo
2788 4830 2924 4884 intra
2955 4843 3054 4884 nos
3083 4838 3284 4885 tantum
3315 4847 3548 4890 commu-

1958 4923 2049 4977 nio
2074 4921 2337 4976 dominica
2365 4923 2691 4986 continetur,
2719 4933 2785 4976 ex
2816 4936 2922 4991 quo
2947 4921 3028 4974 his
3061 4923 3549 4992 perturbationibus

1957 5015 2144 5069 vexari
2171 5012 2410 5069 Ecclesia
2436 5023 2608 5082 coepta
2631 5021 2733 5079 est,
2751 5021 2808 5068 ut
2827 5013 3344 5086 exsulentepiscopi,
3367 5017 3548 5077 demu-

1960 5116 2140 5162 tentur
2169 5105 2502 5171 sacerdotes,
2535 5105 2717 5174 plebes
2759 5115 3081 5174 terreantur,
3113 5108 3246 5164 fides
3278 5111 3550 5179 perii-lite.

1965 5207 2070 5266 tur,
2105 5202 2337 5252 humano
2368 5197 2589 5253 arbitrio
2611 5211 2674 5252 ac
2697 5205 2960 5267 potestate
2985 5199 3242 5256 doctrina:
3269 5201 3552 5258 dominica:

1969 5293 2186 5348 decreta
2229 5300 2553 5348 statuantur.
2607 5310 2626 5344 ι
2682 5290 2885 5348 Idcirco
2929 5294 3088 5364 igitur
3133 5297 3234 5366 pia:
3279 5299 3553 5353 memoria

2031 5537 2052 5567 ⁸
2086 5537 2224 5620 idem
2256 5537 2402 5605 cod.,
2437 5538 2574 5620 sicut
2587 5555 2700 5609 qua!
2726 5539 2934 5608 prapria
2966 5547 3090 5620 situt
3107 5541 3554 5620 regni‘saccrdott-

1964 5611 2071 5730 plus,
2116 5609 2187 5662 ita
2237 5625 2351 5676 quia
2397 5608 2609 5679 prapria
2657 5621 2773 5663 sunt
2821 5608 3090 5661 sacerdotii
3146 5608 3346 5680 regibus
3394 5613 3552 5664 inter-

2003 5691 2113 5730 ml.

2003 5691 2113 5731 unt.

2037 5751 2056 5780 ⁸
2083 5750 2221 5802 idem
2251 5751 2402 5809 ωλι..
2430 5765 2584 5800 tmtmi
2610 5749 2729 5802 iota.

2037 5820 2060 5852 ⁸
2091 5821 2230 5874 Idem
2258 5823 2407 5889 cod.,
2435 5819 2557 5872 sale.

3041 5909 3116 5970 27
