3992 6344
410 321 513 377 843
542 340 545 343 '

1490 310 1783 369 FACUNDI
1824 311 2031 367 EPISC.
2071 308 2581 366 HERMIANENSIS

3603 310 3728 364 8H

412 438 518 491 Leo
545 434 779 505 quietem
808 446 915 486 non
947 426 1285 485 conturbavit
1314 425 1601 491 Ecclesiae,
1633 426 1755 496 quia
1784 440 1890 480 non
1912 440 2009 480 suo
2041 427 2086 486 Α
2114 424 2296 479 dinem
2342 438 2448 479 non
2497 421 2835 492 sequuntur?
2864 421 3030 476 Porro
3060 435 3182 477 cum
3210 422 3260 476 in
3289 422 3392 488 bis,
3434 437 3557 495 qua
3601 435 3727 478 tam

411 524 636 581 arbitrio
662 538 722 578 ac
754 529 1015 592 potestate
1053 520 1398 588 praesumpsit
1427 518 1684 573 doctrina:
1726 516 2007 571 dominicae

412 619 626 673 decreta
658 624 913 674 statuere,
950 624 1049 666 nec
1073 608 1357 679 quidquam
1382 607 1509 663 solis
1542 607 1804 662 creditum
1831 620 2009 661 sacer-

411 707 627 763 dotibus
662 702 965 772 usurpavit.
1001 700 1136 754 liinc
1164 698 1333 754 etiam
1360 712 1479 767 qua:
1520 697 1854 766 temporibus
1892 695 2009 765 ejus

412 799 625 854 delinita
649 803 789 860 sunt,
814 793 931 847 sine
957 791 1116 846 ullius
1139 788 1418 845 violentia
1443 787 1754 843 causatione
1776 786 2006 840 ﬁdenter

420 889 687 947 lttcreticis
737 893 1133 957 opponuntur:
1171 879 1425 953 quoniam
1477 878 1653 935 sciens
1702 877 1846 949 quod
1892 883 2012 946 post

415 983 701 1040 adventum
724 977 936 1036 Domini
959 976 1192 1048 gentiles
1217 983 1419 1029 tantum
1439 972 1707 1043 principes
1726 970 2009 1040 imperium

415 1077 574 1133 simul
597 1073 1067 1142 sacerdotiumque
1105 1079 1417 1136 tenuerunt,
1456 1066 1719 1138 judicavit
1766 1080 1873 1122 non
1913 1065 2007 1120 de-

418 1188 543 1229 cere
570 1162 863 1243 principem
891 1168 1255 1223 Cbristianum
1278 1163 1421 1237 quod
1444 1163 1544 1218 fuit
1570 1160 1857 1233 aliquando
1882 1175 2012 1232 gen-

420 1266 611 1320 tilium.
643 1261 796 1331 Quod
823 1261 866 1315 si
898 1259 1161 1315 dominari
1192 1266 1470 1327 appeteret
1511 1255 1636 1310 fidei
1662 1254 2007 1319 Christianae,

421 1353 563 1423 qttod
602 1368 701 1409 nec
746 1351 1036 1423 Apostolus
1067 1349 1349 1421 appetivit,
1381 1346 1469 1418 qui
1498 1346 1668 1402 dixit:
1703 1344 1824 1400 Non
1878 1345 2012 1398 enim

419 1447 744 1502 dominamur
774 1445 897 1514 ﬁdei
935 1452 1133 1511 vestra,
1182 1443 1269 1497 sed
1314 1442 1581 1513 adjutores
1620 1454 1795 1494 sumus
1838 1437 2012 1508 gaudii

419 1536 569 1592 vestri
597 1533 683 1606 (11
714 1533 833 1590 Cor.
868 1549 906 1600 ι,
938 1534 1055 1604 25),
1100 1533 1247 1603 prius
1289 1532 1404 1602 ipse
1453 1530 1593 1601 quod
1635 1529 1683 1585 ci
1734 1528 2012 1582 videbatur

420 1644 518 1699 pro
544 1626 693 1683 libito
723 1641 819 1681 suo
852 1625 1173 1690 decernens,
1205 1633 1390 1693 postea
1422 1634 1755 1691 supervacue
1789 1621 1854 1674 ad
1888 1618 2013 1673 sub-

423 1717 768 1774 scribendum
798 1712 997 1771 Cltristi
1023 1712 1334 1769 sacerdotes
1362 1712 1672 1779 adduceret,
1706 1719 1761 1767 et
1799 1718 2014 1780 cegerct

2112 517 2368 573 Marciani
2406 515 2663 586 principis
2706 529 2867 584 quam
2897 513 3094 569 Leonis
3139 516 3476 583 temporibus
3506 521 3731 571 consu-

2113 616 2223 661 tuta
2255 616 2400 675 sunt,
2439 606 2572 662 nihil
2608 606 2838 662 habeant
2877 604 3335 676 Semieutychiani
3383 606 3533 675 quod
3573 623 3728 677 queo

2112 708 2319 767 rantur,
2371 714 2467 753 cur
2525 697 2761 753 fautores
2790 710 2975 752 eorum
3019 712 3157 751 nova
3215 697 3606 753 retractatione
3663 700 3729 754 in

2114 795 2329 849 irritum
2359 807 2421 848 ea
2449 790 2718 847 deducere
2740 789 3061 844 voluerunt?
3092 788 3342 860 Nunquid
3379 791 3525 846 enim
3567 792 3729 847 Mar-

2110 885 2296 941 cianus
2324 898 2385 939 ac
2414 882 2524 939 Leo
2554 883 2622 938 ad
2658 882 3083 938 confirmandam
3116 882 3450 953 prtecvpitem
3494 894 3730 940 senten-

2114 980 2241 1034 tiam
2273 991 2425 1033 suam
2459 975 2686 1032 concilia
2716 975 3137 1046 congregabant,
3163 990 3485 1046 rursumque
3502 981 3728 1044 mutati,

2118 1084 2216 1139 pro
2246 1068 2329 1123 sui
2354 1066 2520 1123 animi
2549 1066 2961 1133 discursationc,
2994 1066 3255 1137 cogebant
3286 1066 3381 1121 Dei
3403 1069 3727 1126 sacerdotes

2122 1159 2346 1231 pristina
2379 1169 2588 1215 mutare
2617 1159 2858 1225 decreta,
2888 1159 3019 1213 utin
3054 1156 3341 1213 ludibrium
3371 1160 3635 1229 gravitas,
3665 1171 3725 1215 et

2116 1257 2167 1311 in
2200 1257 2500 1310 satietatem
2540 1253 2749 1309 veniret
2796 1252 3158 1321 exspectanda
3189 1261 3505 1308 reverenter
3556 1267 3723 1323 syno-

2114 1346 2249 1401 dalis
2271 1344 2602 1401 auctoritas?
2627 1342 2706 1397 ltli
2731 1356 3004 1412 nunquam
3029 1340 3484 1411 dispensationem
3510 1343 3726 1398 divino-

2118 1454 2234 1491 rum
2270 1444 2732 1491 sacramentorum
2762 1434 3016 1489 Ecclesite
3048 1434 3488 1503 prtedicatoribus
3534 1437 3727 1489 abstu-

2116 1532 2314 1585 lerunt.
2350 1528 2612 1595 Quoniam
2642 1526 2885 1582 st-iebattt
2915 1526 3076 1596 quod,
3105 1528 3244 1580 sicut
3272 1527 3322 1580 in
3351 1527 3729 1583 adtnonitiom

2119 1640 2304 1692 regum
2326 1637 2420 1692 per
2434 1620 2780 1677 Salomoncm
2799 1619 3052 1673 Dominus
3066 1619 3196 1671 dixit
3214 1636 3225 1671 :
3245 1617 3503 1671 Παιονίη
3521 1626 3567 1672 te
3581 1620 3728 1672 insti-

2116 1723 2322 1769 tuerunt
2343 1716 2365 1768 ?
2387 1730 2448 1767 ne
2478 1713 2774 1767 extollaris:
2804 1710 2925 1764 Esto
2944 1712 2993 1763 in
3011 1711 3135 1773 illis,
3154 1711 3300 1777 quasi
3325 1724 3457 1763 unus
3481 1711 3693 1775 ειὶρεὶε
3709 1752 3725 1775 ,

424 1808 510 1863 his
537 1821 657 1878 quae
694 1806 809 1877 ipse
860 1806 1208 1860 θάῐηγεηρτίιι
1255 1820 1444 1860 manus
1482 1804 1806 1859 assenlm‘ias
1857 1802 2005 1856 άπε-
2042 1804 2088 1863 Β
2115 1824 2291 1861 curam
2323 1804 2533 1860 illorum
2564 1804 2767 1870 adhibe,
2800 1812 2846 1856 et
2867 1804 2941 1857 sic
2971 1800 3522 1871 considera"(Ere!i.
3554 1817 3729 1865 XX!II,

425 1898 527 1963 Qui
556 1897 601 1951 si
628 1909 690 1951 ea
714 1905 965 1965 tanquam
990 1892 1201 1948 concilii
1249 1894 1463 1948 decreta
1505 1891 1862 1960 susciperent,
1895 1906 2013 1960 qua:

427 1989 583 2043 unius
634 1988 756 2043 laici
816 1996 997 2043 essent
1049 1987 1344 2055 composita
1397 1985 1693 2051 voluntate,
1754 1992 2014 2037 statueret

429 2082 611 2136 omnia
642 2081 726 2135 cui
758 2079 826 2134 de
857 2078 1053 2133 talibus
1079 2076 1256 2133 causis
1285 2077 1531 2148 judicare
1569 2090 1673 2130 non
1720 2075 1974 2145 competit
1998 2084 2034 2139 ;‘

433 2175 511 2251 illi
552 2186 679 2227 vero
708 2171 841 2225 nihil
871 2171 1226 2227 decernerent
1255 2169 1445 2237 quibus
1472 2166 1729 2236 competit
1750 2166 2014 2236 judicare.

430 2266 635 2321 Memor
681 2265 842 2321 etiam
895 2260 1182 2333 praedictus
1228 2260 1523 2330 Augustus,
1568 2257 1711 2329 quod
1754 2271 2016 2327 nusquam

435 2370 677 2416 coactum
708 2358 999 2414 concilium
1044 2355 1147 2411 nisi
1198 2354 1413 2408 falsitati
1452 2352 1833 2421 subscripsit‘,
1882 2351 2022 2407 sicut

427 2453 478 2506 in
531 2452 768 2505 Arimino
812 2448 1007 2503 factum
1052 2456 1135 2502 est
1174 2444 1494 2501 Constantio
1540 2443 1919 2514 compellente,
1967 2452 2021 2498 et

428 2541 567 2612 apud
604 2539 874 2609 Ephesum
920 2537 1262 2609 opprimente
1316 2538 1602 2602 Dioscoro,
1653 2535 2019 2591 conﬁrmatio—

429 2650 550 2689 nem
583 2634 703 2688 lidei
745 2632 1086 2689 sacerdotum
1135 2630 1338 2686 dimisit
1387 2630 1648 2697 examini,
1695 2644 1927 2699 quorum
1968 2639 2024 2685 et

429 2710 713 2782 Commissa
744 2733 825 2780 est
856 2723 1107 2793 potestati
1135 2741 1147 2775 :
1190 2738 1309 2793 qua:
1343 2734 1470 2777 tunc
1498 2737 1624 2776 vere
1659 2721 1797 2777 faeta
1841 2721 2021 2776 credi-

429 2826 537 2886 tur,
565 2818 609 2872 si
640 2831 743 2871 non
777 2815 1049 2871 surcularis
1080 2813 1365 2885 potestatis
1393 2813 1672 2867 sententia:
1710 2812 2023 2867 subscriba-

430 2920 535 2964 tur.
574 2907 732 2963 Aliud
761 2914 847 2962 est
871 2906 1038 2973 enim,
1070 2921 1190 2961 cum
1241 2907 1293 2961 in
1344 2906 1572 2959 concilio
1606 2905 1780 2959 locum
1829 2904 2023 2974 judicis

431 3003 568 3056 inter
595 3000 728 3055 alios
754 2999 1036 3068 episcOpos
1059 2999 1282 3067 quisque
1311 3005 1520 3064 tenens,
1547 2996 1686 3066 quod
1712 2996 1876 3052 sentit
1900 2996 2025 3049 sub-

433 3097 722 3164 scriptione
775 3093 1055 3163 designat;
1098 3091 1244 3146 aliud
1291 3100 1493 3151 autem,
1522 3106 1643 3145 cum
1689 3092 1826 3143 sient
1876 3090 2027 3143 testis

2123 1901 2174 1966 Ι,
2198 1897 2257 1968 9.)
2285 1915 2297 1950 :
2327 1899 2403 1951 sic
2428 1895 2645 1967 proprie
2672 1897 2739 1949 de
2768 1895 3117 1964 prmdicatore
3146 1893 3311 1948 divini
3352 1893 3501 1948 verbi
3534 1909 3728 1947 rursus

2128 1988 2268 2043 idem
2290 1987 2546 2041 Dominus
2570 1988 2619 2040 in
2643 1986 3080 2054 Evangeliodixit
3107 2002 3119 2038 :
3147 1984 3271 2052 Quis
3300 1996 3448 2055 putas
3472 1998 3541 2038 est
3559 1987 3732 2044 ﬁdelis

2121 2080 2441 2149 dispensator
2465 2088 2514 2131 et
2537 2078 2783 2145 prudens,
2817 2093 2965 2140 quem
2996 2077 3254 2130 constituit
3291 2076 3545 2130 Dominus
3573 2095 3733 2146 super

2122 2171 2379 2243 familiam
2399 2187 2566 2239 suam,
2593 2178 2645 2222 ut
2664 2170 2746 2223 det
2769 2169 2871 2223 illis
2894 2170 2945 2223 in
2973 2183 3197 2239 tempore
3218 2170 3371 2223 tritici
3397 2171 3732 2224 mensuram?

2121 2264 2312 2319 Beatus
2342 2265 2427 2317 ille
2448 2280 2622 2317 servus
2646 2279 2793 2329 quem
2817 2278 2929 2314 runt
2966 2262 3152 2317 venerit
3180 2260 3451 2328 Dominus,
3476 2261 3734 2317 inveneris

2122 2358 2195 2409 ita
2242 2354 2513 2425 facientem
2563 2354 2715 2425 (an.
2762 2369 2853 2420 xu,
2888 2352 2979 2417 4‘2,
3013 2349 3127 2423 45).
3161 2352 3292 2420 Qum
3336 2353 3499 2408 verba
3551 2355 3734 2409 Evan-

2127 2449 2253 2519 gelii
2282 2448 2553 2519 quomodo
2577 2448 2860 2517 religiosos
2906 2459 2958 2502 et
3001 2449 3272 2514 sapientes
3321 2448 3593 2518 principes
3620 2466 3734 2501 non

2129 2548 2432 2608 moverent,
2478 2555 2545 2594 ne
2594 2555 2652 2595 se
2703 2540 2833 2594 tanti
2883 2539 3080 2609 negetii
3126 2541 3379 2608 periculis
3432 2540 3734 2595 insolenter

2127 2635 2469 2703 ingererent?
2501 2634 2734 2688 Primum
2766 2635 2904 2702 quod
2941 2636 3038 2688 iste
3070 2650 3259 2687 servus
3311 2651 3417 2688 non
3448 2647 3728 2705 erogator,

2127 2728 2220 2781 Sed
2262 2728 2604 2795 dispensator
2649 2726 2846 2782 dicitur
2885 2742 2912 2781 a
2956 2727 3183 2781 Domino
3228 2728 3555 2783 constitutus
3596 2728 3735 2782 :cui

2129 2819 2536 2889 vigilantissima
2574 2819 2901 2874 discretione
2937 2834 3069 2887 Opus
3100 2828 3183 2871 est
3226 2829 3282 2872 ut
3328 2820 3548 2872 unicum
3574 2818 3594 2847 ⁸
3626 2819 3735 2873 sibi

2133 2913 2375 2967 officium
2413 2909 2766 2979 probabiliter
2805 2912 2972 2979 possit
3015 2909 3259 2979 implere.
3318 2908 3441 2964 Ideo
3473 2923 3579 2961 non
3612 2919 3739 2961 tau-

2136 3015 2244 3060 tum
2278 3003 2474 3069 ﬁdelis,
2511 3019 2692 3058 verum
2723 3002 2882 3057 etiam
2923 3004 3156 3071 prudens
3191 3019 3216 3051 a
3254 3001 3481 3055 Domino
3529 2998 3737 3069 quati-

2136 3108 2221 3151 tur
2256 3115 2268 3149 :
2304 3096 2394 3167 qui
2440 3113 2544 3150 non
2590 3097 2871 3166 aequaliter
2919 3096 3133 3147 familia:
3180 3094 3281 3148 sibi
3321 3095 3582 3159 credita),
3630 3108 3738 3149 nee

433 3189 736 3250 adducitur,
762 3194 816 3242 et
843 3184 984 3255 quod
1004 3191 1088 3240 est
1118 3183 1377 3249 deterius,
1415 3183 1604 3238 nolens
1633 3182 1828 3252 placito
1851 3182 2024 3237 alieno

2136 3190 2325 3245 eodem
2386 3189 2545 3243 modo
2600 3200 2816 3257 eroget;
2868 3188 2961 3241 sed
3011 3188 3281 3251 omnibus,
3335 3203 3430 3255 pro
3470 3187 3738 3254 cujusque

436 3279 749 3335 subscribit.
784 3276 938 3333 Unde
970 3278 1093 3331 licet
1123 3274 1317 3329 falsum
1341 3290 1538 3329 nomen
1570 3274 1905 3345 synodalium
1935 3273 2027 3327 de-

434 3378 702 3425 cretorum
733 3366 1032 3436 hujusmodi
1064 3366 1346 3435 scriptura:
1370 3365 1678 3434 prmfcrant,
1706 3364 1769 3418 ad
1812 3364 1913 3417 hoc
1944 3374 2026 3416 ta-

436 3477 557 3518 men
586 3459 890 3527 prollciunt,
926 3466 982 3513 ut
1017 3458 1305 3515 ostendant
1329 3458 1518 3527 quales
1546 3471 1721 3511 causae
1755 3456 1865 3510 sint
1908 3455 2027 3525 qni-

436 3554 534 3610 bus
563 3552 667 3608 nisi
689 3551 1001 3621 compulsus
1027 3564 1186 3605 nemo
1217 3549 1564 3616 subscripsit:
1598 3550 1719 3618 qual
1760 3564 1785 3602 s
1819 3548 1892 3601 illi
1939 3549 2024 3615 qui

435 3645 774 3702 subscribere
827 3646 1236 3713 compulerunt,
1287 3652 1339 3696 ct
1394 3641 1584 3711 quales
1639 3641 1724 3707 qui
1780 3640 2026 3693 humana:

437 3735 843 3805 praesumptioni
879 3742 1180 3790 cesserunt.
1227 3732 1340 3787 lloe
1369 3747 1577 3802 quoque
1626 3748 1728 3786 non
1782 3732 2028 3787 llt'SClellS

438 3830 580 3887 idem
608 3827 1044 3899 religiosissimus
1065 3826 1376 3895 imperator,
1401 3825 1539 3893 quod
1562 3826 1712 3894 pauci
1744 3825 2029 3878 admodum

440 3922 669 3986 ratione,
703 3921 853 3975 multi
884 3934 1016 3974 vero
1049 3918 1370 3974 auctoritate
1399 3917 1697 3982 ducantur,
1731 3932 1835 3969 non
1859 3917 2031 3969 solum

441 4028 547 4068 non
573 4024 915 4082 extorquete,
943 4008 1039 4064 sed
1074 4024 1171 4063 nec
1204 4009 1399 4076 prmire
1434 4007 1659 4061 tentavit
1704 4007 2033 4061 sententiam

441 4107 782 4160 sacerdotum
810 4120 825 4168 ',
852 4111 911 4156 ut
937 4102 1061 4155 dum
1096 4101 1147 4153 in
1175 4115 1334 4155 causa
1356 4143 1369 4168 ,
1402 4099 1528 4153 licet
1570 4099 1678 4167 jatn
1717 4099 1931 4152 decreta
1982 4108 2037 4154 et

445 4196 755 4261 manifesta,
787 4209 972 4248 eorum
1003 4194 1172 4262 magis
1204 4193 1346 4261 eligit
1392 4201 1707 4259 exspectare
1749 4190 2034 4259 judicium,

445 4287 596 4343 omni
629 4286 846 4356 populo,
878 4293 1133 4355 quantam
1175 4285 1531 4340 reverentiam
1582 4282 1899 4336 sacerdotali
1946 4297 2036 4336 au-

445 4379 679 4435 ctoritati
708 4362 918 4432 deferre
948 4376 1157 4441 debeat,
1194 4376 1309 4445 ipsa
1335 4390 1429 4428 sua
1456 4376 1854 4443 exspectatione
1883 4390 2035 4428 mon-

445 4482 597 4529 stret.
627 4470 779 4538 Quod
831 4469 877 4525 si
921 4473 1065 4538 prior
1099 4469 1197 4522 hoc
1230 4467 1369 4536 quod
1417 4483 1626 4536 {equum
1671 4477 1784 4522 erat
1841 4466 2041 4522 consti-

2131 3291 2291 3351 captu
2326 3291 2379 3335 et
2417 3282 2601 3336 habitu
2658 3281 2852 3336 mentis
2895 3280 3215 3334 dominicam
3262 3281 3540 3333 moderate
3570 3288 3738 3347 atque

2134 3371 2514 3428 convenienter
2570 3371 2845 3441 dispenset
2888 3386 3181 3425 alumnam.
3237 3371 3437 3424 Deinde
3479 3369 3622 3439 quod
3674 3373 3736 3426 in

2136 3476 2374 3533 tempore
2411 3464 2730 3518 admonetur
2785 3463 2943 3516 tritici
2998 3463 3124 3516 dare
3182 3477 3509 3516 mensuram.
3577 3462 3742 3529 δῶρα

2135 3560 2276 3612 enim
2308 3570 2426 3626 quae
2458 3565 2756 3625 appottune
2798 3554 2999 3623 prolatu
3032 3553 3263 3607 salubria
3311 3554 3507 3617 forent,
3544 3552 3741 3606 iocou-

2136 3664 2270 3720 gruo
2299 3658 2539 3717 tempore
2571 3655 2888 3701 nocuerunt.
2938 3646 3073 3715 Ergo
3117 3655 3173 3700 et
3216 3642 3587 3714 opportunitas
3630 3647 3742 3697 οἱ.-

2135 3743 2395 3797 servanda
2426 3751 2531 3806 est,
2565 3751 2621 3794 ut
2652 3740 2703 3794 in
2734 3751 2973 3808 tempore
3020 3739 3175 3794 tritici
3219 3753 3485 3793 mensura
3518 3738 3742 3795 familiae

2136 3835 2492 3904 diSpensetur.
2533 3832 2589 3887 Si
2642 3833 2761 3900 quis
2807 3832 2963 3901 igitur
2995 3832 3183 3885 horum
3231 3831 3592 3900 periculorum
3640 3846 3741 3884 ne—

2137 3929 2304 3991 scius,
2331 3942 2451 3982 cum
2484 3927 2652 3981 videri
2678 3926 2867 3982 doctus
2894 3926 3116 3994 appetit,
3149 3925 3457 3993 importune
3491 3938 3555 3977 ac
3587 3924 3743 3978 nulla

2140 4018 2369 4073 utilitate
2412 4015 2704 4080 suadente,
2748 4015 3060 4085 Spontaneis
3115 4014 3504 4084 quaestionibus
3551 4012 3742 4067 Eccle~

2140 4111 2274 4164 siam
2306 4109 2510 4177 turbat,
2542 4109 2627 4162 bic
2674 4124 2778 4161 non
2812 4108 3150 4176 dispensator
3179 4106 3392 4161 familia
3423 4105 3745 4177 dominicae,

2140 4204 2233 4258 sed
2286 4202 2573 4272 dissipator
2618 4211 2698 4258 est
2745 4210 2799 4257 ct
2846 4202 3225 4273 mysteriorum
3283 4201 3377 4256 Dei
3438 4200 3743 4269 dispersor.

2142 4294 2297 4363 Quod
2324 4294 2396 4349 illi
2437 4294 2709 4363 principes
2739 4307 2860 4349 esse
2903 4294 3226 4358 timuerunt;
3276 4301 3328 4347 et
3375 4292 3598 4359 idcirco,
3631 4306 3743 4346 non

2145 4395 2366 4452 tantum
2409 4384 2533 4455 quia
2574 4385 2714 4439 vires
2770 4399 2959 4439 eorum
3009 4384 3297 4453 superabat
3345 4384 3474 4437 tanti
3537 4383 3741 4452 negotii

2148 4476 2478 4548 magnitudo,
2510 4491 2694 4530 verum
2737 4478 2896 4529 etiam
2926 4474 3050 4545 quia
3097 4491 3202 4529 non
3242 4486 3583 4543 acceperant,
3633 4490 3745 4530 non

451 4576 600 4619 tuere
622 4566 802 4625 vellet,
827 4573 877 4616 ct
902 4572 1083 4632 postea
1108 4574 1352 4629 quaerere
1378 4560 1751 4627 episcoporum
1776 4561 2024 4612 sententi:

2150 4571 2249 4626 sibi
2309 4579 2714 4640 assumpserunt
2783 4568 2940 4637 liujus
2997 4568 3412 4636 dispensationis
3475 4567 3742 4621 ofﬁcium.

448 4658 588 4727 quod
616 4656 972 4711 constituerat
1018 4651 1287 4714 roborari,
1322 4652 1563 4721 quamvis
1589 4651 1787 4719 justum
1832 4650 2043 4718 religio-

451 4764 674 4815 sumquc
703 4749 1002 4809 decretum,
1053 4744 1239 4798 multis
1288 4752 1464 4797 tatnen
1519 4744 1717 4797 faceret
1763 4744 1849 4795 tali
1903 4756 2039 4811 prte-

450 4841 758 4910 sumptione
787 4850 1116 4908 suspectum.
1146 4837 1450 4906 l’romptius
1474 4837 1615 4890 enim
1645 4836 1958 4890 crederetur
1978 4835 2043 4888 ab

450 4938 529 4990 eis
562 4934 652 5003 qui
686 4934 861 4987 minus
892 4945 1118 5001 capaces
1145 4940 1271 4986 sunt
1299 4930 1522 4985 rationis
1571 4928 1708 4997 quod
1744 4944 1846 4982 non
1903 4925 2043 4982 veri-

453 5027 546 5081 tati
577 5025 907 5080 obedissent.
932 5024 987 5079 Si
1019 5024 1106 5094 qui
1135 5026 1277 5077 enim
1300 5023 1319 5053 ‘
1351 5022 1570 5077 decreto
1599 5021 2043 5087 subscripsisscnt

453 5120 715 5191 episcopi,
758 5119 850 5173 sed
885 5118 1060 5184 potius
1109 5115 1393 5186 temporali
1435 5113 1740 5167 timuissent
1791 5114 2044 5166 resistere

456 5218 734 5286 potestati,
783 5224 944 5281 atque
974 5213 1041 5264 ita
1073 5212 1217 5266 veris
1246 5211 1407 5266 rebus
1431 5225 1549 5279 qua:
1583 5208 1760 5264 multis
1793 5218 1871 5263 est
1902 5208 2045 5262 utilis

454 5310 806 5376 abrogaretur
831 5306 1142 5358 auctoritas.
1176 5302 1242 5357 Et
1278 5304 1395 5372 quis
1430 5302 1699 5368 explicare
1731 5309 1907 5369 potest
1929 5318 2046 5368 qua:

455 5403 592 5457 mala
626 5409 1023 5471 consequentur
1060 5411 1153 5454 eos
1185 5396 1273 5468 qui
1320 5397 1515 5451 divina:
1557 5395 1927 5463 disgtositionis
1961 5409 2047 5449 0r-

456 5627 463 5634 -
528 5602 553 5627 ⁶
583 5592 808 5656 κάθισον,
842 5590 1062 5656 con/ide,

531 5770 546 5798 ί
573 5766 706 5821 Cod.
740 5768 958 5825 νει-οη..
992 5765 1344 5838 subscripsi-it

530 5840 551 5870 ⁸
583 5840 723 5893 idem
756 5838 899 5903 cud.,
928 5838 1056 5906 ejus.

2148 4662 2300 4718 Unde
2350 4662 2482 4716 nihil
2524 4670 2607 4716 est
2651 4678 2816 4731 quate
2866 4661 3114 4715 dicantur
3162 4659 3371 4714 iuiirma
3419 4660 3500 4715 vel
3562 4660 3745 4714 minus

2149 4753 2339 4808 idonea
2370 4766 2490 4822 qum
2518 4763 2701 4808 contra
2737 4754 3017 4808 bmreticos
3042 4768 3229 4807 eorum
3260 4762 3385 4807 sunt
3413 4752 3745 4822 temporibus

2148 4845 2470 4909 constituta;
2504 4846 2758 4914 quoniam
2786 4854 2931 4902 extra
2961 4844 3222 4914 judicmm
3251 4854 3411 4914 atque
3450 4846 3743 4899 auctorita-

2151 4945 2262 4991 tem
2309 4936 2651 4991 sacerdotum
2682 4944 2830 5006 gesta
2868 4945 3032 5003 sunt,
3077 4950 3302 5004 quorum
3336 4935 3663 4990 sententiam
3692 4944 3747 4988 et

2158 5028 2260 5097 ipsi
2307 5027 2577 5099 principes
2616 5027 3003 5096 sequebantur,
3054 5041 3161 5079 non
3203 5026 3549 5079 immemores
3599 5024 3746 5094 q-tod

2155 5121 2607 5192 quemadmodum
2652 5121 2842 5175 Petrus
2884 5119 3159 5186 apostolus
3201 5118 3386 5171 dicens
3424 5133 3436 5169 :
3490 5115 3749 5170 Deumti-

2132 5222 2306 5278 met-z,
2340 5228 2508 5283 regem
2544 5211 2879 5276 honori/irate
2920 5208 2969 5279 (Ι
3006 5208 3147 5261 l’etr.
3176 5222 3229 5270 ιι,
3273 5208 3383 5275 Π),
3440 5222 3545 5260 non
3598 5205 3749 5258 laici:

2159 5315 2387 5369 tantutn,
2447 5302 2540 5358 sed
2576 5302 2706 5371 ipsis
2736 5317 2949 5371 quoque
2991 5299 3362 5354 sacerdotibus
3404 5297 3749 5353 cotmnentlrt

2162 5395 2435 5466 principes
2497 5395 2805 5459 honorare;
2861 5395 2939 5447 sic
2994 5392 3153 5448 etiam
3203 5406 3327 5446 cum
3383 5388 3580 5446 Paulus
3630 5386 3751 5458 ejus

2233 5758 2251 5791 ⁸
2287 5758 2427 5808 idem
2457 5755 2600 5821 cod.,
2637 5754 2856 5819 conﬁde.

2238 5830 2258 5861 ⁵
2286 5830 2423 5882 idem
2452 5827 2600 5892 cod.,
2631 5826 2938 5893 injunctttm.
