3978 6350
172 358 278 415 8ιὸ

1054 371 1191 427 PRO
1233 369 1662 427 DEFENSIONE
1701 369 1910 425 TRiUll
1952 369 2269 427 CAPITUL.
2314 371 2444 427 LIB.
2478 372 2591 427 XII.

3338 369 3440 430 84;}

172 484 520 555 (:oapostolus
571 484 889 542 Christianis
945 490 1199 547 omnibus
1267 491 1464 562 legitur
1531 492 1753 546 dicens:
1785 494 1838 551 Α
1865 499 1988 544 runt
2015 489 2336 545 orthodoxi?
2364 506 2431 545 an
2462 490 2728 546 habebant
2758 491 2974 562 quidem
3018 492 3252 549 divinam
3298 508 3449 549 coun-

170 577 385 633 l)lrcditc
407 577 696 648 prwpositis
716 578 917 646 uestris,
944 590 991 633 et
1025 582 1284 652 subjacete
1313 587 1419 647 eis;
1464 581 1489 634 Ι
1497 582 1575 651 psi
1627 583 1759 635 enim

170 668 479 740 pervigilant
517 669 666 739 quasi
714 672 968 727 rationem
1010 674 1262 727 reddituri
1320 690 1414 742 pro
1485 676 1758 726 animabus

168 758 383 826 vestris;
410 770 466 814 ut
490 776 603 813 cum
630 763 821 828 gaudia
851 763 945 815 hoc
976 764 1192 831 ludant,
1225 779 1327 817 non
1350 774 1600 834 gementes
1624 778 1641 815 :
1667 764 1760 817 hoc

166 852 304 907 enim
337 870 437 905 non
466 854 670 917 expedit
707 854 844 908 vobis
873 854 1065 923 (Hebr.
1104 870 1225 919 xm,
1263 854 1373 925 17),
1402 872 1505 910 non
1555 865 1758 910 tantum

171 944 400 1013 plebeia:
429 939 780 1011 multitudini,
803 944 1116 1013 nequesolis
1140 938 1473 1013 proceribus,
1504 948 1598 1002 sed
1630 948 1761 1014 ipsis

168 1050 384 1102 quoque
414 1036 630 1103 regibus
651 1034 1003 1089 «laritandatur
1027 1043 1083 1089 ut
1105 1034 1361 1092 obediant
1377 1045 1432 1091 et
1451 1037 1763 1107 subjaceant

166 1129 480 1201 praepositis
510 1128 764 1185 Ecclesia:
793 1126 1018 1193 Christi,
1051 1143 1283 1199 suasque
1328 1130 1538 1185 animas
1583 1144 1763 1187 sacer—

170 1222 357 1273 dotmu
392 1221 584 1275 rationi
616 1221 936 1285 commissas
967 1221 1285 1291 intelligant,
1318 1223 1364 1279 si
1396 1239 1501 1278 non
1534 1224 1763 1279 inaniter

168 1316 467 1383 iunguntur
499 1314 715 1369 nomine
744 1312 1072 1369 Christiano.
1108 1314 1335 1384 Ideoque
1363 1316 1635 1372 neminem
1679 1333 1766 1370 sa-

164 1406 450 1462 ncrdotum
497 1406 831 1472 premebant,
877 1414 934 1459 ut
964 1421 1084 1461 cum
1125 1408 1321 1476 gaudio
1356 1408 1600 1463 iacerent
1642 1423 1764 1461 oru-

171 1498 282 1561 nia,
303 1507 356 1551 et
380 1512 485 1552 non
513 1505 812 1567 gementes,
840 1499 1097 1567 quoniam
1126 1502 1228 1555 hoc
1255 1499 1356 1553 sibi
1381 1516 1485 1554 non
1511 1501 1764 1567 expedire

168 1590 429 1659 Apostolo
482 1590 808 1645 admonente
857 1590 1167 1649 credebant.
1206 1589 1334 1647 lmle
1366 1602 1446 1646 est
1478 1594 1621 1662 quod
1671 1607 1765 1646 eo-

167 1681 416 1739 t‘umdetn
457 1682 797 1736 sacerdotum
830 1681 1061 1736 decretis
1092 1681 1251 1737 modo
1294 1692 1612 1751 premuntur
1657 1682 1764 1737 ha:-

167 1773 345 1840 retici,
377 1773 501 1843 quia
527 1774 627 1842 ipsi
657 1789 687 1827 a
708 1773 905 1843 quibus
935 1773 1226 1830 constituta
1279 1786 1402 1831 sunt
1449 1791 1554 1828 non
1595 1774 1764 1827 οπο...

161 1868 367 1924 duntur
390 1870 408 1902 ⁸
430 1869 698 1940 oppressi.

790 1977 1018 2041 CAPUT
1062 1980 1149 2034 IV.

168 2095 326 2168 Quod
375 2094 822 2168 Zeuoiutperator
866 2099 929 2147 de
970 2096 1118 2149 rebus
1160 2096 1282 2161 ﬁdei
1320 2097 1594 2149 decernere
1634 2112 1767 2163 pric-

247 2184 468 2230 smnens,
527 2166 802 2225 [Ecclesium
836 2168 1077 2220 diuturno
1106 2177 1150 2219 ct
1179 2169 1318 2237 gravi
1346 2168 1624 2222 schismate
1659 2179 1767 2220 tur-

252 2242 385 2291 barit
396 2280 409 2291 .

251 2330 322 2384 Ea
356 2344 485 2384 vero
523 2344 646 2398 qua:
679 2339 860 2399 postea
888 2328 1034 2384 Zeno
1067 2328 1154 2395 im;
1175 2338 1417 2394 crator‘,
1451 2332 1652 2383 calcata
1684 2346 1767 2385 τοο

172 2426 411 2481 verentia
443 2423 652 2479 ordinis
682 2424 798 2487 Del,
840 2438 936 2491 pro
978 2437 1078 2481 suo
1116 2422 1340 2476 arbitrio
1386 2436 1449 2476 ac
1501 2431 1765 2490 potestate

173 2516 434 2580 decrevit,
466 2516 587 2585 quis
614 2514 879 2584 accipiat?
911 2514 1042 2585 Quis
1069 2513 1312 2569 attendat
1345 2515 1397 2569 in
1440 2514 1635 2583 quibus
1672 2529 1766 2585 po-

174 2619 337 2667 testas
386 2606 781 2663 inconsiderata
820 2622 926 2659 non
970 2605 1110 2678 quod
1164 2606 1469 2674 expediret,
1515 2607 1611 2660 sed
1663 2604 1766 2660 sibi

172 2705 380 2767 liceret,
413 2701 675 2767 attendit,
715 2714 814 2754 nec
860 2700 1122 2757 intellexit
1162 2700 1306 2770 quod
1359 2713 1466 2755 non
1521 2698 1767 2755 conlusio

173 2795 336 2849 liiciat
384 2793 676 2848 unitatem?
723 2791 855 2847 Nam
906 2792 949 2845 si
1004 2792 1178 2846 unitas
1225 2806 1329 2846 non
1387 2791 1766 2851 hccrcticorunt

174 2886 551 2949 conversione,
576 2882 669 2937 sed
700 2883 949 2951 contagio
989 2891 1042 2936 et
1086 2881 1471 2937 commistiote
1525 2881 1765 2936 iacienda

173 2983 281 3036 est,
312 2989 409 3032 cur
436 2976 691 3045 Acephali
724 2985 954 3042 tantum,
1004 2984 1060 3030 et
1111 2992 1217 3029 non
1264 2990 1454 3035 omnes
1504 2974 1764 3041 haeretici,

174 3066 590 3127 admitterentur
616 3067 666 3119 iu
699 3065 995 3122 Ecclesium
1026 3067 1139 3120 suis
1159 3066 1437 3121 erroribus
1459 3067 1479 3098 ³
1510 3083 1614 3123 non
1643 3074 1767 3121 ante

174 3158 462 3223 damnatis,
486 3172 661 3228 neque
683 3157 910 3228 receptis
941 3156 1339 3215 deﬁnitionibus
1366 3172 1485 3227 qua:
1512 3158 1768 3213 adversus

1864 582 2301 649 inculcatiouem,
2324 583 2417 638 sed
2445 599 2602 639 unam
2622 599 2742 638 cum
2768 584 3005 641 Ecclesia
3031 601 3135 641 non
3157 586 3451 649 habebant!

1863 673 2077 742 Ergone
2108 683 2333 742 possunt
2360 674 2477 728 dua:
2522 674 2719 729 divinae
2765 675 3278 731 communicationes
3326 690 3450 739 esse

1864 765 2249 819 dissentientes
2284 765 2351 819 ad
2392 765 2621 819 invicem
2660 766 2867 833 sibique
2913 768 3236 821 contrariae?
3263 769 3371 823 Sed
3402 770 3447 821 si

1866 872 2003 911 unus
2033 868 2116 911 est
2145 857 2284 911 Deus
2314 856 2549 910 Zenonis
2568 854 2608 921 ⁸,
2638 868 2737 909 una
2768 864 2850 909 est
2878 864 2931 911 et
2949 857 3127 909 divina
3155 858 3450 913 communi-

1864 949 2023 1003 catio.
2047 948 2197 1014 Quod
2224 949 2266 1002 si
2289 948 2411 1002 dum
2437 958 2489 1001 et
2517 963 2547 1000 a
2578 963 2637 1002 se
2666 948 3048 1003 dissentientes
3080 949 3269 1005 divinat
3292 964 3448 1006 com.-

1866 1040 2254 1094 mnnicationes
2282 1039 2552 1102 dicuntur,
2573 1039 2914 1109 censequitur
2940 1046 3118 1093 utnon
3143 1039 3318 1095 solum
3342 1039 3451 1096 duo

1866 1148 1988 1190 8:58
2009 1134 2103 1199 dii,
2121 1134 2215 1191 sed
2245 1134 2312 1185 ab
2339 1132 2565 1186 invicem
2587 1146 2799 1201 quoque
2825 1131 3114 1187 dissentire
3138 1134 3449 1188 credantur.

1868 1223 1935 1276 Et
1961 1225 2085 1293 quid
2120 1223 2244 1277 mali
2276 1239 2379 1277 non
2406 1222 2432 1260 δ
2464 1226 2736 1291 Angustus
2770 1224 2938 1292 prima
2965 1232 3205 1292 potestas
3244 1224 3450 1290 saeculi,

1866 1330 1989 1373 cum
2019 1324 2071 1370 te
2100 1330 2203 1369 non
2226 1318 2468 1384 cogitans
2496 1315 2695 1369 divinae
2724 1315 2995 1369 subditam
3026 1316 3301 1383 potestati,
3348 1325 3453 1369 ter,-

1868 1408 2041 1462 minos
2071 1406 2172 1461 tibi
2191 1408 2436 1474 prazlixos
2459 1405 2792 1460 excesseris?
2811 1404 3151 1461 Orthodoxos
3172 1408 3451 1475 appellans

1867 1502 1935 1557 ab
1988 1499 2224 1555 Ecclesia
2277 1500 2369 1554 Dei
2429 1500 2837 1565 dissentientes,
2880 1510 2939 1555 et
2989 1500 3211 1555 alterius
3258 1499 3452 1555 divinas

1868 1596 2368 1651 corrununicationis
2406 1594 2544 1647 dicis
2579 1608 2699 1648 esse
2743 1594 3055 1661 participes.
3085 1594 3215 1659 Quae
3262 1593 3307 1648 si
3353 1596 3452 1648 hoc

1871 1688 2066 1753 ipsum,
2099 1688 2241 1757 quod
2275 1688 2367 1749 tibi
2417 1688 2594 1750 omnia
2642 1687 2832 1753 licent,
2863 1688 3133 1742 caminum
3175 1700 3299 1742 esse
3351 1696 3454 1743 tuas

1871 1778 2202 1846 probationis
2239 1778 2587 1847 intelligeres,
2639 1780 2802 1832 etiam
2858 1777 3025 1845 ipsius
3057 1792 3311 1847 purpuras
3346 1794 3455 1846 qua

1802 1882 1845 1939 Β
1874 1872 2084 1929 vestiris
2113 1870 2317 1938 specie,
2344 1872 2392 1924 id
2422 1880 2503 1923 est
2528 1868 2713 1929 colore
2740 1882 2956 1938 semper
2980 1868 3279 1931 admonita,
3306 1868 3455 1929 velut

1868 1963 1923 2015 in
1956 1962 2136 2021 medio
2166 1962 2398 2015 Daunum
2447 1972 2496 2014 te
2533 1960 2787 2017 crederes
2836 1960 3205 2015 constitutam.
3258 1960 3454 2017 lterum

1870 2068 2000 2108 vero
2039 2053 2169 2109 dicit
2205 2070 2220 2107 :
2267 2072 2287 2107 ι
2321 2052 2517 2110 Sancta
2558 2053 2704 2108 enim
2751 2062 2925 2107 mater
2971 2062 3157 2107 nostra
3210 2052 3455 2107 Ecclesia

1870 2146 2009 2200 sicut
2032 2145 2281 2216 proprios
2303 2146 2447 2203 ﬁlios
2470 2162 2564 2206 vos
2590 2147 2833 2218 suscipit,
2885 2148 3271 2217 amplectimini
3307 2163 3448 2211 eaut.

1872 2237 2153 2299 Desiderat
2175 2238 2321 2299 enim
2347 2251 2463 2307 post
2494 2238 2711 2308 longum
2745 2249 2951 2308 tempus
2977 2239 3189 2294 dulcem
3218 2249 3455 2296 vestram

1871 2343 2056 2383 vocem
2087 2329 2293 2387 audire.
2326 2329 2559 2397 Adjicitc
2602 2344 2697 2385 vos
2722 2345 2865 2400 ergo
2906 2330 3004 2384 illi.
3043 2350 3064 2383 ι
3114 2330 3233 2397 Quo
3280 2330 3455 2386 [ructu

1870 2438 2002 2495 rogo
2030 2423 2425 2493 amplectantur
2457 2422 2793 2479 Ecclesiam?
2821 2439 2927 2493 quo
2954 2424 3125 2480 {ructu
3149 2438 3209 2478 se
3239 2423 3313 2479 illi
3357 2426 3455 2479 ad~

1865 2516 2075 2585 jiciant,
2102 2530 2225 2571 cum
2248 2526 2302 2571 et
2323 2517 2392 2570 ab
2419 2530 2482 2570 ea
2511 2528 2821 2587 8"gregatos
2851 2526 3002 2572 vocet
3026 2518 3375 2579 orthodoxos.
3404 2528 3456 2577 et

1871 2609 2065 2662 divina:
2090 2610 2594 2663 communicationis
2634 2609 2920 2677 participes
2949 2622 3072 2663 esse
3102 2608 3321 2662 credat?
3346 2609 3456 2667 Sed

1871 2700 1995 2769 quid
2043 2700 2216 2753 adhuc
2261 2710 2499 2768 potestas
2548 2701 2815 2753 mundana
2860 2700 2961 2753 sibi
3012 2708 3069 2753 et
3120 2699 3458 2763 non‘rationi

1872 2792 2148 2847 conﬁdens
2178 2803 2297 2859 agat
2325 2792 2573 2859 accipite.
2599 2789 2729 2843 Nam
2761 2794 2947 2845 volens
2978 2790 3183 2847 eisdem
3214 2789 3453 2845 Semicu-

1875 2884 2142 2954 tychiauis
2166 2882 2501 2946 satisfacere,
2533 2884 2581 2935 in
2618 2883 2717 2935 hoc
2745 2882 2925 2939 edicto
2964 2881 3123 2935 iidem
3166 2895 3317 2935 suam
3365 2894 3458 2933 ex-

1874 2981 2072 3047 posuit,
2104 2979 2364 3047 protitens
2389 2975 2530 3044 quod
2571 2976 2866 3038 Memnoni,
2906 2972 3457 3042 Constantinopolim,-

1873 3090 2024 3139 num,
2055 3070 2381 3141 Ephesinum
2406 3067 2693 3122 concilium
2721 3067 3048 3134 susciperet;
3075 3075 3259 3119 tacens
3279 3076 3458 3125 autem

1873 3168 1940 3221 de
1992 3162 2447 3227 Chalcedonensi,
2496 3168 2553 3213 ct
2600 3160 2823 3212 duarum
2872 3156 3069 3213 Christi
3142 3168 3459 3221 naturarum

175 3262 393 3303 errores
445 3264 635 3305 eorum
677 3251 983 3305 constitutae
1019 3250 1187 3303 sunt?
1221 3249 1522 3304 l-Lxhortans
1560 3251 1759 3318 quippe

1874 3258 2261 3333 professionem
2291 3252 2600 3320 refugiens:
2633 3248 2787 3316 quasi
2818 3265 2923 3303 non
2952 3249 3191 3303 antidoto
3224 3252 3456 3303 sanandi

173 3350 501 3397 uicatoratos
533 3342 836 3411 Acepbalos
890 3342 957 3397 ad
1000 3340 1297 3405 Ecclesium
1342 3342 1535 3398 reverti
1587 3344 1763 3411 priore

172 3432 399 3493 toco‘sic
424 3432 592 3489 dicit:
629 3450 647 3485 ι
683 3432 899 3489 Flavius
941 3433 1089 3493 Zeno
1140 3432 1279 3503 pius,
1327 3434 1515 3500 victor,
1569 3434 1763 3497 trium-

172 3531 390 3597 phatur,
424 3529 690 3587 maximus
718 3543 935 3599 semper
974 3529 1247 3598 Augustus
1289 3527 1607 3583 orthodoxis
1648 3529 1764 3596 epio

172 3625 376 3693 scopis,
406 3622 844 3679 archimandritis
885 3633 939 3678 et
974 3623 1204 3692 populis,
1236 3638 1330 3691 per
1360 3621 1764 3689 Alexandriam,

172 3730 225 3775 et
257 3734 355 3788 per
384 3718 701 3789 lEgyptnm,
732 3731 795 3784 et,
816 3719 1173 3788 Pentapolim,
1218 3727 1273 3772 et
1310 3717 1529 3788 Libyam
1561 3719 1765 3772 consti-

172 3811 325 3868 tutis.
364 3832 385 3863 ι
414 3812 475 3866 Et
499 3819 778 3880 postquam
802 3824 896 3864 cos
919 3811 1125 3865 vocavit
1147 3809 1498 3875 orthodoxos,
1531 3823 1769 3861 commo-

171 3911 265 3959 net
295 3910 357 3956 ut
393 3902 665 3956 sociemur
706 3901 980 3966 Ecclesiae,
1032 3901 1213 3955 dict-ns
1250 3918 1261 3953 :
1314 3918 1331 3950 ι
1370 3899 1766 3970 Coniungimini

172 3996 339 4064 igitur
368 3996 521 4047 matri
552 3994 780 4061 Spiritali
826 3991 1100 4057 Ecclesiae,
1138 4002 1197 4047 ut
1242 4007 1345 4047 una
1384 3993 1561 4048 divina
1612 4011 1767 4049 cont-

172 4085 541 4139 mnuicatione
567 4084 841 4143 l‘ruuniui.
878 4103 897 4136 ι
929 4084 974 4139 0
1005 4085 1176 4139 virum
1224 4086 1543 4153 prudentem
1585 4096 1638 4141 et
1672 4102 1769 4141 un-

174 4181 337 4249 dique
367 4176 838 4247 circumspectum,
868 4179 956 4244 qui
982 4179 1240 4233 incubare
1270 4180 1613 4248 praesumpsit
1650 4180 1771 4234 olli-

175 4277 259 4327 cio
313 4271 695 4326 sacerdozum!
746 4270 1087 4327 Orthodoxos
1144 4281 1296 4324 vocat
1348 4272 1675 4340 Acephalos,
1726 4272 1771 4327 si

174 4367 311 4421 nihil
354 4364 518 4429 aliud,
569 4365 636 4419 ab
683 4364 918 4421 Ecclesia
961 4374 1261 4431 separatos.
1307 4364 1415 4418 Cur
1462 4366 1623 4432 igitur
1675 4380 1773 4420 eos

175 4460 427 4513 hortator
455 4470 515 4515 ut
554 4458 947 4530 conjungautur
997 4457 1156 4510 matri
1204 4455 1452 4525 spiritali,
1509 4458 1551 4510 si
1597 4473 1663 4510 cx
1710 4471 1772 4511 ca

174 4550 431 4619 disjuncti
456 4559 870 4620 permanserunt
914 4548 1247 4605 orthodoxi"
1286 4547 1355 4603 Ut
1404 4563 1528 4613 una,
1578 4550 1766 4619 inquit,

1869 3356 1977 3409 sint
2006 3349 2268 3411 morbidi,
2299 3346 2393 3399 sed
2426 3344 2493 3397 ad
2524 3343 2749 3397 aliorum
2791 3342 3097 3412 contagium
3144 3340 3459 3410 colligendi.

1868 3446 2111 3512 Cumque
2140 3438 2397 3504 scriptum
2426 3435 2527 3489 sit:
2561 3432 2823 3502 Loquebar
2854 3434 2907 3484 in
2936 3433 3237 3485 testimoniis
3266 3432 3368 3484 tuis
3409 3433 3463 3489 in

1870 3543 2142 3603 conspectu
2164 3546 2356 3600 legum,
2377 3538 2545 3585 etnon
2569 3526 2918 3594 confundebar
2944 3522 3115 3593 (Ptol.
3140 3539 3321 3589 cxvnt,
3344 3526 3463 3595 46),

1874 3643 1967 3683 rex
1998 3623 2429 3680 conluudebatur
2469 3620 2522 3671 in
2560 3627 2854 3685 conspectu
2906 3616 3270 3684 sulijcctorntn
3315 3616 3461 3685 loqui

1871 3722 2012 3791 quod
2060 3733 2245 3772 verum
2296 3725 2398 3769 est.
2448 3712 2559 3766 lloc
2599 3710 2907 3765 merebatur
2940 3710 3007 3764 de
3047 3709 3253 3777 justitia
3283 3710 3463 3767 divina

1873 3814 1967 3868 Dei
1993 3817 2354 3876 contemptor,
2385 3813 2441 3858 ut
2467 3804 2556 3873 qui
2588 3800 2707 3871 ejus
2736 3802 2912 3855 ordini
2944 3802 3191 3856 subditus
3222 3816 3344 3855 esse
3373 3817 3466 3855 no-

1875 3906 1994 3972 luit,
2022 3902 2267 3958 subditos
2298 3904 2596 3954 vereretur.
2626 3895 2726 3961 Qui
2753 3895 2911 3948 etiam
2934 3893 3075 3947 aliud
3105 3893 3341 3947 deterius
3367 3894 3468 3947 ad-

1873 4000 2007 4053 dens
2031 3998 2131 4061 ait,
2164 4015 2181 4045 I
2212 3993 2353 4064 quod
2381 3998 2582 4053 sancta:
2612 4003 2733 4058 qua:
2754 3986 2950 4056 ubique
2983 3995 3165 4040 essent
3191 3984 3469 4040 catholicas

1876 4091 2153 4154 Ecclesiae,
2184 4098 2240 4143 et
2268 4086 2357 4156 qui
2389 4087 2469 4139 eis
2498 4090 2795 4150 praeessent
2834 4079 2946 4133 Dco
2980 4077 3242 4133 amabiles
3285 4092 3469 4132 sacer-

1874 4185 2032 4240 d0tes
2100 4197 2203 4236 non
2252 4180 2410 4233 aliter
2458 4174 2758 4230 crederent.
2797 4191 2813 4223 ι
2846 4171 3008 4238 Quasi
3050 4171 3288 4225 omnium
3334 4169 3470 4224 ﬁdes

1877 4272 2241 4328 Eeclesiarmn
2271 4284 2336 4323 ex
2371 4268 2487 4335 ejus
2532 4265 2807 4319 voluntate
2852 4262 3139 4331 penderet,
3175 4272 3228 4317 et
3266 4262 3470 4317 nemini

1876 4366 2067 4419 liceret
2118 4362 2277 4417 aliter
2325 4362 2547 4413 credere
2590 4372 2750 4427 quam
2782 4358 3103 4425 pra-ciperet
3155 4358 3469 4424 ltttpel’ator.

1878 4455 2125 4519 Videbat,
2167 4463 2227 4506 ut
2267 4449 2524 4514 arbitror,
2562 4450 2824 4517 quosdam
2866 4447 3106 4511 timidos,
3153 4447 3235 4499 vel
3288 4459 3469 4500 rerqu

1879 4546 2255 4617 temporalium
2279 4541 2541 4611 cupidos,
2570 4540 2671 4594 sibi
2707 4539 2907 4605 lavere,
2933 4549 2989 4593 et
3014 4551 3079 4590 ex
3108 4536 3214 4590 illis
3239 4542 3468 4589 czeteros

176 4643 365 4695 divina
396 4641 882 4695 connnuuicatione
924 4638 1196 4693 fruamini.
1228 4638 1477 4709 Nunquid
1528 4640 1645 4693 sine
1684 4640 1769 4694 di-
1805 4654 1848 4711 ι)
1877 4640 2173 4695 aestimabat
2200 4653 2213 4688 :
2248 4633 2439 4705 quibus
2471 4633 2571 4686 etsi
2606 4644 2789 4685 vocem
2818 4627 3258 4683 contradictionls
3288 4626 3472 4680 abstu-

176 4736 303 4789 vina
332 4734 822 4789 communicatione
851 4730 1013 4787 iidem
1043 4731 1206 4787 alieni
1230 4730 1251 4761 ³
1290 4745 1320 4783 a
1355 4730 1484 4799 Deo,
1530 4733 1615 4786 isti
1658 4733 1769 4788 lue-

253 4922 279 4947 ι
310 4909 545 4964 Zenonis
574 4908 889 4972 llenoticon,
923 4907 1033 4960 site
1057 4905 1349 4971 Unitiuun,
1384 4916 1436 4958 ut
1486 4906 1765 4961 Liberatus

172 4984 587 5051 interpretatur,
612 4979 811 5032 editum
837 4979 900 5030 ad
930 4977 1342 5051 Alexandrinos,
1373 4975 1527 5046 cujus
1562 4978 1647 5051 hic
1678 4990 1769 5051 ca-

177 5058 293 5122 pita
331 5047 584 5119 quantum
639 5054 998 5122 excutiuntur,
1055 5048 1241 5122 Graece
1284 5047 1546 5122 integrum
1611 5049 1770 5122 habet

178 5118 447 5192 Evagrius
482 5122 585 5192 lib.
608 5136 665 5175 ιιι
700 5119 964 5187 Historiae,
997 5135 1117 5192 cap.
1145 5118 1261 5192 24;
1298 5120 1535 5192 Latinam
1568 5118 1768 5192 versit):

179 5188 323 5247 noni
342 5193 499 5245 altam
533 5191 812 5245 Liberatus
850 5205 968 5258 cap.
1020 5190 1101 5244 l8,
1141 5190 1281 5244 Idem
1324 5188 1439 5259 ejus
1494 5188 1765 5241 scribendi

176 5274 460 5318 auctorem
487 5261 688 5315 Zenoni
716 5260 966 5315 Acacium
1002 5262 1165 5315 lnis-e
1214 5261 1373 5313 lratlit
1405 5275 1522 5327 cap.
1562 5259 1660 5320 17;
1706 5260 1773 5312 ab

177 5337 386 5390 At-acio
449 5336 563 5400 ipso
617 5334 871 5386 dictatum
936 5334 1191 5401 quosdam
1245 5333 1543 5385 allirntasse
1594 5338 1775 5383 narrat

175 5404 547 5471 Theophanes
601 5405 653 5455 in
686 5403 973 5457 Chronico.
1002 5403 1146 5467 Τότε,
1179 5403 1367 5471 inquit,
1411 5405 1496 5457 καὶ
1545 5403 1770 5457 imi-uos

179 5480 395 5534 ἐποίησε
410 5480 593 5538 Ζήνων,
606 5478 977 5545 καὶπανταχοῦ
1000 5473 1299 5545 ἐξέπεμψεν,
1315 5474 1661 5545 ἁπὸἊκακὶρν
1676 5478 1774 5524 τῶν

178 5547 763 5603 κωνσταντινονπὸλιως
789 5543 1155 5618 ὑπὰῖιορευῦέγς
1183 5543 1249 5605 ὥς
1276 5547 1397 5616 ςκασί
1423 5564 1569 5603 τινες.
1598 5543 1774 5618 ileo-

181 5622 296 5673 tico
329 5626 548 5685 recepto
575 5618 782 5669 contusi
818 5614 1045 5685 primum
1071 5614 1405 5670 Alexandriae
1432 5629 1552 5669 cum
1597 5614 1769 5667 hatre-

261 5811 275 5839 ¹
315 5808 452 5862 Cod.
488 5807 709 5869 Verum,
738 5807 1092 5862 ostenduntur.

256 5882 277 5914 ⁸
320 5882 463 5939 idem
492 5878 635 5947 cod,
669 5879 968 5935 Iiwresibus.

1879 4732 2033 4797 lerat,
2077 4729 2317 4783 animum
2353 4733 2500 4779 certe
2548 4730 2754 4775 mutare
2799 4735 2906 4774 non
2947 4719 3138 4788 potuit.
3178 4717 3288 4773 Nec
3328 4717 3472 4771 enim

1880 4906 2000 4960 ticis
2030 4902 2349 4966 orthodoxi;
2378 4909 2485 4952 tum
2517 4897 2710 4953 exinde
2744 4894 3209 4961 Constantinopoli
3259 4905 3314 4950 ct
3361 4898 3472 4950 An-

1879 4977 2115 5035 tiochim,
2146 4990 2207 5028 ac
2240 4983 2349 5025 toto
2377 4971 2589 5023 demum
2623 4969 2844 5021 Oriente
2876 4967 3020 5020 Ialn-s
3042 4969 3230 5021 eadem
3264 4979 3469 5021 set-uta.

1883 5049 2061 5102 Victor
2092 5043 2425 5099 'l'onouensis
2457 5058 2469 5093 :
2498 5040 2564 5092 P.
2595 5039 2656 5094 C.
2690 5038 2992 5090 Theudorici
3030 5036 3091 5093 V.
3114 5039 3172 5090 (ἰ.
3200 5040 3473 5091 orientales

1879 5118 2122 5189 episcopi,
2151 5126 2335 5185 prwlcr
2358 5128 2569 5179 paucos,
2597 5108 3044 5189 pct:.llcltt)ltlcttlt‘t_
3068 5107 3289 5189 Zenonis
3307 5180 3319 5189 _
3335 5125 3475 5189 conv

1878 5178 2120 5241 munione
2145 5178 2292 5253 atquc
2322 5199 2567 5235 consensu
2598 5178 2781 5253 polluti
2806 5180 2946 5233 Petri
2982 5180 3339 5253 Alrxandriui,
3368 5178 3474 5232 Pe-

1878 5262 1944 5311 tri
1974 5252 2293 5321 Autiorlteui,
2330 5266 2375 5307 et
2403 5255 2578 5306 Acnrii
2618 5252 3173 5322 Constantinopolitani
3213 5252 3475 5320 episcopo-

1876 5347 2010 5390 rum,
2046 5328 2243 5398 synodo
2282 5327 2687 5398 (.'ltalcetloueusi
2732 5328 3050 5398 renuntiant.
3080 5322 3155 5377 De
3198 5324 3319 5398 hoc_
3348 5323 3471 5381 item

1881 5391 2163 5456 Facundos
2204 5406 2392 5451 contra
2438 5396 2772 5450 Matianum:
2804 5395 2941 5448 Zeno
2982 5396 3262 5462 imperator
3301 5391 3471 5455 ipsum

1880 5473 2151 5525 courilium
2172 5469 2499 5539 promulgata
2528 5470 2715 5537 sprevit
2750 5467 2932 5519 edicto.

1952 5542 1977 5579 ι)
2007 5543 2186 5606 Forte,
2218 5539 2349 5609 agis.

1969 5797 1989 5827 ³
2023 5797 2161 5849 Idem
2194 5797 2343 5859 cod.,
2375 5794 2425 5845 id
2451 5802 2523 5843 est
2555 5790 2726 5859 alicui.

1960 5868 1979 5898 ⁸
2011 5868 2065 5925 ln
2097 5865 2294 5926 eodem
2323 5856 2439 5921 cod.
2479 5862 2632 5917 deest
2662 5856 2899 5918 Zenonis.
