3992 6344
484 375 584 429 847

1548 367 1850 423 FACUNDI
1895 365 2105 421 EPiSC.
2144 364 2644 421 llliRSllANENSIS

3665 362 3777 420 8-58

482 487 712 560 amplius
759 486 955 557 aliquid
989 483 1165 540 mundi
1204 491 1438 554 potestas
1469 484 1612 540 valet
1657 484 1710 538 in
1756 484 1837 537 his
1883 499 2016 550 quos
2047 500 2075 535 a
2107 489 2152 546 Α
2184 484 2299 555 ipso
2332 494 2558 549 tantum,
2592 493 2646 538 et
2670 496 2840 553 usque
2873 481 2935 534 ad
2969 482 3163 551 ipsum,
3198 478 3331 533 fides
3354 479 3627 536 catholica
3654 491 3775 536 sta-

486 584 651 640 libera
684 582 801 636 ﬁdei
833 581 1127 635 assertione
1172 582 1483 642 retraxerit,
1520 579 1621 633 nisi
1653 590 1708 633 ttt
1739 580 1791 633 in
1831 578 1960 633 illud
1995 580 2076 633 in-

485 674 668 730 cidant
695 674 833 743 quod
868 671 1122 725 Dominus
1156 670 1269 724 ait:
1303 669 1405 735 Qui
1430 686 1507 723 me
1532 671 1786 723 erubuerit
1806 680 1855 725 et
1886 686 2077 724 sermo-

484 782 573 822 nes
600 779 753 824 meos,
808 761 942 815 hunc
976 758 1141 813 Filius
1183 760 1400 813 ltaminia
1442 762 1696 815 erubescet
1735 778 1852 815 cum
1884 762 2075 815 venerit

478 858 529 907 in
567 859 831 927 majestate
869 871 999 918 sua,
1029 863 1076 906 ct
1124 852 1315 915 Patris,
1356 862 1400 906 et
1432 862 1732 907 sanctorum
1778 854 2079 924 angelorum

488 947 638 1019 (Luc.
662 964 737 1014 IS,
759 947 874 1016 ‘26).
906 946 1126 1015 Alzquos
1152 945 1308 1015 igitur
1329 944 1449 1013 jus‘
1481 945 1765 1000 mundana:
1798 945 2079 1015 potestatis

488 1038 742 1094 Ecclesia:
778 1037 919 1091 valet
948 1035 1178 1102 auterrc,
1210 1036 1412 1090 nullum
1446 1045 1621 1091 tamen
1652 1036 1753 1091 sibi
1776 1038 2077 1105 acquirere.

489 1131 676 1187 Melius
700 1145 827 1198 ergo
859 1140 942 1185 est
972 1140 1029 1183 ut
1053 1140 1228 1185 semet
1254 1130 1392 1184 intra
1434 1129 1660 1185 limitem
1702 1146 1855 1185 suum
1905 1131 2077 1186 contio

492 1232 637 1287 neat,
670 1237 825 1291 quem
865 1235 986 1276 cum
1026 1220 1438 1291 transgreditur,
1480 1220 1705 1291 perdere
1746 1221 1941 1275 multos
1981 1236 2078 1289 po-

494 1324 617 1378 test,
651 1313 843 1367 lucrari
872 1312 1162 1367 neminem.
1194 1311 1326 1366 Nam
1351 1320 1406 1367 et
1442 1326 1568 1369 suas
1612 1312 1808 1367 habent
1837 1312 2080 1368 officinas

493 1402 576 1457 vel
606 1402 842 1457 artifices
889 1402 1067 1457 omnia
1105 1418 1223 1471 qua:
1253 1417 1316 1458 ex
1363 1404 1638 1474 proposito
1683 1404 1880 1458 docere
1932 1404 2080 1457 v'de-

493 1508 631 1549 mus.
668 1494 950 1565 Nunquam
979 1494 1120 1550 cnim
1146 1506 1214 1551 ne
1243 1496 1481 1550 textrino
1525 1510 1818 1565 personare
1862 1494 2080 1548 incudes

490 1588 814 1655 audivimus,
864 1601 917 1644 et
964 1589 1139 1660 ignem
1186 1589 1294 1645 illic
1342 1589 1393 1643 in
1444 1587 1752 1645 fornacibus
1798 1590 2076 1644 anhelare.

492 1680 771 1751 Nunquam
818 1684 1179 1751 comperimus
1221 1697 1252 1737 a
1282 1695 1467 1739 sutore
1509 1682 1791 1753 qumsitum
1831 1698 1950 1751 quae
1996 1697 2081 1738 cn-

490 1771 685 1841 jttsque
716 1772 931 1828 fabiica:
960 1773 1277 1844 longitudini
1310 1774 1585 1844 preportio
1624 1774 1923 1828 latitudinis
1949 1788 2080 1828 cou-

2180 589 2279 635 ret.
2314 578 2517 645 Quibus
2542 577 2629 632 ille
2653 577 2937 641 credulus,
2966 572 3291 630 existimavit
3320 589 3415 641 per
3441 576 3777 644 singularem

2179 671 2521 740 sapientiam,
2540 686 2694 738 quam
2719 668 2766 725 ei
2793 680 2986 737 praeter
3009 676 3375 722 assentatores
3399 682 3559 724 nemo
3584 671 3781 723 tribue-

2184 775 2298 830 rat,
2333 764 2576 818 invenire
2605 778 2665 817 se
2698 776 2853 830 posse
2902 760 3162 814 rationem
3206 758 3465 814 facienda:
3507 761 3734 815 unitatis
3760 804 3776 824 ,

2180 871 2338 924 quam
2375 855 2549 909 nullus
2570 865 2693 908 ante
2726 869 2821 922 per
2861 861 2939 907 tot
2971 863 3209 921 tempora
3240 853 3473 921 patuerit
3503 852 3779 909 invenire.

2183 947 2426 1015 Denique
2454 946 2533 1002 sic
2564 946 2616 1001 in
2651 954 2947 999 memorato
2970 943 3108 998 dixit
3126 942 3306 998 edicto
3340 961 3353 996 :
3392 962 3411 995 ι
3442 942 3781 1014 Coapteutur

2186 1038 2425 1093 membra
2456 1037 2713 1091 membris
2732 1076 2745 1100 ,
2777 1051 2898 1105 quae
2928 1034 3178 1089 inimicus
3200 1035 3323 1090 boni
3345 1050 3411 1090 ex
3439 1037 3611 1091 multo
3636 1048 3780 1092 tern-

2183 1147 2312 1200 pore
2342 1145 2595 1199 separare
2626 1130 2897 1185 festinavit
2930 1147 2941 1180 :
2972 1130 3072 1183 scit
3099 1129 3241 1184 enim
3272 1130 3526 1199 quoniam
3558 1132 3602 1185 si
3637 1133 3781 1187 inte-

2184 1239 2335 1293 grum
2371 1222 2622 1276 Ecclesia:
2669 1235 2865 1289 corpus
2897 1220 3209 1291 impugnet,
3260 1221 3413 1276 facile
3466 1234 3779 1292 superatur.

2187 1316 2261 1367 Ex
2284 1313 2382 1368 hac
2404 1328 2533 1383 ergo
2553 1310 2815 1367 divisione
2827 1314 3068 1382 contigit,
3089 1328 3184 1381 per
3206 1322 3378 1367 tantas
3399 1314 3784 1384 generationes

2184 1416 2454 1460 tantorum
2485 1419 2748 1459 annorum
2776 1444 2790 1467 ,
2838 1414 2895 1458 ut
2924 1405 3011 1458 alii
3041 1404 3259 1474 quidem
3309 1404 3521 1461 lavacro
3554 1422 3783 1475 regene-

2184 1498 2405 1553 rationis
2436 1497 2661 1551 fraudati
2697 1496 2762 1550 tle
2795 1496 2895 1550 hac
2912 1496 3014 1549 vita
3039 1495 3399 1559 discederent,
3426 1516 3443 1547 ›
3481 1507 3535 1550 et
3550 1508 3782 1553 Caetera.

2183 1591 2336 1657 Quod
2365 1590 2765 1644 consentiamus
2802 1587 3170 1656 prmdicationi
3201 1588 3448 1657 potentie
3468 1589 3781 1653 szccuiaris,

2183 1700 2302 1755 qua:
2333 1691 2458 1753 post
2488 1692 2660 1736 tantas
2707 1680 3082 1751 generationes
3112 1721 3124 1745 ,
3157 1679 3390 1734 fallendo
3430 1680 3515 1734 vel
3546 1681 3784 1735 tacendo

2184 1776 2328 1847 quod
2356 1789 2541 1830 verum
2570 1784 2675 1840 εει,
2718 1772 2892 1827 facere
2942 1786 3001 1826 se
3031 1786 3187 1841 posse
3215 1771 3444 1827 credidit
3470 1773 3735 1827 unitatem
3766 1791 3782 1839 ;

494 1865 725 1930 veniret,
773 1875 829 1921 et
873 1878 1068 1935 quanta
1128 1867 1406 1937 utriusque
1463 1877 1783 1937 congrueret
1832 1866 2076 1921 altitudo.
2115 1859 2155 1919 Β
2186 1868 2428 1922 dicemus
2449 1864 2610 1921 etiam
2644 1878 2775 1931 nos,
2805 1863 2950 1933 quod
2977 1862 3078 1918 nisi
3124 1864 3390 1934 aggregati
3421 1864 3592 1920 simus
3619 1866 3785 1936 Euty-

493 1959 756 2024 Quoniam
796 1958 871 2012 illi
898 1961 916 1989 ¹
948 1959 1151 2029 integre
1194 1960 1334 2015 scire
1383 1971 1625 2029 possunt,
1670 1960 1760 2029 qui
1808 1959 1876 2014 ab
1921 1959 2085 2029 ipsius

492 2050 623 2104 artis
648 2060 769 2105 sunt
802 2052 1222 2121 prmceploribns
1255 2053 1503 2106 instituti.
1532 2052 1673 2107 Sola:
1704 2052 1755 2107 in
1777 2062 2084 2121 contemptu

494 2151 619 2197 sunt
649 2142 842 2197 divina:
874 2144 1089 2209 littenr,
1120 2160 1238 2213 qua:
1271 2160 1366 2198 nec
1396 2160 1548 2199 suam
1580 2146 1817 2200 scholam
1857 2160 1954 2200 nec
1976 2162 2087 2200 ma-

493 2233 691 2302 gistros
722 2235 974 2299 habeant,
1000 2247 1052 2290 et
1081 2235 1146 2289 dc
1167 2237 1358 2302 quibus
1391 2236 1713 2304 peritissime
1728 2236 2001 2307 disputare
2028 2251 2087 2291 se

495 2330 679 2384 credat
722 2330 811 2397 qui
876 2344 1147 2398 nunquam
1202 2329 1410 2383 didicit.
1486 2330 1688 2384 Deinde
1734 2344 1856 2384 cum
1910 2330 2086 2398 palatii

493 2435 671 2475 causre
694 2419 1127 2475 transferantur3
1159 2421 1222 2473 ad
1254 2420 1565 2483 iicclesiam,
1598 2421 1865 2490 quomodo
1898 2421 2088 2476 licebu-

497 2514 593 2566 site
620 2524 835 2567 causam
863 2510 927 2565 ad
963 2511 1211 2579 palatium
1238 2511 1625 2565 tratislerebat?
1657 2510 1932 2565 Postremo
1956 2527 2091 2565 nun-

497 2601 625 2672 quid
677 2602 784 2671 jam
824 2601 1107 2657 domuerat
1150 2602 1231 2655 vel
1290 2611 1578 2670 pacaverat
1616 2615 1809 2655 omnes
1849 2600 2089 2656 infensas

496 2696 810 2765 reipublicae
841 2694 1097 2750 barbaras
1128 2694 1404 2750 nationes?
1430 2694 1538 2763 jam
1572 2707 1667 2763 per
1705 2693 1945 2748 diversas
1991 2694 2087 2747 itit-

498 2785 633 2856 pcrii
663 2786 746 2841 sui
777 2785 1079 2855 provincias
1109 2786 1407 2840 seditiones
1429 2798 1492 2840 ac
1530 2784 1858 2840 seditionum
1895 2798 2087 2841 causas

496 2878 827 2937 abstulerat?
872 2876 983 2946 jam
1026 2877 1234 2931 cunctis
1279 2875 1637 2931 critninalinm
1683 2878 1801 2932 sive
1852 2876 2087 2936 civilium

494 2982 776 3023 causarum
805 2966 1042 3036 querelis
1064 2967 1475 3022 convenientem
1497 2966 1721 3022 dederat
1742 2966 2087 3023 finemilium

496 3060 657 3132 igitur
682 3062 766 3117 lns
790 3075 893 3115 non
918 3059 1211 3126 sufficeret,
1237 3060 1431 3130 quibus
1448 3074 1606 3116 nemo
1624 3060 1870 3117 suflicere
1893 3070 2086 3131 potem,

495 3157 787 3227 quomodo,
807 3155 850 3209 si
872 3156 1131 3227 cogitaret
1158 3165 1303 3211 tanta
1328 3154 1427 3211 loci
1451 3156 1532 3210 sui
1550 3156 1804 3225 pericula,
1827 3155 1960 3211 etde
1982 3171 2090 3211 om-

497 3248 657 3302 nibus
681 3262 737 3302 se
753 3248 1011 3303 rationem
1042 3247 1152 3303 Deo
1174 3248 1421 3304 crederet
1444 3248 1803 3313 redditurum,
1821 3249 1981 3304 ctiam
1998 3263 2091 3318 pe-
2116 3245 2159 3301 (ἶ

498 3340 687 3395 rirnlis
718 3354 776 3395 se
810 3340 1003 3395 alienis
1032 3340 1397 3410 itnmergeret,
1428 3341 1511 3396 vel
1549 3342 1593 3396 si
1634 3343 1789 3397 talem
1834 3356 2091 3410 prmsum-

500 3437 735 3506 ptioncm
761 3435 938 3491 divina
965 3434 1167 3505 iustitia
1198 3452 1304 3491 non
1325 3435 1642 3491 damnaret?
1670 3438 1760 3490 llis
1781 3445 1960 3491 autem
1982 3452 2087 3492 non

498 3540 803 3597 contentus,
843 3529 946 3585 hoc
975 3543 1190 3599 quoque
1226 3531 1291 3583 ad
1343 3528 1588 3597 injuriam
1645 3542 1847 3583 sancta:
1897 3530 2101 3599 synodi

500 3622 955 3678 Chalcedonensis
977 3622 1171 3689 adjecit
1193 3622 1376 3677 dicens
1395 3640 1409 3677 :
1439 3640 1457 3672 t
1484 3621 1731 3678 Adunate
1746 3638 1874 3691 ergo
1895 3637 2012 3690 vos,
2036 3624 2089 3677 in

500 3716 647 3770 nullo
676 3715 999 3769 dubitantes.
1051 3714 1175 3769 llzec
1205 3716 1347 3769 enim
1389 3713 1705 3781 SCl'ipaillNlS
1748 3715 1941 3781 vobis,
1983 3731 2088 3769 non

499 3806 816 3861 iunovantes
849 3805 1039 3872 ﬁdem,
1074 3805 1168 3860 sed
1211 3814 1270 3858 ut
1299 3805 1450 3860 vobis
1476 3804 1926 3860 satisfaceremus.
1959 3807 2087 3861 0m—

501 3914 625 3954 nem
658 3914 786 3954 vero
815 3900 973 3953 aliter
1000 3898 1299 3968 sapientem
1321 3938 1336 3964 ,
1367 3900 1479 3952 sive
1512 3913 1650 3951 nunc
1669 3937 1685 3962 ,
1718 3900 1831 3952 sive
1854 3899 2091 3967 quando-

504 4008 643 4063 que,
673 3995 789 4049 sitc
832 3991 1208 4054 Chalcedone,
1260 3992 1373 4044 sive
1404 3993 1455 4043 in
1503 4005 1818 4059 quacunque
1846 3991 2051 4060 synodo
2075 4030 2090 4056 ,

501 4082 1037 4138 anathematizamus.
1080 4099 1099 4132 ι
1138 4080 1219 4133 Ad
1252 4080 1354 4135 hoc
1393 4091 1573 4135 autem
1606 4081 1976 4137 detestandum
2020 4083 2092 4135 la-

502 4177 656 4229 cinus
686 4173 1015 4227 adulantium
1048 4172 1292 4227 laudibus
1319 4187 1442 4227 eum
1483 4170 1752 4226 credimus
1782 4174 2091 4242 excitatura,

499 4282 624 4320 cum
657 4267 706 4321 ei
746 4264 992 4319 dicerent
1018 4304 1032 4328 ,
1084 4263 1530 4334 quemadmodum
1562 4265 1773 4329 Solent,
1804 4266 1947 4334 quod
1976 4283 2093 4321 om-

506 4370 603 4411 nes
631 4370 757 4410 suos
789 4355 1103 4410 dcccssores
1151 4355 1414 4423 sapientia
1438 4365 1497 4410 et
1537 4354 1798 4425 religione
1823 4359 2096 4426 prtecellc-

504 4460 615 4513 ret;
649 4447 790 4517 quod
840 4447 1021 4502 nullus
1050 4449 1099 4503 ei
1145 4456 1329 4516 posset
1360 4446 1412 4500 in
1468 4448 1760 4513 universis,
1790 4451 1883 4519 qui
1915 4463 2096 4506 essent

505 4543 588 4597 vel
618 4544 878 4609 fuissent,
938 4540 1027 4599 Dei
1057 4538 1425 4599 sacerdotibus
1464 4541 1764 4612 comparari
1807 4547 1995 4615 :qnod
2038 4548 2091 4601 in

2190 1958 2420 2027 chianis,
2447 1960 2711 2029 integrum
2758 1974 2863 2012 non
2901 1958 2971 2013 sit
3016 1971 3211 2028 covpus
3259 1958 3534 2013 Ecclesiae.
3565 1958 3676 2015 Sed
3706 1976 3786 2015 va:

2191 2052 2343 2107 nubis
2376 2062 2456 2106 est
2483 2091 2498 2115 ,
2526 2051 2569 2105 si
2601 2050 2805 2120 absque
2834 2049 3119 2118 Accphalis
3144 2059 3359 2104 truncos
3390 2065 3487 2105 nos
3510 2052 3786 2107 credimus

2192 2143 2532 2199 remansisse.
2565 2142 2808 2212 Cumque
2848 2142 3191 2197 beatissimus
3221 2142 3329 2197 Leo
3368 2142 3621 2199 diceret:
3651 2143 3786 2200 Nam

2193 2235 2341 2289 nullo
2364 2234 2525 2288 modo
2550 2233 2661 2289 fieri
2693 2244 2864 2304 potest
2910 2243 2966 2287 ut
2994 2233 3086 2303 qui
3115 2233 3310 2288 divinis
3338 2235 3537 2289 audent
3564 2247 3785 2291 contra-

2193 2329 2372 2383 dicere
2423 2326 2810 2389 sacramentis,
2861 2326 3039 2395 aliqua
3073 2325 3225 2379 nobis
3270 2326 3654 2382 communione
3682 2342 3784 2382 so-

2192 2420 2426 2483 i-ientnr;
2463 2420 2552 2473 ille
2582 2418 3008 2474 contradictores
3034 2420 3082 2470 in
3108 2417 3404 2473 Ecclesium
3437 2419 3616 2485 misit,
3648 2421 3783 2475 dans

2192 2522 2433 2567 sanctum
2458 2510 2700 2574 canibus,
2733 2522 2787 2566 ct
2815 2511 3203 2566 conculcandas
3241 2521 3367 2567 ante
3397 2528 3592 2582 porcos
3616 2514 3781 2583 proji-

2193 2606 2338 2659 ciens
2370 2606 2711 2676 margaritas.
2749 2602 2984 2674 Denique
3016 2605 3066 2657 in
3100 2603 3242 2673 ipsos
3273 2614 3628 2660 temeratores
3648 2620 3781 2660 con-

2194 2699 2331 2753 versi
2361 2698 2709 2767 disrttperunt
2736 2712 2850 2762 eos,
2877 2712 2927 2751 et
2960 2698 3025 2749 ab
3052 2697 3289 2751 Ecclesia
3308 2697 3629 2752 diviserunt.
3656 2697 3784 2751 Pro-

2195 2798 2312 2857 pter
2330 2787 2469 2857 quod
2503 2787 2663 2842 etiam
2692 2786 2899 2857 grande
2925 2802 2987 2841 ac
3033 2787 3345 2841 diuturnum
3386 2787 3674 2842 schismaa
3703 2788 3782 2840 la-

2191 2889 2335 2933 ctnm
2365 2891 2466 2945 εει,
2493 2878 2663 2933 donec
2696 2879 3002 2933 misericors
3045 2875 3185 2932 Deus
3219 2892 3315 2947 per
3336 2885 3532 2932 vestr-.e
3566 2879 3784 2945 ple'atis

2193 2969 2545 3025 ministerium
2570 2984 2664 3024 eos
2694 2967 2939 3024 redderet
2970 2970 3180 3023 unitati.
3216 2968 3366 3023 Unde
3397 2978 3453 3022 et
3494 2971 3780 3022 maximam

2192 3063 2417 3134 gloriam
2443 3062 2718 3117 consecuti
2740 3064 2888 3126 estis,
2922 3076 3079 3130 quam
3109 3070 3167 3114 ut
3197 3061 3248 3115 in
3285 3062 3442 3114 liuent
3469 3058 3783 3113 custodiatis

2193 3166 2443 3226 optamus
2465 3197 2479 3219 ,
2514 3155 2645 3208 nihil
2676 3168 2895 3223 agones
2926 3154 3047 3207 huic
3078 3151 3403 3222 praedicabili
3436 3151 3576 3205 facto
3608 3164 3783 3203 instra

2195 3247 2544 3304 conti-arium.
2580 3246 2686 3302 Sed
2716 3244 3067 3301 memineritis
3095 3258 3216 3314 quae
3261 3254 3389 3298 tunc
3411 3243 3576 3298 fuerit
3604 3244 3781 3296 laetitia

2195 3340 2376 3410 papuli
2416 3337 2733 3404 Christiani,
2788 3353 2909 3392 cum
2964 3347 3105 3391 totus
3148 3335 3442 3391 catholicus
3495 3336 3644 3388 ori-is
3692 3347 3785 3387 vos

2195 3448 2539 3508 paternorum
2571 3436 2910 3490 decietorum
2938 3433 3190 3489 cu-todes
3208 3475 3225 3499 ,
3253 3446 3348 3486 vos
3379 3424 3787 3502 recuperaiorcs

2195 3531 2340 3600 pacis
2364 3526 2740 3585 ecclesiasticae
2767 3571 2783 3593 ,
2816 3542 2911 3583 vos
2953 3526 3139 3580 violati
3164 3524 3365 3581 ordinis
3396 3524 3515 3593 ejus
3545 3525 3787 3579 vindices

2196 3619 2530 3690 pra-dicaret.
2564 3620 2607 3674 Ο
2629 3635 2789 3691 quam
2818 3620 3055 3674 suaviter
3082 3633 3277 3673 nomen
3309 3626 3541 3672 vestrum
3576 3632 3676 3688 per
3696 3634 3786 3671 ora

2198 3712 2525 3767 laudantium
2556 3712 2860 3768 ferebatur!
2893 3727 3052 3781 quam
3075 3722 3256 3779 gratus
3283 3711 3423 3764 illius
3454 3709 3786 3765 memorandi

2194 3820 2286 3858 ves
2314 3804 2357 3858 ri
2378 3802 2555 3873 operis
2584 3812 2697 3857 erat
2724 3803 2963 3857 auditus!
3010 3802 3077 3856 Et
3108 3806 3224 3855 ideo
3251 3801 3616 3867 considerate,
3640 3817 3787 3871 quie-

2195 3913 2415 3962 smnus,
2458 3908 2513 3952 et
2566 3897 2778 3960 videte,
2827 3898 2939 3950 sive
2969 3911 3088 3964 quae
3118 3894 3211 3948 vos
3256 3895 3346 3948 illo
3374 3904 3635 3964 tempore,
3678 3894 3789 3950 sive

2197 4006 2315 4059 qua:
2352 3988 2619 4060 principes
2650 3988 2951 4042 Marcianus
2981 3996 3035 4042 et
3062 3987 3169 4041 Leo
3200 3988 3530 4056 temporibus
3554 3987 3671 4039 suis
3699 4002 3791 4054 per

2198 4083 2498 4137 ordinatum
2518 4081 2849 4136 swerdotale
2868 4079 3103 4135 officium
3132 4080 3416 4150 gesserint,
3441 4088 3495 4134 et
3519 4096 3640 4149 qua:
3658 4094 3793 4133 con-

2200 4184 2279 4228 tra
2310 4172 2479 4243 egerit
2520 4171 2688 4237 Zeno,
2718 4171 2915 4225 divina:
2946 4171 3317 4240 dispositionis
3342 4170 3530 4225 ordine
3560 4172 3795 4234 calcato,

2197 4280 2227 4319 c
2293 4265 2469 4320 alieno
2507 4265 2735 4319 abutens
2764 4262 2979 4331 officio,
3023 4278 3145 4318 cum
3194 4262 3538 4318 adulantibus
3587 4264 3793 4324 credit,

2197 4377 2318 4413 runt
2350 4374 2537 4415 eorum
2565 4374 2622 4413 se
2648 4357 2899 4412 laudibus
2928 4360 3194 4423 restituat,
3224 4373 3348 4412 cum
3376 4357 3478 4412 illis
3507 4359 3797 4426 prreconiis

2197 4452 2441 4505 elevatur
2468 4450 2663 4519 quibus
2708 4448 2928 4503 omnino
2974 4459 3232 4520 gravatur
3274 4449 3632 4503 humanitas:
3690 4464 3799 4502 non

2201 4546 2485 4603 attendens
2511 4546 2651 4617 quod
2684 4546 2974 4616 Apostolus
2997 4546 3294 4601 admonens
3324 4542 3455 4599 dixit
3489 4561 3505 4599 :
3532 4543 3676 4615 Opus
3704 4562 3799 4598 au-

578 4742 603 4768 ε·
641 4738 937 4791 Annorum,
962 4736 1017 4780 ut
1048 4734 1231 4781 contra
1260 4723 1551 4796 .lltttianttm
1573 4722 1784 4796 scribit,
1811 4737 1975 4791 prope
1998 4721 2088 4796 -’_t0,
2123 4731 2167 4789 ι)
2198 4725 2431 4796 Adjerit,
2455 4724 2646 4796 inquit,
2684 4726 2759 4780 vir
2805 4722 3020 4780 illustris
3052 4724 3406 4795 (Laurentius)
3454 4740 3607 4779 omne
3652 4725 3803 4779 nubi-

508 4816 537 4854 a
572 4800 760 4854 Felicis
792 4801 851 4853 ll!
890 4798 1199 4867 pontiﬁcatu
1244 4794 1309 4847 ad
1342 4794 1911 4867 liorinisdamusque,
1934 4794 2091 4863 cujus

510 4871 840 4937 tmuporibus
867 4864 916 4922 in
953 4868 1386 4921 communionem
1440 4866 1639 4937 recepti
1676 4864 1998 4937 Orientales,
2042 4875 2096 4937 et

508 4934 900 5008 ι);ιχ“ιΞριτῖοεὶ;ρ
949 4939 1155 4991 reddita
1200 4945 1283 5008 est
1319 4952 1461 5008 anno
1512 4935 1714 5008 Christi
1764 4934 1891 4999 519,
1940 4935 2096 5008 adni-

512 5004 658 5064 tente
710 5009 971 5078 imprimis
1006 5008 1143 5076 apud
1195 5006 1462 5060 .Instinum
1510 5006 1885 5075 imperatorem
1932 5004 2098 5078 Justi-

510 5082 668 5134 niann
703 5074 813 5133 tum
849 5074 1274 5131 adhnc’comite.
1312 5078 1537 5146 Vigilius
1570 5074 1618 5129 in
1672 5078 1943 5147 encyciica
1979 5092 1991 5127 :
2028 5074 2097 5127 Et

509 5154 623 5205 ideo
654 5152 697 5204 si
724 5166 879 5203 causa
925 5148 1170 5202 Ecclesia:
1199 5149 1489 5210 ordinatur,
1539 5158 1591 5200 ut
1634 5164 1804 5215 pacem
1858 5148 1903 5199 ci
1945 5161 2097 5215 quant

509 5222 749 5275 artutculi
794 5223 872 5274 sui
903 5219 1161 5290 piissimus
1206 5220 1443 5288 princeps
1490 5220 1605 5287 fecit
1651 5218 1999 5284 temporibus,
2050 5226 2100 5290 et

510 5298 663 5346 modo
690 5288 946 5352 restituat,
991 5308 1080 5358 ego
1127 5291 1454 5344 sacramentis
1497 5306 1624 5355 Opus
1660 5305 1760 5341 non
1795 5290 1987 5352 habeo,
2013 5288 2100 5340 sed

509 5367 676 5417 statim
699 5362 953 5433 egredior.
982 5362 1204 5415 Exstant
1226 5360 1512 5433 Justiniani
1542 5359 1900 5433 gratulatorize
1923 5364 1988 5433 de
2010 5374 2100 5433 pa:

508 5451 570 5489 es
600 5428 888 5490 ciitisiitttta
934 5433 1125 5487 littera:
1172 5432 1234 5485 ad
1269 5431 1626 5485 llormlsdam.
1666 5432 1851 5482 Exstat
1879 5437 1930 5483 et
1958 5428 2097 5482 Aviti

513 5508 833 5561 Viennensis
869 5506 933 5559 ad
982 5504 1242 5559 Joannem
1273 5501 1927 5567 Constantinopolitanum
1950 5501 2096 5563 ejus-

509 5578 630 5632 dem
688 5576 988 5645 argumenti
1041 5585 1095 5628 et
1145 5573 1799 5645 gratulationisepistola
1844 5573 2089 5645 nondum

508 5650 687 5713 edita,
720 5640 823 5717 qita
857 5647 1119 5715 publicnm
1156 5640 1233 5699 ex
1266 5657 1327 5698 ea
1372 5658 1499 5712 pace
1545 5643 1778 5696 lietitiam
1826 5640 2084 5695 declarat.

582 5809 599 5833 ⁸
629 5804 759 5855 Cliti.
800 5803 1021 5860 Vt't'vltu
1057 5804 1148 5855 vis.

583 5874 604 5904 ‘
632 5874 770 5928 ldetn
801 5874 945 5935 cnd.,
980 5876 1070 5925 ltoc
1093 5876 1304 5937 inlcqrr.

2208 4797 2315 4849 lunt
2345 4799 2484 4866 quod
2514 4799 2615 4865 qui.
2634 4810 2730 4851 tem
2770 4798 3098 4851 orientalium
3128 4800 3432 4865 populorum
3452 4796 3697 4865 ambiguo
3719 4814 3803 4850 ca-

2205 4869 2396 4939 ligante
2419 4873 2704 4937 fuscaeerat
2728 4910 2742 4932 ,
2776 4870 3139 4939 redintegrant
3169 4870 3309 4934 pacis
3336 4868 3611 4939 serenitate
3632 4868 3803 4922 deter-

2203 4937 2316 4991 sum
2346 4954 2364 4992 .'
2390 4950 2436 4994 et
2466 4956 2575 4992 eam
2601 4955 2718 4991 cum
2754 4939 2985 4993 Romano
3007 4938 3235 4990 antistite
3256 4937 3548 4991 eoshabere
3575 4954 3800 4991 concor-

2205 5011 2385 5074 diam,
2452 5026 2607 5080 quum
2654 5010 2784 5063 velut
2844 5010 3074 5080 geminos
3138 5009 3487 5080 apostolorum
3534 5008 3803 5080 principes

2206 5081 2395 5133 nmndo
2422 5077 2683 5150 arsigvmre
2712 5077 2995 5133 conveniat.
3033 5077 3158 5143 Quis
3188 5081 3349 5140 enim.
3396 5078 3488 5150 qu_i
3518 5079 3596 5132 vcl
3624 5080 3802 5133 catho-

2206 5150 2334 5203 licus
2356 5152 2457 5205 dici
2507 5146 2666 5217 potest
2689 5192 2703 5215 ,
2737 5151 2798 5203 de
2832 5161 3091 5202 tantarum
3120 5166 3181 5202 ac
3230 5146 3415 5203 talium
3442 5146 3804 5203 Ecclesium»:

2207 5238 2331 5290 pare
2361 5239 2459 5276 non
2490 5224 2744 5293 gaudeat,
2776 5238 2901 5290 quas
2927 5220 3068 5293 uelut
3099 5224 3151 5273 in
3178 5219 3304 5273 cmlo
3335 5221 3559 5288 positum
3589 5222 3803 5289 religio

2205 5294 2283 5345 nis
2311 5292 2517 5363 signum
2546 5309 2636 5356 pro
2665 5294 2866 5363 gemino
2890 5292 3057 5345 cidere
3099 5293 3629 5363 mundusgurpectat?
3675 5292 3805 5358 Qui:

2205 5380 2305 5415 non
2338 5361 2519 5417 merito
2543 5361 2817 5415 delectetur
2849 5362 3223 5429 inﬁrmantium
3250 5361 3422 5416 reditu
3449 5362 3807 5432 incolumique

2202 5442 2360 5499 statu,
2388 5450 2506 5487 cum
2530 5434 2644 5487 aliis
2674 5434 2845 5486 ovibus
2872 5438 3010 5486 intra
3040 5434 3262 5487 claustra
3282 5433 3524 5496 calcatis,
3558 5433 3658 5487 illa
3684 5448 3805 5500 qua

2204 5506 2323 5557 vitio
2351 5506 2567 5558 errantis
2590 5504 2791 5557 arbitrii
2837 5504 3005 5573 fuerat
3022 5513 3249 5576 evagata
3277 5546 3294 5574 ,
3323 5503 3611 5561 celestibtts
3635 5505 3807 5559 caulis

2207 5575 2385 5629 lcctitia
2414 5576 2688 5646 plaudente
2735 5574 3039 5629 revocatur?

2284 5798 2301 5829 ³
2333 5800 2471 5857 idem
2498 5802 2642 5872 cod.,
2673 5818 2772 5857 non
2798 5806 3201 5874 transferantur.
