3992 6344
148 367 344 423 ,849

1095 383 1225 440 PRO
1257 386 1685 445 DEFENSIONE
1764 389 1933 447 RIUM
1974 388 2287 446 CAPITUL.
2332 392 2441 448 LIB
2477 392 2591 449 ΧΗ.

3405 390 3506 445 850

235 491 336 534 tem
356 497 509 536 suum
538 486 713 554 probet
759 505 1102 565 unusquisque
1122 537 1137 562 ,
1184 510 1232 553 et
1278 511 1400 556 tunc
1451 506 1504 557 in
1553 505 1819 567 semetipso
1846 507 1891 567 Α
1920 507 2237 569 Apostolus:
2275 506 2486 561 Obedite
2521 508 2804 576 pra’positis
2829 506 3027 572 vestris,
3052 518 3099 561 et
3126 508 3381 577 snbjacete
3399 508 3505 561 eis:

232 571 453 641 gloriam
474 573 674 629 habebit
699 589 748 632 et
776 597 874 635 non
903 583 955 637 in
980 587 1143 641 altera
1170 590 1312 659 (Gal.
1356 610 1428 659 vi,
1460 592 1517 663 4)
1547 614 1558 648 ;
1616 596 1664 649 id
1712 607 1814 663 est,

232 670 292 716 ut
313 665 623 720 testimonio
651 684 764 724 suae
801 677 1173 732 conscientiae.
1198 682 1323 737 fidat
1348 727 1362 748 ,
1396 701 1503 739 non
1551 699 1605 740 ut
1634 702 1699 741 eo
1729 704 1818 743 rc-

230 750 361 807 licto
404 755 668 824 glorietur
698 760 752 814 in
798 777 892 818 ore
940 765 1229 824 laudantis.
1282 773 1346 826 Et
1394 777 1574 830 suavis
1602 778 1818 846 quidem

229 843 524 898 assentatio
556 844 765 903 videtur
787 890 803 915 ,
835 852 931 907 sed
958 858 1260 922 perniciose
1302 865 1558 932 recipitur
1593 843 1817 921 :iamara

230 946 360 988 vero
387 949 769 1008 nonnunquam
791 944 991 1001 veritas
1015 989 1029 1015 ,
1060 963 1275 1019 semper
1301 954 1440 1011 bene
1470 964 1648 1013 tamen
1678 958 1819 1014 acci-

229 1026 499 1094 pientibus
530 1032 760 1089 salubris
782 1046 882 1091 est.
916 1037 1004 1093 llla
1032 1041 1304 1099 blanditur
1332 1056 1389 1101 et
1433 1048 1666 1119 decipit,
1702 1051 1818 1106 hac

226 1118 449 1187 castigat
476 1130 531 1173 et
560 1124 797 1191 corrigit.

867 1270 1088 1330 CAPUT
1143 1276 1201 1330 V.

230 1372 507 1435 Conclusio
532 1381 687 1457 totius
710 1387 902 1457 operis,
951 1404 1068 1442 cum
1099 1395 1348 1457 ραι-ωηεδὶ
1377 1398 1446 1450 ad
1466 1397 1821 1457 Iustinianum

464 1460 520 1506 ut
543 1452 819 1509 Theodosii
844 1462 1076 1531 exemplo
1101 1452 1325 1518 errorem
1346 1452 1604 1537 agnoscat.

304 1542 476 1609 Quam
512 1545 559 1599 si
616 1554 861 1604 tenerent
912 1554 1181 1622 magniﬁci
1228 1559 1569 1629 sacerdotes,
1618 1575 1672 1619 et
1716 1581 1821 1621 non

234 1633 359 1691 inde
376 1635 573 1692 vellent
601 1638 815 1708 placere
839 1642 1195 1713 principibus,
1220 1649 1359 1705 unde
1374 1654 1589 1722 parasiti
1609 1655 1824 1713 fallaces

235 1727 463 1783 incautis
512 1731 688 1785 solent
718 1735 962 1802 patronis
985 1736 1247 1807 illudere,
1288 1757 1562 1815 nunquam
1611 1748 1662 1801 in
1689 1764 1821 1804 con-

236 1819 509 1874 tumeliam
558 1836 759 1878 Sancta:
790 1827 981 1896 synodi
1030 1828 1484 1891 Chalcedonensis
1526 1838 1818 1896 dicerent:

241 1930 261 1963 ι
291 1912 346 1967 Si
381 1915 499 1983 quis
522 1914 648 1969 dicit
679 1928 879 1974 rectam
906 1935 1027 1978 esse
1053 1923 1121 1979 ad
1151 1924 1335 1982 Marim
1367 1928 1586 2000 impiam
1618 1936 1823 2004 episto-

232 2005 341 2059 lam
369 2048 383 2073 ,
412 2017 643 2063 auteant
688 2008 957 2079 defendit,
987 2024 1041 2071 et
1068 2032 1175 2072 non
1220 2020 1633 2080 anathematizat
1671 2043 1821 2097 eam,

232 2097 521 2153 anathema
568 2100 670 2168 sit,
709 2121 730 2155 ›
784 2119 959 2175 neque
999 2117 1297 2167 statuerent
1352 2124 1410 2169 ut
1454 2117 1499 2171 si
1550 2121 1669 2189 quis
1717 2137 1821 2176 non

229 2189 651 2246 anathetnatfzat
679 2191 1025 2252 Theodorum
1058 2198 1403 2272 Mopsuestia:
1425 2248 1439 2272 ,
1471 2217 1522 2263 et
1545 2211 1663 2279 ejus
1690 2212 1823 2283 dog-

230 2289 379 2335 mata
409 2323 424 2348 ,
455 2298 655 2354 eosque
685 2284 776 2355 qui
797 2296 890 2343 aut
917 2290 1115 2346 similia
1147 2291 1249 2364 ipsi
1277 2311 1567 2366 sapuerunt
1606 2311 1700 2357 aut
1739 2320 1825 2361 sa-

234 2374 423 2445 piunt,
468 2387 654 2433 essent
692 2380 999 2440 anathema.
1031 2383 1085 2439 In
1114 2401 1254 2455 quo,
1297 2390 1438 2445 sicut
1463 2394 1821 2466 emendimus,

233 2486 345 2523 non
374 2471 544 2525 solum
574 2485 924 2532 memoratam
955 2480 1216 2549 synodum
1248 2480 1744 2544 Chalcedonensem
1769 2500 1822 2546 et

232 2560 659 2631 Antitchcnain,
707 2582 893 2621 verum
940 2571 1101 2626 etiam
1151 2574 1345 2642 prioris
1396 2580 1658 2647 temporis
1701 2599 1822 2652 qua:

228 2651 517 2709 Theodoro
560 2659 977 2717 communicavit
1034 2663 1361 2735 Ecclesiam,
1419 2679 1579 2742 atque
1632 2651 1821 2733 omnes

230 2754 527 2812 pra-sentes
559 2748 608 2802 in
634 2764 860 2821 corpore
891 2752 1089 2811 Christi
1120 2756 1338 2827 ﬁdeles,
1369 2761 1462 2831 qui
1490 2772 1542 2817 et
1569 2764 1821 2835 dogmata

226 2850 285 2893 et
310 2857 502 2895 nomen
534 2841 651 2914 ejus
680 2844 927 2915 ignorant
950 2891 964 2916 ,
1000 2849 1094 2906 sed
1121 2860 1176 2907 et
1203 2863 1419 2910 sanctas
1445 2871 1508 2912 ac
1531 2856 1819 2919 familiares

225 2932 447 2989 Christo
478 2951 734 3005 personas
753 2981 767 3006 ,
797 2940 1052 3011 ipsosque
1080 2948 1352 3016 apostolos
1376 2992 1392 3019 ,
1418 2961 1474 3007 et
1498 2952 1816 3011 catholicam

226 3026 389 3080 fidem
410 3027 513 3083 sub
560 3030 903 3088 anathemate
932 3034 1350 3096 damnaverunt.
1386 3042 1451 3096 Et
1476 3042 1606 3100 hinc
1634 3060 1694 3101 se
1721 3061 1821 3117 pu-

228 3128 344 3171 tant
366 3122 701 3179 excusabiles
724 3164 740 3191 ,
766 3125 910 3195 quod
936 3126 1040 3182 hoc
1073 3143 1179 3184 non
1204 3144 1302 3186 sua
1329 3144 1522 3202 sponte
1551 3135 1813 3207 fecerunt,

217 3211 319 3267 sed
344 3212 573 3270 alienam
606 3215 824 3271 fuerunt
845 3220 1012 3273 secuti
1040 3223 1363 3277 sententiam
1405 3225 1620 3282 :minus
1644 3238 1816 3285 atten-

216 3304 415 3361 dentes
483 3306 626 3373 quod
694 3318 934 3376 pastores
981 3326 1196 3381 gregem
1245 3315 1480 3386 ducere,
1531 3335 1636 3375 non
1685 3337 1815 3392 grex

219 3408 474 3468 pastores
496 3397 707 3454 debeat.
736 3399 887 3457 Unde
917 3419 1017 3459 nec
1036 3419 1189 3462 error
1212 3416 1485 3478 pastorum
1515 3415 1685 3485 gregi,
1720 3417 1815 3472 sed

217 3491 402 3562 gregis
434 3491 772 3560 pastoribus,
805 3494 849 3548 si
879 3509 984 3550 non
1014 3502 1323 3568 arguerint,
1375 3502 1689 3573 imputatur.
1733 3508 1815 3563 Ad

180 3583 563 3638 ilzcchiclcm
608 3583 864 3639 Dominus
895 3586 1023 3643 dicit
1067 3604 1079 3642 :
1128 3589 1234 3645 Fili
1259 3594 1498 3662 hominis,
1532 3597 1821 3666 speculato-

215 3692 333 3731 rem
362 3676 485 3730 ἁμαὶ
510 3686 557 3729 te
587 3678 763 3731 domui
792 3677 978 3747 Israel,
1010 3692 1057 3736 et
1080 3686 1260 3740 audies
1288 3703 1351 3741 ea:
1376 3704 1463 3742 ore
1486 3706 1593 3744 meo
1625 3709 1816 3748 sermo-

215 3784 361 3822 nem.
388 3764 452 3821 In
479 3784 536 3823 eo
560 3785 675 3823 cum
706 3771 883 3826 dixero
910 3778 1184 3842 prccatori,
1211 3776 1470 3847 Morieris,
1499 3793 1542 3836 et
1574 3800 1676 3837 non
1702 3786 1815 3853 [ue-

214 3862 292 3914 ris
319 3860 515 3913 locutus
561 3874 615 3914 ut
643 3874 811 3917 careat
840 3864 1027 3934 impius
1055 3882 1086 3919 a
1128 3868 1209 3921 via
1237 3886 1372 3936 sua;
1404 3873 1491 3926 ille
1531 3876 1733 3941 quidem
1758 3878 1811 3931 in

214 3952 487 4021 iniquitate
503 3969 599 4007 sua
627 3955 889 4022 morietur,
913 3960 1212 4028 sanguinem
1233 3970 1404 4015 autem
1429 3964 1542 4033 ejus
1570 3967 1633 4018 de
1659 3983 1811 4021 manu

213 4053 313 4096 tua
360 4044 635 4113 requiram.
698 4043 774 4099 Tu
821 4058 992 4102 autent
1044 4051 1090 4105 si
1135 4053 1437 4120 pra’dixeris
1477 4056 1633 4126 impio
1678 4061 1810 4114 viam

212 4151 367 4189 suam
406 4134 633 4206 iniquam
658 4177 675 4203 ,
706 4147 752 4192 et
782 4154 885 4192 non
913 4151 1174 4196 avertatur
1215 4143 1278 4197 ab
1323 4161 1382 4200 ea
1414 4147 1464 4211 ¹;
1491 4148 1578 4202 ille
1607 4150 1811 4220 quidem

213 4227 279 4281 in.
298 4226 569 4297 iniquitate
596 4245 691 4283 sua
728 4231 998 4300 morietur,
1027 4244 1076 4288 ct
1123 4244 1179 4289 tu
1217 4237 1441 4293 animam
1495 4250 1636 4296 tuam
1683 4243 1809 4296 libe-

211 4317 592 4389 rabis(l:‘zeclt.
621 4335 708 4386 tu,
745 4321 978 4393 17-19).
1025 4324 1105 4379 Ad
1166 4326 1305 4383 hanc
1360 4340 1540 4385 autem
1586 4335 1804 4388 domum

216 4409 382 4464 Israel
411 4420 617 4466 certum
648 4422 732 4468 est
759 4413 919 4470 etiam
944 4415 1211 4487 principes
1236 4420 1412 4489 pepuli
1442 4423 1731 4490 pertinere,
1752 4434 1809 4480 et.

209 4499 348 4570 ipsis
378 4518 592 4573 quoque
633 4506 1001 4575 speculatores
1029 4521 1153 4562 esse
1182 4512 1496 4579 propositos
1531 4530 1544 4565 :
1576 4527 1803 4582 quorum

207 4594 401 4662 culpas
427 4595 470 4647 si
517 4610 615 4665 pro
656 4596 1026 4667 acceptationc
1057 4613 1406 4667 personarum
1439 4600 1806 4659 dissimulave—

208 4690 321 4744 riut
350 4686 698 4754 sacerdotes,
745 4688 873 4756 ipsis
918 4690 1104 4758 procul
1147 4691 1312 4746 dubio
1360 4702 1611 4763 tanquam
1656 4697 1807 4751 cohi-

202 4776 463 4834 bentibus
511 4779 870 4833 ascribe:tur.
925 4782 1078 4846 Quod
1121 4782 1166 4835 si
1214 4791 1267 4837 et
1298 4784 1626 4840 concedatur
1663 4787 1806 4855 quod

201 4867 289 4926 eis
321 4883 428 4922 non
459 4868 624 4923 fuerit
654 4871 864 4925 vetandi
901 4871 1160 4939 facultas,
1209 4875 1330 4944 quis
1358 4876 1620 4931 concedat
1663 4879 1804 4947 quod

200 4960 287 5015 eis
318 4958 551 5014 defuerit
577 4959 775 5015 vitandi
803 4965 1087 5031 potestas?
1137 4973 1300 5033 atque
1347 4964 1467 5020 ideo
1497 4966 1579 5020 vel
1620 4969 1665 5021 si
1698 4983 1802 5023 non

203 5061 501 5122 potuerunt
543 5051 658 5108 hate
691 5052 975 5122 prohibere
1025 5070 1094 5111 ne
1127 5056 1346 5120 fierent,
1380 5065 1671 5125 potuerunt
1701 5061 1805 5114 sal-

200 5152 310 5199 tem
339 5145 612 5200 dcciinatc
636 5161 702 5200 ne
728 5146 984 5201 facerent.
1007 5149 1115 5202 (Zur
1138 5157 1317 5202 autem
1345 5150 1618 5216 sacerdos,
1644 5151 1800 5220 cujus

195 5247 283 5291 est
310 5236 492 5307 populi
518 5248 733 5309 peccata
760 5249 992 5307 portare,
1013 5242 1162 5296 oneri
1191 5256 1290 5298 suo
1316 5256 1421 5298 non
1444 5243 1709 5308 consulat,
1740 5253 1803 5298 ut

194 5343 418 5385 omnem
450 5343 545 5399 pro
591 5330 748 5399 cujus
778 5332 1010 5401 peccatis
1039 5332 1196 5389 offert
1241 5334 1569 5390 sacrificium
1618 5335 1802 5403 prohi-

194 5420 369 5477 beata
394 5423 648 5489 peccato?
671 5423 943 5493 Scriptum
966 5439 1045 5480 ρει
1080 5427 1220 5481 enim
1252 5444 1264 5479 :
1291 5426 1357 5480 Et
1372 5426 1594 5497 portabit
1631 5428 1803 5482 Aaron

184 5506 395 5576 judicia
424 5510 653 5577 ﬁliorum
683 5508 851 5565 Israel
883 5511 1080 5581 (Exod.
1124 5529 1311 5577 xxvm,
1353 5514 1466 5584 ‘29).
1492 5512 1545 5568 In
1578 5529 1686 5582 quo
1716 5514 1796 5568 iu-

193 5599 486 5668 teliiginms
514 5602 637 5669 quia
677 5619 774 5671 pro
802 5604 1036 5673 peccatis
1061 5606 1242 5673 populi
1264 5605 1571 5660 sacerdotes
1588 5604 1797 5674 judica-

194 5692 416 5747 buntnr.
455 5694 603 5749 Unde
641 5706 695 5750 et
724 5695 854 5750 iilud
888 5695 1027 5765 quod
1086 5712 1242 5766 supra
1280 5699 1693 5752 memoravimus
1719 5698 1792 5751 ait

264 5926 282 5960 ⁸
310 5924 388 5982 Co
410 5928 444 5981 l.
481 5928 768 5989 Vcrnn..et
803 5946 899 5983 non
933 5946 1137 5983 aversus
1168 5929 1268 5996 fuci
1284 5930 1318 5981 it
1355 5931 1417 5984 ab
1444 5944 1521 5981 ra.

1922 601 2022 668 ipsi
2054 600 2187 652 enim
2211 598 2524 668 pervigilant.
2543 615 2689 669 quasi
2723 601 2968 651 rationem
2996 598 3247 651 reddituri
3277 615 3369 663 pro
3396 598 3510 649 ani-

1923 695 2100 745 mubns
2124 693 2303 747 vestris
2347 691 2535 761 (Hebr.
2587 707 2700 756 sui,
2756 693 2867 758 l7).
2904 691 3035 745 llinc
3068 692 3259 745 iterum
3303 691 3506 745 dictum

1923 794 2039 838 est:
2070 784 2135 839 Et
2159 786 2379 853 portabit
2409 786 2579 838 Aaron
2624 795 2828 854 peccata
2868 800 3044 838 eorum
3074 784 3271 854 (Exod.
3315 799 3512 842 xxvm,

1925 879 2038 939 58).
2072 882 2438 950 Quapmpter,
2470 881 2514 935 si
2550 882 2815 951 principes
2862 897 2965 936 non
2993 880 3151 935 alieni
3179 891 3303 935 sunt
3330 895 3358 934 a
3407 895 3506 949 pos

1926 973 2052 1041 pulo
2077 972 2189 1038 Dei,
2222 982 2276 1028 et
2308 987 2403 1042 pro
2447 974 2579 1039 ipsis
2622 988 2834 1043 quoque
2879 974 3101 1029 offertur
3144 972 3463 1027 sacriﬁcium
3488 1019 3501 1039 ,

1924 1068 2233 1121 sacerdotes
2272 1067 2432 1121 etiam
2483 1067 2719 1135 ipsorum
2767 1076 2983 1135 peccata
3031 1074 3244 1136 portent
3286 1080 3512 1121 necesse

1927 1168 2025 1211 est.
2061 1157 2127 1211 Et
2150 1158 2272 1212 ideo
2294 1173 2391 1212 nec
2417 1159 2703 1213 temeritati
2732 1172 2832 1213 nec
2854 1156 3170 1227 arrogantire
3196 1156 3508 1225 deputetur,

1925 1250 1970 1302 si
1999 1249 2249 1302 sacerdos
2291 1249 2453 1302 etiam
2485 1248 2775 1318 principem
2806 1262 3029 1316 peccare
3073 1246 3371 1316 prohibeat.
3405 1246 3513 1299 llu-

1927 1356 2116 1395 manus
2144 1342 2287 1395 enim
2312 1354 2491 1395 sermo
2519 1350 2598 1395 est
2629 1350 2682 1395 et
2708 1341 2852 1395 omni
2882 1339 3192 1409 acceptione
3217 1340 3407 1409 dignus
3433 1339 3511 1393 di-

1926 1432 2097 1487 centis
2133 1447 2148 1484 :
2178 1431 2292 1486 Non
2321 1444 2575 1499 aggravcs
2621 1444 2757 1485 onus
2796 1444 2975 1486 meum
3005 1434 3145 1498 quod
3178 1428 3389 1497 suscepi
3419 1444 3514 1497 pro

1927 1534 2013 1576 tua
2037 1522 2211 1578 salute
2240 1522 2577 1591 portandum.
2608 1521 2725 1576 Non
2755 1523 2897 1577 enim
2929 1530 3011 1577 est
3055 1522 3199 1577 aliud
3230 1536 3353 1575 cum
3385 1520 3513 1574 dicit

1925 1613 2175 1682 cuiquam
2225 1614 2517 1681 sacerdos,
2594 1614 2711 1669 Noli
2766 1612 3019 1684 peccare,
3063 1627 3223 1683 quam
3252 1611 3298 1666 si
3344 1611 3507 1669 dicet.

1925 1706 2203 1762 Sareinam
2250 1722 2411 1777 quam
2457 1721 2555 1776 pro
2603 1713 2655 1761 te
2695 1706 2935 1761 sustineo
2976 1705 3086 1761 noli
3137 1717 3383 1775 gravare.
3436 1704 3515 1757 Ac

1926 1813 2021 1869 per
2034 1800 2133 1854 hoc
2147 1800 2190 1854 si
2208 1800 2451 1869 princeps
2464 1813 2675 1869 quoque
2690 1814 2784 1869 pro
2797 1799 2911 1854 suis
2935 1798 3165 1867 peccatis
3190 1797 3515 1851 intercesso-

1859 1888 1902 1949 B
1933 1905 2046 1945 rem
2075 1892 2191 1945 vult
2237 1891 2432 1945 habere
2462 1891 2833 1957 sacerdotem,
2865 1891 3025 1947 etiam
3056 1890 3110 1945 in
3139 1888 3255 1944 suis
3285 1890 3517 1957 peccatis

1930 1985 2309 2054 castigatorem
2340 1982 2484 2039 ferre
2510 1998 2617 2038 non
2648 1984 2986 2054 dedignatur,
3018 1992 3078 2037 ut
3104 1996 3201 2052 pro
3230 1979 3323 2035 illo
3351 1980 3511 2035 inter-

1929 2076 2127 2131 cedeus
2159 2077 2329 2144 possit
2359 2075 2534 2130 audiri
2567 2094 2578 2128 ε
2613 2090 2679 2130 ne
2707 2075 2915 2130 dicatur
2930 2075 2978 2130 ei
3000 2075 3142 2144 quod
3171 2072 3413 2128 Jeremiae
3435 2070 3515 2124 di«

1927 2177 2071 2222 ctum
2104 2177 2224 2223 est:
2257 2167 2383 2221 Noli
2415 2183 2562 2221 orare
2591 2183 2683 2237 pro
2725 2166 2919 2235 populo
2958 2167 3082 2229 hoc,
3116 2174 3164 2219 et
3194 2180 3257 2219 ne
3276 2164 3511 2234 postula-

1930 2262 2055 2315 veris
2096 2262 2329 2316 misereri
2357 2261 2521 2327 illius,
2557 2269 2606 2314 et
2645 2277 2745 2314 non
2775 2260 3046 2314 accesseris
3071 2260 3140 2313 ad
3171 2274 3251 2312 me
3288 2273 3382 2326 pro
3408 2259 3477 2309 eis
3498 2295 3512 2319 ,

1927 2353 2049 2421 quia
2080 2368 2180 2405 non
2211 2351 2487 2404 exaudiam
2515 2362 2563 2404 te
2591 2349 2748 2418 (Jer.,
2780 2366 2850 2404 vn
2879 2392 2893 2414 ,
2936 2350 3047 2420 l6).
3085 2349 3236 2414 Quod
3268 2358 3513 2403 metuens

1928 2442 2098 2496 beatae
2146 2439 2532 2496 recordationis
2585 2440 2756 2510 major
2802 2438 3138 2494 Theodosius
3178 2438 3508 2508 imperator,

1925 2534 2081 2601 cujus
2126 2546 2340 2602 semper
2398 2530 2763 2586 memorabilis
2792 2530 2894 2585 crit
2940 2531 2993 2584 in
3045 2529 3280 2585 Ecclesia
3311 2527 3512 2582 Christi

1926 2629 2182 2683 memoria
2204 2669 2218 2693 ,
2243 2639 2545 2698 quanquam
2570 2640 2713 2693 saepe
2736 2625 2803 2679 de
2824 2637 3134 2693 magnorum
3162 2622 3509 2676 barbarorum

1927 2720 2126 2789 praeliis
2166 2727 2221 2773 et
2247 2718 2319 2773 de
2362 2718 2715 2772 maximorum
2748 2726 3095 2787 tyrannorum
3143 2713 3509 2781 triumphave-

1924 2816 2013 2883 rit,
2051 2830 2157 2870 non
2188 2821 2363 2868 tamen
2391 2828 2456 2868 ex
2487 2810 2860 2882 hujuscemodi
2889 2809 3235 2865 victoriarum
3261 2806 3511 2877 frequen-

1925 2908 2028 2977 tia,
2079 2908 2131 2963 in
2182 2906 2377 2979 quibus
2402 2906 2674 2978 Trojano,
2722 2906 2832 2960 lilio
2873 2905 3168 2975 gehennaz,
3212 2902 3509 2973 comparari

1924 3015 2028 3056 non
2057 3008 2256 3070 potest,
2282 3014 2462 3055 veram
2492 2997 2687 3054 meruit
2711 2997 2975 3068 gloriam;
2998 2997 3092 3053 sed
3115 2998 3191 3052 de
3211 2996 3434 3066 supplici
3458 3004 3508 3051 et

1924 3092 2132 3161 publica
2179 3091 2384 3160 peccati
2412 3091 2494 3145 sui
2523 3090 2839 3159 paenitentia
2859 3129 2875 3154 ,
2911 3101 3070 3156 quam
3102 3099 3404 3159 expugnato
3427 3101 3510 3140 re—

1920 3184 2025 3253 gali
2059 3183 2272 3252 fastigio
2303 3183 2511 3253 placide
2535 3193 2696 3250 atque
2727 3182 3005 3236 humiliter
3023 3180 3257 3236 antistite
3287 3179 3508 3234 Ambro-

1845 3269 1892 3333 C
1925 3275 2004 3330 sio
2033 3276 2328 3344 castigante
2356 3274 2623 3343 suscepit,
2658 3284 2713 3327 ct
2740 3274 2997 3328 indictum
3028 3272 3128 3328 sibi
3172 3273 3367 3329 debita)
3412 3288 3510 3326 sa-

1922 3367 2241 3425 tisfactionis
2272 3380 2482 3437 tempus
2520 3368 2589 3422 ab
2632 3367 2888 3423 Ecclesia;
2913 3366 3289 3423 communione
3335 3380 3508 3421 remo-

1921 3471 2007 3515 tus
2037 3460 2297 3530 implevit.
2330 3458 2421 3515 l’ie
2457 3459 2746 3514 admodum
2775 3458 3003 3514 credens
3026 3470 3080 3515 et
3124 3460 3393 3528 sapienter
3421 3459 3506 3513 in-

1921 3552 2207 3623 telligens,
2265 3552 2409 3621 quod
2461 3565 2567 3605 non
2624 3566 2687 3605 ex
2742 3551 3025 3621 temporali
3082 3558 3348 3619 potestate
3403 3566 3505 3620 qua

1918 3645 2091 3699 fuerat
2122 3644 2282 3699 etiam
2310 3643 2683 3699 sacerdotibus
2712 3645 2805 3699 Dei
2839 3647 3158 3716 prmpositus
3183 3690 3198 3715 ,
3231 3649 3323 3703 sed
3354 3664 3417 3703 ex
3440 3664 3505 3705 eo

1918 3736 2205 3805 pervenire
2229 3745 2410 3805 posset
2454 3738 2520 3792 ad
2568 3738 2754 3804 vitam,
2785 3740 2928 3808 quod
2971 3739 3075 3795 illis
3102 3752 3210 3796 erat
3238 3742 3349 3811 ipse
3380 3743 3505 3798 sub-

1912 3827 2110 3898 jectus.
2144 3828 2297 3883 Unde
2326 3828 2653 3884 credendum
2704 3841 2785 3886 est
2828 3833 2953 3902 quia
2984 3832 3030 3887 si
3060 3849 3203 3889 nunc
3230 3834 3371 3890 Deus
3408 3837 3505 3890 ali-

1914 3933 2074 3989 quem
2102 3919 2451 3975 Ambrosium
2491 3922 2807 3989 suscitaret,
2839 3924 3002 3979 etiam
3034 3925 3370 3983 Theodosius
3400 3944 3503 3984 non

1916 4011 2156 4068 deesset.
2198 4012 2303 4067 Sed
2329 4027 2451 4068 cum
2501 4016 2674 4070 minor
2694 4026 2776 4071 est
2805 4015 3050 4087 exigendi
3085 4018 3299 4088 fiducia,
3332 4022 3503 4076 minor

1915 4113 1969 4159 et
1997 4104 2257 4161 reddendi
2298 4105 2535 4164 develio.
2579 4108 2695 4165 Non
2728 4120 2810 4167 est
2837 4122 3014 4169 autem
3045 4130 3269 4186 magnus
3298 4128 3504 4174 amator

1917 4199 2189 4269 veritatis,
2234 4200 2321 4255 cui
2352 4216 2471 4257 eam
2524 4219 2770 4272 persona:
2819 4210 3159 4266 commendat
3188 4217 3501 4271 auctoritas.

1914 4288 2023 4345 Sed
2073 4292 2327 4361 quoniam
2376 4294 2442 4349 ad
2484 4295 2616 4351 illud
2662 4313 2769 4369 quo
2818 4299 2959 4371 longi
3008 4309 3274 4363 sermonis
3300 4313 3501 4369 ambitu

1888 4382 2268 4439 tendebamus
2314 4385 2603 4455 aliquando
2652 4404 2969 4461 perventum
3001 4408 3104 4468 est,
3158 4402 3383 4458 obsecro
3415 4414 3501 4473 te,

1912 4476 2335 4533 clementissime
2385 4478 2706 4551 imperator,
2768 4502 2865 4557 per
2932 4495 3394 4552 mansuetudinem
3450 4513 3506 4555 et

1912 4567 2230 4623 modeSIiam
2254 4568 2490 4641 Christi,
2516 4584 2575 4628 ut
2598 4573 2874 4647 indignum
2907 4596 2992 4635 me
3020 4598 3124 4637 non
3167 4584 3384 4657 indigne
3416 4604 3505 4645 ac-

1836 4658 1886 4716 D
1913 4660 2079 4728 cipias
2101 4676 2275 4732 neque
2304 4679 2546 4733 spernas.
2597 4667 2729 4722 Nam
2759 4671 2803 4726 si
2835 4687 2958 4727 vera
2998 4684 3127 4729 sunt
3170 4692 3290 4746 qua:
3318 4679 3503 4737 dicun~

1911 4760 2029 4815 tur,
2054 4766 2161 4806 non
2188 4754 2310 4807 ideo
2349 4755 2548 4811 debent
2575 4758 2764 4830 abjici,
2788 4762 2929 4832 quod
2961 4779 3023 4818 ea
3067 4767 3219 4824 vobis
3257 4771 3502 4840 abiectus

1908 4845 2162 4901 insinuat.
2194 4847 2334 4915 Quid
2363 4851 2504 4905 enim
2534 4859 2624 4905 tua
2655 4852 2878 4909 interest
2909 4872 3003 4926 per
3029 4858 3184 4929 cujus
3214 4877 3275 4918 os
3307 4865 3399 4920 tibi
3424 4866 3501 4921 ιο·

1907 4950 2106 5010 quatur
2142 4944 2372 5009 veritas,
2422 4961 2543 5015 quae
2592 4947 2882 5019 aliquando
2912 4951 3071 5006 etiam
3106 4970 3201 5024 per
3226 4971 3287 5012 os
3332 4959 3499 5015 asinat

1907 5032 2053 5102 loqui
2102 5034 2317 5105 dignata
2363 5039 2487 5091 est?
2539 5039 2692 5106 Quod
2728 5041 2775 5095 si
2823 5041 3030 5099 Nathan
3066 5048 3321 5118 propheta
3353 5068 3496 5123 quar-

1906 5127 2105 5183 rendus
2164 5129 2407 5185 videatur
2459 5135 2669 5202 quoties
2717 5136 2966 5208 princeps
3019 5140 3350 5213 deliquerit,
3406 5148 3498 5204 ubi

1905 5235 2049 5273 nunc
2081 5220 2416 5276 inveniemus
2447 5224 2653 5279 Nathan
2674 5267 2689 5293 ,
2723 5238 2778 5281 ut
2808 5229 3057 5300 princeps
3101 5236 3250 5304 argui
3283 5240 3490 5305 possit,

1903 5327 2065 5382 quem
2099 5329 2349 5382 peccasse
2395 5328 2604 5372 certum
2656 5330 2737 5374 est
2785 5331 2843 5374 ut
2890 5322 3096 5379 David?
3151 5326 3216 5382 Et
3254 5329 3374 5385 ideo
3405 5331 3493 5398 qui

1907 5406 2148 5473 peccavit
2176 5423 2281 5461 non
2314 5408 2541 5465 alterum
2572 5409 2780 5466 Nathan
2811 5426 3049 5483 quaerat,
3080 5420 3332 5486 quoniam
3366 5431 3494 5488 puto

1905 5496 2049 5567 quod
2081 5513 2180 5554 nec
2204 5498 2320 5569 ipse
2350 5513 2641 5570 prazsumat
2665 5505 2871 5561 meritis
2901 5522 2959 5562 se
2988 5524 3298 5576 comparare
3320 5512 3489 5565 sant-ti

1906 5590 2095 5646 David.
2126 5591 2400 5662 Siquidem
2428 5612 2531 5652 non
2558 5613 2723 5668 regno
2750 5606 2956 5652 tantum
2984 5641 2998 5664 ,
3024 5599 3115 5653 sed
3144 5600 3191 5653 in
3218 5600 3328 5668 ipsa
3358 5619 3491 5671 quo-

1904 5702 2006 5755 que
2030 5688 2306 5755 prophetia
2330 5690 2483 5759 cujus
2509 5690 2848 5745 sclununodo
2872 5690 3095 5745 habebat
3119 5704 3487 5750 auctoritatem
