3978 6350
544 376 640 447 εει

1612 376 1909 447 FACL‘ND!
1944 385 2159 445 EPISC.
2202 378 2728 445 fiERMlANENSlS‘

3734 381 3846 451 sse

553 498 758 561 Nathan
778 547 795 569 ,
826 505 993 559 multo
1018 496 1187 559 fuerat
1217 501 1569 560 excellentior
1598 519 1689 558 rex
1742 504 1925 556 Daiid.
1956 502 2020 556 Et
2049 497 2136 553 ille
2168 502 2211 554 Α
2244 496 2395 551 rillus
2419 499 2670 565 accedat,
2695 500 2785 569 qui
2814 499 2934 569 ejus
2962 500 3180 558 decreto
3207 504 3574 572 consentiens,
3595 510 3658 563 et
3677 505 3843 562 sintul

548 602 897 655 Vehementer
928 603 1209 668 increpans
1233 599 1813 667 peceatumyrodebat‘
1838 600 2136 661 occultum;

547 700 648 745 nos
672 700 848 745 autem
883 692 983 745 hoc
1009 693 1285 761 supplices
1316 691 1547 761 petimus
1578 689 1876 753 emendari,
1906 692 2045 759 quod
2095 689 2139 744 si

550 784 777 837 velimus
801 784 979 838 celare
1001 800 1103 839 non
1138 799 1423 853 possumus
1438 826 1451 848 ,
1474 797 1573 839 nec
1593 796 1981 852 exaggeramus
1998 784 2140 851 quod

550 893 657 931 non
692 878 741 930 in
765 879 962 933 mullos
995 889 1268 947 peceatum
1286 887 1386 933 est.
1417 878 1483 932 Et
1515 894 1619 932 non
1652 879 1758 931 tale
1778 877 1979 947 aliquid
2010 878 2141 945 peti-

549 985 672 1024 mus
702 973 934 1040 corrigi,
964 974 1123 1035 quale
1155 971 1254 1026 fuit
1284 972 1424 1041 quod
1457 971 2015 1025 excommunicatione
2054 970 2141 1023 ul-

546 1062 860 1117 ciscebatur
906 1062 1245 1118 Ambrosius.
1300 1063 1430 1117 Illud
1464 1064 1606 1117 enim
1630 1102 1648 1129 ,
1702 1064 1948 1129 quamvis
1979 1061 2144 1116 fuerit

544 1154 691 1207 male
720 1164 955 1221 gestum,
996 1154 1259 1209 creditum
1314 1164 1492 1208 tamen
1519 1163 1639 1208 erat
1668 1152 1957 1207 Theodosii
1990 1164 2140 1221 pote-

553 1247 700 1300 stati.
740 1246 895 1313 Quod
940 1256 1118 1303 autem
1166 1261 1312 1302 nunc
1360 1247 1559 1301 factum
1593 1255 1696 1309 est,
1728 1246 1808 1301 vel
1839 1246 1883 1301 si
1933 1256 2140 1299 rectum

546 1336 757 1405 fuisset,
789 1351 936 1396 recte
964 1356 1069 1395 non
1100 1339 1259 1395 fieret
1291 1357 1305 1394 :
1338 1340 1461 1410 quia
1511 1339 1645 1393 nulli
1672 1353 1855 1408 regum
1890 1338 2016 1392 hinc
2044 1339 2145 1392 ali-

546 1432 675 1497 quid
700 1448 895 1501 agere,
926 1433 1021 1487 sed
1048 1433 1178 1487 solis
1210 1432 1679 1489 estsaeerdntibus
1711 1432 1916 1485 datum.
1944 1428 2143 1485 Verum

545 1525 628 1578 sic
688 1539 904 1592 quoque
947 1538 1292 1594 prtecavens,
1338 1539 1404 1579 ne
1433 1524 1622 1579 videar
1663 1538 1992 1589 mensuram,
2037 1538 2142 1577 non

548 1617 766 1684 quidem
798 1618 984 1687 ofﬁcii,
1034 1616 1127 1673 sed
1162 1617 1340 1671 meriti
1389 1619 1492 1671 mei
1550 1626 1959 1686 transgressus,
2011 1615 2144 1669 nihil

549 1709 677 1764 hinc
701 1720 973 1776 imputare
1019 1723 1363 1780 praesumam.
1410 1708 1527 1765 Hoc
1571 1718 1777 1762 tantum
1828 1708 2146 1777 simpliciter

553 1815 705 1870 rogo.
739 1810 799 1855 ut
836 1801 956 1856 illos
987 1802 1133 1870 ipsos
1158 1817 1294 1871 quos
1322 1802 1374 1855 in
1407 1802 1508 1855 isto
1534 1801 1755 1855 decreto
1786 1800 1987 1854 novitio
2014 1814 2145 1867 pro-

2248 590 2539 658 probihcns
2580 593 2828 667 quzedam
2867 592 3146 648 Theodori
3192 595 3335 650 dicta
3378 597 3677 665 redargui,
3707 599 3844 653 dixit

2246 684 2389 751 quod
2415 684 2757 740 occasionem
2783 688 3021 742 facerent
3046 690 3317 744 contrario
3333 691 3568 757 dogmati
3591 731 3607 757 ,
3632 707 3747 760 quo
3768 701 3842 745 te-

2246 777 2514 830 nebantur
2543 779 2596 831 hi
2627 778 2718 845 qui
2765 792 2883 837 eam
2915 779 3265 834 condemnari
3299 782 3571 836 volebant.
3604 783 3842 837 Accedat

2245 870 2407 925 etiam
2441 872 2629 926 beatus
2669 873 2892 927 i‘roelus
2922 874 3580 942 Constantinopolitauus,
3609 878 3708 945 qui
3738 892 3840 931 non

2245 963 2422 1018 solum
2480 966 2676 1031 pari!er
2721 967 2889 1020 vetuit
2926 966 3163 1021 abdicari
3212 967 3555 1022 Theodorum
3583 1011 3597 1034 ,
3652 985 3839 1024 verum

2247 1056 2409 1112 etiam
2444 1066 2671 1113 testatus
2699 1068 2784 1113 est
2831 1059 2974 1129 quod
3004 1074 3129 1114 eum
3179 1072 3279 1116 nec
3330 1064 3509 1117 vicum
3553 1064 3842 1133 aliquando

2246 1148 2563 1217 eulpaverit.
2598 1149 2834 1204 Accedat
2861 1153 3019 1206 etiam
3071 1154 3397 1207 venerabilis
3443 1155 3686 1210 Domnns
3732 1157 3840 1210 An.

2248 1239 2559 1302 tiochcuus,
2604 1240 2697 1310 qui
2742 1242 2828 1296 sui
2887 1242 3191 1297 decessoris
3234 1242 3457 1299 Joannis
3505 1247 3841 1319 aliorumque

2251 1332 2667 1398 pra‘cedeutium
2701 1334 3029 1401 collegarum
3060 1337 3377 1390 sententiam
3426 1346 3649 1403 tenens,
3684 1341 3840 1411 Euly-

2246 1423 2336 1478 chi
2386 1423 2692 1493 Apotinaris
2749 1425 3126 1482 hmresiarehat
3200 1428 3528 1497 impietatem
3580 1447 3839 1488 renovare

2251 1519 2509 1578 teutanti.
2537 1527 2589 1573 et
2619 1518 2687 1572 ob
2718 1519 2819 1573 hoc
2848 1520 3135 1575 Diodorum
3160 1534 3321 1591 atque
3343 1519 3690 1578 Theodorum
3716 1540 3836 1577 ana-

2252 1610 2598 1664 lhematizare
2624 1614 3002 1680 prresumeuti,
3038 1613 3247 1681 primus
3278 1616 3465 1668 rest'tit
3491 1617 3555 1667 ad
3602 1616 3839 1682 impera-

2250 1712 2422 1755 torem
2456 1701 2819 1756 Theodosium
2851 1702 3112 1757 scribens.
3145 1696 3350 1769 Quibus
3372 1704 3624 1758 omnibus
3650 1748 3667 1770 ,
3700 1717 3757 1758 ut
3780 1708 3841 1758 de

2249 1808 2479 1864 persona
2508 1792 2778 1848 Theodori
2805 1794 3243 1862 pra'judicaretur
3266 1794 3699 1849 Chalcedonensi
3720 1810 3839 1848 cou-

549 1896 795 1949 bavimus
843 1910 964 1951 esse
1010 1896 1326 1960 damnatos,
1392 1895 1536 1950 fideli
1586 1905 1767 1950 mente
1815 1894 2142 1949 consideres.
2176 1892 2224 1953 Β
2252 1886 2395 1951 εῖΙίο,
2428 1900 2581 1953 33mm
2630 1885 2916 1939 amnicum
2948 1886 3149 1940 dictum
3197 1894 3309 1953 cst,
3342 1886 3483 1957 quod
3532 1902 3633 1941 suo
3664 1902 3840 1941 exem-

550 1981 816 2053 lmpritnis
847 1986 1153 2053 Philippum
1176 1996 1231 2041 et
1258 1987 1519 2041 Thomam
1570 1984 1765 2040 Christi
1797 1986 2090 2055 discipulos
2122 2026 2138 2050 ,

549 2078 641 2143 qui
671 2078 741 2131 ob
768 2079 871 2134 hoc
895 2080 1182 2134 anathema
1216 2078 1337 2134 facti
1388 2088 1514 2134 sunt
1554 2078 1697 2149 quod
1730 2078 2018 2147 aliquando
2066 2078 2145 2132 his

551 2182 674 2238 qua
706 2170 903 2224 dicitur
930 2172 1177 2239 sapuisse
1214 2170 1535 2226 Theodorus
1581 2170 1775 2225 similia
1831 2178 2146 2239 sapuerunt.

561 2262 764 2315 Deinde
794 2271 1009 2318 sanctos
1031 2262 1218 2317 Patres
1244 2262 1335 2332 qui
1363 2262 1706 2317 Chalcedona
1749 2269 2145 2328 convenerant,

552 2364 602 2405 et
636 2354 920 2419 epistolam
973 2354 1077 2407 lbze
1124 2354 1547 2409 reverentissimi
1580 2354 1819 2422 episcopi
1852 2368 1946 2421 per
1994 2368 2145 2408 suam

551 2445 876 2499 sententiam
907 2454 1107 2499 rectam
1131 2457 1254 2499 esse
1278 2444 1565 2507 dixerunt;
1600 2459 1699 2499 nec
1730 2446 2149 2499 anathematiza-

558 2545 755 2588 werunt
794 2535 1139 2590 Theodorum
1186 2534 1555 2604 Mopsuestim,
1586 2551 1709 2591 eum
1735 2552 1799 2591 ex
1844 2552 1904 2590 ea
1936 2535 2149 2590 recitari

550 2624 741 2680 laudes
790 2627 908 2691 eius
956 2629 1206 2683 audirent
1256 2642 1270 2681 :
1320 2630 1540 2698 insuper
1587 2636 1642 2683 et
1692 2629 1976 2696 epiStolam
2009 2627 2150 2682 beati

554 2713 751 2770 Leonis
783 2716 990 2770 illarum
1042 2716 1391 2786 epistolarum
1421 2718 1671 2787 exemplo
1720 2720 1807 2773 vel
1840 2720 2149 2773 testimonio

554 2805 949 2869 defenderunt,
974 2807 1025 2860 in
1056 2806 1252 2875 quibus
1282 2816 1336 2860 et
1354 2806 1611 2862 defensus
1630 2818 1711 2861 est
1733 2807 1873 2862 idem
1902 2810 2151 2863 Theodo-

553 2914 647 2952 rus
673 2907 729 2953 et
770 2898 1041 2953 laudatus.
1082 2898 1323 2964 Quorum
1358 2898 1743 2953 venerabilium
1792 2898 2009 2953 Patrum
2042 2901 2148 2970 pri-

555 3004 702 3045 mum
746 2999 1103 3045 memoratum
1139 2990 1374 3045 Leonem
1420 2988 1600 3043 animo
1628 2991 1994 3058 contemplare
2016 3033 2030 3056 ,
2058 2994 2145 3060 qui

558 3086 781 3153 propter
810 3082 952 3153 quod
985 3081 1297 3151 approbatis
1318 3080 1487 3150 gestis
1512 3081 1756 3151 ejusdem
1784 3082 1991 3136 concilii
2014 3098 2149 3152 pra:-

558 3180 757 3233 dictam
808 3190 914 3231 non
959 3176 1432 3230 analhematizavit
1489 3175 1808 3243 epistolam,
1855 3189 1977 3229 cum
2032 3177 2148 3244 ipso

2252 1976 2360 2045 plo,
2393 1976 2509 2031 sive
2540 1976 2879 2047 te'stimonio,
2930 1977 3015 2033 vei
3060 1977 3278 2033 decreto
3333 1978 3734 2048 prohibuerunt
3780 1996 3841 2034 ne

2250 2079 2345 2125 aut
2383 2071 2482 2140 ipsi
2548 2083 2640 2124 aut
2691 2071 3031 2139 dogmatibus
3061 2070 3178 2140 ejus
3226 2070 3513 2125 anathema
3545 2072 3839 2126 diceretur.

2250 2166 2358 2220 Sed
2383 2168 2532 2219 ’eece
2563 2180 2660 2218 nos
2689 2206 2704 2228 ,
2737 2166 2984 2234 religiose
3031 2165 3324 2233 imperator
3346 2207 3364 2234 ,
3397 2180 3731 2234 quocunque
3761 2167 3838 2218 ni-

2251 2273 2314 2313 su
2371 2266 2449 2311 tot
2492 2268 2709 2311 sanctas
2760 2259 3188 2327 reverendasque
3222 2272 3478 2326 personas
3511 2259 3564 2311 in
3618 2273 3840 2324 constre-

2251 2360 2394 2405 etum
2421 2361 2525 2405 tuae
2556 2351 2753 2405 mentis
2783 2349 3107 2405 adduximus
3135 2366 3147 2401 :
3177 2350 3299 2419 quis
3327 2349 3506 2412 dabit,
3542 2360 3601 2404 ut
3630 2356 3687 2403 tu
3715 2366 3840 2418 qun—

2252 2443 2728 2508 qu-eousideraus
2771 2442 2914 2512 quod
2965 2455 3028 2496 ex
3058 2442 3178 2496 illis
3225 2442 3334 2496 sint
3382 2442 3468 2496 isti
3500 2442 3837 2495 condemnati

2251 2536 2340 2603 qui
2376 2537 2427 2587 iu
2478 2534 2886 2603 regeneratione
2916 2538 3177 2597 iustorum
3205 2574 3220 2599 ,
3269 2548 3391 2588 cum
3439 2534 3649 2588 sederit
3683 2534 3838 2588 Filius

2254 2628 2488 2680 hominis
2516 2628 2567 2680 in
2598 2628 2727 2681 sede
2757 2627 3053 2695 maiestatis
3082 2638 3215 2689 sum,
3248 2628 3508 2681 scdebunt
3536 2636 3589 2681 et
3623 2629 3721 2694 ipsi
3750 2644 3838 2681 su-

2255 2736 2349 2789 per
2395 2721 2556 2775 sedes
2609 2720 2893 2775 duodecim
2959 2720 3263 2791 judicautes
3328 2719 3615 2774 duodecim
3677 2721 3845 2773 tribus

2252 2812 2446 2880 israel,
2498 2812 2602 2866 illis
2652 2810 2822 2866 oettiis
2879 2812 2930 2865 in
2989 2826 3084 2865 eos
3136 2809 3382 2866 intendas
3432 2811 3636 2879 quibus
3699 2820 3749 2865 te
3777 2814 3839 2861 ab

2250 2907 2329 2959 eis
2381 2921 2484 2959 non
2543 2903 2759 2958 dubitas
2810 2903 3195 2970 iudicandum,
3279 2918 3385 2954 non
3451 2901 3655 2969 quibus
3708 2916 3839 2953 nunc

2250 2993 2449 3050 Christi
2500 2996 2807 3050 sacerdotes
2857 2994 3125 3061 eonspieis
3171 2993 3234 3045 ad
3279 3001 3490 3059 tempus
3541 2992 3640 3043 tibi
3672 2992 3838 3058 subje‘

2249 3098 2363 3142 etes
2384 3088 2409 3141 ἲ
2434 3089 2641 3143 Intuere
2664 3087 2823 3155 igitur
2837 3087 3005 3140 oculis
3024 3084 3143 3139 fidei
3160 3100 3263 3155 qua
3286 3084 3459 3139 credis
3474 3083 3529 3136 in
3544 3083 3837 3149 Christum,

2251 3180 2395 3233 velut
2424 3181 2475 3233 in
2518 3180 2744 3249 quadam
2791 3178 2996 3234 cmlesti
3044 3179 3190 3231 Curia
3221 3176 3578 3239 consideules,
3631 3191 3845 3229 summa

557 3268 1677 3337 Cbaleedoneusiconellioaquojudivata
1704 3276 1788 3324 est
1812 3271 2138 3337 orthodoxa,
2170 3263 2213 3323 C
2249 3288 2299 3329 et
2355 3275 2529 3344 primo
2576 3275 2696 3328 loco
2740 3272 3043 3339 Philippum
3091 3281 3148 3326 et
3204 3271 3463 3325 Thomam
3515 3270 3837 3323 reverenda:

554 3366 839 3420 anathema
882 3364 1052 3418 factus
1093 3371 1197 3417 est.
1241 3360 1567 3417 orientalem
1598 3377 1813 3432 quoque
1839 3362 2101 3433 synodum
2129 3403 2143 3428 ,

553 3473 715 3527 quant
750 3473 779 3512 a
810 3456 1206 3525 sapientissimo
1250 3454 1457 3509 Joanne
1487 3454 1823 3508 Autioelieno
1853 3470 2145 3525 congrega-

556 3562 666 3607 tam
698 3592 714 3617 ,
739 3560 793 3605 et
821 3567 850 3605 a
871 3549 1301 3605 Chalcedonensi
1324 3549 1553 3604 concilio
1581 3548 1931 3617 approbatam
1960 3557 2146 3603 osten-

556 3645 735 3698 dimus
760 3644 999 3707 intuere,
1025 3641 1169 3710 quod
1208 3639 1222 3671 ί
1255 3655 1359 3695 non
1392 3640 1565 3695 solum
1600 3652 1705 3693 non
1730 3638 2149 3693 anathematiza-

556 3738 638 3790 vit
660 3736 1004 3792 Theodorum
1052 3736 1391 3803 Mopsuestia!
1423 3744 1475 3789 et
1507 3734 1625 3803 ejus
1646 3734 1893 3804 dogmata
1922 3774 1936 3799 ,
1961 3750 2145 3789 verum

557 3830 719 3883 etiam
750 3827 1191 3885 anathematizari
1218 3827 1515 3897 prohibuit,
1548 3841 1615 3881 eo
1641 3826 1784 3895 quod
1816 3826 1980 3880 multa
2000 3826 2143 3881 simi-

556 3921 680 3975 liter
705 3919 846 3975 dzcta
893 3928 950 3976 et
993 3919 1061 3972 ab
1095 3919 1215 3972 aliis
1242 3917 1605 3973 anterioribus
1649 3926 1704 3971 et
1748 3917 1995 3986 gloriosis
2028 3917 2149 3987 ejus

554 4011 805 4066 Pati-ibus
836 4011 1129 4066 inveniret.
1154 4009 1249 4064 Cui
1298 4017 1499 4062 sanctae
1543 4008 1897 4062 Orientalium
1941 4010 2149 4079 synodo

558 4102 706 4155 velut
728 4100 1109 4170 praesidentem
1137 4098 1319 4168 aspice
1346 4097 1607 4154 Joannem
1658 4096 2143 4167 Constantinopoli-

559 4203 745 4246 tanum
770 4232 786 4258 ,
810 4191 1082 4247 Theodori
1108 4190 1538 4259 condiscipuldm
1558 4230 1576 4257 ,
1608 4199 1664 4243 et
1693 4188 2009 4258 Gregorium
2045 4189 2151 4246 Na-

558 4283 875 4337 zianzenum
912 4302 924 4334 :
957 4298 1187 4353 quorum
1214 4285 1495 4337 sententia:
1521 4293 1825 4352 congruens
1844 4322 1860 4347 ,
1890 4281 2149 4338 adversus

557 4376 919 4430 ralttmniosos
953 4375 1209 4431 Ecclesia:
1239 4376 1651 4431 conturbatores
1694 4376 1935 4443 ejusdem
1974 4377 2149 4433 Theo-

555 4471 676 4526 deri
694 4471 889 4541 scripta
919 4469 1180 4527 defendit.
1214 4470 1349 4524 lluic
1381 4470 1589 4539 synodo
1615 4470 1687 4525 eti
1709 4487 1778 4524 -m
1828 4472 2015 4527 beatus
2046 4472 2148 4542 Cy-

629 4624 806 4685 ‘Cod.
848 4629 1067 4691 Verum,
1109 4639 1242 4698 (μιαν.

822 4790 1021 4803 ᾣ--α

1078 4789 1333 4803 ..Ην-*ο

552 4776 685 4820 ετξ
726 4790 1081 4817 ,πῇ-α

1084 4808 1309 4817 _——_.__—

1312 4808 1634 4818 ———-——_—_

2251 3368 2540 3435 aposmlos.
2562 3364 2805 3434 sequenti
2828 3363 3023 3418 deinde
3050 3363 3237 3417 ordine
3261 3375 3446 3417 omnes
3468 3377 3702 3431 quorum
3722 3377 3838 3415 sea-

2252 3461 2444 3516 tentias
2493 3458 2929 3522 memoravimus,
2971 3457 3237 3525 simulque
3287 3454 3569 3509 damnatos
3602 3469 3727 3508 esse
3751 3454 3837 3505 do-

2250 3554 2480 3614 cuimus,
2514 3551 2855 3606 beatissimos
2885 3549 3075 3603 Patres
3100 3566 3113 3601 :
3141 3548 3333 3616 quibus
3384 3547 3511 3600 licet
3557 3560 3660 3615 pro
3692 3556 3837 3597 tante

2249 3660 2428 3701 causa:
2458 3646 2649 3700 merito
2690 3646 2851 3697 verba
2885 3643 3105 3697 minime
3146 3639 3525 3695 commendare
3554 3641 3835 3708 possimus,

2249 3739 2371 3809 quia
2402 3752 2501 3791 nec
2544 3750 2763 3806 persona
2796 3734 3059 3806 permisit,
3091 3733 3208 3803 quis
3250 3743 3423 3786 tamen
3476 3746 3670 3786 eorum
3723 3746 3835 3784 cou-

2252 3831 2618 3887 demnationis
2662 3831 2907 3883 conscius
2934 3827 3059 3893 ,vel
3105 3828 3317 3880 tacitum
3360 3820 3510 3879 ferre
3561 3825 3735 3892 possit
3760 3837 3834 3875 as-

2253 3938 2489 3995 peetum,
2521 3938 2639 3976 eum
2673 3920 2902 3974 ﬁdeliter
2958 3918 3341 3989 intelligentem
3384 3917 3556 3985 magis
3616 3922 3834 3970 terreant

2252 4021 2368 4086 ipso
2394 4016 2649 4071 silentio?
2698 4014 2957 4069 Videntur
2985 4014 3125 4067 enim
3158 4023 3251 4080 per
3287 4010 3388 4066 hoe
3441 4009 3834 4063 condemnatio-

2252 4124 2375 4164 nem
2403 4122 2576 4169 suam,
2611 4104 2711 4159 nisi
2743 4103 3055 4173 quantocius
3077 4101 3348 4156 auferatur
3373 4142 3389 4167 ,
3429 4097 3624 4155 futuro
3649 4099 3839 4168 judicio

2254 4210 2584 4264 reservasse,
2614 4198 2767 4269 cujus
2797 4208 2850 4252 et
2883 4193 3286 4251 irrctractabills
3315 4192 3421 4246 erit
3459 4191 3753 4255 sententia,
3793 4188 3837 4241 et

2252 4294 2369 4349 sine
2401 4294 2505 4351 fine
2528 4302 2843 4363 perpetuum
2873 4286 3023 4359 quod
3043 4285 3365 4343 sententiam
3390 4280 3561 4338 fuerit
3588 4295 3835 4338 consecu-

2254 4397 2364 4442 tum
2375 4426 2387 4441 .

1338 4777 3841 4822 Μ

1427 4928 1802 4993 SYNOPSIS
1860 4934 2267 5003 CHl'lONiCA
2336 4936 2725 5000 ANNORUM
2785 4930 2929 4996 Vill

915 5084 1187 5160 I’rwcipua
1223 5109 1434 5163 qumque
1465 5095 1697 5164 digerens
1730 5094 1779 5148 et
1808 5096 2095 5164 illustrant,
2129 5106 2241 5168 qua!
2279 5105 2332 5156 in
2360 5103 2513 5155 trium
2543 5098 2906 5171 Capilulorum
2935 5112 3093 5151 causa
3119 5096 3461 5169 contigerunt.

628 5261 775 5307 Auno
804 5252 992 5306 Christi
1020 5250 1142 5305 546.
1176 5253 1504 5308 Justinianus
1542 5254 1830 5323 imperator
1862 5253 2133 5309 'l'beo‘dori

555 5343 905 5401 Caesariensis
935 5345 1169 5412 episcopi
1203 5357 1363 5397 suasu
1398 5344 1587 5397 librum
1617 5344 1729 5399 edit
1759 5345 2015 5397 adversus
2044 5345 2143 5397 tria

552 5436 824 5505 Capitula,
856 5451 1151 5505 eorumque
1171 5434 1507 5489 damnationi
1534 5436 1781 5489 Mennam
1807 5436 1910 5488 CP.
1936 5444 1990 5487 et
2011 5435 2144 5487 alios

553 5527 886 5599 patriarchas
917 5543 1036 5581 cum
1063 5527 1331 5595 episcopis
1362 5528 1470 5579 suis
1494 5528 1832 5582 subscribere
1859 5530 2021 5595 cogit.
2054 5527 2131 5581 Vi-

551 5621 734 5691 gilium
761 5620 920 5674 etiam
948 5618 1136 5673 eadem
1168 5632 1233 5671 es
1262 5631 1424 5671 causa
1454 5617 1619 5671 Roma
1646 5628 1859 5674 evocat.

624 5712 772 5763 Auno
808 5711 998 5765 Clu-isti
1043 5710 1168 5765 δη.
1202 5708 1426 5777 Vigilius
1470 5711 1658 5764 urbem
1704 5708 1903 5777 regiam
1943 5708 2147 5777 ingreso

554 5810 647 5855 aus
676 5818 765 5853 \‘ttl
811 5800 1065 5855 kalendas
1100 5800 1414 5865 Februarii,
1462 5803 1708 5855 Meunam
1751 5812 1805 5855 et
1834 5801 1967 5856 alios
1993 5803 2144 5870 Capi-

571 5881 792 5947 lulerum
824 5895 1163 5951 damnatores
1199 5910 1225 5949 a
1255 5895 1632 5952 communione
1668 5894 1965 5962 suspendit.
2002 5895 2147 5954 Meu~

2255 5274 2375 5311 nam
2402 5269 2608 5326 postea,
2624 5258 2924 5313 Theodora}
2948 5259 3084 5328 Aug.
3111 5264 3316 5325 rogatu,
3334 5256 3386 5306 in
3406 5253 3839 5308 communionem

2252 5352 2445 5421 recipit
2476 5352 2563 5406 die
2592 5350 2660 5405 ‘2)
2685 5349 2850 5404 Junii.
2882 5349 3216 5405 Justinianus
3246 5347 3444 5398 frustra
3478 5350 3591 5400 vim
3640 5343 3839 5400 adhibet

2250 5449 2363 5495 uta
2390 5440 2577 5509 Vigilio
2604 5443 3008 5497 damnationem
3038 5445 3372 5508 extorqueat.

2326 5535 2473 5587 Anno
2493 5533 2685 5588 Christi
2708 5533 2830 5589 548.
2849 5533 3076 5601 Vigilius
3098 5532 3239 5597 pacis
3256 5530 3439 5584 studio
3463 5529 3528 5582 ad
3548 5525 3841 5584 damnanda
3926 5584 3927 5605 η

2257 5625 2499 5693 Capitula
2548 5625 2776 5680 inflexus
2806 5634 3129 5681 conventum
3164 5624 3327 5678 habet
3350 5622 3739 5691 episcoporum
3769 5618 3841 5673 cui

2259 5717 2545 5773 Facundus
2584 5718 2861 5783 interfuit,
2892 5729 2947 5773 et
2976 5733 3127 5772 suam
3158 5730 3600 5784 unumquemque
3632 5724 3845 5769 senten-

2260 5809 2387 5863 tiatu
2419 5810 2622 5877 scripto
2652 5809 2892 5879 proferre
2918 5809 3089 5878 jubet.
3127 5810 3324 5863 Allatas
3354 5808 3421 5860 ad
3449 5823 3510 5863 se
3545 5808 3847 5875 reSponsim

2260 5914 2357 5959 nes
2390 5900 2769 5975 t‘piSCOpUl'um
2816 5902 2979 5960 mittit
3022 5900 3076 5958 in
3123 5898 3413 5972 palatium;
3460 5910 3515 5957 et
3554 5898 3849 5973 judicatus:
3920 5898 3923 5991 1

3920 5796 3925 5953 l
