3992 6344
241 401 347 457 855

1406 404 1607 461 LlBER
1645 404 1921 462 CONTRA
1957 403 2331 462 MOCIANUM.

3404 400 3507 459 θυι

244 522 360 588 ipse
385 517 452 574 ad
486 517 727 573 Mennam
742 516 974 573 Sabbato
996 528 1180 574 sancto
1202 520 1423 588 profert,
1450 521 1501 574 in
1524 536 1630 590 quo
1651 520 1827 575 Thcou
1854 525 1901 583 Α
1933 530 2081 589 gates
2113 530 2466 587 sacramento,
2500 520 2638 576 redit
2656 520 2712 574 in
2743 519 2960 576 domum
2991 517 3367 575 Placidiauatn.
3402 517 3514 577 Sed

244 614 434 670 dorum
462 609 897 678 Mopsuesteuum
928 627 1048 666 cum
1079 613 1415 682 dogmatibus
1445 612 1583 676 suis,
1615 614 1826 681 lbzeque

246 703 551 772 epistolam,
585 711 641 755 et
668 703 862 771 scripta
894 703 1237 764 Theodoreti,
1268 703 1416 757 salva
1443 703 1630 771 synodi
1662 704 1820 757 Chal~

243 794 569 851 ccdnncnsis
614 796 954 857 reverentia,
1004 794 1320 856 damnabat,
1372 795 1546 859 Afris,
1595 794 1823 865 Illyriis,

246 888 539 949 Daimatis,
571 887 798 954 aliisque
839 889 893 943 in
925 888 1080 941 trium
1117 886 1473 955 Capitulorum
1514 885 1829 942 defensione

246 981 634 1054 perstantibus.
1158 1048 1161 1053 ί

318 1073 469 1127 Anno
499 1070 688 1125 Christi
717 1070 839 1126 549.
892 1071 1137 1125 Rusticus
1164 1082 1217 1127 et
1246 1072 1589 1127 Sebastianus
1619 1072 1827 1127 diaconi

247 1163 350 1218 sub
380 1162 503 1215 anni
535 1161 815 1217 exoulium
853 1178 881 1216 ιι
915 1163 1102 1230 Vigiiio
1127 1162 1416 1228 deﬁciunt,
1459 1175 1509 1220 et
1535 1164 1827 1232 jndicalum

250 1256 642 1323 impngnantes,
664 1254 908 1319 Υἱτςὶιίιιιιι
944 1269 1036 1321 per
1063 1257 1381 1321 previncias,
1415 1265 1664 1323 tanquam
1696 1272 1825 1324 syn-

247 1346 337 1399 odi
384 1344 837 1400 Chalcedonensis
879 1348 1340 1414 praevaricatorem
1385 1346 1665 1401 infamant.
1717 1349 1869 1415 Qua-

249 1439 320 1492 de
344 1452 400 1490 re
424 1436 618 1490 missus
642 1436 709 1491 ab
734 1438 1021 1491 Aureliano
1052 1436 1351 1492 Arelatensi
1381 1439 1715 1506 Anastasius,
1750 1439 1833 1493 lit-

251 1541 393 1584 teras
426 1528 617 1595 Vigilio
641 1529 815 1582 attulit
845 1530 1015 1595 pride
1042 1529 1164 1582 ldus
1186 1529 1371 1583 Iulias.

322 1620 472 1673 Auno
516 1619 702 1673 Christi
744 1619 870 1672 550.
906 1621 1127 1689 Vigilins
1166 1620 1538 1675 Valentiniano
1575 1621 1834 1691 episeopo

248 1710 487 1781 Scythia;
537 1726 604 1763 xv
635 1709 889 1765 kalendas
930 1713 1163 1779 Aprilis,
1211 1723 1265 1766 et
1309 1713 1601 1767 Aureliano
1642 1716 1832 1769 Arela-

250 1803 387 1858 tensi
420 1817 478 1855 ut
517 1801 772 1856 kalendas
797 1802 916 1856 Maii
960 1802 1238 1867 rescribit,
1271 1804 1470 1858 docens
1515 1805 1567 1857 in
1595 1804 1831 1871 judicato

1930 612 2116 666 multis
2143 628 2354 667 rursum
2384 612 2595 682 injuriis
2618 611 2841 667 affectus
2860 651 2875 676 ,
2900 619 2956 665 et
2990 610 3197 666 insidiis
3220 610 3510 681 appetitus,

1930 717 2092 759 noctu
2132 704 2324 760 iterum
2368 706 2470 760 sub
2509 706 2686 759 natale
2725 704 2922 759 Cbristi
2960 702 3353 759 Chalcedonem
3385 704 3513 760 abiit

1930 794 1995 849 ad
2026 805 2268 850 sanctam
2300 796 2672 865 Euphemiam.

2002 887 2149 938 Αηιιο
2179 886 2370 940 ίῖΙυ-ἱείί
2395 886 2520 941 552.
2563 886 2703 941 Missi
2745 901 2775 942 a
2816 885 3118 942 Jttstiniane
3164 886 3229 941 ad
3258 899 3515 943 revocan~

1931 977 2056 1031 dum
2092 978 2339 1048 Vigilium
2365 987 2639 1033 senatores
2680 984 2773 1031 s'cx
2800 993 2831 1030 v
2863 977 3118 1032 kalendas
3151 977 3423 1034 Februarii
3456 994 3517 1033 re

1934 1067 2128 1121 intorta
2170 1067 2415 1121 redeunt.
2451 1068 2644 1121 Missus
2686 1067 2845 1121 etiam
2891 1069 3116 1123 seorsitn
3155 1071 3322 1125 semel
3358 1078 3517 1139 atque

1933 1156 2123 1211 iterum
2157 1156 2348 1210 Petrus
2376 1159 2790 1222 referendarius,
2823 1159 2997 1225 primo
3026 1173 3144 1213 cum
3176 1158 3359 1215 e‘harta
3390 1172 3517 1214 con-

1934 1247 2167 1301 tunicis
2196 1247 2246 1300 in
2277 1246 2526 1316 Vigilium
2574 1247 2765 1303 referta
2802 1249 2971 1316 pridie
2999 1248 3252 1306 kalendas
3275 1289 3288 1313 ,
3320 1249 3518 1305 deinde

1935 1349 1987 1390 ut
2020 1337 2085 1391 ad
2134 1338 2362 1391 reditum
2401 1340 2701 1404 excitaret,
2752 1339 2923 1407 pridie
2966 1355 3155 1393 nonas.
3197 1340 3361 1395 Nonis
3392 1354 3519 1397 vero

1935 1431 2207 1485 Februarii
2242 1432 2466 1500 Vigilius
2499 1431 2821 1501 encyclicam
2866 1432 2934 1487 de
2975 1432 3362 1488 calamitatibus
3405 1433 3518 1488 suis

1934 1523 2155 1586 scribit,
2207 1522 2661 1590 dcpo~itionisqne
2705 1521 3024 1576 sententiam
3076 1524 3126 1575 in
3171 1522 3525 1576 Theodorum

1936 1631 2092 1684 quam
2122 1624 2245 1669 ante
2275 1630 2367 1669 sex
2402 1629 2616 1668 menses
2646 1613 2982 1679 condiderat,
3014 1614 3216 1684 profert
3241 1616 3290 1667 in
3322 1615 3515 1669 lucem.

1941 1708 2140 1762 Edictis
2187 1709 2421 1773 posthaec
2470 1707 2694 1762 sublatis
2740 1722 2769 1762 a
2828 1706 3158 1771 JUstiniano,
3220 1708 3520 1777 libellisque

1941 1800 2062 1854 ﬁdei
2100 1808 2155 1855 et
2202 1798 2528 1868 panitentize
2563 1799 2754 1854 oblatis
2799 1816 2831 1854 a
2874 1799 3061 1854 Menna
3086 1841 3099 1859 ,
3140 1799 3422 1853 Theodoro
3463 1805 3522 1853 et

248 1911 350 1947 suo
376 1892 507 1948 nihil
529 1892 821 1947 admissum
846 1892 1006 1948 fuisse
1036 1903 1220 1948 contra
1242 1896 1504 1963 synodum
1534 1894 1830 1949 Clialcedo-
1866 1889 1912 1948 B
1941 1891 2081 1955 aliis,
2112 1888 2450 1946 Chalcedone
2477 1889 2661 1945 relicta
2694 1892 2829 1945 redit
2855 1889 3391 1957 ConstantinOpolim.

248 2002 496 2041 ncnsem.
525 1987 745 2043 Rustico
766 1998 819 2043 et
849 1988 1164 2044 Sebastiano
1194 1988 1309 2043 falsi
1344 1991 1577 2043 rumoris
1601 1990 1828 2043 auctori-

250 2080 352 2134 bus
374 2081 570 2150 gradus
595 2081 676 2135 sui
707 2081 964 2135 honorem
991 2090 1045 2137 et
1072 2081 1426 2136 ministerium
1454 2080 1694 2151 abrogat.
1728 2080 1830 2136 Ur-

248 2182 411 2243 gente
438 2188 599 2242 porro
623 2172 946 2239 Iustiniano,
978 2181 1034 2227 ut
1064 2174 1306 2230 absolute
1336 2189 1397 2228 ac
1417 2176 1534 2228 sine
1561 2173 1835 2229 mentione

249 2264 443 2335 synodi
478 2263 715 2335 Capitula
745 2264 1061 2333 damnaret,
1096 2280 1211 2320 rem
1256 2267 1320 2319 ad
1354 2267 1633 2320 concilium
1675 2280 1838 2335 gene-

251 2356 367 2411 rale
393 2356 737 2411 deferendam
774 2357 1056 2425 persuasit,
1088 2366 1409 2426 receptoque
1452 2358 1659 2412 interim
1714 2372 1834 2411 cum

251 2450 483 2503 aliorum
524 2449 900 2518 episcoporum
961 2450 1207 2504 manibus
1248 2449 1488 2518 judican
1529 2449 1670 2519 quod
1714 2460 1838 2503 ante

253 2541 483 2608 fecerat,
516 2556 728 2597 omnem
759 2541 1014 2611 deinceps
1036 2555 1203 2611 usque
1231 2542 1295 2596 ad
1324 2543 1607 2599 concilium
1640 2543 1707 2596 de
1734 2541 1837 2597 Ca-

253 2629 437 2698 pitulis
463 2630 809 2699 quaestionem
836 2639 1105 2686 annuente
1135 2631 1378 2700 principe
1405 2632 1694 2686 interdicit.

330 2720 477 2774 Anno
502 2719 688 2775 Christi
714 2720 839 2776 551.
884 2722 1217 2777 JuStinianus
1246 2723 1531 2793 instigante
1557 2723 1841 2777 Theodoro

256 2808 433 2864 edicta
476 2811 527 2865 in
574 2811 937 2880 Capitnlorum
979 2812 1374 2868 damnationem
1402 2823 1587 2869 contra
1620 2813 1841 2868 interdi-

255 2912 403 2955 ctum
437 2903 708 2971 proponit.
742 2904 970 2974 Vigilius
1000 2906 1285 2973 reclamat,
1320 2914 1375 2961 et
1412 2905 1844 2960 excommunica-

256 2996 460 3048 tiouem
488 2994 538 3048 in
561 3010 655 3049 eos
678 2996 865 3051 indicit
885 2997 971 3065 qui
998 3012 1277 3053 assensum
1302 2998 1649 3067 przebuerint.
1673 2999 1841 3063 Quam

256 3085 327 3139 ob
358 3100 466 3139 rem
510 3088 730 3143 incenso
759 3088 833 3142 ira
877 3074 1179 3144 Justiniano
1204 3130 1218 3155 ,
1250 3091 1301 3143 in
1343 3090 1616 3144 basilicam
1661 3089 1841 3143 Sancti

257 3176 402 3229 Petri
451 3178 504 3231 in
547 3180 828 3233 llortnisda
870 3179 1108 3249 Augusto
1154 3195 1342 3234 mense
1379 3180 1660 3249 confugit:
1705 3179 1844 3232 unde

2010 1985 2157 2036 Anno
2207 1983 2395 2036 Christi
2433 1980 2560 2037 555.
2608 1983 2985 2037 Professiones
3030 1981 3147 2035 alia
3192 1981 3386 2049 Vigiiio
3434 1982 3522 2035 die

1938 2078 2409 2148 Theopltaniornm
2455 2078 2612 2131 editae
2643 2091 2674 2130 a
2725 2075 3078 2145 patriarchis,
3130 2073 3388 2145 Eutychio
3431 2076 3525 2143 qui

1938 2171 2142 2226 Menum
2179 2180 2389 2225 mortuo
2428 2177 2793 2236 successerat,
2842 2167 3156 2237 Apolinario
3195 2176 3252 2222 et
3294 2168 3519 2221 Dotnno.

1928 2266 2187 2335 Synodus
2215 2282 2248 2320 ν
2274 2265 2539 2336 generalis
2564 2263 2813 2318 inchoata
2844 2278 2895 2316 tv
2925 2276 3095 2316 nonas
3128 2261 3272 2315 Mai.
3297 2259 3393 2314 Cui
3430 2260 3522 2316 ab-

1944 2374 2117 2413 nuens
2147 2359 2408 2413 interesse
2430 2357 2676 2425 Vigilius,
2709 2366 2767 2409 ut
2794 2370 2943 2410 suam
2972 2356 3174 2423 scripto
3203 2354 3523 2409 sententiam

1943 2458 2316 2518 expromeret,
2351 2448 2697 2501 constitutum
2731 2447 2902 2516 pridie
2942 2445 3057 2500 idus
3095 2445 3257 2499 Maias
3280 2446 3428 2500 misit
3457 2444 3525 2500 ad

1942 2542 2321 2609 Iustinianum,
2353 2543 2409 2597 in
2438 2558 2544 2612 quo
2577 2542 2735 2596 trium
2761 2541 3127 2610 Capitniorum
3155 2542 3525 2598 defensionem

1945 2636 2187 2702 resumit,
2218 2645 2273 2690 et
2293 2636 2360 2691 de
2390 2635 2458 2691 iis
2486 2651 2605 2705 qua:
2633 2651 2661 2688 a
2693 2635 2902 2706 synodo
2927 2635 3348 2690 Chalcedonensi
3387 2634 3529 2704 judic

1944 2740 2061 2783 cata
2084 2730 2324 2794 fuerant,
2361 2729 2545 2783 novari
2572 2728 2857 2798 quidquam
2885 2736 3050 2783 vetat.
3078 2727 3344 2784 Caeterum
3370 2742 3528 2800 syno-

1946 2821 2045 2875 dus
2080 2836 2110 2871 v
2153 2821 2250 2874 tria
2297 2820 2536 2887 Capitula
2580 2818 2877 2872 damnaxit.
2922 2817 3145 2886 Vigilius
3184 2832 3344 2884 vero,
3388 2818 3529 2887 quod

1945 2911 2346 2965 damnationem
2377 2910 2677 2980 approbare
2709 2907 3012 2979 refugeret,
3049 2910 3101 2963 in
3128 2909 3373 2965 exsilium
3417 2911 3530 2979 pul-

1946 3016 2058 3056 sus.
2110 3001 2236 3056 Inde
2265 3000 2470 3069 aliquot
2498 3012 2617 3069 post
2646 3016 2820 3056 annos
2856 3000 3092 3057 Narsetis
3120 3002 3335 3057 comitis
3373 3016 3533 3070 opera

1948 3101 2253 3156 revocatus,
2297 3108 2419 3147 cum
2472 3092 2669 3146 Urbem
2713 3103 3004 3162 repeteret,
3038 3093 3227 3148 morbo
3259 3096 3308 3147 in
3355 3093 3533 3149 Sicilia

1952 3183 2249 3237 exstinctus
2290 3192 2373 3237 est
2404 3192 2523 3250 post
2549 3185 2883 3239 consulatum
2929 3184 3141 3250 ΒςιιιΙίἱ,
3179 3193 3238 3238 ut
3270 3185 3450 3239 Victor
3486 3185 3537 3242 in

257 3265 409 3319 illum
444 3283 539 3334 per
587 3269 689 3321 \im
721 3269 987 3322 abducere
1029 3280 1255 3323 conatus
1298 3281 1494 3337 praetor
1540 3270 1716 3337 populi
1766 3278 1846 3321 ιιι·
1874 3270 1920 3331 C
1951 3273 2223 3328 Chronico
2246 3282 2412 3337 notat,
2441 3288 2585 3328 anno
2616 3276 2704 3339 i7,
2740 3277 2791 3331 id
2817 3286 2902 3332 est
2929 3292 3072 3332 anno
3099 3278 3297 3334 Christi
3325 3276 3461 3333 558.

257 3358 427 3410 niuftn
462 3357 759 3425 repellitur.
784 3361 1019 3428 Accepto
1047 3358 1259 3413 tandem
1286 3374 1382 3429 per
1405 3359 1745 3429 imperatoris
1772 3359 1851 3413 le—

260 3535 1044 3563 Wﬁ—

458 3553 798 3564 ——-——__..__.

1520 3715 2328 3831 FACUNDI

266 3962 680 4082 LIBER
765 3968 1341 4085 CONTRA.
1451 3969 2227 4088 MOCIANUM'
2314 3976 3405 4157 SCHOLASTICUM
3462 3988 3535 4094 ³.

347 4322 690 4390 Oportucrat,
735 4321 1072 4377 venerabiles
1118 4321 1231 4389 lilii,
1267 4330 1323 4377 ut
1348 4323 1718 4392 qualecunque
1756 4323 1858 4379 hoc

270 4429 409 4483 npus
432 4429 460 4467 a
493 4416 644 4469 vobis
693 4415 1004 4483 impositum
1037 4416 1231 4469 vestris
1278 4431 1343 4469 cx
1373 4431 1524 4470 more
1554 4416 1858 4471 nominibus

272 4512 602 4566 dedicarem.
626 4509 730 4565 Sed
762 4519 1006 4566 metuens
1038 4525 1105 4565 ne
1130 4518 1381 4580 tanquam
1409 4508 1734 4563 latebrarum
1763 4525 1862 4563 no-

273 4611 507 4657 strarum
536 4601 759 4667 conscii,
790 4609 1190 4670 persecuturum
1234 4614 1365 4671 quos
1389 4598 1621 4670 fugimus
1652 4600 1858 4657 incide-

274 4692 412 4749 retis
442 4692 491 4746 in
525 4692 840 4758 calumnias,
874 4694 1154 4747 nominare
1182 4708 1275 4747 vos
1301 4692 1466 4747 nolui.
1498 4691 1609 4748 Nec
1638 4708 1734 4761 pro
1763 4708 1860 4749 vo-

1967 4322 2225 4379 indicavit
2270 4337 2448 4380 autem
2492 4324 2621 4380 mihi
2650 4340 2721 4381 ex
2764 4335 2943 4382 vestro
2980 4324 3250 4393 mandato,
3282 4326 3422 4397 quod
3457 4344 3549 4398 pro

1965 4417 2148 4471 saeculi
2205 4416 2374 4473 nostri
2422 4417 2628 4473 meritis
2657 4429 2711 4474 et
2732 4418 3001 4474 Mocianus
3025 4417 3133 4487 jam
3155 4419 3551 4486 reprehendere

1966 4512 2155 4565 audeat
2184 4512 2533 4567 conciliorum
2582 4513 2823 4580 decreta,
2866 4513 3147 4582 palamque
3173 4513 3380 4582 jactare
3409 4513 3552 4581 quod

1968 4602 2207 4671 episcopi
2238 4602 2472 4656 Africani
2505 4602 2838 4671 aliarumque
2893 4602 3289 4672 provinciarum
3340 4602 3554 4670 indigne

1969 4691 2261 4746 statuerint
2285 4693 2452 4748 vitare
2473 4692 2907 4748 communionem
2937 4706 3125 4747 eorum
3152 4695 3240 4760 qui
3274 4693 3555 4750 manifesto

275 4783 363 4841 bis
385 4783 435 4836 id
477 4782 734 4853 prmloqui
785 4784 1144 4837 necessarium
1190 4782 1307 4847 fuit,
1359 4783 1454 4852 qui
1484 4794 1682 4838 nostr-re
1704 4798 1857 4852 pres-
1888 4754 1940 4815 D
1966 4783 2415 4853 promulgatoque
2456 4784 2675 4839 decreto
2697 4781 2924 4837 reveriti
2955 4797 3059 4836 non
3091 4790 3214 4838 sunt
3242 4783 3555 4855 impugnare

277 4892 423 4933 sura:
450 4894 555 4931 non
597 4879 726 4932 esris
753 4886 1001 4945 eXpertes
1023 4893 1037 4943 ;
1063 4878 1158 4931 sed
1204 4891 1299 4944 pro
1330 4877 1446 4932 aliis
1470 4877 1866 4946 ignorantibus,

278 4970 332 5025 in
367 4985 593 5039 quorum
625 4983 815 5022 manus
864 4969 979 5022 hmc
1020 4966 1160 5022 forte
1184 4975 1407 5021 ventura
1436 4976 1586 5021 sunt.
1612 4965 1746 5020 Volo
1772 4958 1875 5019 au?

279 5071 388 5116 tem
420 5074 515 5115 vos
556 5074 713 5113 nosse
739 5058 861 5128 quia
890 5057 1109 5113 mmtius
1141 5073 1300 5125 quem
1331 5057 1574 5122 misistis,
1604 5057 1753 5126 gravi
1779 5044 1865 5111 me

284 5150 599 5207 infirmitate
636 5151 835 5221 reperit
867 5151 1199 5206 laborantem
1234 5168 1248 5204 :
1280 5151 1350 5205 ita
1378 5151 1509 5205 utin
1537 5151 1732 5206 talibus
1758 5150 1873 5205 die-

285 5243 406 5306 bus,
430 5242 568 5295 sicut
598 5250 650 5295 et
682 5243 797 5312 ipse
837 5242 1032 5312 poterit
1077 5250 1268 5298 vestrae
1301 5242 1613 5299 sublimitati
1646 5242 1869 5312 referre,

288 5348 389 5388 nec
414 5348 578 5402 usque
605 5336 656 5388 in
689 5337 873 5389 horam
901 5334 1109 5389 tertiam
1128 5336 1333 5391 valeam
1356 5336 1572 5391 differre
1580 5333 1875 5406 jejunium.

369 5584 393 5612 ι
418 5576 531 5631 Non
560 5576 655 5631 abs
681 5593 757 5640 re,
790 5587 847 5633 ut
877 5579 1088 5646 opinor,
1120 5578 1377 5633 Batonius
1400 5577 1696 5633 Matianum
1730 5577 1872 5633 hunc

295 5647 445 5701 illum
475 5662 596 5702 e~se
629 5660 777 5716 putat
799 5650 887 5714 qui
920 5651 1283 5717 Cbrysostomi
1311 5649 1565 5703 Humilias
1589 5650 1641 5717 in
1674 5648 1877 5716 Episto-

296 5719 401 5770 iatn
425 5718 489 5771 ad
522 5718 772 5773 Hebraeos
800 5728 856 5775 et
876 5723 939 5774 ad
966 5716 1325 5774 l’lulctnonetn
1356 5718 1568 5772 Latinas
1590 5716 1730 5772 fecit.
1750 5719 1879 5773 Con-

295 5798 497 5855 grnnut
535 5794 675 5842 enim
737 5802 929 5857 pl'mlel'
982 5806 1172 5844 nomen
1226 5800 1355 5842 actas
1381 5798 1434 5842 et
1466 5788 1749 5856 professio.
1781 5789 1878 5844 llic

297 5875 427 5928 ergo
450 5877 570 5914 cum
603 5859 883 5915 Africanos
928 5862 1220 5920 antistites.
1258 5870 1539 5929 prOptcrea
1590 5861 1729 5930 quod
1760 5876 1817 5915 se
1848 5876 1878 5915 a

1965 4873 2407 4929 Chalcedonense
2435 4872 2740 4929 cent'ilium.
2796 4870 3017 4938 Quando
3049 4884 3225 4927 autem
3256 4872 3411 4930 nobis
3440 4891 3557 4930 ces-

1967 4980 2112 5029 sare,
2139 4966 2353 5034 quando
2394 4966 2733 5034 requiescere
2762 4964 3083 5029 conceditis,
3110 4965 3200 5034 qui
3233 4978 3333 5020 nos
3357 4973 3412 5020 et
3438 4966 3551 5021 Mo-

1966 5059 2127 5113 ciano
2152 5057 2485 5127 respondere
2526 5058 2884 5127 compellitis?
2917 5058 3022 5115 Sed
3053 5058 3157 5115 hoc
3176 5076 3387 5131 quoque
3412 5076 3558 5119 com-

1970 5148 2105 5218 peri,
2164 5158 2462 5204 memorato
2515 5148 2701 5203 nuntio
2757 5148 2885 5202 mihi
2930 5160 3209 5217 narrante,
3246 5152 3368 5223 quia
3418 5153 3557 5208 idem

1974 5240 2245 5295 Mucianus
2319 5242 2504 5295 volens
2558 5241 2625 5294 ad
2686 5239 3024 5297 interdictam
3102 5251 3557 5314 transgressurum

1976 5338 2411 5387 communionem
2442 5333 2659 5404 ignaros
2690 5348 2930 5404 quosque
2962 5334 3271 5404 deﬂectere,
3314 5337 3556 5407 quaadatn

3092 5536 3099 5539 ‘
3222 5530 3254 5557 σε

1974 5574 2169 5645 Vigilio
2197 5586 2253 5631 et
2280 5575 2349 5630 ab
2378 5574 2616 5631 Ecclesia
2665 5575 2824 5628 trium
2857 5572 3223 5643 Capitulorutn
3253 5586 3415 5645 causa
3442 5574 3559 5642 post

1979 5643 2128 5701 illius
2179 5647 2472 5716 indicat-um
2506 5653 2887 5716 segregarem,
2932 5645 3124 5716 merito
3173 5643 3558 5716 redargueret,

1979 5664 2128 5701 ultus
2202 5664 2472 5701 natent-um
2506 5664 2880 5716 segregarem,
2932 5664 3124 5697 merito
3174 5664 3558 5715 redargueret,

1979 5664 2258 5771 Facundos
2302 5728 2410 5771 tum
2453 5721 2602 5769 exsul
2633 5716 2732 5768 hoc
2758 5714 2807 5785 ei
2837 5714 3017 5785 libello
3041 5714 3333 5785 respondit.
3368 5715 3425 5769 ln
3451 5730 3559 5785 quo

1982 5789 2109 5841 nihil
2145 5789 2333 5841 mirum
2362 5788 2404 5839 si
2429 5787 2746 5839 concitatior
2774 5784 2826 5835 in
2860 5782 3146 5838 Matianum
3172 5783 3431 5854 videatur,
3460 5782 3549 5857 (pii

1984 5858 2172 5928 Vigilio
2201 5859 2295 5927 ipsi
2330 5872 2477 5929 νίψω
2507 5870 2611 5910 non
2643 5864 2846 5925 parcat.
