3978 6350
452 353 556 407 851

1568 344 1861 403 FACUNDI
1902 338 2107 396 EPISC.
2154 331 2648 391 lliillMl.\NENSlS

3628 315 3741 376 856

456 468 596 524 beati
628 466 907 537 Augustini
938 464 1079 520 dicta
1107 460 1485 527 circumferat;
1513 471 1565 516 et
1593 477 1713 530 qum
1744 460 1833 513 ille
1854 465 2039 513 contra
2073 456 2121 515 Α
2150 452 2342 516 veniri,
2396 468 2553 521 quem
2603 447 2860 502 fatutatis
2916 444 3102 498 beatus
3150 439 3325 509 arguit
3376 437 3732 505 Augustinus,

458 557 763 612 Donatistas
798 553 1183 608 convenienter
1212 552 1424 607 locutus
1454 561 1555 616 est,
1606 548 2051 604 inconvenienter

459 650 573 717 ipse
596 648 662 700 ad
706 643 1005 712 decipulam
1054 641 1378 710 simplicium
1422 653 1598 694 causa:
1625 640 1829 693 nitatur
1860 645 2046 705 aptare

459 737 731 808 praesenti.
761 736 852 790 Sic
891 734 1179 805 aliquando
1206 734 1391 807 Oetiam
1448 731 1676 785 Faustus
1723 729 1908 784 Gallus
1938 737 1962 762 δ
1992 727 2047 779 iu

459 829 757 895 quaestione
806 826 960 881 liberi
989 820 1221 889 arbitrii,
1273 823 1415 878 male
1463 822 1755 876 intellectis
1784 829 1839 873 et
1864 820 2050 871 incon-

462 933 595 987 grue
622 915 875 971 adhibitis
906 915 1075 985 ipsius
1103 914 1242 971 beati
1268 912 1550 983 Augustini
1578 911 1884 974 sententiis,
1911 909 2054 963 falle-

467 1014 558 1066 bat
585 1018 641 1066 et
669 1010 720 1064 in
751 1008 1119 1064 assensionem
1142 1005 1225 1061 sui
1245 1006 1446 1061 erroris
1466 1004 1751 1059 inducebat
1768 1004 2011 1057 incautos
2036 1020 2049 1055 :

465 1107 553 1176 qui
583 1114 763 1160 tamen
778 1118 812 1159 'a
836 1116 1034 1160 saneta:
1059 1104 1333 1160 memoria:
1363 1102 1647 1171 Fulgentio
1673 1102 1935 1171 Ruspeusi
1961 1100 2056 1155 de-

470 1208 642 1256 tectus
671 1207 833 1269 atque
868 1199 1141 1253 convictus
1172 1207 1276 1251 est.
1317 1196 1453 1264 Quid
1480 1207 1658 1249 autem
1689 1196 1739 1248 in
1769 1195 1871 1248 hoc
1898 1194 2059 1247 mire-

471 1291 632 1343 mur?
666 1290 851 1359 Neque
880 1288 1024 1344 enim
1074 1288 1264 1344 melius
1313 1288 1457 1357 loqui
1492 1288 1657 1356 potuit
1709 1286 2055 1355 Augustinus,

472 1398 630 1449 quam
661 1381 960 1451 prophetat,
993 1396 1151 1449 quam
1182 1380 1411 1449 apostoli
1443 1379 1894 1447 etevangeliSIae;
1928 1390 2061 1442 quo-

472 1490 589 1529 rum
610 1474 791 1529 verbis
808 1473 1055 1528 similiter
1075 1473 1212 1528 male
1236 1471 1546 1535 intellectis,
1573 1477 1627 1524 et
1658 1470 1947 1536 incongrue
1971 1466 2063 1519 ad-

476 1565 678 1629 hibitis,
713 1574 821 1619 tam
865 1563 1017 1619 multi
1050 1563 1287 1617 hmretici
1319 1576 1444 1615 suos
1488 1559 1778 1615 defendere
1801 1565 2064 1613 conantur

480 1669 713 1712 errores.
759 1654 981 1711 Gaudeo
1024 1666 1203 1708 tamen
1231 1653 1371 1722 quod
1412 1667 1533 1707 eum
1567 1651 1853 1705 nuntiastis
1882 1659 2065 1718 aperte

478 1750 588 1817 jam
639 1748 887 1807 conﬁteri
916 1747 1040 1816 quia
1086 1747 1430 1801 Theodorum
1472 1746 1905 1813 Mopsuestenum
1950 1742 2063 1810 epi-

2150 546 2290 615 quod
2323 542 2723 611 reprehendens
2744 540 2810 592 de
2838 552 2935 591 suo
2965 536 3257 588 schismate
3289 529 3625 593 Donatistas;
3653 530 3738 582 eis

2148 635 2608 693 communicaer
2634 636 2713 687 An
2743 630 2882 685 aliud
2914 631 3013 681 iste
3049 640 3191 679 nunc
3213 622 3359 683 facit,
3386 622 3472 691 qui
3498 619 3739 674 Africam

2149 732 2382 786 schisma
2438 728 2628 783 iecisse
2669 734 2827 793 atque
2862 723 2929 774 ab
2962 718 3205 772 Ecclesia
3243 722 3583 783 segregatam
3611 725 3741 765 esse

2151 826 2454 889 conﬁrmat,
2478 835 2532 875 et
2555 822 2602 875 ei
2625 814 3024 873 communicat?
3043 824 3269 877 cumque
3290 807 3390 861 sibi
3417 805 3565 859 solus
3591 804 3745 857 vide-

2155 928 2241 973 tur
2266 919 2501 986 sapiens,
2550 916 2718 967 fictus
2763 917 2847 965 est
2877 921 3014 961 unus
3038 921 3102 957 ex
3137 902 3241 957 illis
3272 901 3344 955 de
3389 899 3586 967 quibus
3610 896 3747 949 dicit

2156 1008 2445 1075 Apostolus
2476 1021 2488 1059 :
2520 1002 2851 1056 Eranuerunt
2874 999 2929 1051 in
2997 992 3393 1066 regitationibus
3430 991 3561 1051 suis,
3582 999 3633 1041 et
3659 988 3746 1039 ob-

2157 1111 2414 1156 scuratum
2462 1109 2532 1151 est
2564 1113 2650 1150 cor
2674 1097 2694 1125 ’
2724 1108 2902 1147 eorum
2929 1104 2948 1143 :
2976 1089 3198 1142 dicentes
3245 1085 3378 1138 enim
3432 1084 3485 1135 ξε
3515 1095 3622 1134 esse
3653 1096 3741 1132 su-

2159 1195 2373 1265 pientes,
2399 1192 2544 1243 stulti
2574 1188 2694 1256 {acti
2718 1194 2835 1239 sunt
2862 1182 3039 1251 (Rom.
3064 1196 3101 1245 ι,
3128 1178 3244 1246 2|).
3273 1176 3384 1230 Cur
3413 1183 3593 1227 autem
3620 1173 3750 1225 Solis

2163 1284 2473 1345 Donatistis,
2502 1281 2590 1349 qui
2622 1296 2650 1332 a
2675 1279 2965 1331 schismate
2995 1270 3362 1341 prosiluerunt
3393 1270 3446 1318 in
3471 1264 3749 1325 ltmresim,

2164 1386 2220 1431 ut
2250 1383 2435 1445 postea
2480 1373 2640 1427 etiam
2688 1369 2758 1423 de
2812 1366 3134 1434 baptismate
3178 1370 3235 1415 et
3274 1360 3452 1413 divina
3485 1356 3756 1411 Tritzitate

2165 1468 2304 1522 male
2356 1464 2643 1525 sentirent,
2689 1468 2744 1514 et
2795 1473 2899 1511 non
2948 1453 3195 1510 omnibus
3242 1449 3530 1509 hzereticis,
3576 1445 3757 1499 velab

2168 1559 2285 1626 ipso
2315 1557 2473 1609 beato
2512 1550 2832 1622 Augustino,
2862 1547 2947 1601 vel
2978 1545 3047 1599 ab
3087 1543 3208 1597 aliis
3239 1540 3481 1595 Ecclesia:
3509 1537 3761 1590 doctori-

2170 1651 2269 1704 bus
2297 1646 2653 1715 eXprobratur
2675 1641 2818 1711 quod
2850 1638 3020 1693 malos
3042 1636 3095 1690 in
3136 1632 3376 1689 Ecclesia
3401 1631 3543 1684 ferre
3567 1629 3762 1681 nolue-

2174 1742 2304 1804 rint,
2338 1738 2441 1792 nisi
2473 1736 2597 1805 quia
2628 1731 2948 1793 Donatistae,
2982 1726 3146 1782 nullis
3180 1719 3648 1778 intercedentibus
3670 1718 3761 1771 de-

480 1852 705 1907 scopum
732 1837 784 1891 iu
815 1808 1070 1891 Ecclesiae
1102 1851 1233 1907 pace
1256 1808 1589 1899 defunctum,
1618 1833 1841 1904 ejusque
1868 1808 2065 1887 doct'ri-
2100 1834 2141 1891 Β
2170 1829 2331 1885 cretis
2353 1826 2542 1894 quibus
2562 1829 2862 1891 oppugnata
2881 1818 3062 1873 dicant
3080 1815 3291 1882 antiqua
3314 1810 3386 1866 de
3406 1809 3511 1863 [ide
3524 1808 3764 1866 decreta,

482 1946 629 1999 nam,
662 1928 814 1999 cuius
840 1929 1024 1984 laudes
1047 1930 1100 1983 iit
1128 1929 1354 1984 concilio
1377 1927 1801 1983 Clialccdoneusi
1834 1926 2071 1979 recitata:

483 2035 613 2080 sunt
634 2025 848 2081 nemine
876 2025 1179 2093 refragante
1201 2066 1216 2090 ,
1239 2026 1330 2079 sed
1362 2035 1413 2077 et
1456 2022 1737 2091 epistolam
1787 2021 1890 2074 ibit:
1933 2020 2072 2073 anti-

484 2118 623 2172 stitis
652 2115 929 2178 Edesseni.
964 2132 1081 2185 qua:
1119 2115 1191 2170 ibi
1222 2124 1307 2170 est
1349 2113 1654 2169 orthodoxa
1703 2111 1937 2181 judicata
1962 2150 1976 2173 ,
2020 2119 2074 2161 ct

486 2209 812 2265 Theodoreti
856 2208 1097 2278 episcopi
1141 2208 1292 2277 Cyrri
1325 2206 1544 2272 scripta,
1576 2204 1667 2274 qtti
1696 2211 1937 2257 assertor
1966 2200 2073 2254 illic

488 2302 738 2355 inventus
780 2310 865 2356 est
918 2298 1163 2366 epistolae
1212 2297 1530 2367 dogmatica:
1564 2311 1715 2365 papae
1768 2294 1990 2359 Leonis,
2024 2293 2073 2345 in

488 2391 656 2458 ipsius
682 2391 896 2447 concilii
947 2389 1406 2444 Chalcedonensis
1454 2387 1820 2457 praeiudicium
1858 2387 2078 2438 damna-

490 2484 670 2538 verint
720 2485 1123 2552 impugnatores
1173 2481 1450 2536 Ecclesia).
1486 2480 1615 2534 Nam
1662 2487 1884 2533 sanctus
1914 2478 2079 2530 frater

493 2576 640 2632 Abba
668 2576 816 2630 Felix
848 2576 874 2613 δ
907 2579 958 2641 ⁸⁵,
990 2576 1130 2630 inter
1152 2576 1251 2629 alii
1278 2575 1413 2629 mala
1434 2574 1822 2644 quamplurima
1852 2588 1969 2639 qua:
1987 2586 2079 2624 no-

494 2667 576 2720 bis
599 2667 666 2722 de
709 2666 802 2721 illo
852 2666 1093 2735 scripsit,
1120 2665 1283 2720 etiam
1326 2666 1428 2721 hoc
1468 2665 1671 2729 retulit,
1701 2663 1844 2732 quod
1877 2663 2083 2716 amicus

506 2762 676 2813 tactus
726 2758 885 2813 fuerit
931 2758 1215 2813 Theodoro
1254 2756 1579 2826 Cappadoci,
1622 2765 1677 2809 et
1718 2771 1838 2809 eum
1882 2755 2082 2823 sapius

502 2854 905 2920 prmscnlaverit
952 2851 1288 2921 imperatori,
1340 2852 1463 2919 quia
1493 2850 1727 2918 capitula
1762 2849 1813 2902 ei
1837 2848 2082 2918 qumdatn

498 2944 925 3000 subministravit
952 2961 1047 3015 pro
1079 2943 1397 2998 damnandis
1415 2955 1535 3011 post
1563 2950 1789 2996 mortem
1812 2941 1864 2994 in
1900 2941 2085 2995 Eccle-

498 3039 593 3093 sia:
621 3051 753 3107 pace
795 3035 1086 3091 defunctis.
1122 3036 1229 3092 Sed
1270 3044 1325 3090 et
1377 3034 1703 3103 Carthagine
1729 3032 1999 3098 similiter,
2030 3041 2088 3085 ut

501 3130 850 3195 advertimus,
876 3128 1154 3184 astruebat
1191 3127 1331 3198 quod
1358 3126 1645 3197 pra‘dictus
1678 3125 2087 3194 Mopsuestenus

2174 1936 2295 1975 sese
2321 1919 2388 1972 ab
2426 1916 2660 1970 Ecclesia
2688 1912 3015 1973 diviserunt;
3054 1905 3143 1960 alii
3196 1918 3345 1967 vero,
3391 1900 3485 1969 qui
3514 1898 3764 1953 decreto-

2177 2028 2292 2066 rum
2326 2008 2714 2065 intercessione
2764 2011 2889 2058 sunt
2919 2002 3172 2069 separati.
3204 2012 3309 2050 non
3340 1995 3409 2047 de
3432 1988 3767 2056 impatienti:

2177 2101 2547 2163 discessionis,
2596 2098 2692 2153 sed
2742 2096 2810 2149 de
2863 2094 2981 2148 solo
3037 2106 3136 2145 suo
3176 2088 3424 2157 dogmate
3452 2085 3770 2152 culpantur,

2178 2192 2516 2265 quiajustani
2564 2203 2618 2246 et
2650 2189 3005 2245 necessariam
3041 2186 3306 2237 habetent
3331 2192 3549 2233 causam
3588 2176 3770 2230 disce-

2179 2291 2365 2357 dendi,
2392 2287 2493 2342 nisi
2522 2286 2623 2355 ipsi
2652 2287 2704 2339 in
2735 2284 2984 2351 dogmate
3014 2277 3360 2334 fallerentur?
3392 2273 3625 2343 Scripsit
3650 2274 3769 2325 ben.

2182 2400 2268 2445 tus
2289 2389 2533 2444 Gelasius
2560 2386 2835 2439 Romanus
2864 2380 3149 2449 episcopus
3179 2375 3438 2428 adversus
3461 2369 3771 2435 Acepltalo;

2184 2498 2430 2552 maguum
2473 2493 2635 2546 opus;
2668 2491 2764 2531 nec
2795 2489 2889 2529 eos
2928 2472 3012 2527 vel
3055 2474 3186 2539 ipse,
3211 2469 3295 2521 vel
3322 2466 3463 2519 alius
3483 2464 3772 2532 Quisquam

2185 2574 2423 2644 culpavit
2454 2572 2519 2625 de
2552 2567 2905 2639 impatientia,
2929 2565 3113 2619 dicens
3154 2562 3273 2632 quia
3307 2560 3391 2615 vel
3421 2560 3463 2611 si
3499 2572 3664 2627 prava
3692 2570 3773 2610 es-

2186 2675 2307 2720 sent
2335 2662 2793 2719 Chalcedonensis
2821 2655 3035 2712 concilii
3060 2654 3300 2716 definita,
3327 2649 3775 2705 conununionem

2189 2758 2448 2813 tualorunt
2483 2754 2626 2808 ferre
2656 2750 2976 2810 debuerant,
3007 2761 3104 2801 nec
3136 2759 3195 2798 se
3216 2746 3284 2797 ab
3315 2739 3554 2796 Ecclesia
3586 2751 3774 2805 segre-

2188 2865 2347 2920 gare;
2381 2847 2475 2902 sed
2508 2845 2576 2900 de
2604 2845 2704 2898 hoc
2724 2843 2841 2897 solo
2859 2840 3161 2909 culpantur,
3188 2835 3327 2903 quod
3353 2847 3543 2886 sanam
3572 2829 3777 2883 docui.

2190 2958 2312 2995 nam
2356 2938 2593 3007 recipere
2626 2934 2929 2989 noluerunt.
2970 2930 3100 2994 Cur,
3132 2940 3336 2997 quzeso,
3373 2923 3473 2976 nisi
3507 2921 3654 2990 quod
3689 2920 3774 2972 isti

2190 3033 2421 3087 dectetis
2476 3023 2974 3087 intervenientibus,
3027 3034 3132 3074 non
3183 3017 3322 3071 sicut
3366 3013 3665 3068 Donatista:
3707 3010 3775 3061 ob

2194 3128 2324 3179 alias
2356 3129 2483 3177 sunt
2506 3134 2699 3174 causas
2727 3117 2796 3171 ab
2829 3112 3064 3170 Ecclesia
3093 3108 3363 3179 separati?
3403 3107 3518 3159 Non
3549 3116 3686 3172 ergo
3709 3100 3780 3153 ul-

489 3222 825 3285 .Theodorus
846 3223 991 3292 juste
1028 3238 1091 3276 ac
1119 3221 1439 3293 regulariter
1486 3228 1609 3288 post
1647 3228 1873 3273 mortem
1934 3216 2093 3269 fuerit
2118 3210 2165 3274 C
2199 3218 2363 3271 terius
2395 3215 2644 3267 abutatur
2675 3209 2728 3263 in
2756 3221 2905 3263 suam
2934 3205 3267 3271 aliorumque
3292 3198 3589 3269 perniciem
3611 3203 3781 3246 novus

503 3316 910 3371 condemnatus.
945 3315 1096 3369 Nunc
1136 3328 1287 3383 ergo,
1344 3311 1597 3381 quoiiiam
1642 3309 1919 3364 indicasns
1964 3323 2085 3362 eum

504 3408 722 3475 culpare
747 3422 867 3476 qua:
896 3406 1041 3474 prius
1084 3405 1230 3460 velut
1263 3414 1408 3459 recta
1440 3413 1494 3458 et
1540 3401 1879 3471 inculpabilia
1902 3399 2091 3454 defeno

505 3502 688 3567 debat,
718 3499 813 3553 sed
847 3500 948 3553 hoc
974 3507 1152 3552 tamen
1184 3512 1446 3560 asserere,
1480 3493 1622 3565 quod
1656 3493 2088 3563 ipsorumimpu-

506 3601 791 3660 gnatorum
829 3588 1085 3645 Ecclesia:
1113 3589 1423 3644 communio
1450 3588 1522 3640 sit
1568 3584 1811 3650 ferenda,
1846 3593 2004 3653 atque
2026 3583 2092 3636 ad

506 3683 967 3739 confirmationem
1021 3681 1187 3751 ipsius
1238 3679 1557 3734 assertionis
1608 3678 1749 3733 beati
1805 3674 2091 3746 Augustini

510 3776 691 3831 verbis
714 3783 904 3830 contra
947 3773 1253 3828 Donatistas
1296 3773 1519 3841 pro¥atis
1551 3771 1698 3825 abuti
1735 3788 1748 3823 :
1782 3769 1958 3839 col-git
1986 3784 2095 3832 me,

514 3878 577 3922 ut
622 3866 890 3933 voluistis,
949 3880 1055 3921 non
1104 3863 1463 3920 consideratis
1517 3862 1722 3916 vitibus
1778 3860 2098 3913 valetudinis

517 3974 677 4026 mea,
697 3967 752 4013 et
788 3956 1271 4028 quomodocunqne
1315 3954 1513 4021 ineptis
1553 3953 1670 4023 ejus
1711 3948 2103 4005 assertionibus

448 4100 453 4109 .
514 4050 865 4120 respondere.
896 4048 1030 4102 Nam
1047 4057 1102 4102 et
1130 4047 1345 4102 codices
1367 4046 1433 4100 ad
1457 4045 1764 4099 necessaria
1794 4042 2097 4097 testimonia

514 4141 861 4211 requirenda,
895 4150 1143 4209 tanquam
1176 4139 1358 4208 fugato
1386 4146 1443 4192 et
1472 4137 1526 4190 in
1550 4135 1768 4189 latebris
1789 4136 2097 4201 constituto,

518 4229 652 4287 mihi
681 4244 823 4289 nunc
854 4228 1050 4283 desunt
1082 4246 1096 4283 :
1128 4228 1253 4298 quia
1277 4229 1293 4259 ί
1313 4229 1428 4296 ipse
1473 4241 1609 4280 unus
1647 4235 1730 4280 est
1758 4235 1779 4262 ε
1815 4226 1899 4278 cui
1927 4224 2103 4279 nullus

517 4323 747 4393 placeat.
772 4319 828 4377 Si
849 4329 1027 4374 autem
1071 4318 1282 4393 videtur
1307 4319 1430 4388 quia
1453 4333 1551 4372 nos
1580 4316 1877 4372 Donatistis
1898 4314 2105 4370 similes

527 4428 739 4483 sumus,
770 4427 867 4469 cur
897 4412 1012 4483 ipse
1041 4427 1146 4467 non
1176 4409 1445 4467 erubescit
1477 4409 1750 4481 Tychonio
1798 4408 1993 4463 similis
2024 4409 2100 4462 in-

2199 3314 2286 3368 hic
2308 3311 2492 3366 doctor
2522 3302 2911 3362 assertionibus
2942 3306 2998 3354 et
3044 3294 3306 3363 exrtuplis
3354 3288 3550 3360 quibus
3608 3286 3783 3339 Dona-

2201 3407 2335 3460 tistae
2350 3401 2550 3473 repulsi
2574 3405 2732 3462 sunt;
2758 3394 2852 3449 sed
2877 3388 3119 3445 attendat
3142 3387 3335 3456 potius,
3355 3382 3463 3453 qui,
3493 3376 3786 3433 semiudum

2204 3491 2477 3566 propheta:
2522 3492 2723 3546 dictum
2756 3506 2769 3541 :
2806 3481 2991 3538 Noluit
3037 3478 3345 3547 intelligere,
3376 3482 3429 3527 ut
3466 3473 3595 3525 bene
3623 3475 3789 3540 ageret

2206 3588 2378 3660 (Psal.
2414 3602 2575 3651 xxxv,
2606 3581 2686 3653 i),
2720 3582 2878 3636 aliam
2903 3592 3023 3634 esse
3050 3572 3442 3629 Donatistarum
3464 3579 3715 3627 causam,
3742 3569 3792 3617 et

2204 3682 2365 3736 aliam
2394 3695 2513 3750 qua:
2537 3694 2677 3732 nunc
2695 3676 2888 3745 agitur,
2918 3672 2971 3726 in
3004 3684 3104 3740 qua
3133 3676 3211 3722 tot
3242 3666 3455 3719 Patrum
3476 3666 3790 3712 nostrorum

2206 3785 2475 3829 sectamur
2497 3771 2768 3837 exempla.
2801 3766 2934 3820 Nam
2983 3770 3038 3815 et
3077 3775 3199 3816 cum
3231 3755 3458 3812 Aeacius
3488 3747 3792 3807 Constantb

2210 3862 2554 3933 nopolitanus
2582 3861 2869 3928 episc0pus
2892 3852 3092 3921 aliquid
3123 3850 3385 3905 adversus
3412 3842 3784 3898 auctoritatem

2211 3956 2401 4025 synodi
2432 3949 2885 4009 Chalcedonensis
2911 3945 3160 4009 auderet,
3204 3956 3310 3995 non
3353 3935 3633 4006 equidem,
3664 3935 3791 3986 sicut

2211 4023 2351 4099 nunc
2383 4042 2580 4098 factum
2607 4052 2714 4105 est,
2736 4039 2954 4093 decreto
2975 4049 3095 4088 cum
3120 4030 3459 4085 anathemate
3473 4023 3786 4080 constituto.

2212 4133 2306 4190 sed
2329 4133 2438 4188 sola
2459 4130 2689 4187 inimicis
2706 4129 2871 4198 ipsius
2888 4123 3082 4196 synodi
3101 4117 3481 4176 communione
3505 4113 3791 4182 permissa:

2215 4226 2516 4297 praevidens
2539 4220 2833 4292 apostolica
2855 4217 3014 4273 sedes
3038 4213 3204 4284 quod,
3228 4212 3372 4266 sicut
3395 4208 3574 4263 exitus
3596 4203 3795 4265 docuit,

2217 4321 2331 4373 haec
2378 4317 2628 4373 remissio
2677 4313 2742 4368 ad
2786 4308 3209 4367 destructionem
3260 4302 3481 4358 concilii
3513 4298 3793 4354 memorati

2218 4410 2567 4483 portenderet
2606 4408 2813 4480 (postea
2844 4405 3039 4475 quippe
3070 4401 3220 4456 Zeno
3247 4399 3564 4467 imperator,
3595 4394 3693 4463 qui
3721 4391 3793 4446 eis

594 4652 620 4681 "
650 4642 945 4712 Episc0pus
965 4639 1211 4697 Reiensis
1237 4657 1251 4692 :
1277 4653 1434 4708 quem
1454 4636 1644 4712 Avitus
1670 4632 2010 4712 Viennensis,
2036 4649 2083 4686 ai

2210 4638 2399 4692 eodem
2433 4645 2641 4712 postea,
2679 4634 2829 4712 quod.
2863 4629 3064 4711 quinta:
3094 4625 3297 4712 synodo
3337 4618 3696 4712 scrip-nimus

524 4706 966 4782 Burgundionum
1007 4726 1204 4782 regem,
1233 4706 1389 4778 epist.
1442 4709 1477 4762 4
1519 4708 1786 4782 scribens,
1816 4706 2101 4782 Fattstique

524 4775 701 4852 ipsius
726 4782 791 4836 ad
821 4775 1103 4852 Paulinum
1124 4775 1407 4849 epistolam
1439 4776 1722 4852 refellens,
1748 4785 1868 4852 ortu
1894 4775 2101 4852 {Britan-

526 4846 654 4907 num
680 4892 698 4920 ,
750 4853 1051 4907 habitaculo
1092 4846 1376 4905 Reiensem
1431 4846 1599 4902 fuisse
1631 4848 1737 4920 ait.
1782 4849 1861 4901 Ac
1895 4846 2103 4920 Britan-

528 4939 655 4978 num
682 4916 932 4990 'prorsus
976 4920 1143 4976 fuisse
1196 4922 1367 4975 innuit
1406 4921 1564 4973 etiam
1619 4917 1874 4990 Sidonius
1899 4916 1993 4990 lib.
2026 4931 2102 4980 ix,

528 4987 766 5072 opimi),
797 4993 939 5072 quod
985 4995 1054 5072 de
1085 4992 1737 5072 BritannisGaihssupra
1775 4987 2039 5072 Ligerim,
2056 4996 2114 5039 ut

532 5056 783 5119 Sidonius
812 5056 939 5133 alibi
995 5062 1249 5133 loquitur,
1299 5064 1417 5116 sitis
1464 5056 2112 5128 accipienduntestJdeo

530 5133 813 5189 Facundos
842 5131 1049 5188 Gallum
1065 5131 1250 5188 ’vocat.

602 5203 629 5243 ιι
656 5200 784 5259 Afer
811 5203 1045 5259 Gillitani
1076 5203 1189 5259 sive
1211 5202 1496 5258 Gnillensis
1525 5204 1575 5257 in
1600 5202 1781 5256 Africa
1806 5197 2116 5254 monasterii

532 5277 884 5345 begumenus.
918 5275 1071 5331 Hunc
1118 5284 1176 5329 ut
1225 5275 1556 5329 incentorem
1610 5268 2118 5345 pravitatisitustici

529 5339 741 5404 dia'coni
789 5344 1013 5417 Vigilius
1064 5361 1186 5401 cum
1242 5346 1463 5401 Rustico
1511 5339 1628 5414 ipso
1664 5344 1954 5397 damnavit.
1984 5339 2119 5394 Cum

605 5530 623 5561 ¹
653 5528 868 5583 Mutilus
889 5526 1060 5590 locus,
1092 5537 1247 5591 quem
1278 5520 1409 5574 vidit
1430 5516 1764 5591 Sirmondus,
1799 5528 1969 5591 neque
1993 5526 2111 5579 sup-

536 5601 671 5670 pleri
691 5609 865 5669 potest
888 5611 956 5654 ex
968 5586 1152 5652 codice
1173 5602 1378 5659 nostro,
1395 5593 1446 5644 in
1470 5603 1577 5658 quo
1598 5587 1705 5643 duo
1722 5586 1914 5655 integri
1930 5596 2117 5638 versus

2214 4687 2641 4769 treclare'n'trin'
2676 4687 2923 4760 exsilium
2973 4687 3175 4769 ejectus
3200 4704 3286 4750 est
3327 4687 3803 4769 a‘Jll‘Slif'ljangjb-E-

2212 4794 2317 4845 que
2365 4755 2647 4845 mortuus-.7
2681 4755 2904 4829 'V‘i'iliiii
2932 4755 3266 4825 Tintottensis
3292 4782 3305 4817 :
3337 4763 3399 4815 Ρ.
3420 4755 3801 4845 ,ςληιξςξξὶιέἱνῇ

2215 4828 2579 4911 Ci'au‘iiéti,"
2604 4828 2758 4900 εἰέκ
2800 4828 3109 4914 [tegumentis
3148 4833 3476 4914 monasterii
3496 4828 3740 4914 Gillitgni
3760 4828 3805 4904 iit

2216 4898 2561 4989 emilio—apud
2606 4898 2888 4985 Sinopemd
2907 4913 2969 4966 de
2991 4912 3085 4966 hac
3113 4911 3213 4962 vita
3259 4905 3499 4977 migravit
3536 4905 3611 4953 ad
3644 4898 3806 4952 Domi~

2221 5008 2366 5045 num.

2292 5040 2588 5115 vcinMutilum
2646 5058 2752 5111 hoc
2806 5057 2925 5110 loco
2965 5055 3159 5109 librum
3202 5047 3394 5109 videri,
3428 5056 3484 5099 et
3524 5042 3690 5096 verba
3721 5040 3807 5115 ista

2222 5131 2497 5186 declarant
2523 5108 3057 5196 cumwsuperioribus
3109 5138 3212 5196 non
3240 5108 3603 5196 coluerentia,
3632 5122 3687 5167 et
3715 5108 3807 5196 alia

2221 5182 2493 5271 diiiépijsi
2510 5182 2713 5267 aliquot
2746 5182 2982 5266 pagellas
3009 5197 3076 5250 de
3106 5192 3304 5247 tlilario
3330 5197 3384 5242 et
3408 5187 3651 5253 ueteris,
3677 5182 3809 5234 velut

2223 5282 2346 5329 ante
2367 5273 2530 5339 dicta,
2559 5276 2965 5325 commemorat.

2222 5508 2419 5578 injuria
2453 5506 2709 5576 temporis
2740 5501 2924 5578 detriti
2949 5507 3093 5554 sunt.

2298 5581 2319 5611 '
2350 5580 2483 5635 Cod.
2522 5573 2744 5645 verum,
2773 5573 3018 5644 insipiens
3044 5583 3152 5624 cor.

609 5805 637 5835 ⁸
668 5802 724 5854 lu
775 5803 914 5855 hunc
953 5801 1126 5855 locum
1160 5796 1359 5851 videsis
1397 5792 1648 5848 lllazochii
1685 5789 2145 5847 Commentarium
2198 5784 2249 5839 in
2279 5792 2385 5838 vet.
2414 5796 2667 5838 marmor.
2722 5775 3007 5834 Calendar.
3037 5769 3169 5828 cccl.
3204 5764 3429 5837 Neapol.
3482 5762 3592 5821 vol.
3621 5762 3657 5828 l,

548 5873 668 5933 127,
700 5880 809 5929 ιιοι.
838 5871 929 5937 7U,
958 5881 1010 5928 et
1038 5885 1157 5937 pag.
1187 5871 1279 5934 50,
1302 5869 1364 5924 ad
1391 5866 1531 5924 diem
1563 5866 1622 5921 5t
1659 5862 1778 5920 Jan.
