3992 6344
343 303 449 360 851

1533 311 1730 366 LIBER
1767 310 2040 366 CONTRA
2083 311 2459 368 MOCIANUM.

3508 322 3613 380 858

341 437 772 478 eoinmumonam
803 421 1025 488 praeberi
1060 425 1433 489 mandaverat,
1457 443 1486 481 a
1531 428 1824 481 minorihus
1853 428 1916 481 ad
1951 433 1996 485 A
2026 429 2308 483 etesiarum
2339 431 2528 485 doctor
2559 431 2808 498 Ililarius,
2837 443 2892 488 et
2921 437 3103 490 caeteri
3129 440 3460 509 antiquiores
3483 457 3603 496 cum

342 515 543 583 majora
571 513 882 582 prosiliens,
908 516 1079 583 ipsum
1105 517 1390 572 concilium
1421 521 1752 586 promulgato
1771 534 1923 588 spre-

341 606 418 658 vit
437 601 656 674 edicto),
689 604 936 658 eumdem
955 606 1237 671 Acacium,
1265 610 1507 677 quamvis
1539 611 1793 679 praedicto
1819 610 1920 662 Ze-

341 711 484 750 none
511 697 816 762 resistente,
848 696 1142 752 damnavit.
1175 699 1279 765 Qui
1311 712 1552 758 mortuus
1588 717 1800 772 quoque
1829 718 1923 771 per

340 786 551 842 libellos
575 787 992 842 ordinandorum
1017 788 1398 860 episcoporum
1424 810 1566 854 nunc
1595 811 1760 864 usque
1783 797 1924 850 dam-

341 892 501 938 natus
546 892 650 937 est.
705 885 770 934 At
818 893 1093 951 postquam
1135 885 1357 954 contigit
1388 896 1445 941 ut
1477 890 1528 941 in
1579 889 1775 942 libellis
1804 890 1916 943 suis

340 975 576 1044 episcopi
609 974 892 1029 ordinandi
922 975 1262 1031 Theodorum
1306 978 1739 1046 Mopsuestcnum
1795 996 1916 1035 cum

337 1065 454 1120 suis
501 1065 862 1134 dngmatibus,
915 1077 970 1120 et
1015 1067 1294 1134 epistolam
1351 1070 1478 1134 lbte,
1510 1084 1560 1124 et
1593 1072 1920 1128 Theodoreti

339 1157 538 1222 scripta
558 1157 898 1223 damnarent,
928 1168 1254 1214 memoratus
1280 1161 1505 1215 Aeacius
1528 1163 1683 1216 etalii
1709 1167 1918 1220 euricilii

340 1247 792 1303 Chalcedonensis
809 1249 1121 1315 adversarii,
1147 1250 1267 1304 dam
1280 1252 1478 1306 nationi
1506 1254 1758 1308 subtracti
1775 1266 1919 1311 sunt.

339 1339 478 1407 Quia
492 1339 649 1409 igitur
664 1338 1001 1407 supradictus
1021 1339 1188 1404 Zeno,
1213 1341 1355 1395 sedis
1370 1343 1678 1412 apostolica:
1708 1344 1920 1400 decreta

339 1444 711 1496 contemnens,
727 1431 980 1501 praedicto
993 1432 1191 1486 Acacio
1203 1434 1652 1502 communicabat,
1670 1445 1921 1493 etomnes

339 1523 610 1578 Ecclesias
641 1523 693 1576 in
718 1522 798 1575 sui
831 1522 977 1592 regni
1021 1522 1212 1576 finibus
1237 1525 1550 1579 constitutas
1575 1526 1712 1581 idem
1747 1525 1922 1583 facere

337 1613 1286 1684 compellebat,Anasta-iodeindein
1326 1617 1604 1683 imperium
1627 1628 1681 1672 et
1709 1621 1759 1673 in
1787 1636 1922 1688 prte-

336 1710 696 1777 sumptionem
725 1708 955 1762 similem
974 1709 1316 1776 succedente,
1346 1711 1521 1764 omnis
1543 1711 1756 1775 Oriens,
1785 1729 1920 1780 prae--

2023 535 2089 574 eo
2122 519 2306 574 Patres
2335 535 2560 590 quorum
2606 539 2766 590 supra
2818 528 3181 589 meminimus.
3219 547 3321 586 non
3353 533 3606 588 observa-

2026 623 2216 667 verunt
2239 630 2358 683 qua:
2376 615 2440 668 ad
2469 617 2764 670 custodiam
2791 620 3058 687 pertinent
3088 625 3324 689 unitatis,
3357 637 3407 679 ιιι
3441 628 3614 696 prius-

2023 720 2181 772 quam
2205 707 2406 775 aliquid
2437 719 2622 762 contra
2649 710 2921 766 Nicmnum
2955 715 3237 770 concilium
3263 727 3608 787 Statucretur,

2024 797 2091 851 ab
2132 814 2321 852 corum
2367 801 2454 866 qui
2499 803 2610 855 haec
2664 804 3045 860 moliebantur.
3077 824 3195 863 scse
3235 816 3611 869 cetumnuione

2024 887 2422 944 subtrahercnt.
2474 892 2759 960 Quamvis,
2793 903 2850 948 ut
2897 897 3148 964 diximus,
3177 899 3275 968 ipsi
3311 901 3610 959 Donatistas

2024 989 2150 1036 ante
2177 982 2579 1052 damnaverint,
2615 997 2789 1042 tamen
2831 991 3068 1058 nunquid
3099 1002 3154 1046 et
3199 997 3487 1062 apostolica
3517 1013 3612 1054 se-

2025 1073 2141 1140 des,
2177 1090 2295 1127 cum
2325 1071 2510 1143 postea
2546 1094 2642 1146 pro
2681 1079 2887 1135 violati:
2921 1071 3371 1140 Chalcedonensis
3394 1089 3606 1144 concilii

2025 1163 2253 1219 decretis
2285 1166 2569 1220 resistente
2617 1169 2835 1225 Zenone
2867 1172 3147 1227 damnaret
3185 1177 3458 1242 Acacium,
3496 1179 3608 1235 haec

2026 1265 2182 1325 atque
2212 1256 2515 1325 hujusmodi
2547 1260 2745 1329 scripta
2763 1262 2899 1317 beati
2931 1267 3211 1331 Augustini
3239 1285 3342 1322 non
3375 1271 3606 1339 legerat;

2028 1351 2235 1404 tametsi
2261 1360 2476 1419 putetur
2508 1353 2682 1408 minus
2703 1371 2795 1422 per
2821 1357 3162 1424 semetipsam
3199 1361 3495 1429 intelligere
3517 1378 3609 1431 po-

2027 1442 2332 1512 tuissequa:
2365 1445 2430 1498 ad
2471 1445 2864 1501 obscrtantiam
2920 1451 3222 1517 pertineant
3269 1453 3508 1518 unitatis,
3552 1466 3609 1508 ut

2028 1537 2277 1590 Aeacinm
2315 1537 2617 1599 damnaret.
2651 1556 2807 1609 quem
2840 1541 2957 1596 sine
2983 1543 3146 1596 multo
3178 1544 3353 1597 triti~0
3382 1546 3603 1614 impera-

2029 1635 2112 1678 tor
2159 1627 2354 1694 expelli
2397 1644 2500 1680 non
2533 1631 2779 1683 sineret?
2815 1630 2917 1683 Sed
2970 1646 3070 1686 nec
3101 1633 3333 1686 Rourana
3367 1635 3603 1689 Ecclesia

2029 1718 2375 1771 reconciliare
2406 1719 2587 1772 debuit
2615 1719 2845 1772 Orienti~
2878 1721 3164 1786 Ecclesias,
3191 1733 3239 1776 et
3270 1739 3359 1777 cas
3385 1725 3437 1778 in
3460 1741 3604 1779 corn-

339 1815 421 1858 ter
449 1801 739 1856 admodum
799 1815 998 1868 paucos
1025 1803 1112 1869 qui
1145 1804 1194 1855 in
1240 1803 1330 1856 illa
1355 1804 1693 1860 multitudine
1717 1806 1913 1859 occulti
1952 1818 1998 1876 Β
2033 1807 2336 1862 niuniouem
2361 1811 2460 1862 sub
2481 1810 2657 1864 debita
2681 1812 3047 1867 satisfzictinne
3079 1816 3346 1882 recipere;
3374 1817 3465 1869 sed
3503 1817 3603 1870 Ec-

337 1893 591 1955 latebant,
645 1905 676 1944 a
724 1894 1103 1947 communione
1153 1892 1296 1947 sedis
1340 1895 1647 1964 apostolica:
1677 1907 1916 1949 remozus

337 1999 434 2051 per
459 1983 529 2037 40
567 1981 744 2037 ferme
773 1997 945 2037 annos
995 1998 1166 2052 usque
1207 1984 1274 2038 ad
1303 1993 1544 2053 tempora
1573 1986 1762 2040 Justini
1792 2003 1915 2054 per-

337 2075 551 2130 mansit.
606 2076 670 2130 Et
717 2091 840 2131 cum
870 2075 1084 2146 quidam
1132 2093 1228 2144 per
1261 2079 1389 2132 illud
1418 2088 1629 2150 tempus
1670 2079 1914 2150 ejusdem

337 2167 505 2236 partis
532 2168 766 2237 episcopi
816 2169 1253 2225 communionem
1305 2170 1450 2225 sedis
1477 2171 1785 2240 apostolicae
1815 2172 1916 2226 sibi

335 2278 400 2317 nc
442 2261 554 2317 suis
597 2262 850 2316 Ecclesiis
898 2263 1254 2330 postularent,
1307 2279 1414 2316 non
1471 2264 1915 2332 impetraverunt,

336 2354 508 2409 donec
559 2353 815 2423 principis
861 2354 1058 2409 Justini
1109 2355 1440 2424 temporibus
1489 2357 1919 2411 Acaciidamna-

337 2447 469 2500 tioni
492 2445 913 2500 subscriberent.
943 2445 1054 2499 Nec
1099 2454 1275 2500 tamen
1307 2446 1586 2516 quisquam
1619 2462 1800 2501 eorum
1833 2448 1915 2500 di-

337 2539 415 2592 ait
441 2556 452 2590 :
486 2537 596 2593 Nos
618 2538 821 2592 zizania
869 2550 975 2592 non
1022 2553 1227 2603 sumus,
1251 2538 1344 2593 sed
1375 2538 1576 2592 zizania
1604 2540 1914 2605 tuleramus,

338 2644 405 2684 ne
427 2629 584 2683 simul
604 2628 939 2684 eradit-crnus
966 2638 1022 2684 et
1049 2631 1305 2684 triticum.
1353 2630 1460 2684 Cur
1503 2640 1679 2684 autem
1736 2632 1917 2686 ethoc

336 2721 642 2790 apostolica:
683 2722 797 2777 sedi
830 2737 934 2778 non
973 2722 1233 2789 dicerent,
1281 2724 1323 2778 si
1347 2733 1400 2778 et
1429 2725 1621 2779 talibus
1644 2727 1820 2779 causis
1845 2726 1917 2781 si-

333 2812 581 2868 militudo
608 2799 1048 2882 istacongrueret
1077 2831 1090 2866 :
1126 2814 1236 2868 lino
1268 2831 1366 2869 nos
1383 2826 1527 2869 recte
1549 2815 1792 2877 facimus,
1820 2831 1917 2872 nos

336 2904 393 2959 in
422 2905 687 2960 mandatis
711 2905 986 2976 Evangelii
1019 2921 1419 2975 permaucmus,
1447 2907 1535 2975 qui
1565 2907 1770 2961 zizania
1796 2911 1916 2962 tole-

334 3010 532 3062 ramus,
564 3012 722 3066 quam
771 3012 886 3060 vos,
919 2996 1007 3066 qui
1040 3012 1134 3065 pro
1160 2997 1378 3051 zizaniis
1419 2997 1576 3051 simul
1603 2998 1918 3053 eradicastis

334 3096 389 3141 ct
415 3087 676 3156 triticum,
703 3095 796 3142 aut
814 3087 1142 3142 discessistis
1168 3102 1197 3141 a
1228 3088 1453 3142 tritico?
1479 3089 1616 3156 Quid
1645 3089 1802 3156 igitur
1831 3087 1918 3143 hic

2024 1900 2199 1953 clesia:
2229 1901 2404 1968 potius
2425 1902 2680 1967 Orientis,
2709 1921 2827 1972 qua:
2856 1906 3056 1958 zizania
3091 1907 3469 1971 toleraverant,
3497 1908 3605 1962 Ro-

2021 2006 2230 2044 tnanam
2265 1992 2552 2046 Ecclesiam
2605 1994 2952 2048 reconciliare
2999 1994 3303 2050 debuerunt
3345 2012 3374 2048 a
3425 1999 3596 2051 tritici

2019 2091 2340 2147 separatam.
2383 2082 2463 2136 An
2497 2093 2776 2150 propterea
2828 2081 3030 2138 factum
3067 2102 3170 2138 non
3204 2095 3284 2140 est
3314 2087 3453 2155 quod
3506 2087 3605 2141 iste

2020 2173 2196 2226 adlmc
2228 2189 2320 2242 per
2371 2174 2661 2229 Ecclesiam
2709 2175 3026 2232 catholicam
3061 2178 3198 2232 sicut
3245 2195 3386 2232 nunc
3416 2179 3606 2233 docere

2022 2281 2127 2318 non
2161 2267 2376 2332 posset?
2421 2278 2510 2320 aut
2545 2269 2722 2335 potius
2764 2271 2904 2336 quod
2937 2272 3160 2324 necdum
3217 2271 3281 2324 ad
3318 2273 3605 2328 Ecclesiam

2019 2357 2336 2411 catholicam
2388 2359 2692 2412 devertisset
2743 2360 2834 2428 qui
2895 2362 3032 2415 hanc
3091 2377 3396 2429 perversam
3449 2375 3606 2434 atque

2020 2450 2291 2503 confusam
2323 2451 2372 2505 ei
2414 2450 2525 2504 vult
2576 2450 2775 2505 inferre
2804 2452 3126 2519 doctrinam,
3158 2461 3211 2508 et
3270 2455 3470 2508 utinam
3502 2471 3606 2511 non

2025 2541 2310 2609 Augustini
2343 2543 2558 2597 nomine
2584 2544 2914 2599 coloratam?
2944 2544 3074 2598 Nam
3107 2546 3216 2598 vult
3260 2548 3606 2614 apostolicam

2020 2631 2224 2696 sedem,
2246 2647 2362 2700 qua:
2380 2642 2503 2686 tunc
2516 2633 2634 2686 aliis
2647 2633 3091 2702 culpamdlmisit,
3107 2636 3272 2702 ipsam
3295 2638 3465 2705 potius
3487 2652 3606 2695 cunt

2018 2722 2228 2774 caeteris
2261 2720 2352 2790 qui
2381 2721 2498 2789 ejus
2525 2721 2579 2774 in
2623 2723 2820 2776 Acacio
2865 2724 3188 2777 sententiam
3241 2735 3605 2790 servaverunt,

2018 2812 2179 2866 veluti
2213 2827 2306 2879 pro
2338 2812 2792 2888 iactoschismate
2817 2811 2979 2866 fuisse
3000 2813 3348 2881 culpabilem;
3379 2823 3431 2868 et
3461 2830 3607 2870 inore

2017 2918 2116 2959 suo
2147 2903 2349 2958 nemini
2404 2918 2653 2972 parcens,
2706 2903 2831 2959 illos
2861 2919 3070 2972 quoque
3094 2905 3392 2959 Orientales
3415 2905 3606 2974 quibus

2021 2995 2319 3063 petentibus
2362 2995 2578 3050 dimissa
2612 3004 2711 3060 est,
2762 2995 2929 3049 videri
2973 2995 3084 3048 vult
3130 2995 3194 3049 ad
3236 2995 3606 3049 scliisutaticos

2021 3085 2392 3139 Occidentales
2445 3084 2612 3139 fuisse
2651 3101 2962 3154 conversos,
2993 3099 3129 3155 quos
3169 3085 3268 3154 ipsi
3295 3086 3359 3140 ad
3383 3101 3440 3140 se
3469 3101 3604 3140 con-

334 3178 595 3242 dieemus,
640 3178 875 3246 religiosi
923 3177 1058 3231 lilii?
1115 3177 1361 3248 Nunquid
1395 3193 1488 3246 pcr
1524 3187 1599 3232 tot
1651 3193 1912 3232 annorum
1940 3190 1987 3252 ο
2026 3183 2238 3230 vertere
2277 3175 2603 3230 debuerunt.
2661 3177 2730 3230 Et
2760 3177 2875 3232 inec
2916 3179 3131 3246 quidem
3173 3177 3327 3232 nobis
3355 3177 3420 3231 ad
3455 3178 3606 3232 istius

333 3269 507 3337 Spatia
533 3281 637 3322 non
666 3277 751 3322 est
776 3268 1020 3324 inventus
1051 3271 1333 3338 quisquam
1375 3269 1428 3323 in
1469 3269 1721 3324 Romanis
1741 3285 1916 3325 sacer-

333 3357 575 3420 dotibus,
601 3372 631 3410 a
663 3357 840 3414 Felice
874 3359 1051 3414 Acacii
1083 3358 1398 3414 damnatore
1428 3368 1454 3396 τι
1487 3375 1652 3427 usque
1679 3360 1745 3416 ad
1778 3359 1917 3415 lior-

335 3448 586 3518 misdam,
624 3450 714 3519 qui
755 3449 990 3506 Orientis
1036 3451 1406 3506 reconciliavit
1461 3451 1749 3520 Ecclesias,
1784 3453 1922 3506 inter

333 3557 470 3610 quos
501 3541 675 3596 fuerat
715 3541 855 3596 enim
886 3543 916 3577 “
942 3543 1130 3596 beatus
1152 3541 1394 3598 Gelasius
1422 3544 1473 3597 in
1497 3544 1779 3599 sanctitate
1800 3545 1922 3599 vita:

334 3645 491 3702 atque
537 3633 760 3690 scientia
820 3648 912 3702 per
941 3633 1252 3690 universum
1300 3637 1556 3689 mundum
1612 3635 1920 3691 celebrioris

333 3724 486 3778 lanna:
507 3724 674 3795 gloria
707 3724 1048 3793 prtedicatus,
1085 3740 1190 3779 non
1218 3735 1300 3780 est
1332 3729 1580 3781 inventus
1612 3727 1693 3781 vel
1724 3727 1775 3780 in
1809 3726 1919 3781 [lo-

332 3829 494 3870 inano
517 3815 686 3878 clero,
706 3817 721 3847 ⁸
747 3815 1050 3871 Christiana
1084 3815 1239 3883 plebe
1269 3816 1399 3872 inibi
1446 3817 1796 3882 consistente,
1838 3819 1917 3873 vel

335 3908 387 3963 in
414 3909 622 3964 cunctis
669 3909 1092 3966 occidentalibus
1148 3910 1422 3978 Ecclesiis,
1455 3911 1544 3980 qui
1585 3912 1666 3966 vel
1719 3919 1918 3964 tantum

327 4012 474 4058 esset
496 4018 592 4070 pro
617 4003 976 4058 Ecclesiarum
1008 4003 1216 4057 unitate
1234 4002 1495 4057 sollicitus
1524 4015 1779 4074 quantum
1811 4018 1919 4056 ma-

333 4096 493 4163 sister
515 4093 604 4150 hic
645 4109 815 4149 novus
857 4093 1164 4147 novissimis
1218 4093 1549 4162 temporibus
1577 4093 1917 4167 destinatus;

332 4195 389 4239 ut
444 4200 603 4242 nemo
662 4193 1012 4254 cognosceret
1073 4193 1128 4238 ct
1193 4184 1408 4239 doceret
1446 4184 1586 4253 quod
1639 4185 1693 4237 in
1734 4184 1918 4238 eadem

331 4291 541 4346 quoque
635 4290 794 4330 causa
884 4274 1147 4328 malorum
1246 4275 1554 4330 communio
1645 4275 1919 4328 toleranda

331 4368 490 4434 foret,
546 4383 615 4422 ne
641 4383 762 4422 cum
819 4366 1039 4420 zizaniis
1065 4365 1434 4422 eradicarctur
1477 4377 1531 4420 et
1559 4365 1833 4423 triticum?
1874 4367 1918 4420 si

333 4458 412 4513 fas
435 4468 520 4513 est
563 4458 790 4515 credere
819 4458 960 4528 quod
992 4458 1214 4512 scientia
1253 4467 1309 4512 et
1334 4457 1614 4528 disciplina
1642 4459 1920 4512 Servanda:

2025 3268 2416 3322 convictionem
2446 3267 2783 3337 sufficerent,
2817 3271 2860 3324 si
2890 3271 3204 3336 adversarii,
3248 3287 3386 3339 quos
3408 3281 3461 3325 et
3495 3272 3608 3341 ipso

2023 3359 2204 3428 culpat
2232 3375 2336 3414 non
2371 3358 2663 3414 inferentes
2702 3357 2988 3413 anathema
3019 3359 3446 3414 Chalcedonensi
3477 3375 3610 3415 con-

2022 3451 2166 3517 cilio,
2217 3466 2388 3519 neque
2435 3451 2486 3505 in
2535 3467 2632 3505 nos
2685 3466 2895 3516 omnm,
2952 3451 3048 3506 sed
3097 3451 3297 3521 aliquid
3351 3449 3610 3508 adversus

2023 3540 2138 3608 ejus
2150 3540 2520 3595 auctoritatem
2535 3550 2807 3609 gerentes,
2826 3540 2924 3608 ipsi
2945 3539 3118 3608 potius
3133 3556 3161 3593 a
3178 3540 3351 3606 nobis,
3367 3541 3465 3594 sub
3477 3556 3608 3596 ana-

2024 3630 2257 3685 themate
2295 3631 2700 3686 damnarentur.
2732 3630 2882 3685 Nunc
2920 3638 3123 3700 autem,
3161 3631 3266 3685 illis
3311 3631 3475 3700 impie
3519 3647 3610 3702 ge-

2024 3721 2287 3787 rentibus,
2320 3730 2374 3776 et
2409 3737 2506 3776 nos
2547 3737 2611 3777 ac
2652 3721 2840 3776 Patres
2869 3730 3082 3776 nostros
3109 3722 3601 3776 anathematizand-

2022 3813 2146 3877 bus,
2191 3827 2419 3882 seseque
2467 3828 2561 3881 per
2612 3814 2714 3867 hoc
2761 3811 3045 3867 anathema
3095 3813 3502 3882 scgregautibus
3543 3813 3612 3868 ab

2025 3905 2276 3958 universa
2325 3904 2522 3959 Christi
2569 3902 2827 3971 Ecclesia,
2873 3917 2972 3958 nos
3011 3903 3100 3972 qui
3143 3903 3256 3958 Deo
3301 3911 3520 3973 regente
3559 3905 3610 3959 in

2024 4005 2242 4065 paterna
2291 3998 2558 4052 sententia
2605 4006 2660 4051 et
2701 3995 3080 4050 communione
3123 4002 3442 4063 perstamus,
3493 4009 3607 4060 nes,

2022 4091 2259 4158 inquam,
2304 4089 2356 4142 in
2395 4087 2632 4144 Ecclesia
2670 4088 2754 4141 cui
2785 4087 3050 4142 dederunt
3086 4085 3394 4150 anathema,
3424 4086 3611 4140 statui-

2023 4195 2143 4233 mus
2191 4179 2485 4235 secundum
2536 4179 2856 4234 Christianae
2910 4179 3182 4249 religionis
3217 4179 3608 4234 observantiam

2024 4290 2131 4328 non
2165 4273 2562 4328 communicare
2591 4272 2660 4328 ab
2687 4271 2930 4328 Ecclesia
2958 4274 3276 4342 segregans.
3307 4271 3422 4325 Non
3451 4272 3612 4340 igitur

2021 4362 2105 4416 vel
2149 4361 2250 4416 hoc
2297 4360 2383 4415 isti
2429 4362 2789 4416 concesserim
2847 4360 2900 4416 id
2947 4375 3048 4414 nos
3091 4359 3284 4414 fecisse
3317 4358 3457 4426 quod
3489 4373 3608 4411 cum

2020 4458 2133 4511 suis
2165 4455 2384 4524 collegis
2424 4455 2656 4509 Hilarius
2699 4454 2848 4519 fecit,
2879 4453 2970 4522 qui
3001 4453 3148 4507 nullo
3174 4451 3350 4504 adhuc
3379 4451 3430 4504 in
3466 4465 3605 4518 pra:-

332 4549 551 4605 unitatis
595 4564 629 4603 a
678 4549 840 4605 beato
888 4550 1052 4618 cmpit
1080 4549 1440 4618 ’Augustino,
1480 4547 1632 4618 cujus
1657 4549 1916 4605 adversus
1946 4548 2278 4635 Djudicium
2331 4547 2531 4602 Nicaeui
2584 4547 2797 4600 concilii
2850 4543 3168 4614 procedente
3223 4543 3439 4595 decreto
3483 4555 3607 4596 cum

313 4640 641 4700 ,Donatislas
688 4642 1062 4695 convenientia
1111 4639 1307 4709 scripta
1355 4638 1793 4694 inconvenientcr
1817 4640 1917 4694 iste

329 4745 506 4786 causae
537 4734 782 4802 praesenti
809 4746 951 4786 nunc
983 4730 1126 4786 adbil
1147 4741 1221 4786 et.
1267 4731 1334 4785 Et
1361 4730 1479 4786 ideo
1501 4733 1786 4802 pra-clarus
1813 4732 1914 4787 Ec-

401 4947 426 4977 ι
461 4937 892 5006 Postepistolam
941 4936 1133 4992 Felicis
1172 4936 1238 4990 Ill
1271 4950 1422 5004 papa:
1449 4934 1514 4988 ad
1571 4934 1818 4989 Acacium
1845 4935 1915 4989 de

327 5009 508 5079 ipsius
527 5007 872 5065 damnatione
893 5007 1072 5062 datam
1117 5007 1384 5079 Yenantio
1404 5007 1646 5079 consule,
1670 5006 1914 5079 sequitur

326 5076 381 5135 in
413 5077 600 5134 codice
647 5080 859 5134 Sancta:
907 5079 1088 5134 Mariae
1117 5076 1468 5131 Virdunensis
1509 5077 1738 5130 edictum
1771 5077 1915 5142 ejus-

327 5151 458 5272 dentt)
481 5149 760 5218 perbreve,
807 5149 1045 5206 nondum
1097 5149 1357 5204 hactenus
1388 5147 1680 5216 YUIg-tlum,
1715 5146 1767 5199 in
1800 5147 1914 5200 haec

327 5234 422 5272 ver
459 5234 489 5272 a
520 5236 534 5272 :

325 5234 489 5273 verna
520 5236 534 5272 ζ

325 5288 570 5344 Edictum
601 5297 864 5345 sententia:
894 5289 1080 5344 Fel'cis
1107 5307 1252 5358 papa:
1283 5291 1528 5344 directura
1556 5296 1758 5358 prepler
1778 5289 1911 5341 Aca-

453 5360 522 5415 cit'
541 5361 768 5432 episcopi
800 5360 1351 5430 Coustantiuopolitani
1379 5359 1782 5413 damnationem.

401 5568 418 5600 ’
441 5565 574 5620 Cod.
608 5564 836 5628 Veram,
864 5568 1098 5632 omnique
1128 5561 1420 5617 Christiana
1447 5562 1609 5633 plebe.

398 5637 420 5672 ⁸
451 5636 595 5692 Idem
621 5634 772 5702 Cud.,
799 5637 1024 5704 caperit.

405 5814 424 5838 ‘
450 5807 757 5879 chendum
786 5805 920 5866 forte
949 5808 1123 5862 etiam.

2023 4640 2192 4709 prima
2251 4639 2642 4692 contrariorum
2700 4636 2976 4690 molimina
3034 4633 3499 4702 prtesumpsissent
3545 4631 3606 4698 ³,
3670 4633 3674 4637 ’

2025 4741 2451 4802 pmperavcruut
2487 4729 2555 4782 ab
2597 4743 2784 4783 eorum
2825 4741 2885 4780 se
2935 4726 3311 4780 communione
3348 4723 3606 4808 dividere.

2100 4952 2120 4986 ι
2148 4931 2392 4995 Aeacius,
2422 4929 2510 5001 qui
2541 4927 2778 5001 secundo
2807 4943 2836 5001 a
2871 4927 3023 4982 nobis
3051 4925 3355 4981 admonitus
3382 4933 3609 4982 statuto-

2024 5010 2140 5058 ruin
2171 4999 2464 5057 salubrium
2496 5016 2600 5055 non
2649 4999 2850 5053 destitit
2885 5013 3006 5053 esse
3031 5009 3386 5067 contemptor,
3417 5013 3608 5066 meque

2023 5076 2075 5129 in
2104 5076 2238 5128 meis
2263 5071 2491 5127 credidit
2534 5069 2996 5132 carcerizandum,
3033 5069 3172 5121 hunc
3228 5069 3366 5122 Deus
3390 5068 3606 5123 coalitus

2023 5145 2228 5214 prolata
2258 5143 2520 5197 sententia
2543 5143 2610 5214 de
2643 5140 2944 5214 sacerdotio
2971 5140 3100 5192 fecit
3123 5149 3429 5214 extorrem.
3465 5139 3605 5206 Ergo

2021 5209 2063 5268 si
2095 5215 2212 5284 quis
2266 5213 2570 5281 episcopus,
2619 5213 2869 5284 clericus,
2926 5211 3240 5274 monachus,
3269 5209 3455 5284 laicus,
3486 5217 3608 5275 post

2029 5281 2165 5339 hanc
2203 5283 2658 5340 denumiationem
2706 5282 2878 5337 eidem
2928 5281 3433 5348 communicavcrit,
3480 5291 3603 5331 ana-

2023 5357 2203 5413 thema
2231 5355 2300 5409 sit
2327 5352 2528 5424 Spiritu
2551 5363 2737 5408 saucto
2767 5360 3116 5422 exsequente.
3146 5369 3166 5404 ι

2093 5554 2113 5585 ³
2152 5552 2284 5610 Cod.
2321 5553 2540 5620 Veron.,
2570 5553 2970 5624 pra‘scttsissertl.
