3978 6350
432 308 547 368 859'

1544 302 1838 360 FACCNDI
1871 300 2086 357 EPlSC.
2128 298 2634 355 llEllMlAhENSlS

3604 292 3719 349 860

435 437 549 489 Non
593 433 677 488 isti
717 430 1074 487 concesserim
1130 426 1285 492 quod
1312 426 1559 482 Africana
1592 424 1827 480 Ecclesia
1861 440 1919 478 se
1948 423 2018 477 ab
2045 428 2090 484 Α
2119 432 2338 492 geretur
2364 423 2482 490 ejus
2511 418 2819 474 auctoritas.
2868 418 3066 474 Deinde
3097 417 3273 472 videte
3326 416 3469 485 quod
3501 430 3617 469 non
3646 417 3720 471 ab

441 523 899 592 impngnatoribus
939 520 1397 573 Chalcedonensis
1444 518 1656 571 concilii
1704 530 2021 585 segregave-

435 617 545 680 rit,
589 616 681 669 sed
734 613 909 682 potius
953 612 1095 681 quod
1138 614 1246 676 jam
1296 612 1588 678 segregati:
1626 608 2022 663 communicare

435 707 697 761 vitaverit.
741 706 895 760 Unde
941 703 1323 772 acceptabilius
1365 713 1541 772 potest
1583 704 1862 771 quisquam
1900 700 2025 753 dili-

434 800 642 867 gentior
665 808 721 851 et
750 797 803 850 in
834 796 951 850 zelo
986 797 1075 850 [)ci
1103 796 1407 857 ferventior,
1434 796 1679 863 exemplo
1695 795 1904 858 Hilarii,
1925 808 2024 847 nos

433 891 503 943 de
535 892 787 942 tarditate
823 890 1065 955 culpare,
1107 904 1266 956 quam
1306 888 1374 942 de
1406 888 1694 940 schismate
1728 886 1807 939 vel
1845 887 1911 939 de
1941 885 2023 939 fe-

436 981 723 1034 stinatione
753 980 1027 1033 Mocianus
1056 995 1301 1045 arguere.
1335 980 1467 1041 Quis
1497 994 1679 1046 porro,
1710 977 1809 1029 nisi
1840 990 2026 1030 vecors

439 1084 503 1127 ac
551 1075 652 1126 sibi
695 1074 929 1139 sapiens,
973 1082 1047 1135 et,
1089 1075 1221 1124 sicut
1267 1072 1394 1125 dicit
1434 1073 1718 1138 Apostolus
1756 1086 1771 1123 :
1811 1068 2025 1121 Frustra

438 1165 650 1233 inﬂatus
681 1180 833 1216 sensu
858 1165 1025 1215 carnis
1046 1179 1152 1215 sua:
1172 1161 1388 1227 (Co/oss.
1418 1175 1477 1226 It,
1515 1162 1627 1223 lii),
1657 1168 1841 1213 contra
1867 1160 2027 1212 totius

440 1252 701 1308 Ecclesia:
727 1253 1005 1321 judicium,
1040 1270 1143 1306 non
1178 1254 1474 1320 respiciens
1502 1253 1586 1305 vel
1618 1252 1815 1305 exitum
1848 1264 2023 1303 rerum

439 1347 527 1413 qni
578 1358 899 1399 consecutus
940 1356 1043 1408 est,
1092 1345 1487 1410 reprehendere
1536 1346 1730 1399 audeat
1769 1344 2025 1397 Hilarium

442 1437 754 1500 [armiestetu
804 1452 864 1489 ac
917 1436 1249 1489 moderatum
1292 1435 1704 1505 gubernatorem
1749 1434 2025 1500 Ecclesim,

442 1525 529 1593 qui
556 1542 729 1594 neque
752 1526 877 1593 ipsis
903 1524 1195 1581 Galliarum
1219 1524 1664 1594 episcopis,quod
1690 1540 1784 1579 eos
1807 1524 1858 1577 in
1883 1533 2025 1577 tanta

443 1632 599 1669 causa
642 1617 870 1669 tacuisse
916 1619 1183 1677 crederet,
1227 1633 1325 1671 nec
1375 1616 1697 1671 adversariis
1747 1614 2027 1680 restitisse,

443 1710 636 1763 litteris
677 1711 867 1762 saltem
909 1710 1309 1763 communicare
1352 1709 1667 1779 pertulerit?
1696 1721 1783 1761 aut
1814 1709 1936 1776 quis
1967 1707 2031 1759 il—

2124 516 2230 569 isto
2258 530 2401 568 nunc
2445 514 2702 567 discimus
2730 512 2851 579 quia
2882 527 2980 577 pro
3010 510 3258 565 Ecclesia
3282 509 3484 563 unitate
3505 510 3716 563 ferendi

2124 618 2247 660 sunt
2274 606 2421 673 mali,
2465 607 2603 660 sicut
2641 605 2825 658 docuit
2859 603 3211 671 Augustinus.
3250 602 3382 657 Nam
3406 616 3531 655 eum
3559 603 3717 657 dixi:

2126 699 2238 769 Ego
2269 700 2411 754 enim
2455 700 2630 753 fatcnr
2666 698 2983 765 simpliciter
3017 695 3330 751 beatitudini
3358 706 3574 762 vestra,
3609 713 3719 749 non

2128 808 2227 862 pro
2253 793 2519 846 Theodori
2555 791 2915 859 Mepsuestcni
2957 790 3306 843 damnatione
3349 804 3438 843 me
3482 804 3513 842 a
3559 804 3719 841 emn-

2125 886 2382 939 muniouc
2411 883 2890 938 contradicentium
2943 881 3294 946 subtraxisse,
3328 880 3433 934 hoc
3457 880 3605 934 enim
3635 882 3719 933 vel

2125 978 2168 1029 si
2195 976 2596 1045 approbantium
2634 990 2739 1027 non
2778 976 2865 1039 sit,
2903 972 3181 1026 ferendum
3222 982 3398 1025 tamen
3438 972 3717 1039 existimo,

2128 1086 2227 1123 nec
2258 1080 2459 1122 tantam
2495 1085 2614 1122 csse
2641 1083 2857 1121 causam
2886 1067 3094 1135 judico,
3139 1079 3238 1134 pro
3266 1079 3369 1131 qua
3398 1064 3719 1118 deberemus

2127 1175 2155 1213 a
2183 1160 2563 1215 communione
2598 1158 2950 1211 multitudinis
2988 1155 3255 1225 segregari
3275 1199 3290 1222 ,
3319 1155 3580 1207 doctrina:
3613 1159 3721 1208 An-

2130 1250 2325 1319 gustini
2355 1264 2645 1303 memorem
2676 1263 2763 1301 me
2791 1248 2953 1301 fuisse
2980 1245 3295 1299 monstravi.
3327 1245 3430 1298 Sed
3460 1246 3721 1313 quoniam

2128 1350 2182 1395 et
2205 1341 2407 1395 Hilario
2435 1340 2661 1408 ejuSque
2682 1338 2906 1406 collegis
2928 1336 3235 1390 contrarius
3259 1350 3379 1389 esse
3403 1351 3510 1387 non
3534 1335 3719 1399 debui,

2128 1435 2217 1503 qui
2245 1448 2365 1486 cum
2399 1432 2581 1500 procul
2611 1431 2777 1485 dubio
2808 1429 3005 1482 multos
3038 1437 3094 1482 et
3124 1429 3224 1495 ipsi
3258 1428 3428 1481 malos
3454 1428 3507 1479 in
3534 1428 3723 1482 Eode-

2129 1524 2225 1578 siis
2267 1524 2287 1553 ¹
2335 1522 2636 1583 sufl'errent,
2694 1520 3178 1587 schismaticosqne
3224 1518 3568 1580 damnarent,
3614 1534 3725 1573 non

2134 1626 2309 1668 tamen
2344 1614 2597 1667 ferendos
2624 1612 2997 1681 iudicaverunt
3022 1624 3143 1664 esse
3167 1608 3191 1641 ⁸
3219 1611 3337 1663 illos
3361 1610 3724 1663 Ecc'esiarum

2133 1706 2474 1775 praepositos,
2498 1704 2586 1772 qui
2608 1705 2722 1757 suis
2746 1703 2978 1757 decretis
3000 1702 3369 1755 auctoritatem
3393 1701 3725 1770 generalium

448 1800 557 1852 lum
609 1815 715 1851 non
763 1800 970 1853 audens
1016 1801 1431 1867 reprehendere,
1464 1800 1767 1854 A‘ricanam
1800 1798 2029 1851 levitatis
2062 1788 2109 1846 Β
2135 1797 2488 1866 synodorum,
2523 1810 2621 1864 per
2667 1810 2800 1863 quas
2847 1795 3083 1847 tutmitnr
3114 1794 3369 1859 Ecclesia,
3399 1804 3725 1847 conarentur

446 1892 531 1943 vel
557 1890 903 1956 ittlpalienlizt‘
928 1892 1285 1957 reprehendat
1314 1892 1638 1955 Ecclesiam;
1663 1907 1780 1959 qua:
1802 1906 1907 1943 non
1934 1889 2035 1943 nisi

447 1988 637 2049 aperto
660 1980 766 2049 jam
798 1982 1242 2050 promulgataque
1272 1982 1489 2036 decreto
1529 1982 2037 2036 anathematizatnm

447 2075 633 2127 videns
663 2074 1098 2128 Chabedonewe
1143 2075 1453 2141 cc'ncilium,
1485 2083 1538 2129 et
1578 2089 1762 2128 omnes
1798 2075 1884 2142 Qui
1920 2074 2039 2143 ejus

448 2167 769 2219 sententiam
802 2176 1002 2227 tcnent,
1034 2166 1436 2219 damnatoribus
1487 2168 1697 2220 Patrum
1731 2182 1946 2219 suorum
1978 2181 2040 2219 ac

449 2259 559 2310 suis
588 2259 985 2310 rommunicarc
1013 2259 1214 2319 vitavit,
1241 2274 1342 2309 non
1372 2259 1519 2323 qttasi
1549 2258 1825 2321 Augustini
1853 2257 2039 2309 advero

450 2363 541 2399 sus
577 2348 877 2401 Donatistas
907 2348 1159 2401 doctrina:
1189 2349 1477 2411 contraria,
1507 2350 1598 2401 sel
1637 2348 1820 2401 Illlarii
1857 2346 1871 2377 ¹
1904 2362 2038 2399 cun-

454 2448 538 2491 tra
591 2437 994 2508 impugnatores
1043 2438 1359 2491 nni‘crsalis
1409 2438 1597 2509 synodi
1648 2436 2040 2491 observantiam

454 2529 783 2582 conseCuta?
810 2528 872 2583 Ut
901 2539 1077 2583 autem
1108 2530 1366 2583 noveritis
1395 2529 1664 2596 quomodo
1698 2530 1747 2582 in
1778 2529 2043 2596 adjutorio

456 2618 547 2671 Dei
580 2619 667 2685 qui
700 2633 797 2671 nos
827 2620 961 2687 regit
992 2635 1054 2674 ac
1080 2620 1279 2689 dirigit,
1309 2622 1659 2688 August'nnm
1703 2620 2046 2675 concorditer

455 2708 499 2764 ll
531 2711 825 2776 larinmque
856 2724 1147 2769 sectemur.
1175 2726 1273 2765 nec
1302 2726 1396 2767 eos
1438 2714 1535 2767 sibi
1573 2713 1718 2767 velut
1748 2714 2045 2767 contrarios

455 2813 808 2867 npponamns,
858 2808 915 2852 ut
962 2801 1133 2853 altero
1177 2802 1472 2870 approbato
1513 2803 1873 2879 improbemus
1910 2805 2046 2858 alte-
2094 2815 2104 2824 '

458 2904 600 2952 rum,
636 2889 734 2943 sed
770 2906 864 2957 pro
903 2906 1183 2945 causarum
1229 2893 1537 2948 diversitate
1569 2906 1849 2961 utrumque
1879 2911 1968 2949 sec
1992 2910 2049 2949 e-

459 2998 597 3043 mur.
630 2984 854 3052 accipite
876 3001 995 3053 qua:
1024 2986 1076 3039 in
1103 2984 1303 3054 judicio
1334 2988 1498 3055 ipsius
1530 2988 1701 3056 Vigi'ii
1730 2998 1753 3024 ει
1780 2989 1920 3041 inter
1941 2990 2045 3043 alia

2139 1888 2431 1957 infringere
2458 1906 2470 1939 :
2500 1897 2781 1956 propterea
2812 1896 3027 1939 secutus
3057 1884 3249 1954 adieci,
3280 1886 3465 1939 dicens
3487 1886 3611 1939 ideo
3640 1901 3728 1941 me

2140 1981 2359 2033 istorum
2417 1978 2618 2032 vitasse
2673 1976 3145 2036 communionem.
3199 1978 3322 2043 quia
3374 1992 3441 2031 ex
3496 1992 3728 2045 persona

2138 2070 2406 2125 Theodori
2431 2070 2710 2137 episto'am
2733 2069 2857 2133 Ihm,
2890 2068 2941 2121 in
2972 2083 3077 2136 qua
3101 2068 3216 2135 ejus
3241 2067 3481 2121 doctrina
3515 2069 3728 2122 laudata

2140 2177 2241 2226 e5t,
2268 2162 2446 2216 Nam.
2466 2164 2638 2214 ianum
2674 2162 2900 2227 probare
2929 2161 3105 2213 conati
3147 2169 3290 2225 sunt,
3322 2170 3376 2214 et
3400 2176 3470 2214 ex
3499 2162 3728 2229 epistola

2144 2254 2245 2308 Iba:
2288 2253 2550 2322 synodum
2589 2268 2617 2304 a
2666 2269 2766 2320 qua
2813 2262 3060 2320 suscepta
3107 2262 3189 2306 est
3227 2252 3554 2322 improbare.
3596 2254 3729 2307 Nam

2142 2362 2261 2415 qua:
2300 2347 2401 2398 alia
2448 2359 2611 2399 causa
2662 2344 2826 2397 fuisse
2864 2345 3086 2398 dicenda
3117 2354 3220 2408 est,
3250 2354 3308 2398 ut
3349 2354 3473 2413 post
3513 2358 3729 2401 centum

2143 2450 2197 2490 et
2236 2436 2419 2503 viginti
2472 2450 2583 2489 ante
2628 2434 2990 2488 defunctionis
3032 2448 3207 2488 annos
3231 2435 3581 2489 damnaretur
3608 2451 3731 2489 cum

2144 2528 2489 2595 dogmatibus
2534 2527 2647 2580 Suis
2678 2528 2963 2594 episcopus
2993 2527 3045 2580 in
3081 2526 3334 2581 Ecclesiae
3375 2544 3507 2595 pace
3542 2529 3731 2582 defun-

2146 2631 2288 2684 ctus,
2318 2619 2408 2673 vel
2434 2619 2659 2684 epistola
2692 2618 2847 2688 cujus
2871 2628 3060 2673 auctor
3092 2619 3326 2674 incertus
3354 2620 3590 2673 dicitan
3619 2622 3731 2677 Non

2145 2712 2289 2766 enim
2337 2710 2421 2765 vel
2466 2710 2568 2765 hoc
2600 2709 2831 2765 fatentur
2868 2711 3007 2779 quod
3053 2710 3156 2765 Iba:
3194 2712 3285 2775 sit,
3318 2714 3409 2766 scd
3438 2713 3589 2781 quod
3618 2714 3733 2783 ejus

2146 2816 2268 2857 esse
2293 2800 2521 2855 dicatur.
2558 2804 2662 2855 Ant
2691 2816 2785 2855 cur
2815 2810 3083 2857 tantorum
3127 2803 3179 2856 in
3222 2804 3321 2857 hoc
3358 2805 3734 2874 episcoporum

2148 2892 2468 2961 subscriptio
2496 2904 2849 2963 quereretur,
2879 2897 2980 2949 nisi
3007 2896 3131 2964 quia
3163 2912 3267 2951 non
3302 2912 3614 2965 paucorum,
3641 2900 3734 2955 sed

2146 2986 2509 3041 multitudinis
2542 3001 2840 3041 consensus
2882 2988 3234 3055 prtejudicare
3268 3000 3454 3057 posset
3482 2992 3736 3044 universa

460 3072 654 3129 fuerim
688 3085 1024 3141 prosecutus,
1055 3078 1189 3130 sicut
1214 3077 1370 3131 edita:
1395 3078 1547 3133 nobis
1576 3079 1643 3133 ab
1670 3078 1849 3133 ofiieio
1878 3081 2047 3133 tertia:
2085 3146 2120 3154 _
2150 3080 2414 3133 concilio?
2450 3080 2513 3133 Et
2542 3080 2793 3147 quoniam
2819 3080 2980 3148 judex
3009 3080 3111 3134 hac
3145 3097 3205 3135 se
3233 3084 3444 3137 nescire
3482 3084 3736 3154 tingebat,

460 3167 686 3221 actiasds
714 3178 860 3235 gesta
891 3168 1184 3222 declarant.
1224 3187 1243 3221 ο
1278 3169 1429 3235 Peto,
1471 3171 1710 3240 inquam,
1743 3171 1809 3226 de
1841 3169 2044 3240 iustitia
2075 3146 2121 3209 ί)
2153 3170 2314 3241 petivi
2343 3169 2499 3224 simul
2523 3146 2588 3224 ac
2610 3170 2718 3225 dixi
2744 3187 2760 3225 :
2784 3146 2946 3226 «illoc
2976 3187 3104 3242 ergo
3138 3174 3368 3243 primum
3390 3190 3480 3230 me
3510 3146 3735 3231 demon-

459 3272 658 3327 vestra,
690 3273 867 3317 utrum
913 3273 1158 3333 suscepta
1205 3267 1274 3319 sit
1312 3282 1340 3319 a
1382 3268 1587 3335 synodo
1618 3266 2044 3320 Chalcedonensi

460 3355 688 3423 epistola
738 3355 865 3419 lbze,
895 3371 1013 3424 qua:
1044 3358 1186 3411 velut
1216 3357 1529 3411 Nestoriana
1559 3359 1807 3411 damnata
1836 3368 1937 3422 cit,
1970 3359 2050 3411 in-

458 3444 715 3513 quira'tis;
746 3456 800 3500 ct
828 3449 955 3501 dum
984 3451 1287 3503 constiterit
1319 3465 1422 3504 non
1455 3451 1644 3505 obesse
1675 3452 1879 3521 synodo
1908 3451 2047 3519 quod

462 3554 587 3607 pars
630 3540 854 3594 adversa
898 3541 964 3595 de
1008 3541 1275 3597 Theodori
1309 3557 1534 3612 persona
1583 3542 1849 3612 proponit,
1881 3544 1957 3597 sic
1988 3557 2051 3599 ea

456 3647 581 3699 qua
608 3634 844 3700 proferre
875 3636 1065 3689 volunt
1088 3637 1247 3705 relegi
1278 3638 1598 3705 permittatis
1627 3652 1641 3691 :
1674 3652 1741 3692 ne
1771 3636 1905 3691 forte
1932 3650 2052 3704 qua:

464 3739 694 3796 aguntur
735 3729 799 3782 ad
847 3730 1279 3783 retractationem
1311 3731 1595 3784 videantur
1623 3740 1932 3783 memorata:
1961 3744 2052 3799 sy-

463 3820 587 3874 nodi
619 3822 906 3889 pcrtinere.
957 3823 1067 3891 Ego
1109 3822 1251 3876 enim
1285 3822 1455 3875 fateor
1484 3821 1798 3890 simpliciter
1825 3820 2051 3874 beatitu-

456 3904 572 3964 dini
617 3926 828 3977 vestrae,
860 3926 965 3965 non
999 3927 1095 3980 pro
1131 3912 1397 3966 Theodori
1432 3912 1790 3980 Mopsucsteni
1822 3912 2049 3965 damna—

460 4003 610 4056 tione
637 4020 720 4057 me
741 4018 769 4055 a
792 4003 1272 4058 centradicentium
1297 4005 1674 4056 communione
1696 4001 2049 4056 subtraxisse.

456 4092 579 4146 iloe
626 4092 769 4145 enim
819 4094 903 4144 vel
951 4094 996 4145 si
1047 4092 1448 4160 approbandum
1490 4106 1597 4145 non
1639 4092 1731 4158 sit,
1779 4090 2054 4146 ferendum

472 4189 650 4236 tamen
677 4184 951 4248 existimo,
984 4198 1082 4238 nec
1112 4192 1310 4237 tantam
1344 4199 1465 4239 esse
1492 4198 1705 4238 causam
1727 4183 1929 4253 judico,
1961 4197 2057 4253 pro

464 4290 570 4344 qua
617 4275 937 4330 deberemus
982 4291 1011 4330 a
1056 4278 1437 4331 communione
1477 4277 1831 4332 multitudinis
1876 4290 2058 4348 segre-

462 4368 598 4436 gari.
644 4367 747 4422 Sed
794 4369 916 4436 quia
956 4383 1025 4422 ex
1071 4383 1302 4437 persona
1343 4369 1611 4423 Theodori
1642 4369 1921 4438 epistolam
1954 4367 2057 4423 Ilua

463 4459 829 4515 Nestorianam
872 4461 1098 4532 probare
1140 4464 1315 4517 conati
1348 4472 1492 4529 Sunt,
1521 4471 1577 4517 et
1599 4480 1664 4519 ex
1695 4465 1918 4533 epistola
1949 4464 2050 4518 Iba!

458 4554 726 4626 synodum
756 4570 784 4609 a
814 4570 915 4625 qua
961 4563 1208 4625 suscepta
1237 4566 1320 4611 est
1343 4557 1665 4625 improbare.
1703 4575 1724 4609 ι
1757 4558 1810 4612 In
1853 4559 1935 4612 his
1960 4557 2060 4611 ita-

460 4661 572 4714 que
598 4646 778 4700 vcrbis
819 4646 952 4702 meis
984 4647 1309 4717 cognoscitis
1342 4648 1613 4716 imprimis
1649 4663 1746 4717 pro
1782 4656 1924 4703 statu
1964 4664 2055 4719 ge-

469 4736 669 4791 neralis
695 4740 883 4807 synodi
916 4755 1004 4793 tne
1027 4739 1190 4794 fuisse
1211 4740 1518 4806 sollicitum,
1544 4755 1612 4796 ne
1635 4739 1776 4810 quod
1800 4740 2055 4810 Acephali

468 4841 684 4898 semper
711 4831 1057 4899 quazsierunt,
1094 4832 1145 4885 in
1180 4833 1611 4888 rctractationem
1644 4833 1873 4890 deducta
1912 4833 2057 4889 fran-

541 5095 568 5124 ι
607 5087 732 5143 “me
761 5087 847 5159 illa
875 5098 955 5142 e~t
980 5088 1151 5159 Vigilii
1178 5088 1314 5158 apud
1347 5086 1862 5157 Constantinopolim
1889 5101 2056 5159 syno-

468 5158 589 5222 dus,
618 5159 770 5225 cujus
816 5157 949 5211 facta
994 5157 1072 5213 est
1121 5157 1320 5213 mentio
1352 5162 1401 5212 in
1443 5160 1754 5227 prtcfatione
1794 5157 2052 5214 librorum

470 5230 849 5282 12:Adductus
882 5239 972 5289 cst,
1003 5231 1193 5299 inquit,
1226 5230 1485 5283 Romanus
1517 5231 1802 5300 cpiscopus,
1833 5231 1884 5281 in
1908 5233 2057 5300 cujus

467 5302 700 5354 examine
736 5316 851 5353 cum
892 5302 1042 5369 gestis
1081 5316 1235 5365 super
1289 5301 1386 5352 hac
1426 5315 1582 5352 causa
1624 5301 2053 5366 disceptaremns,

468 5372 721 5423 mediante
749 5374 991 5437 conﬂictu
1022 5372 1320 5440 interrumpi
1341 5380 1458 5423 acta
1491 5370 1752 5438 praecepit,
1780 5380 1824 5421 et
1853 5372 1914 5422 ab
1945 5371 2058 5423 uui-

468 5442 620 5494 νει-οἰδ
647 5443 893 5512 cpiscpis
916 5444 1001 5511 qui
1026 5444 1296 5495 aderamus
1315 5443 1527 5512 expetiit
1550 5451 1602 5492 ut
1632 5444 1824 5508 scripto
1846 5442 2059 5512 quisque

468 5516 789 5581 responderet
819 5510 963 5584 quod
1001 5514 1047 5567 ei
1088 5514 1151 5566 dc
1184 5514 1262 5566 Itis
1292 5511 1544 5579 Capitulis
1588 5512 1862 5565 videretur.
1893 5510 2060 5578 Hujus

543 5718 559 5748 ¹
603 5717 745 5773 Idem
776 5720 920 5786 cod.,
960 5720 1183 5774 Hilario.

545 5788 563 5820 '
604 5789 747 5845 idem
776 5792 921 5857 cod.,
958 5790 1198 5849 Ecclesiis
1225 5789 1347 5845 Dei.

2087 4524 2135 4584 D

2148 3272 2323 3315 strare
2354 3261 2649 3330 praecipito,
2677 3270 2739 3315 nt
2766 3263 2986 3318 doceam
3020 3265 3155 3320 false
3182 3270 3361 3336 negari
3390 3270 3537 3338 quod
3566 3285 3598 3324 a
3618 3285 3736 3324 sau-

2149 3368 2234 3412 cta
2281 3359 2486 3428 synodo
2516 3358 2939 3413 (.halcedoneusi
2984 3371 3195 3431 recepta
3226 3365 3408 3430 fuerit,
3461 3378 3517 3417 ct
3566 3367 3739 3420 omnia

2151 3449 2637 3505 contradicentium
2669 3449 2919 3520 figmenta
2951 3453 3284 3522 redarguam,
3318 3456 3513 3523 quibus
3540 3473 3661 3511 eam
3692 3460 3742 3514 io

2152 3543 2567 3599 destructionem
2613 3544 2804 3615 synodi
2856 3545 3311 3603 Chalcedonensis
3351 3551 3498 3605 velut
3528 3553 3743 3622 impiam

2153 3636 2565 3692 damnaverunt.
2599 3656 2617 3689 ι
2647 3637 2751 3692 Sed
2781 3640 3034 3706 quoniam
3070 3642 3276 3697 occulta
3307 3642 3427 3712 ejus
3452 3656 3581 3701 ante
3604 3646 3743 3715 jndi~

2152 3731 2294 3784 cium
2336 3730 2655 3799 pollicitatio
2698 3732 2997 3796 tenebatur,
3022 3733 3076 3788 in
3106 3750 3207 3804 qua
3246 3750 3305 3790 se
3342 3739 3631 3805 spopondit
3659 3756 3744 3794 ea-

2098 3876 2103 3881 ,
2154 3821 2277 3876 dem
2306 3823 2539 3891 capitula
2571 3824 2970 3889 damnatorum,
2999 3834 3056 3880 ut
3082 3841 3143 3881 se
3169 3827 3318 3896 quasi
3363 3843 3462 3897 per
3497 3829 3745 3897 ignoran-

2157 3911 2285 3965 tiam
2335 3924 2518 3981 posset
2560 3913 2796 3979 abluere,
2840 3914 3209 3983 probationem
3237 3931 3395 3986 quam
3428 3918 3743 3987 offerebam,

2158 4017 2427 4072 quamque
2470 4004 2583 4072 ipse
2632 4004 2894 4059 instanter
2934 4005 3152 4074 exigere
3198 4006 3401 4071 debuit,
3449 4024 3538 4063 me
3574 4009 3747 4066 facere

2159 4110 2264 4150 non
2307 4095 2571 4165 permisit.
2620 4094 2726 4150 Sed
2765 4096 2932 4165 gestis
2965 4096 3031 4150 de
3062 4096 3239 4151 medio
3276 4098 3528 4163 sublatis,
3559 4102 3747 4170 quibus

2159 4201 2319 4242 causa
2364 4196 2604 4257 carperet
2648 4187 2867 4257 aperiri,
2900 4196 2954 4242 et
2992 4188 3289 4259 interrupto
3327 4206 3428 4247 suo
3462 4192 3689 4263 judicio,
3720 4212 3748 4249 a

2158 4280 2559 4336 considentibus
2576 4281 2841 4349 episwpis
2864 4281 3137 4350 ﬂagitavit,
3163 4292 3217 4337 ut
3243 4283 3369 4353 quid
3382 4287 3471 4339 eis
3498 4285 3570 4341 de
3587 4300 3749 4341 causa

2161 4373 2435 4427 videretur
2464 4374 2666 4442 prolata
2704 4374 2929 4442 quisque
2958 4374 3008 4427 in
3041 4375 3255 4443 scriptis
3299 4379 3651 4443 responsione
3678 4380 3750 4432 si.

2161 4474 2371 4535 guaret.
2398 4464 2464 4517 Et
2484 4464 2604 4534 quia
2626 4464 2700 4519 illi
2722 4466 2958 4534 episcopi
2980 4466 3211 4521 maxime
3229 4465 3752 4536 Constantinopolim

2164 4565 2511 4611 occurrerant
2539 4556 2591 4609 in
2620 4556 2737 4625 ejus
2772 4556 3081 4625 adventum,
3115 4573 3340 4627 quarunt
3389 4560 3534 4613 nulla
3571 4560 3627 4615 in
3659 4560 3755 4617 hac

2165 4661 2325 4702 causa
2367 4646 2690 4717 subscriptio
2737 4648 3038 4714 tenebatur,
3067 4660 3120 4704 et
3154 4649 3221 4705 de
3246 4664 3341 4705 sua
3379 4651 3592 4707 fuerant
3620 4655 3756 4709 inte-

2164 4739 2358 4807 gritate
2385 4740 2581 4803 securi,
2618 4754 2713 4809 per
2746 4743 3085 4796 occasionem
3124 4742 3278 4813 hujus
3316 4746 3756 4817 interrogationis

2163 4833 2267 4903 ipsi
2314 4847 2525 4903 qucque
2567 4835 2855 4903 separatim
2887 4836 3148 4905 compulsi
3185 4848 3308 4892 sunt
3336 4839 3400 4895 ab
3432 4840 3758 4900 adversariis

2160 5103 2301 5169 aeta,
2331 5104 2525 5169 pra-ter
2564 5093 2679 5169 haec
2719 5111 2834 5166 qum
2875 5113 2901 5147 τι
2949 5094 3200 5152 Facundo
3235 5100 3554 5169 recitantur,
3595 5102 3758 5157 inter-

2166 5166 2317 5243 ie_re__:
2350 5165 2448 5219 uisi
2473 5166 2614 5236 qcod
2637 5182 2703 5243 ex
2731 5183 2789 5243 ea
2822 5176 3002 5221 natum
3032 5181 3233 5243 constat
3255 5165 3561 5243 judicatnm
3581 5174 3755 5243 Vigilii

2165 5238 2226 5309 ad
2262 5236 2505 5309 Mennatn
2538 5238 3024 5309 archiepiscopum,
3058 5240 3107 5291 in
3138 5236 3361 5307 quo'tria
3385 5241 3635 5309 Capitula
3650 5236 3755 5299 sub

2161 5306 2334 5371 aliqua
2359 5306 2780 5379 dispensatione,
2806 5309 2951 5362 salva
2980 5306 3167 5379 synodi
3193 5306 3648 5368 Chalcedonensis
3674 5328 3753 5369 re-

2161 5379 2428 5450 verentia,
2444 5378 2855 5450 condemnabat,
2882 5389 2934 5432 nt
2960 5378 3117 5434 ducet
3141 5382 3360 5450 cpistola
3383 5384 3512 5436 cieri
3532 5384 3754 5439 Romani

2161 5446 2229 5499 ad
2258 5448 2545 5517 legatarios
2574 5446 2900 5504 Francorum
2935 5458 3079 5507 tomo
3104 5452 3122 5507 ι
3148 5446 3515 5509 Couciliorum
3548 5454 3759 5510 Galliae.

2243 5717 2263 5748 ³
2303 5715 2449 5772 idem
2481 5714 2625 5787 cod.,
2660 5716 2812 5770 etiam
2842 5714 2981 5775 illos.
