3978 6350
340 318 440 383 ibit

1532 329 1733 390 LIBER
1773 331 2053 389 CONTRA
2094 335 2472 393 ΜΟΟΙᾹΝΗΜ.

3522 330 3632 389 862

328 438 595 501 Ecclesia!
623 442 1260 515 qttomodo‘dictaverunt
1288 448 1339 503 in
1370 448 1734 518 prtejnalieium
1760 451 1935 519 magni
1962 430 2013 508 Α
2043 452 2555 506 anathematizassct
2581 450 3132 516 licclesiam,ser’varc
3160 466 3260 506 nos
3288 451 3339 505 in
3364 450 3455 505 illo
3471 467 3633 523 upon-

339 538 554 591 Concilii
604 538 954 607 respondere.
1001 542 1077 595 Ac
1121 556 1188 594 ne
1232 552 1417 609 postea
1456 541 1850 605 sttbtraberent,
1882 550 1936 595 et

340 644 460 699 qum
487 631 689 696 scripto
716 631 1111 697 responderant
1147 632 1346 701 judicio
1384 648 1486 686 non
1518 632 1794 697 offerrent,
1825 635 1934 699 jam

341 724 442 776 sub
481 725 860 790 prosecutioue
904 724 1139 791 ipsorum
1183 733 1347 792 atque
1386 725 1645 779 custodia-
1667 724 1838 793 palam
1869 725 1934 777 ad

340 816 492 871 illum
518 816 921 870 deducebantur
942 818 1157 871 tradere
1183 833 1275 872 sua
1302 818 1521 886 profana
1546 827 1602 873 et
1623 819 1935 873 detestanda

339 922 622 974 respttllsa.
653 907 836 962 Oculis
866 923 963 961 nos
996 908 1111 962 baec
1142 910 1393 965 vidimus.
1425 910 1723 977 Acepbalus
1750 926 1933 966 coram

338 998 457 1067 Ipso
498 997 677 1067 judice
724 1000 932 1053 alacres
979 1010 1030 1053 et
1077 1001 1411 1057 essultantes
1448 1004 1771 1069 aspeximus,
1812 1018 1933 1057 cum

335 1090 625 1159 episcopos
661 1091 727 1143 ad
770 1106 894 1144 eum
934 1092 1265 1147 adducerent
1302 1093 1488 1148 eadem
1518 1106 1773 1157 reS;‘0tlSil
1808 1112 1933 1163 por-

337 1182 533 1234 tantes.
568 1181 635 1235 Et
677 1181 891 1249 quando
938 1183 1051 1236 base
1087 1184 1166 1237 sic
1215 1184 1513 1240 inhaereant
1559 1187 1813 1241 cordibus
1841 1203 1936 1240 au-

340 1273 625 1341 dientium,
654 1282 743 1327 aut
771 1273 848 1327 sic
874 1288 936 1328 ea
960 1274 1215 1330 detestari
1240 1292 1303 1331 ac
1332 1278 1514 1343 lugere
1538 1278 1772 1348 possitis,
1798 1280 1931 1336 sicut

339 1377 459 1429 nos,
478 1363 530 1417 in
553 1378 778 1433 quorum
801 1366 996 1422 animis
1022 1368 1255 1435 ipsorum
1280 1370 1541 1423 malorum
1566 1373 1739 1427 adhuc
1761 1374 1933 1442 imago

337 1458 625 1509 versatur?
654 1456 965 1525 Suscipiens
994 1474 1123 1513 vero
1152 1461 1243 1515 ille
1275 1468 1594 1517 memoratas
1621 1467 1931 1533 responsio-

336 1554 463 1609 nes,
516 1555 645 1614 post
686 1546 889 1615 aliquot
931 1547 1049 1602 dies
1094 1551 1157 1602 ad
1208 1550 1460 1617 palatium
1503 1552 1726 1615 detulit,
1774 1564 1933 1621 atque

336 1638 491 1691 alteri
518 1636 735 1690 tradidit
759 1640 917 1706 parti,
944 1638 997 1692 in
1022 1639 1391 1709 prtcjudicium
1422 1644 1612 1713 synodi
1637 1644 1933 1699 Chalcedo-

339 1727 520 1781 nensis
548 1741 667 1780 cum
698 1728 923 1780 aliorum
957 1728 1330 1800 chirograpbis
1361 1734 1447 1801 qui
1493 1742 1649 1787 antea
1695 1736 1931 1790 subscri-

2045 544 2144 596 tttit
2174 544 2495 597 sententiam
2527 557 2697 603 suam,
2738 542 2889 611 sequi
2914 541 3057 611 quod
3087 541 3239 596 nobis
3268 541 3491 609 pra-buit
3523 544 3628 612 pri-

2041 648 2150 687 sca:
2190 634 2515 702 integritatis
2561 634 2892 699 exemplum.
2937 633 3066 685 Nam
3105 634 3409 700 priusquam
3450 635 3550 689 ltoc
3578 646 3632 689 et

2040 726 2157 793 ipse
2198 725 2579 789 committeret,
2628 724 2869 789 scribens
2906 723 2973 776 de
3021 722 3212 777 itinere
3254 722 3631 779 Constantino—

2042 812 2279 881 politano
2327 812 2616 880 episcopo,
2663 810 2751 877 ιιιιί
2810 806 3125 876 pt~a~jtttlicio
3179 824 3381 879 magna:
3438 812 3627 881 synodi

2041 906 2245 971 primus
2291 902 2545 967 assensit,
2579 901 2671 954 sed
2710 917 2866 968 quem
2907 900 3099 954 litteris
3129 900 3238 953 suis
3270 901 3624 966 pratvenieus,

2036 998 2153 1049 ait:
2185 1008 2207 1047 ‹
2242 996 2580 1063 Quapropter
2614 992 2942 1047 credidimus
2991 990 3333 1045 indicandum
3363 992 3503 1061 quod
3532 992 3630 1045 do-

2038 1091 2218 1142 minus
2266 1087 2409 1141 filius
2456 1096 2641 1140 noster
2693 1083 3147 1138 clementissimus
3194 1082 3486 1152 imperator
3534 1098 3629 1152 per

2036 1178 2273 1234 Leonem
2323 1178 2582 1232 illustrem
2636 1178 2808 1230 virum
2859 1191 2955 1229 nos
2988 1174 3345 1230 serenissimis
3388 1173 3621 1228 hortatur

2035 1271 2306 1337 affatibus,
2337 1280 2393 1323 ut
2424 1282 2604 1337 pacem
2638 1284 2794 1336 quam
2834 1268 3082 1323 (lltristtts
3114 1268 3370 1320 Dominus
3403 1268 3545 1320 Dens
3575 1275 3625 1319 et

2036 1365 2286 1421 Salvator
2315 1374 2499 1416 uoster
2540 1378 2699 1430 supra
2742 1362 2919 1414 omnia
2966 1359 3274 1413 holocausta
3306 1358 3502 1427 diligit,
3536 1373 3623 1409 vo-

2036 1456 2241 1510 biscum
2267 1463 2463 1508 etcum
2487 1452 2757 1507 universis
2789 1450 3046 1505 fratribus
3078 1458 3133 1504 et
3167 1448 3505 1517 coepiscopis
3532 1463 3630 1501 no-

2032 1547 2181 1611 stris,
2205 1558 2255 1601 ct
2279 1546 2623 1601 custodiente
2654 1544 2827 1597 stabili
2856 1544 3107 1597 firmitate
3133 1557 3432 1596 servemus.
3455 1543 3623 1607 Quam

2035 1640 2261 1707 piissimi
2306 1639 2561 1708 principis
2602 1636 3029 1689 adhortationem
3081 1634 3310 1689 libenter
3348 1635 3625 1703 amplecti-

2036 1746 2175 1783 mur.
2209 1730 2313 1785 Sed
2346 1732 2389 1782 si
2421 1729 2565 1798 pacis
2594 1728 2812 1792 bonum,
2847 1728 2986 1779 sicut
3016 1726 3189 1779 locum
3230 1726 3515 1780 sacerdotii
3549 1725 3623 1779 tui

336 1830 557 1888 pserant
600 1821 978 1875 reservandas.
1011 1819 1309 1877 Vcrttmne
1334 1827 1446 1879 suis
1472 1826 1695 1879 traditur
1724 1826 1931 1881 videre-
1964 1823 2006 1879 Β
2036 1824 2311 1885 convenit,
2341 1822 2611 1890 sapienter
2638 1819 2902 1883 attendas,
2933 1826 2987 1871 et
3014 1820 3295 1870 advertere
3336 1828 3390 1870 et
3426 1817 3622 1882 pra-di-

337 1920 443 1977 tur,
473 1910 663 1964 talibus
699 1912 876 1965 verbis
902 1926 998 1966 eos
1028 1913 1233 1976 fefellit,
1265 1923 1324 1967 ut
1350 1916 1553 1971 diceret
1582 1934 1595 1969 :
1624 1917 1766 1983 Quid
1789 1919 1927 1987 apud

339 2008 440 2058 nos
469 2019 806 2058 reservamus
841 2005 941 2058 ista
970 2007 1236 2060 contmtia
1267 2008 1474 2078 synodo
1505 2008 1929 2064 Cltalcedonensi

338 2108 617 2163 rcsponsa,
642 2104 700 2149 ut
725 2095 937 2149 inventa
961 2096 1280 2166 quandoque
1309 2098 1358 2151 in
1392 2098 1646 2153 Ecclesia:
1673 2100 1931 2157 Romana:

335 2185 539 2240 scrinio
564 2200 594 2238 a
625 2185 783 2239 nobis
813 2187 1104 2253 approbata
1144 2188 1465 2242 credantur?
1497 2190 1603 2245 Sed
1641 2186 1929 2247 aderamus

333 2278 426 2333 ﬁla
470 2277 523 2331 in
573 2278 848 2347 palatium,
882 2289 935 2333 et
976 2278 1044 2332 de
1083 2279 1189 2332 illis
1225 2280 1424 2349 agant'
1459 2298 1473 2333 :
1506 2280 1601 2349 ipsi
1625 2282 1733 2349 jam
1765 2298 1929 2339 nove-

338 2372 465 2424 rint.
499 2370 659 2436 Quasi
707 2385 770 2425 ea
819 2370 1067 2425 scindere
1106 2371 1188 2425 vel
1236 2387 1393 2426 urere
1426 2372 1536 2441 ipse
1577 2391 1680 2427 non
1723 2385 1924 2443 posset,

335 2470 426 2515 aut
449 2477 543 2531 per
563 2477 715 2516 suam
740 2476 1001 2517 evacnare
1023 2463 1367 2530 sententiam,
1396 2475 1489 2517 aut
1513 2466 1646 2535 ipsis
1675 2482 1705 2519 a
1735 2467 1928 2535 quibus

335 2553 547 2608 fuerant
583 2555 707 2608 data
751 2554 1035 2609 retundere
1075 2573 1088 2607 :
1129 2570 1249 2626 qua:
1279 2571 1378 2611 nec
1418 2558 1695 2626 suscipere
1729 2558 1797 2612 ab
1825 2560 1923 2628 eis,

334 2663 432 2702 nec
457 2660 781 2717 extorquere
811 2650 1094 2717 debuerat,
1126 2652 1171 2705 si
1210 2667 1339 2706 vere
1370 2650 1735 2721 prmjudicium
1764 2664 1928 2721 gene-

334 2739 461 2794 ralis
489 2740 679 2811 synudi
715 2743 1071 2810 prrecavebat.
1100 2742 1276 2815 Atque
1317 2745 1418 2799 ista
1459 2746 1481 2777 ³
1506 2746 1659 2799 solita
1689 2746 1923 2817 ﬁctione,

332 2827 540 2899 ﬁngens
585 2833 703 2898 ejus
744 2833 1117 2903 praeiudicium
1148 2850 1208 2891 se
1234 2851 1449 2903 cavere,
1476 2835 1579 2890 ltoe
1606 2851 1705 2906 pro
1733 2838 1927 2891 volun-

335 2932 445 2977 tate
490 2924 883 2979 contrariorum
940 2924 1100 2991 fecit,
1148 2927 1287 2994 quid
1338 2926 1388 2980 ei
1436 2927 1481 2981 si
1528 2926 1925 2983 dissiumlemus

332 3016 668 3084 prejudicet.
708 3017 990 3083 Quomodo
1035 3019 1179 3073 enim
1229 3033 1336 3072 non
1386 3018 1726 3088 prejudicet,
1754 3018 1798 3071 si
1831 3018 1927 3072 de-

332 3118 703 3165 monstrentur
733 3112 801 3166 70
840 3111 1058 3167 circiter
1099 3112 1337 3181 episcopi
1367 3127 1487 3166 cum
1524 3114 1764 3189 ltomano
1789 3112 1928 3166 anti-

2035 1928 2161 1967 care
2202 1924 2253 1967 te
2299 1926 2516 1966 necesse
2546 1922 2627 1965 est
2654 1925 2771 1978 qum
2804 1925 2901 1976 pas
2938 1910 2986 1961 in
3019 1908 3107 1961 Dei
3150 1908 3388 1962 Ecclesia
3425 1908 3497 1961 sit
3543 1915 3624 1962 te-

2034 2006 2233 2069 nenda,
2270 2020 2393 2058 cum
2443 2003 2756 2071 Apostolus,
2786 2002 2877 2068 qui
2917 2000 3198 2054 Dominum
3240 2011 3481 2055 nOStrum
3513 2000 3623 2061 sni-

2035 2097 2194 2151 ritum
2236 2096 2290 2150 in
2337 2109 2397 2148 se
2445 2094 2589 2163 loqui
2635 2093 2924 2161 perhibuit,
2954 2090 3073 2145 ait:
3108 2090 3224 2144 Pax
3265 2088 3473 2153 Christi,
3513 2105 3624 2158 quae

2032 2199 2299 2259 exsuperat
2347 2204 2546 2242 onmem
2597 2202 2819 2251 sensum,
2870 2184 3130 2238 custodiat
3176 2185 3329 2236 corda
3371 2193 3532 2236 ucstra
3575 2192 3623 2237 et

2033 2282 2394 2351 inretiigcntias
2422 2289 2611 2333 vestras
2642 2277 2868 2346 (Philip.
2905 2291 2975 2342 tv,
3012 2276 3088 2343 7).
3117 2276 3232 2343 Ipse
3263 2286 3438 2328 autem
3469 2274 3619 2327 (ibri-

2033 2382 2148 2426 stus
2177 2371 2317 2425 Deus
2358 2379 2541 2423 noster
2573 2368 2756 2421 volens
2791 2366 3036 2434 perfecta:
3069 2374 3093 2400 ι
3128 2364 3270 2431 pacis
3302 2364 3496 2418 indicia
3525 2363 3619 2418 de—

2034 2474 2358 2528 monstrare,
2386 2463 2516 2518 dicit
2544 2478 2558 2518 :
2589 2461 2772 2513 Pacem
2802 2476 2963 2513 ntcam
2996 2460 3227 2527 relinquo
3258 2459 3414 2522 vobis,
3444 2474 3620 2527 parcnt

2033 2573 2196 2610 meam
2235 2558 2299 2609 do
2345 2557 2485 2609 vobis
2514 2571 2533 2609 :
2566 2568 2667 2608 non
2706 2554 2956 2621 quomodo
3001 2554 3224 2604 mundus
3269 2551 3379 2615 dat,
3414 2567 3507 2620 ego
3556 2553 3621 2603 do

2034 2652 2174 2706 vobis
2202 2649 2629 2720 (Joathvﬁ'i).
2662 2647 2883 2714 Qualem
2914 2646 3056 2699 enim
3090 2643 3318 2697 mundus
3342 2642 3473 2697 dare
3503 2660 3619 2711 pos-

2034 2747 2124 2809 sit,
2151 2747 2265 2815 ipse
2290 2758 2389 2799 nos
2420 2745 2637 2798 instruit
2663 2752 2756 2810 per
2779 2742 3090 2811 prophetam
3112 2756 3201 2808 qut
3225 2740 3298 2791 ait
3322 2755 3335 2792 :
3368 2738 3619 2807 Dicentcs,

2035 2852 2157 2904 pax,
2180 2851 2304 2903 pax,
2331 2850 2448 2887 cum
2484 2849 2583 2886 non
2615 2843 2741 2885 esset
2772 2847 2871 2895 pars
2897 2830 3027 2897 (Icr.
3063 2845 3137 2893 vt,
3166 2830 3272 2898 li).
3304 2829 3364 2883 Et
3395 2829 3521 2883 illud
3551 2828 3619 2881 si-

2036 2929 2147 2983 mili
2189 2930 2396 2982 ratione
2440 2939 2747 2994 pensemus.
2776 2923 2898 2992 quia
2945 2924 2995 2977 in
3043 2923 3407 2989 apostolorum
3451 2920 3618 2977 actio-

2035 3022 2194 3076 nibus
2240 3021 2307 3074 de
2357 3018 2590 3087 perfecta
2647 3031 2775 3084 pace
2824 3017 2901 3068 sic
2946 3025 3030 3069 est
3069 3014 3135 3069 de
3184 3013 3530 3069 credentibus
3565 3016 3620 3071 in

2036 3114 2262 3168 Domino
2297 3111 2650 3170 declaratum,
2683 3107 2821 3176 quod
2853 3115 2969 3160 erat
3015 3108 3065 3160 in
3114 3107 3219 3161 illis
3252 3122 3346 3162 cor
3378 3124 3539 3162 unum
3570 3114 3617 3163 el

331 3202 457 3256 site
485 3201 1011 3271 Constantinopolim
1050 3203 1377 3273 congregati,
1425 3212 1482 3256 ttt
1523 3203 1643 3258 illos
1680 3203 1923 3257 omittam
1955 3207 2001 3265 C
2033 3207 2207 3258 anima
2239 3218 2338 3255 una
2361 3194 2500 3269 ’(Αει.
2535 3217 2603 3263 ιγ,
2634 3198 2748 3265 52).
2782 3199 2941 3252 Multa
2966 3213 3093 3265 ergo
3122 3209 3244 3252 sunt
3275 3216 3393 3268 quae
3422 3200 3488 3254 de
3517 3209 3618 3255 ter-

330 3293 421 3361 qui
448 3303 573 3348 ante
603 3295 1059 3363 subscripserant,
1092 3296 1485 3351 condemnasse
1514 3309 1636 3349 cum
1661 3294 1926 3362 approba—

331 3385 537 3439 toribus
571 3386 686 3439 suis
729 3386 1014 3456 epistolam
1045 3402 1076 3441 a
1107 3386 1532 3443 Cbalcedunensi
1574 3389 1801 3441 concilio
1829 3402 1925 3454 ap-

331 3478 645 3545 probatam?
669 3489 721 3533 et
744 3479 893 3533 illum
923 3481 1259 3550 episcopum,
1281 3481 1435 3550 cujus
1457 3482 1714 3535 doctrinae
1739 3482 1924 3537 laudes

328 3573 382 3624 in
430 3582 730 3627 memorato
776 3571 1203 3627 Chalcedonensi
1244 3574 1478 3627 concilio
1524 3574 1761 3627 recitata:
1799 3582 1923 3627 sunt

327 3661 544 3715 nomine
570 3664 877 3730 resistente,
903 3676 1023 3717 cum
1052 3663 1168 3718 suis
1197 3664 1537 3733 dogmatibus
1558 3663 1920 3719 anathemati-

325 3767 481 3807 zasse
527 3761 646 3821 post
684 3763 936 3820 mortem,
970 3754 1265 3810 scientibus
1297 3756 1535 3820 caneris,
1565 3765 1621 3811 et
1650 3757 1703 3809 in
1735 3770 1919 3809 eorum

321 3847 705 3899 communione
745 3845 1123 3900 manentibus?
1155 3847 1237 3900 Ob
1269 3846 1370 3900 hoc
1397 3860 1528 3916 ergo
1553 3848 1919 3901 necessarium

322 3934 422 3989 luit
453 3952 558 3989 non
589 3936 749 3990 modo
788 3936 856 3990 ab
887 3951 1076 3992 eorum
1130 3952 1231 3993 nos
1277 3938 1657 3993 communione
1701 3936 1919 3992 subtra-

323 4026 476 4088 here,
529 4042 712 4083 verum
760 4028 949 4094 etiam,
1000 4029 1121 4100 quia
1180 4029 1446 4099 potiorem
1494 4028 1816 4085 videbantur
1863 4028 1918 4082 in

320 4118 563 4174 Ecclesia
588 4130 778 4175 tenere
811 4121 1011 4185 locum,
1035 4120 1127 4189 qui
1154 4121 1313 4189 primi
1342 4121 1467 4175 huic
1493 4120 1804 4190 prtejudicio
1825 4119 1919 4174 im-

320 4220 570 4277 peratore
610 4208 837 4279 iubente
876 4222 1181 4281 cesserunt,
1225 4227 1294 4267 ne
1333 4212 1575 4282 ipsorum
1627 4212 1797 4282 magis
1836 4222 1917 4266 te-

318 4304 497 4358 nenda
528 4306 792 4358 sententia
820 4305 1115 4370 videretur,
1146 4321 1595 4370 commemorare,
1618 4308 1759 4376 quod
1787 4306 1913 4361 alibi

318 4393 567 4460 Mutus,
600 4396 869 4464 quomodo
899 4398 1014 4451 sive
1053 4392 1237 4452 Menas
1264 4396 1911 4465 Constantinopolitanus,

319 4485 437 4541 sive
464 4484 650 4540 Zoilus
689 4486 1107 4551 Alesandrinus,
1141 4487 1258 4542 sive
1298 4487 1667 4542 Autiocltenus
1711 4488 1915 4558 Ephre-

2030 3312 2157 3352 rcua
2188 3306 2239 3350 et
2269 3294 2476 3350 cmlesti
2511 3308 2636 3361 pace
2663 3291 3015 3345 discernenda
3051 3293 3379 3346 inveniamus
3404 3296 3617 3361 scripta.

2029 3390 2159 3457 Quze
2188 3390 2309 3456 quia
2340 3396 2437 3441 vos
2468 3402 2573 3442 non
2619 3389 2887 3443 credimus
2940 3389 3207 3456 ignorare,
3254 3386 3486 3440 sufﬁciat
3514 3401 3619 3441 οι·-

2029 3483 2293 3550 ουιιιδὶεευ
2337 3494 2502 3548 pauca
2550 3480 2618 3533 de
2659 3479 2928 3547 plurimis,
2959 3487 3017 3531 ut
3048 3477 3214 3547 magis
3245 3485 3348 3530 tua:
3379 3476 3617 3530 fraterni-

2030 3574 2154 3627 tatis
2200 3571 2369 3638 po~sit
2413 3570 2684 3625 mstimare
2743 3568 3001 3637 judicium
3050 3584 3170 3636 qua:
3221 3580 3319 3635 pax
3375 3566 3549 3635 potius
3592 3580 3617 3616 τι

2025 3661 2401 3717 sacerdotibus
2429 3662 2497 3714 sit
2530 3659 2782 3714 tenenda.
2820 3676 2839 3711 ι
2872 3660 3059 3714 Nonne
3087 3659 3427 3727 perspicuum
3457 3667 3542 3713 est
3567 3669 3617 3713 et

2024 3752 2304 3808 evidenter
2329 3762 2552 3821 apparet
2582 3769 2646 3807 ea
2678 3752 2761 3805 bis
2789 3767 2910 3821 qua“:
2937 3750 3372 3816 memoravimus,
3398 3752 3537 3821 quod
3568 3758 3617 3807 ct

2026 3844 2126 3913 ipsi
2148 3843 2403 3897 contrar:i
2428 3843 2516 3912 qui
2545 3860 2573 3895 a
2607 3843 2761 3899 nobis
2788 3844 2840 3897 in
2870 3842 3052 3897 multis
3073 3843 3417 3909 dissentiunt,
3442 3844 3495 3898 in
3522 3844 3623 3899 hoc

2025 3946 2204 3991 tamen
2249 3936 2607 3999 consentiant,
2639 3937 2783 4005 quod
2826 3934 2876 3988 in
2916 3934 3113 3990 talibus
3153 3934 3329 3989 causis
3362 3935 3616 4003 praevari-

2024 4039 2263 4085 caturum
2306 4029 2380 4083 sit
2422 4027 2632 4082 vitanda
2680 4027 3020 4082 communio?
3060 4035 3118 4081 et
3150 4026 3292 4097 quod
3326 4026 3413 4081 ιιιει
3456 4042 3558 4097 pas
3588 4043 3617 4079 a

2026 4119 2117 4176 Dei
2147 4118 2519 4175 saterdotibus
2547 4118 2600 4172 in
2631 4116 2873 4173 Ecclesia
2900 4117 2972 4172 sit
3008 4116 3235 4173 tenenda
3264 4132 3383 4187 quin
3418 4126 3618 4172 statum

2024 4210 2192 4282 ipsius
2223 4228 2330 4266 non
2356 4211 2635 4267 subvertet
2664 4209 2953 4266 Ecclesia?
2982 4209 3316 4266 subvertitur
3344 4218 3547 4275 autem,
3570 4212 3617 4264 si

2021 4307 2138 4373 eius
2187 4306 2256 4361 de
2301 4305 2406 4359 tide
2450 4304 2721 4375 generalia
2770 4306 3066 4359 constituta
3111 4306 3346 4361 decretis
3389 4306 3621 4359 aliorum

2020 4400 2361 4455 sacerdotum
2401 4399 2641 4468 qualibet
2687 4402 2973 4455 occasian
3010 4400 3345 4470 frangantur.
3390 4401 3616 4471 Propter

2019 4492 2163 4560 quod
2208 4502 2262 4546 et
2302 4492 2425 4545 illos
2459 4493 2550 4559 qui
2592 4492 2787 4545 talibus
2814 4494 3346 4547 communicaverunt.
3391 4494 3615 4547 veniens

317 4578 491 4644 mitts,
541 4588 593 4633 et
647 4579 835 4634 Petrus
882 4580 1437 4651 llierosolymitanus,
1491 4590 1777 4650 antequam
1827 4581 1913 4635 vel
1941 4587 1995 4649 Β
2022 4583 2072 4637 in
2113 4584 2313 4652 regiam
2354 4583 2619 4636 civitatem
2648 4596 2676 4635 a
2709 4584 3089 4637 communione
3128 4584 3405 4651 suspendit
3435 4582 3483 4637 θ’.
3513 4580 3615 4651 Qui

318 4671 688 4725 consentirent
715 4673 796 4727 vel
825 4673 1106 4737 cederent,
1139 4673 1322 4728 testati
1360 4683 1487 4728 sunt
1528 4673 1642 4729 fleri
1684 4688 1790 4727 non
1818 4674 1917 4729 de-

317 4759 467 4815 bcre.
498 4762 579 4816 0b
608 4764 708 4818 hoc
737 4766 897 4819 etiam
928 4765 997 4820 de
1021 4766 1190 4835 ipsius
1218 4767 1454 4835 episcopi
1490 4765 1713 4820 Romani
1737 4768 1918 4820 chiro-

318 4853 573 4922 grapbis,
626 4856 707 4911 vel
760 4861 905 4926 prius
952 4860 1261 4914 ambitionis
1315 4858 1581 4928 impulsu,
1626 4874 1748 4913 cum
1804 4860 1913 4914 fieri

316 4944 537 4999 arderet
579 4948 889 5016 episcopus,
922 4951 1003 5004 vel
1038 4959 1222 5018 postea
1267 4951 1559 5006 venalitate
1592 4951 1728 5020 parti
1760 4951 1914 5007 alteri

313 5033 494 5099 factis,
531 5041 893 5092 necessarium
940 5039 1198 5095 duximus
1240 5053 1345 5094 non
1387 5050 1590 5109 tacere,
1629 5056 1697 5095 ne
1734 5049 1917 5095 aucto-

311 5126 475 5181 ritatc
502 5129 731 5182 nominis
760 5130 878 5200 ejus
913 5131 1279 5200 prwjudicium
1308 5131 1445 5187 ﬁdes
1474 5147 1598 5187 vera
1642 5132 1913 5188 sull‘erret.

312 5216 467 5284 Quod
497 5221 541 5273 si
572 5220 673 5276 hoc
702 5239 806 5277 nou
829 5221 1045 5293 fuisset,
1074 5240 1250 5296 neque
1282 5225 1401 5296 ipse
1427 5226 1580 5294 prius
1611 5226 1911 5282 universam

385 5424 410 5491 ξ
453 5415 583 5491 Cod.
616 5436 751 5472 unus
779 5434 904 5482 ms..
939 5422 1187 5491 prtti'fatw.

383 5483 422 5570 ι’.
461 5489 700 5572 Murram
736 5491 787 5543 in
817 5483 1138 5560 prunis,'qui
1174 5494 1331 5547 trium
1361 5493 1726 5563 Capitulurttnt
1755 5492 1901 5546 dam-

314 5567 516 5613 nationi
559 5567 764 5628 primus
812 5573 1185 5629 consenserat,
1234 5577 1461 5635 quatuor
1503 5569 1767 5622 mensium
1810 5580 1904 5621 ex-

321 5757 419 5879 ”:
448 5758 575 5880 $0.].
616 5760 834 5829 \f-.to.:.,
866 5774 910 5818 ιι
953 5765 1077 5836 quid
1107 5766 1167 5820 de
1197 5766 1299 5821 illis
1332 5779 1511 5842 agant,
1545 5770 1641 5841 ipsi
1671 5772 1787 5842 jam
1822 5786 1911 5825 no-

340 5842 341 5847 “
376 5848 386 5873 ι
424 5846 452 5879 Η
485 5864 498 5880 ι

340 5842 498 5882 ‘Ct'tltl.

2020 4676 2101 4731 sic
2130 4690 2316 4730 rursus
2349 4675 2400 4729 in
2437 4674 2747 4729 memoratis
2776 4674 2887 4729 suis
2915 4674 3105 4729 litteris
3132 4675 3261 4729 dicit
3292 4693 3305 4727 :
3342 4696 3361 4727 ι
3386 4677 3614 4742 Quando

2025 4767 2178 4821 nobis
2226 4783 2329 4821 non
2380 4769 2449 4820 sit
2489 4765 2818 4835 incognitum
2860 4766 2981 4837 quia
3012 4765 3270 4823 diaconus
3306 4768 3612 4837 Stephanus

2024 4869 2147 4913 tunc
2175 4858 2505 4927 responsalis
2530 4868 2747 4921 nostrae,
2770 4857 2855 4911 cui
2879 4873 2973 4928 per
2998 4858 3090 4913 Dei
3112 4859 3336 4927 gratiam
3360 4861 3613 4930 praeside-

2021 4965 2159 5011 mus,
2195 4948 2472 5013 Ecclesiae,
2522 4963 2647 5003 cum
2704 4947 2948 5016 plur-.mis
3004 4947 3327 5005 Christianis
3373 4954 3610 5021 quamliu

2020 5042 2151 5093 vixit
2167 5054 2194 5093 a
2222 5048 2306 5092 tua
2326 5055 2384 5093 se
2401 5040 2780 5096 communione
2795 5040 3163 5109 suspenderit;
3193 5052 3245 5097 et
3270 5043 3319 5096 in
3341 5044 3610 5099 Siciliensi

2020 5135 2188 5188 insula
2231 5133 2528 5199 constituti,
2573 5133 2734 5188 fratre
2774 5142 2828 5187 et
2870 5136 3193 5204 coepiscopo
3237 5145 3422 5191 nostro
3456 5136 3611 5192 Datio

2019 5227 2312 5289 reiereute,
2344 5226 2632 5282 didicimus
2662 5227 2804 5293 quod
2833 5236 2889 5281 ct
2916 5229 3029 5289 ipse
3054 5238 3112 5283 et
3139 5228 3228 5283 alii
3257 5230 3608 5287 consacerdo-

2012 5420 2499 5475 cnmmnnicmione
2548 5421 2828 5481 multavit.
2869 5433 2925 5475 ut
2967 5421 3165 5477 dictum
3196 5423 3374 5477 estad
3408 5423 3499 5477 lib.
3531 5441 3605 5479 tv.

2012 5494 2366 5564 Theophanes
2391 5494 2443 5547 in
2474 5492 2741 5549 Chronico
2770 5512 2783 5549 :
2816 5506 2897 5554 Ὠς
2927 5498 3010 5549 καὶ
3042 5495 3400 5551 ἀκοινωνησίαν
3419 5499 3606 5550 ﬁcosi.

3504 5586 3606 5638 ρων

2091 5774 2110 5803 ³
2152 5774 2300 5833 ldcut
2329 5770 2478 5838 eum,
2509 5771 2599 5826 ita.
