3992 6344
368 320 474 378 865

1471 309 1762 367 FACUNDI
1806 305 2022 364 EPISC.
2067 301 2568 361 HERMIANENSIS

3561 297 3683 354 86‘

372 448 456 491 tes
488 434 681 501 nostri,
710 441 766 487 et
793 431 942 487 multi
973 429 1066 484 filii
1101 425 1359 482 Ecclesia:
1386 421 1704 484 Christiani,
1732 436 1760 474 a
1792 429 1880 474 tua
1911 433 1969 472 se
1999 421 2047 479 Α
2075 427 2236 483 atque
2277 414 2343 468 ad
2374 429 2474 468 nos
2505 411 2813 465 inluminata
2847 408 3123 478 pervenit;
3152 407 3196 462 si
3225 407 3476 477 displicet
3500 409 3674 466 etiam

376 527 724 580 nihilominus
759 521 1135 578 communione
1175 515 1573 578 subtraxerint’;
1602 523 1655 566 et
1685 512 1809 564 dum
1839 524 1966 564 cau-

373 635 462 674 sas
505 619 675 674 exorti
719 628 1084 686 quaircremus
1124 611 1384 673 scandalt,
1419 619 1544 662 :tttl'e
1587 608 1672 660 dic
1699 621 1760 660 us
1803 605 1968 660 frater

375 723 427 766 et
453 712 800 780 coepiscopus
826 713 1022 761 noster
1041 704 1272 774 re-pond
1299 713 1317 755 t
1361 703 1463 755 hoc
1487 697 1838 753 fraternitatis
1866 706 1970 750 tute

379 801 567 856 fecisse
605 813 910 866 personam,
945 795 1086 866 quod
1118 811 1146 848 a
1177 794 1322 848 nuHo
1365 792 1723 846 deces~orum
1756 799 1968 842 tuorum

374 890 831 958 decessorumque
870 897 1174 942 nostrorum
1215 883 1550 952 temporibus
1578 881 1816 950 qualibet
1840 880 1971 934 fuis-

377 993 461 1039 set
480 983 691 1038 ratione
719 980 1088 1037 commissum.
1130 997 1150 1032 ι
1181 978 1370 1033 Cernis
1402 975 1540 1044 quod
1573 990 1678 1028 non
1709 973 1856 1028 solus
1889 972 1973 1026 hic

377 1074 537 1145 jtnlex
582 1073 802 1143 ejusque
846 1071 1195 1135 diaconus",
1248 1068 1341 1122 sed
1395 1075 1453 1122 et
1496 1067 1680 1120 Datius
1726 1064 1976 1120 Mediola-

381 1165 564 1219 nensis
608 1164 927 1234 episcopus,
985 1177 1105 1216 cum
1165 1161 1286 1214 aliis
1335 1159 1744 1225 sacerdotibus,
1790 1157 1974 1212 talium

383 1256 855 1324 prmvaricatorntn
897 1252 1332 1308 communionem
1382 1250 1655 1305 ferendam
1702 1264 1824 1305 esse
1868 1265 1975 1302 non

381 1348 634 1403 duxerit?
672 1347 806 1415 Quid
858 1347 1016 1416 igi'ur
1066 1347 1241 1400 adhuc
1290 1345 1446 1398 nobis
1490 1343 1557 1397 de
1604 1342 1706 1397 hoc
1751 1340 1978 1412 anestio

381 1451 772 1501 commovetur,
802 1439 940 1491 unde
973 1453 1072 1492 nec
1103 1439 1242 1492 inter
1275 1436 1711 1491 contradicentes
1748 1432 1975 1488 invicem

304 1557 307 1559 -
384 1531 488 1585 ulla
544 1538 628 1586 est
685 1529 1078 1594 cnltlrndiClit),
1140 1543 1240 1583 nee
1293 1529 1433 1582 inter
1488 1527 1872 1582 dissentientes
1924 1523 1977 1578 in

383 1623 569 1676 multis
618 1621 844 1676 habetur
891 1622 994 1674 ulla
1043 1619 1344 1674 dissensio?
1395 1619 1524 1672 Nam
1573 1617 1737 1687 judex
1786 1615 1981 1670 asserit

386 1713 528 1783 quod
560 1711 758 1765 invitus
787 1713 912 1765 itlud
947 1710 1229 1780 protulerit
1255 1710 1547 1779 judicatunt
1575 1718 1624 1762 ι.
1655 1708 1764 1762 Nos
1791 1717 1976 1760 contra

2069 505 2372 562 Sollicitudo
2399 513 2451 558 et
2479 504 2692 558 Cautela
2735 502 2906 556 sancti
2951 511 3110 571 atque
3137 499 3434 555 doetissitni
3473 501 3674 557 ortho—

2069 598 2192 652 doxi
2225 597 2328 650 viri
2365 595 2706 664 Hieronymi;
2749 593 2795 648 si
2828 592 3073 660 displicet
3109 592 3160 645 in
3206 591 3680 649 Chalcedonensis

2071 707 2282 759 quoque
2331 689 2542 744 concilii
2599 704 2757 741 causa
2816 687 3024 741 dudum.
3079 687 3234 742 nobis
3283 687 3566 756 prrebitunt
3611 690 3678 744 in

2073 784 2269 838 Acacio
2315 798 2346 836 a
2397 782 2560 836 tantis
2593 781 2909 851 prtesulibus
2940 780 3250 847 apostolica:
3293 781 3441 835 sedis
3483 796 3677 836 exem-

2074 877 2244 946 plum,
2278 875 2602 930 universalis
2627 873 2883 929 Ecclesiae
2909 873 3266 927 consensione
3297 871 3597 936 firmatum;
3622 877 3680 928 si

2075 967 2322 1036 displicet
2371 966 2512 1034 quod
2570 966 2623 1022 in
2673 963 2925 1031 prmsenti
2975 978 3187 1032 quoque
3235 962 3404 1031 ipsius
3451 966 3681 1020 concilii

2075 1057 2471 1126 oppugnatione
2510 1063 2813 1110 statuerunt
2841 1053 3112 1122 Africana
3152 1055 3423 1121 concilia;
3468 1055 3517 1110 si
3559 1057 3678 1112 dis-

2078 1148 2165 1217 plit
2185 1158 2238 1203 et
2283 1149 2424 1218 quod
2473 1148 2699 1202 aliarum
2743 1162 2958 1217 quoque
3007 1145 3398 1215 provinciarum
3429 1147 3671 1218 episcopi

2079 1239 2385 1294 faciendum
2418 1253 2538 1294 esse
2565 1238 2835 1303 viderunt,
2867 1237 3009 1292 sicut
3037 1237 3232 1307 lllyrici
3267 1246 3424 1306 atque
3457 1237 3674 1293 Dalma-

2081 1332 2207 1384 tite:
2243 1330 2453 1399 placeat
2507 1330 2590 1386 vel
2638 1330 2781 1399 quod
2831 1329 2944 1395 ipse
2975 1329 3215 1400 i’igzlius,
3243 1329 3326 1382 ve!
3369 1330 3512 1398 quod
3556 1331 3680 1400 ipse

2080 1422 2299 1478 Sorcins
2326 1422 2518 1485 sensit,
2547 1425 2690 1490 quod
2723 1421 2774 1474 in
2809 1420 3112 1490 huju~modi
3143 1421 3320 1475 causis
3361 1423 3677 1477 communio

2083 1512 2267 1566 tali..tn
2312 1512 2784 1581 praevaricatorutn
2836 1512 3049 1566 vitanda
3095 1511 3186 1567 sit.
3238 1511 3434 1566 Idcirco
3479 1512 3680 1568 beatus

2082 1619 2296 1674 quoque
2325 1603 2628 1671 Stephanus
2653 1604 2843 1672 praesul
2875 1603 3184 1673 apostolicae
3207 1603 3374 1666 sedis,
3402 1619 3521 1659 eum
3545 1619 3679 1660 san-

2085 1705 2226 1750 ctum
2275 1694 2599 1764 Cyprianum
2644 1702 2806 1764 atque
2853 1696 2992 1750 alios
3044 1696 3202 1749 Afros
3256 1697 3560 1764 episcopos,
3609 1698 3680 1751 de

390 1802 780 1871 n,.;|,0nd,.m.,s
836 1803 976 1872 quod
1020 1801 1162 1856 υιιι-ε,
1207 1818 1302 1870 per
1337 1801 1682 1855 ambitionem
1721 1799 1982 1867 pollicita-
2015 1800 2056 1856 Β
2087 1788 2419 1857 baptizandis
2455 1789 2707 1844 euntibus
2735 1787 3003 1842 haereticis
3043 1787 3349 1843 decrevisse
3385 1803 3688 1858 cognosce-

392 1895 537 1949 tione
568 1893 704 1946 facta
733 1895 1056 1962 peccaverit,
1084 1907 1184 1947 nec
1217 1893 1324 1947 ulla
1354 1892 1665 1946 Sustintterit
1690 1897 1979 1952 tormenta,

392 1984 586 2052 quibus
613 1983 844 2039 cessisse
873 1983 1146 2039 credatur.
1171 1984 1418 2053 Cumque
1441 1983 1543 2036 hoc
1572 1981 1796 2037 invitum
1819 1995 1878 2034 se
1910 1979 1985 2033 fe-

395 2080 537 2131 cisse
567 2085 794 2141 asserat,
827 2090 1014 2131 rursus
1042 2075 1240 2131 ibidem
1272 2075 1404 2130 dicit
1447 2073 1588 2145 quod
1621 2074 1870 2143 ignorans
1910 2070 1986 2126 fe-

396 2170 553 2225 cerit.
585 2168 690 2224 Nos
715 2184 841 2224 vero
866 2169 1151 2238 probamus
1181 2184 1287 2223 non
1319 2185 1443 2223 eum
1469 2169 1708 2238 potuisse
1738 2168 1986 2237 ignoran-

392 2271 502 2312 tem
537 2258 734 2325 facere,
774 2259 915 2329 quod
945 2259 1168 2314 invitum
1208 2275 1267 2313 se
1294 2261 1486 2314 asserit
1513 2257 1816 2313 admisisse.
1863 2257 1988 2311 Post

397 2352 508 2406 lucc
537 2353 699 2406 etiam
730 2351 901 2406 videri
945 2352 1054 2406 vult
1101 2351 1230 2406 nihil
1275 2353 1328 2407 in
1359 2351 1730 2422 prmjudicium
1760 2349 1986 2405 Chalce-

392 2445 643 2500 dimensis
690 2446 866 2515 egisse
903 2445 1138 2499 concilii.
1184 2444 1278 2500 Cui
1315 2460 1414 2499 nos
1443 2459 1568 2499 suas
1613 2446 1987 2499 excusationes

392 2535 714 2602 opponimus
739 2551 752 2587 :
782 2536 907 2602 quia
938 2534 1038 2588 nisi
1064 2535 1166 2588 hoc
1186 2534 1385 2603 egisset
1407 2534 1546 2602 quod
1583 2534 1985 2603 praejudicaret,

393 2642 730 2697 nequaquam
761 2642 822 2681 se
853 2627 934 2680 vel
961 2626 1026 2680 de
1051 2627 1351 2696 principum
1385 2625 1659 2694 violentia,
1692 2625 1774 2680 vel
1800 2625 1868 2680 de
1891 2639 1984 2679 sua

393 2717 694 2786 ignorantia
738 2733 963 2789 purgare
1009 2728 1170 2787 atque
1200 2718 1484 2773 absolvere
1531 2719 1814 2774 niteretur.
1852 2718 1985 2773 Cum

397 2809 557 2879 igitur
597 2809 763 2862 multa
807 2809 947 2863 inter
988 2823 1087 2863 nos
1117 2809 1183 2863 de
1215 2808 1298 2863 his
1327 2818 1490 2878 atque
1533 2809 1654 2863 aliis
1681 2809 1988 2864 inveniatur

395 2915 520 2956 esse
551 2901 838 2972 dissensio,
878 2899 1004 2956 inde
1037 2911 1214 2955 tamen
1243 2901 1494 2956 convenit
1531 2900 1674 2955 inter
1706 2910 1903 2970 partes,
1933 2910 1988 2956 et

397 2992 536 3061 apud
565 3003 754 3047 omnes
798 2993 914 3048 sine
959 2992 1064 3048 ulla
1095 2992 1463 3047 controversia
1500 3001 1732 3058 constat,
1761 2992 1902 3062 quod
1933 2993 1986 3048 in

396 3084 594 3138 talibus
614 3085 791 3138 causis
811 3083 1282 3154 praevaricatorum
1313 3082 1386 3137 sit
1413 3083 1720 3138 communio
1747 3082 1982 3138 vitanda.

2088 1887 2188 1944 ret,
2224 1878 2490 1946 quamvis,
2525 1889 2582 1932 ut
2629 1878 2832 1933 dictum
2879 1887 2984 1941 est,
3019 1878 3164 1931 nullo
3209 1878 3524 1946 interposito
3549 1892 3680 1932 ana-

2090 1969 2345 2032 themate,
2379 1985 2558 2037 neque
2591 1970 2847 2024 adversus
2877 1968 2984 2024 ulla
3009 1970 3223 2024 concilii
3251 1971 3514 2040 generalis
3542 1972 3680 2026 anti-

2086 2061 2273 2131 quiora
2302 2063 2516 2117 decieta
2547 2071 2642 2117 aut
2688 2060 3038 2117 conniventos
3069 2061 3338 2117 ba'reticis
3366 2064 3526 2118 talem
3557 2079 3682 2119 sen-

2100 2156 2298 2210 entiam
2325 2153 2706 2222 protulissent,
2748 2151 3004 2208 continuo
3059 2161 3237 2207 tamen
3269 2155 3318 2208 ei
3345 2153 3526 2208 denuo
3551 2154 3686 2211 i—ivit

2089 2245 2229 2315 quod
2264 2245 2308 2299 si
2341 2245 2430 2314 qui
2463 2244 2566 2300 hoc
2603 2242 2894 2309 auderent,
2923 2243 2991 2298 ab
3038 2242 3276 2299 Ecclesia
3308 2244 3637 2311 pellerentur
3667 2261 3681 2299 :

2089 2345 2144 2392 et
2175 2337 2434 2405 Stephani
2469 2334 2646 2406 potius
2691 2351 2850 2404 quam
2882 2335 3044 2405 Cypri
3069 2335 3136 2390 .ni
3182 2336 3502 2391 sententiam
3535 2345 3690 2392 tenet

2093 2435 2354 2500 Ecclesia,
2391 2449 2497 2488 non
2531 2435 2704 2488 solum
2735 2434 2802 2486 de
2830 2448 2934 2488 non
2967 2432 3360 2502 rebaptizandis
3389 2433 3682 2499 ltmretieis,

2090 2544 2274 2584 verum
2323 2528 2488 2582 etiam
2519 2527 2586 2583 de
2629 2525 3083 2594 rebaptizantibus
3129 2541 3232 2582 non
3264 2527 3519 2582 ferendis.
3569 2528 3682 2583 Sed

2091 2623 2172 2677 vir
2204 2621 2658 2692 prudentissimus
2687 2623 2928 2691 Augusti:
2954 2636 3036 2687 us,
3066 2621 3132 2677 ad
3162 2623 3476 2693 arguendos
3491 2625 3558 2678 de
3582 2639 3685 2678 suo

2090 2716 2380 2771 schismate
2410 2714 2742 2778 Donatistae,
2770 2714 2860 2784 qui
2901 2715 3219 2769 auctoritate
3251 2713 3392 2770 beati
3429 2715 3683 2784 Cypriani

2091 2808 2436 2875 sacriltgium
2455 2821 2562 2877 quo
2586 2807 2846 2875 baptisma
2866 2807 3058 2862 iterant
3082 2817 3345 2862 conantur
3361 2805 3682 2874 defendere,

2089 2900 2341 2956 sufficere
2389 2899 2620 2955 credidit
2663 2899 2781 2970 ejus
2807 2901 3112 2971 exempium
3162 2919 3177 2955 :
3221 2901 3345 2971 quia
3372 2917 3494 2956 eum
3529 2902 3683 2958 aliter

2089 3007 2250 3062 quam
2289 2992 2470 3062 plures
2499 2993 2726 3048 aliarum
2761 2993 3156 3063 provinciarum
3185 2995 3428 3063 episcopi
3453 2993 3522 3048 de
3549 2995 3685 3063 bap-

2093 3085 2256 3140 tismo
2283 3095 2518 3156 saperet,
2551 3100 2654 3140 non
2687 3093 2952 3140 tanien-se
2974 3087 3424 3155 quemadmodum
3453 3088 3554 3156 ipsi
3580 3087 3684 3142 Do.

399 3176 637 3246 Denique
667 3189 768 3229 nec
808 3175 1030 3230 Sorcius
1073 3177 1397 3245 praecipuum
1430 3175 1593 3230 decus
1633 3175 1799 3244 partis
1844 3176 1989 3244 ipso-
2017 3171 2063 3234 (ἶ
2096 3161 2305 3233 natista:
2331 3179 2399 3233 ab
2430 3177 2670 3234 Ecclesia
2701 3179 3022 3250 segregavit.
3055 3178 3373 3247 Segregaret
3411 3191 3610 3243 autem,
3638 3181 3681 3234 si

401 3285 542 3334 tum,
591 3279 646 3323 et
695 3283 854 3337 quem
908 3283 1030 3323 esse
1061 3269 1160 3324 nisi
1197 3284 1318 3324 cum
1370 3269 1566 3323 talibus
1597 3284 1703 3324 non
1748 3267 1986 3335 deceret,

400 3363 520 3415 huic
548 3369 666 3416 svnt
704 3360 828 3416 ntia:
860 3360 1200 3427 centradicit,
1241 3361 1347 3414 imo
1378 3375 1506 3414 vero
1543 3371 1600 3416 et
1639 3360 1839 3426 aliquid
1870 3375 1985 3413 am-

400 3451 538 3522 plius
569 3451 682 3521 ipse
709 3451 856 3508 dicit.
905 3451 1035 3507 Nam
1066 3453 1313 3507 scribens
1352 3454 1508 3507 beato
1547 3452 1660 3507 seni
1710 3450 1916 3507 Boetho
1938 3450 1988 3518 ιι,

400 3544 706 3616 priusquam
743 3544 1035 3615 navigaret,
1061 3560 1179 3614 qua:
1209 3545 1563 3600 damnaverat
1591 3557 1986 3615 resumpturos,

400 3637 680 3692 anathema
705 3636 846 3706 quod
870 3635 1118 3692 Africana
1143 3637 1368 3691 concilia
1393 3651 1497 3692 non
1530 3636 1787 3703 fecerunt,
1819 3639 1869 3691 in
1895 3651 1989 3693 eos

401 3729 621 3798 protulit
643 3729 828 3785 dicens
861 3746 872 3782 :
911 3747 931 3781 ι
963 3729 1373 3784 Anathetuatizo
1397 3729 1690 3800 Eutycln-m
1721 3743 1843 3782 cum
1875 3743 1990 3781 om-

402 3820 560 3874 nibus
607 3821 965 3877 sectatoribus
995 3821 1113 3892 ejus
1158 3821 1599 3892 adjutnribusque
1643 3821 1842 3890 ipsius,
1875 3820 1993 3889 qui-

401 3928 611 3983 cunque
656 3923 923 3970 conantur
971 3924 1172 3969 tomum
1220 3915 1388 3968 sancti
1431 3914 1642 3969 concilii
1689 3913 1988 3968 Chalcedo-

401 4007 578 4060 nensis
615 4005 667 4060 in
708 4007 888 4077 aliquo
919 4007 1236 4076 infringere;
1275 4015 1331 4060 et
1357 4007 1662 4074 quicunque
1704 4007 1988 4074 epistolam

403 4095 508 4150 Iba:
547 4112 706 4166 quam
757 4097 887 4151 illud
928 4106 1176 4152 sanctum
1218 4098 1505 4152 concilium
1547 4095 1987 4152 Chalcedoncnse

400 4187 658 4256 suscepit,
691 4186 1024 4252 anathemat,
1055 4188 1335 4243 anathema
1371 4189 1499 4242 mihi
1549 4198 1652 4244 est.
1687 4208 1704 4240 ι
1758 4189 1989 4246 Proinde

405 4278 451 4334 si
493 4277 738 4332 Mociano
767 4277 1013 4348 displicet
1041 4280 1092 4335 in
1134 4281 1295 4334 simili
1339 4280 1539 4336 Nicaeni
1585 4282 1800 4337 concilii
1829 4297 1990 4337 causa

403 4367 743 4423 observantia
774 4367 963 4425 llilarii
1011 4377 1068 4424 et
1096 4370 1326 4425 aliorum
1354 4370 1680 4442 collegarum
1724 4371 1865 4442 ejus,
1899 4387 1993 4440 per

405 4471 538 4529 quos
576 4458 886 4516 orthodoxa
933 4459 1068 4518 fides
1111 4461 1165 4518 in
1197 4461 1286 4517 illa
1321 4451 1639 4532 tempestate
1669 4471 1880 4519 servata
1911 4474 1992 4519 est

2093 3271 2232 3322 inter
2269 3283 2329 3324 se
2366 3283 2432 3324 ac
2459 3269 2837 3324 dissentientes
2863 3269 3150 3323 anathema
3191 3268 3475 3325 deﬁnisset
3497 3272 3538 3324 ³.
3572 3271 3683 3326 lloe

2093 3359 2254 3428 igitur
2285 3360 2588 3429 exemplum
2640 3360 2778 3414 beati
2826 3359 3080 3432 Cypriani
3130 3359 3287 3430 hujus
3330 3364 3685 3418 assertionem

2095 3449 2228 3503 nihil
2260 3449 2498 3519 adjuvat,
2526 3459 2582 3505 ut
2609 3451 2819 3513 videtis.
2843 3451 2938 3506 sed
2966 3452 3234 3520 quomodo
3262 3466 3361 3507 nos
3389 3454 3567 3521 potius
3589 3455 3686 3506 ad-

2086 3541 2257 3610 juvet.
2301 3543 2485 3599 videre
2531 3544 2763 3600 debetis.
2811 3545 3046 3600 Dicimus
3090 3560 3217 3614 ergo
3247 3547 3498 3610 quoniam
3548 3547 3686 3602 sicut

2093 3633 2337 3699 quamvis
2369 3635 2561 3704 rebapt
2583 3644 2765 3689 zantes
2797 3634 3103 3689 Donatistas
3131 3635 3450 3690 damnemus
3477 3636 3547 3690 ab
3583 3637 3687 3691 Ec-

2095 3724 2256 3778 clesia
2304 3739 2600 3794 separatos.
2636 3741 2740 3780 non
2787 3738 2964 3780 tamen
2998 3731 3315 3781 damnamus
3356 3725 3688 3797 Cyprianum

2094 3825 2148 3869 et
2177 3817 2354 3871 socios
2384 3817 2524 3886 ejus,
2548 3817 2638 3887 qui
2669 3819 2864 3873 nullius
2893 3817 3254 3872 anathematis
3283 3819 3689 3886 interpositione

2095 3908 2164 3961 ab
2193 3907 2430 3963 Ecclesia
2461 3923 2522 3964 se
2549 3909 2868 3976 diviserunt,
2901 3924 3021 3964 cum
3048 3911 3116 3965 de
3148 3910 3468 3980 baptismate
3494 3911 3686 3966 delini-

2097 4008 2216 4054 rent
2264 3999 2408 4070 quod
2454 4015 2596 4055 nunc
2650 4001 2860 4055 videtur
2903 4002 3242 4057 occasionem
3290 4002 3686 4059 Donatistarum

2094 4093 2264 4148 errori
2295 4093 2530 4149 dedisse.
2581 4095 2654 4148 Ita
2697 4093 2943 4163 quamvis
2971 4093 3290 4150 damnenms
3337 4094 3688 4151 Nestor-ianos

2095 4187 2163 4239 ah
2205 4185 2443 4240 Ecclesia
2484 4193 2784 4253 separatos.
2821 4201 2926 4240 non
2960 4194 3138 4240 tamen
3169 4185 3490 4241 damnamus
3535 4186 3690 4256 Mop-

2097 4289 2406 4334 suestenum
2437 4278 2806 4345 Theodorum,
2837 4279 2927 4349 qui
2972 4280 3172 4335 nullius
3217 4279 3579 4335 anatltematis
3608 4280 3688 4335 inc

2099 4372 2447 4442 terpositione
2475 4371 2544 4426 ab
2579 4371 2814 4427 Ecclesia
2839 4371 2860 4403 ³
2894 4371 3096 4438 divisit,
3130 4372 3214 4425 vel
3245 4372 3291 4426 si
3317 4372 3517 4440 aliquid
3557 4371 3694 4427 scri-

2104 4467 2231 4534 psit,
2275 4465 2416 4536 quod
2449 4465 2586 4522 forte
2615 4479 2758 4520 nunc
2797 4465 3010 4521 videtur
3047 4465 3385 4520 occasionem
3415 4464 3692 4520 Nestori:-

405 4662 504 4727 ρων
543 4649 706 4727 μηντξης
739 4640 931 4727 deﬁunt.
966 4648 1108 4727 Μηνᾴ
1153 4649 1227 4717 τῷ
1265 4644 1833 4727 Κωνσταντινουπρλεως
1865 4645 1984 4727 ,ἐπι-

2108 4655 2239 4727 tum,
2273 4663 2416 4727 nunc
2451 4647 2803 4727 constitutum
2835 4655 3018 4713 vocat;
3055 4642 3690 4727 prolattltnquelpstcttdii

406 4715 580 4784 ὲκόπῳ
625 4716 1008 4786 εἰς-ξπιτίμιον.
1056 4715 1226 4779 Quem
1274 4724 1450 4768 tamen
1480 4725 1662 4786 postea
1695 4715 1992 4771 TilCOdOl‘iU

408 4783 613 4850 rogatu,
638 4783 1063 4853 ut'l‘beophanes
1093 4786 1232 4840 idem
1265 4787 1449 4853 refent,
1476 4783 1528 4838 in
1559 4788 1988 4841 communionem

411 4853 613 4919 recepit
642 4851 728 4906 die
755 4853 824 4908 ‘29
852 4855 1012 4908 Junii.

479 4923 622 4994 “De
647 4937 754 4992 quo
781 4926 1024 4992 proxime
1049 4923 1158 4994 jam
1183 4927 1382 4987 dictum
1411 4935 1515 4981 est.
1537 4924 1734 4980 Clerici
1763 4925 1988 4980 Romani

406 4992 490 5065 ad
521 4992 844 5065 Francorum
891 4992 1094 5064 legatos
1133 4999 1479 5051 consumtum
1540 4998 1832 5065 appellant.
1880 4999 1992 5052 lloc

408 5062 550 5139 enim
583 5073 664 5118 est
693 5062 963 5139 quodmub‘
983 5066 1304 5139 imperatore
1334 5080 1516 5137 postea
1547 5062 1816 5135 recepisse
1849 5069 1991 5139 Vigi-

408 5133 538 5186 lium
563 5143 797 5186 narrant.
832 5133 1101 5200 Pra’slittt,
1131 5133 1393 5205 inquiunt,
1431 5139 1566 5192 Deus
1596 5133 1769 5193 uthac
1792 5133 1992 5193 ratio'ne

406 5213 613 5285 {auctus
641 5219 792 5285 papa.
825 5205 1039 5285 Vigitius
1077 5210 1406 5285 constitutum
1441 5211 1580 5285 quod
1613 5211 1668 5264 in
1697 5212 1810 5285 ipsa
1840 5227 1995 5285 causa

408 5275 617 5348 fuerat,
651 5275 852 5348 publica
881 5275 934 5330 in
967 5288 1209 5332 conventu
1237 5275 1504 5348 reciperet,
1537 5275 1844 5336 denuntians
1867 5282 1990 5347 quia

409 5343 455 5398 si
491 5345 610 5420 quis
645 5343 941 5400 Cnet-orum
989 5343 1352 5420 episcogorum'
1387 5343 1546 5420 usque
1583 5351 1651 5403 ad
1692 5343 1991 5405 universalis

407 5417 907 5491 conciliitractatum
935 5421 998 5472 de
1019 5420 1128 5473 istis
1157 5418 1406 5488 Capitulis
1431 5417 1626 5486 aliquid
1657 5424 1875 5491 fecisset,
1906 5432 1993 5474 aut

408 5487 704 5560 facientibus
734 5492 1082 5559 acquievisset,
1108 5507 1140 5544 a
1166 5487 1518 5555 communione
1544 5487 1679 5546 sedis
1700 5492 1995 5560 apostolica:

409 5555 607 5632 alienus
636 5555 890 5615 existeret.
933 5560 1016 5615 De'
1037 5565 1138 5617 hoc
1168 5563 1328 5616 etiam
1356 5577 1519 5631 agens
1543 5555 1766 5632 Vigiliu's
1800 5563 1914 5628 ipse
1943 5565 1992 5615 in

410 5628 630 5695 epistula
660 5637 725 5685 ad
763 5633 1039 5687 ltusticum
1077 5644 1132 5687 et
1167 5628 1563 5700 Sebastianum,
1607 5628 1748 5689 nunc
1786 5632 1993 5702 jud.ca-

481 5765 497 5840 ξ
535 5766 665 5840 Cod.
704 5769 918 5824 Verum.
949 5773 1193 5824 dim-onus
1222 5770 1532 5840 Stephanus.

479 5836 500 5868 ⁸
540 5838 684 5891 ldum
713 5840 855 5907 cod.,
895 5840 1165 5908 deﬁxisset.

2101 4719 2190 4773 die
2217 4713 2440 4774 Sabhato
2463 4729 2672 4783 sancto,
2697 4720 3028 4788 missumque
3056 4713 3121 4773 ad
3153 4717 3398 4788 Hennam
3429 4713 3693 4788 Constth

2103 4791 2537 4859 tinopolitanum.
2571 4788 2686 4860 Sed
2710 4790 2863 4860 longe
2891 4785 3173 4844 diversum
3216 4789 3283 4840 ab
3315 4786 3414 4860 lroe
3449 4785 3692 4860 judicato

2099 4855 2244 4914 aliud
2296 4861 2392 4914 fuit
2436 4855 2976 4930 constitutttm'quod
3029 4860 3251 4929 Vigilius
3297 4859 3363 4912 de
3401 4856 3594 4910 eadem
3635 4870 3692 4930 re

2099 4933 2305 5002 aliquot
2332 4943 2453 5002 post
2479 4948 2672 4996 annos,
2702 4946 2822 4987 cum
2852 4927 3153 5003 synodusv
3185 4927 3693 5003 inchoaretur,ctl_i-

2099 4997 2270 5057 dit'ad
2299 4997 2656 5058 Justinianutn
2680 5005 2852 5072 pridie
2879 4997 2997 5058 idus
3024 5004 3187 5057 Maias
3215 5003 3272 5055 Ι).
3300 4999 3363 5053 (ἶ.
3397 4999 3576 5052 Basilii
3606 4997 3690 5050 12.

2177 5075 2200 5111 ιι
2244 5077 2354 5128 Hoc
2398 5086 2482 5130 est
2527 5075 2757 5143 primati.
2801 5075 2890 5130 Sic
2928 5073 3073 5130 enim
3117 5073 3186 5127 ob
3212 5072 3386 5126 mtatis
3422 5082 3693 5143 prseroga-

2106 5145 2263 5199 tivam
2296 5139 2550 5218 appellari
2608 5145 2796 5218 solitos
2845 5146 2917 5218 in_
2948 5145 3127 5218 Africa
3174 5144 3428 5218 primates
3475 5139 3693 5218 provin-

2104 5217 2308 5270 ciarum
2331 5211 2464 5271 alibi
2495 5215 2846 5270 ostendimus.
2889 5214 3099 5270 Primos
3124 5225 3302 5268 autem
3336 5212 3571 5264 Boethus
3598 5211 3694 5263 fuit

2100 5286 2391 5356 Byzacenze
2419 5287 2726 5355 provinciae.
2764 5286 2944 5340 Victor
2976 5287 3026 5340 in
3054 5284 3323 5340 Chronico
3354 5280 3468 5356 :_P.
3500 5280 3560 5334 ε.
3591 5277 3694 5332 Ba-

2097 5353 2200 5409 sitii
2261 5357 2318 5410 V.
2370 5353 2432 5412 ϐξ
2482 5373 2620 5411 anno
2664 5356 2731 5410 12
2788 5356 3076 5411 Primnsius
3114 5370 3310 5422 quoque
3365 5353 3691 5422 Arrpuaetctm

2098 5429 2406 5481 monasterio
2453 5431 2729 5498 relegatur.
2783 5428 2888 5483 Sed
2939 5427 3126 5481 Boetio.
3170 5421 3388 5498 primore
3437 5421 3690 5492 Byzaceni

2099 5499 2300 5552 concilii
2327 5507 2488 5552 morte
2533 5496 2808 5568 promerito,
2857 5509 2911 5552 ut
2955 5500 3001 5552 ei
3042 5496 3353 5562 succederet,
3401 5501 3687 5549 memorata

2098 5571 2417 5624 damnationi
2449 5571 2682 5638 protinus
2706 5571 2950 5624 assensit.‘

2189 5773 2206 5804 ³
2247 5772 2374 5828 Cod.
2415 5772 2630 5840 Veron,
2664 5789 2712 5826 sc
2738 5774 2797 5826 ab
2828 5769 3077 5828 Ecclesia.
