3978 6350
264 357 367 409 8ίῖ5

1426 364 1619 417 LIBER
1660 365 1929 420 CONTRA
1978 366 2019 418 Μ
2032 376 2039 413 ;
2052 372 2084 415 ἰ(
2098 368 2128 417 ll
2142 368 2269 420 ANK}
2286 368 2347 417 Si.

3429 368 3532 427 865

263 487 454 527 norum
485 474 653 527 errori
683 474 915 529 dedisse.
953 474 1020 527 Et
1058 474 1196 529 sicut
1223 475 1372 528 nobis
1408 478 1604 531 sufficit
1632 488 1846 531 senten-
1882 487 1919 539 Α
1955 490 2104 543 trem,
2136 488 2180 531 et
2226 478 2405 546 sufﬁcit
2451 477 2593 530 nobis
2642 477 2822 547 (Joan.
2867 493 2975 545 xxv,
3008 478 3086 549 8),
3112 479 3336 552 impune
3371 487 3533 539 cessit

262 568 361 621 tias
390 568 457 619 de
488 566 757 633 baptismo
779 566 1028 637 Cypriani
1059 575 1109 621 ct
1138 568 1403 621 sociorum
1429 570 1543 637 ejus
1572 584 1845 637 reSpuere,

263 676 361 714 nec
408 660 508 713 sub
552 659 894 715 anathemate
927 660 1311 721 condemnare,
1357 662 1424 713 ita
1473 662 1515 713 si
1548 661 1670 729 quid
1715 661 1850 716 forte

262 754 438 805 minus
483 751 787 820 intelligens
834 751 1152 805 Theodorus
1201 751 1342 806 male
1388 752 1622 817 scripsit,
1654 752 1885 841 ςδιιῐιῑρίι⁸

262 842 417 897 nobis
465 856 744 911 respuere,
780 856 878 897 nec
931 843 1031 896 sub
1061 842 1402 895 anathemate
1433 842 1792 895 condemnare
1832 860 1846 895 :

260 937 511 1002 quoniam
558 937 693 989 hanc
743 936 1101 989 reverentiam
1131 949 1344 1002 semper
1378 934 1612 988 Ecclesia
1659 933 1851 987 detulit

260 1029 313 1081 in
345 1030 550 1096 gremio
581 1027 728 1095 pacis
755 1040 866 1081 suae
895 1035 1055 1095 atque
1086 1028 1290 1079 honore
1319 1024 1606 1090 defunctis,
1641 1033 1697 1077 ut
1742 1038 1849 1078 non

259 1120 430 1171 solmu
457 1133 549 1171 eos
577 1120 665 1187 qtti
701 1118 836 1172 forte
862 1118 914 1171 in
944 1117 1138 1177 talibus
1161 1117 1546 1186 qumstion'bus
1578 1131 1671 1185 per
1700 1116 1849 1186 igno-

256 1210 488 1264 rantiam
532 1209 782 1262 humana:
828 1208 1153 1262 infirmitatis
1196 1218 1486 1273 errasseut,
1518 1222 1701 1261 verum
1751 1220 1849 1260 nec

260 1304 375 1373 ipsa
418 1318 603 1357 eorum
651 1302 816 1366 dicta,
866 1303 1003 1355 sicut
1053 1300 1447 1363 ltmreticorum,
1480 1300 1582 1354 sub
1628 1299 1849 1353 anathe-

258 1406 405 1451 mate
448 1396 852 1450 condemnaret.
887 1394 1207 1449 llaeretieum
1253 1394 1395 1448 enim
1446 1408 1552 1447 non
1602 1394 1848 1447 humana:

261 1488 589 1544 infirmitatis
639 1488 957 1557 ignorantia,
1007 1486 1099 1540 sed
1152 1482 1450 1555 pervicacia
1498 1483 1640 1537 facit.
1694 1482 1848 1538 Unde

263 1579 453 1634 beatus
477 1579 804 1649 Augustinus
829 1578 879 1630 in
900 1577 1039 1631 l-bro
1061 1576 1128 1630 de
1140 1575 1548 1656 Catechizandis
1572 1575 1842 1630 Rudibus:

267 1690 285 1723 ‹
322 1672 660 1738 Quanquam,
690 1670 884 1736 inquit,
932 1669 1083 1723 etilli
1114 1669 1203 1739 qui
1233 1664 1480 1723 catholici
1512 1682 1578 1724 ex
1610 1670 1709 1723 hac
1736 1669 1844 1722 vita

262 1764 576 1833 migrarunt,
607 1770 661 1816 et
691 1760 891 1829 aliquid
925 1760 1222 1815 litterarum
1268 1756 1690 1813 Christianarum
1721 1770 1848 1827 pos-

1952 580 2100 623 tauto
2123 581 2362 639 tempore
2381 571 2648 624 Christum
2674 584 2779 624 non
2801 573 3137 642 cognovisse.
3166 575 3385 629 Ananiae
3404 590 3533 631 vero

1952 670 2003 715 et
2034 660 2309 727 Sapphirm
2333 660 2759 714 subtrahentium
2781 661 2849 716 de
2878 663 3049 729 pretio
3070 663 3153 717 sui
3179 664 3361 732 praedii
3383 680 3535 719 com-

1952 752 2173 805 missum
2216 752 2376 820 paulo
2423 764 2545 807 ante
2577 752 2826 807 delictum
2864 755 3050 808 mortis
3103 771 3254 824 pmna
3284 768 3368 812 est
3409 772 3532 826 pro-

1952 843 2092 895 tinus
2121 854 2429 897 consecuta.
2489 844 2658 898 Aliter
2701 845 2881 915 itaque
2923 845 3189 913 judicatur.
3228 862 3256 901 a
3308 850 3532 906 Domino

1950 932 2177 1000 simplex
2227 934 2439 1001 pietatis
2484 934 2804 1003 ignorantia,
2853 946 2907 990 et
2953 936 3109 991 aliter
3159 938 3356 1008 duplex
3398 955 3527 996 con-

1951 1023 2176 1077 scientia
2211 1025 2508 1094 pravitatis.
2557 1026 2619 1079 Et
2650 1026 2942 1094 apostolica
2974 1026 3187 1095 quidem
3234 1030 3389 1083 sedes
3440 1046 3533 1096 per

1952 1114 2164 1167 beatum
2213 1114 2480 1170 Gelasium
2528 1116 2679 1170 nefas
2722 1114 2927 1185 judicat
2973 1126 3092 1185 post
3135 1132 3360 1172 mortem
3399 1134 3531 1174 con-

1951 1204 2207 1260 demnare
2234 1215 2256 1240 η
2302 1206 2603 1274 quempiam
2652 1207 2703 1259 in
2753 1206 3008 1262 Ecclesiae
3042 1222 3168 1276 pace
3197 1196 3527 1275 defunctum,

1952 1312 2069 1349 cum
2100 1296 2271 1352 dicit:
2310 1315 2327 1347 ι
2368 1297 2518 1364 Quod
2567 1312 2729 1366 super
2758 1308 2954 1353 nostrae
2986 1298 3249 1354 facultatis
3290 1311 3369 1354 est
3410 1315 3523 1354 mo-

1950 1386 2154 1453 dulum,
2188 1387 2367 1441 divino
2391 1388 2594 1459 judicio
2623 1391 3005 1459 relinquamus.
3031 1391 3146 1445 Non
3177 1400 3354 1447 autem
3380 1392 3533 1448 nobis

1952 1489 2202 1547 poterunt
2226 1482 2488 1549 imputare
2512 1483 2962 1550 prmvarieatimds
2984 1483 3263 1546 offensam,
3286 1486 3331 1538 si
3354 1486 3534 1538 viven-

1951 1571 2092 1626 tibus
2121 1573 2478 1640 remittamus,
2514 1575 2651 1641 quod
2694 1575 2944 1629 Ecclesiae
2978 1577 3085 1630 Deo
3112 1575 3370 1647 largiente
3412 1591 3536 1646 pos-

1948 1664 2105 1719 sibile
2136 1674 2239 1730 est,
2265 1666 2355 1734 qui
2383 1681 2479 1720 nos
2505 1667 2665 1721 etiam
2694 1668 2913 1722 mortuis
2938 1676 3027 1721 ant
3058 1669 3263 1722 veniam
3291 1679 3383 1722 aut
3407 1684 3536 1723 ροη-

1949 1755 2347 1811 demnationent
2397 1758 2526 1811 dare
2590 1768 2832 1826 poscunt,
2878 1758 3025 1827 quod
3082 1758 3234 1812 nobis
3284 1757 3537 1827 possibile

262 1854 393 1907 teris
435 1854 801 1921 reliquerunt,
836 1852 899 1904 in
940 1849 1262 1919 quihusdam
1298 1848 1430 1903 locis
1465 1849 1841 1917 opusculorum
1877 1851 1922 1910 Β
1950 1860 2055 1900 non
2079 1860 2203 1903 esse
2226 1847 2570 1902 maniiestnm
2596 1862 2676 1903 εει
2702 1866 2718 1904 :
2745 1851 2864 1923 quia
2891 1865 3011 1904 cum
3042 1850 3238 1905 dictum
3263 1851 3330 1903 sit
3359 1866 3375 1905 :
3410 1851 3537 1917 Qua

258 1958 503 2008 suorum,
530 1943 614 1998 vel
646 1957 752 1996 non
786 1942 1061 2004 intellecti,
1089 1941 1193 2005 vel,
1220 1940 1373 1993 sicuti
1389 1950 1481 1994 est
1511 1938 1742 1993 humana
1766 1939 1847 1991 in-

262 2037 508 2099 firmitas,
545 2036 717 2089 minus
747 2034 983 2087 valentes
1020 2032 1135 2086 acie
1167 2032 1361 2086 mentis
1391 2030 1650 2084 abditiora
1684 2043 1847 2098 pene-

260 2139 425 2195 trare,
455 2138 509 2182 et
537 2125 1000 2180 verisimilitudine
1029 2142 1056 2177 a
1092 2125 1311 2179 veritate
1338 2124 1674 2188 aberrantes,
1704 2136 1842 2192 prte-

259 2219 624 2289 sumptorihus
651 2229 702 2274 et
741 2218 1032 2272 audacibus
1071 2218 1287 2272 fuerunt
1326 2218 1594 2272 occasioni
1631 2216 1697 2270 ad
1742 2217 1843 2270 ali-

257 2325 416 2379 quam
458 2311 703 2362 hmresim
746 2308 1066 2363 moliendam
1107 2318 1269 2378 atque
1316 2308 1655 2378 gignendum.
1689 2326 1708 2359 ι
1738 2308 1843 2362 Ca-

258 2402 485 2456 tholicos
518 2404 695 2471 itaque
733 2401 861 2455 dicit
889 2418 953 2454 ex
991 2401 1088 2454 Inc
1114 2401 1221 2454 vita
1264 2401 1523 2470 migrasse
1547 2401 1844 2456 catholcus

258 2492 606 2561 Augustinus,
641 2491 730 2561 qui
765 2494 817 2545 in
858 2492 1097 2546 Ecclesia
1124 2493 1399 2547 constituti
1432 2507 1526 2562 per
1555 2493 1842 2547 humanam

256 2584 618 2639 infirmitatem
669 2587 845 2639 minus
873 2585 1156 2639 valuerunt
1190 2585 1306 2639 acie
1352 2586 1547 2638 mentis
1577 2584 1842 2639 abditiora

255 2686 559 2745 penetrare,
593 2684 649 2729 et
687 2674 1160 2728 veris‘militudine
1206 2688 1235 2726 a
1289 2676 1514 2728 veritate
1554 2674 1844 2729 aberrave-

255 2776 378 2822 runt
404 2784 417 2820 :
449 2782 545 2822 nec
568 2769 682 2821 vult
720 2781 815 2821 eos
843 2767 1124 2822 haereticos
1153 2767 1278 2833 dici,
1306 2765 1548 2835 quamvis
1586 2781 1846 2835 przesum-

254 2858 502 2926 ptoribus
544 2868 597 2911 et
622 2857 912 2915 audacibus
943 2859 1212 2912 occasioni
1264 2858 1478 2913 fuerunt
1507 2858 1572 2911 ad
1612 2858 1841 2928 aliquam

248 2952 503 3006 haeresim
536 2952 856 3007 moliendam
889 2962 1047 3022 atque
1073 2951 1412 3023 gignendam.
1450 2950 1517 3005 Et
1562 2951 1684 3006 ideo
1713 2952 1843 3006 bea-

254 3053 367 3098 tum
395 3044 720 3116 Cyprianum
754 3044 977 3114 ejusque
1006 3045 1265 3116 collegas,
1297 3046 1387 3113 qui
1434 3060 1526 3113 per
1557 3045 1842 3099 humanam

254 3138 617 3194 infirmitatem
641 3137 694 3193 in
723 3138 1020 3208 quzestione
1038 3117 1378 3207 baptismatis
1398 3147 1734 3204 erraverunt,
1759 3138 1842 3193 vel

1952 1936 2227 2008 ligaveritis
2250 1954 2401 2006 super
2428 1948 2630 2003 terram,
2662 1951 2808 1993 erunt
2835 1941 2991 2009 ligata
3014 1950 3061 1994 et
3091 1940 3143 1994 in
3172 1941 3295 1993 cwlo
3321 1938 3536 2008 (Manli.

1952 2029 2377 2100 xvttt,l8),quos
2427 2045 2529 2083 nou
2569 2045 2689 2084 esse
2715 2031 2825 2100 jam
2873 2039 3082 2085 constat
3123 2044 3283 2100 super
3312 2039 3533 2091 terram,

1952 2132 2056 2171 non
2089 2118 2343 2184 humano,
2371 2119 2463 2174 sed
2511 2134 2608 2173 suo
2651 2118 2855 2189 judicio
2895 2120 3208 2174 reservavit.
3242 2118 3350 2174 Nec
3377 2120 3535 2177 audet

1951 2212 2191 2268 Ecclesia
2222 2213 2438 2268 sibimet
2469 2212 2738 2267 vindicare
2770 2212 2907 2282 quod
2930 2214 3061 2280 ipsis
3089 2213 3257 2267 beatis
3281 2211 3534 2281 apostolis

1950 2303 2213 2371 conspicit
2244 2318 2349 2357 non
2383 2302 2547 2356 fuisse
2584 2318 2922 2356 concessum.
2965 2302 3020 2357 Si
3048 2304 3187 2356 enim
3222 2303 3345 2357 licet
3387 2301 3534 2372 ligari

1948 2404 2212 2460 niorwos,
2255 2395 2378 2449 licet
2404 2403 2460 2448 et
2489 2394 2654 2457 solvi;
2683 2403 2736 2447 et
2762 2395 2804 2447 si
2832 2394 2955 2447 licet
2984 2394 3206 2447 mortuis
3234 2391 3535 2447 damnatio-

1951 2502 2071 2541 nem
2116 2487 2337 2547 inferre.
2387 2486 2511 2541 licet
2558 2496 2615 2541 et
2663 2488 2872 2541 veniam
2902 2485 3055 2541 dare.
3091 2504 3111 2537 ι
3145 2486 3253 2541 Sed
3306 2486 3350 2540 si
3400 2486 3534 2540 forte

1944 2583 2195 2648 cuiquam
2229 2561 2442 2633 videtur
2480 2578 2623 2632 illam
2658 2587 2838 2634 tenere
2872 2588 3084 2633 senteut
3107 2594 3192 2631 am
3239 2592 3340 2647 qua
3381 2578 3535 2632 dam-

1950 2674 2110 2727 nandi
2138 2672 2430 2727 creduntur
2462 2671 2623 2741 aliqui
2667 2672 2717 2724 in
2760 2671 3012 2726 Ecclesiae
3044 2687 3172 2740 pace
3203 2672 3250 2723 dt
3274 2672 3459 2735 functi,
3484 2683 3538 2727 et

1946 2782 2053 2820 non
2086 2767 2257 2834 magis
2283 2764 2419 2817 hanc
2445 2765 2757 2832 apostolicae
2785 2763 2930 2818 sedis
2956 2778 3076 2833 qua:
3104 2764 3203 2817 soli
3236 2764 3350 2818 hare
3378 2763 3537 2818 intel-

1946 2859 2063 2929 ligit
2088 2858 2269 2913 divino
2293 2858 2495 2925 judicio
2536 2867 2887 2921 reservatum,
2913 2864 2970 2910 et
3003 2854 3372 2911 concesserit‘
3400 2871 3535 2926 quo-

1948 2951 2090 3003 niam
2120 2947 2165 3003 si
2195 2949 2319 3003 licet
2350 2948 2501 3015 ligari
2534 2960 2795 3014 mortuos,
2825 2946 2953 3002 licet
2985 2956 3039 3002 et
3067 2946 3227 3014 solvi,
3261 2960 3312 3002 et
3344 2949 3387 3001 si
3416 2948 3536 3002 licet

1950 3043 2177 3098 mortuis
2202 3042 2598 3096 damnationem
2629 3042 2846 3104 inferre,
2881 3040 3005 3095 licet
3035 3050 3089 3095 et
3114 3041 3324 3096 veniam
3367 3039 3535 3094 dare:

1947 3150 2287 3203 consequens
2319 3150 2423 3187 non
2466 3143 2549 3187 est
2585 3142 2643 3185 ut
2690 3133 2738 3187 ei
2785 3143 3065 3201 prOpterca
3107 3131 3348 3185 videatur
3377 3131 3536 3187 etiam

252 3230 594 3284 Theodorum
639 3230 1097 3299 Mopsuesteuum,
1130 3229 1174 3283 si
1223 3245 1253 3282 a
1296 3228 1518 3282 veritate
1560 3228 1612 3281 in
1665 3228 1843 3297 aliquo
1872 3225 1916 3287 C
1951 3227 2358 3295 Mopsuestenus
2388 3226 2627 3279 'l’heodor
2642 3242 2701 3279 us
2728 3240 2848 3280 esse
2874 3224 3226 3279 damnandus.
3255 3224 3371 3280 Non
3394 3225 3536 3280 enim

256 3322 393 3374 forte
422 3321 707 3376 aberrasse
751 3330 1099 3384 monstretur,
1142 3328 1197 3374 et
1227 3319 1296 3374 de
1337 3319 1438 3375 hac
1465 3321 1571 3373 vita
1622 3320 1675 3374 itt
1728 3320 1846 3388 ipso

252 3416 463 3481 positus
512 3427 699 3467 errore
746 3413 1038 3479 migrasse,
1087 3412 1375 3465 haereticos
1428 3424 1535 3463 non
1585 3409 1844 3474 dicimus,

252 3518 388 3571 ψιος
418 3519 584 3570 usque
608 3505 630 3535 '
659 3504 710 3557 in
756 3504 860 3557 fine
910 3503 1171 3557 mansisse
1202 3503 1254 3555 in
1302 3503 1539 3556 Ecclesia
1584 3502 1845 3556 catholica

255 3609 364 3646 nou
399 3607 675 3661 negamus.
712 3594 929 3647 Frustra
964 3593 1126 3662 igitur
1157 3593 1337 3647 nescio
1368 3607 1469 3662 qua
1502 3593 1601 3646 iste
1629 3591 1693 3644 ad
1720 3607 1847 3645 catt-

254 3700 374 3736 sam
407 3699 509 3737 non
542 3684 862 3754 pertinentia
906 3685 1065 3739 soli:e
1113 3684 1214 3738 sibi
1262 3672 1547 3752 colligebat
1582 3685 1845 3751 exempla,

248 3775 453 3845 quibus
469 3778 698 3845 probare
730 3777 1000 3831 nitebatur
1020 3790 1164 3845 saepe
1188 3775 1382 3829 dictum
1414 3773 1846 3843 Mopsuestenum

250 3868 598 3924 Theodorum
636 3869 780 3939 juste
828 3884 892 3923 ac
934 3869 1251 3939 regulariter
1301 3867 1464 3922 fuisse
1512 3869 1844 3920 damnatum.

252 3961 372 4016 Non
400 3962 566 4029 enim,
614 3963 656 4016 si
686 3962 965 4031 quisquam
997 3960 1334 4015 damnandus
1362 3960 1382 3989 ³
1412 3958 1718 4027 episcopus,
1757 3959 1845 4027 qui

253 4055 495 4109 moriens
541 4054 853 4108 hmreticum
904 4054 956 4107 in
997 4054 1110 4108 suis
1159 4050 1499 4106 facultatibus
1526 4059 1848 4105 testamento

251 4148 380 4201 fecit
419 4145 708 4211 haaredem,
734 4147 849 4201 acie
894 4144 1091 4201 mentis
1124 4154 1182 4199 ut
1224 4144 1325 4198 hoc
1356 4144 1557 4200 faceret
1582 4143 1845 4198 abditiora

252 4250 540 4306 penetrare
571 4253 677 4292 non
716 4238 902 4303 valuit,
945 4247 1035 4291 aut
1065 4236 1534 4291 verisimilitudine
1565 4251 1594 4290 a
1626 4236 1848 4290 veritate

250 4329 559 4393 aherravit;
599 4328 695 4384 sed
740 4327 1080 4383 manifestum
1118 4327 1327 4381 facinus
1370 4342 1474 4381 non
1518 4325 1848 4380 infirmitatis

252 4424 578 4496 ignorantia,
610 4424 705 4478 sed
748 4422 1036 4476 voluntatis
1081 4421 1347 4490 pravitate
1391 4421 1683 4473 commisit.
1722 4417 1848 4473 inde

249 4525 337 4570 est
368 4514 507 4584 quod
535 4514 779 4585 Philippo
801 4513 998 4569 dicenti
1023 4529 1036 4567 :
1070 4511 1304 4577 Domine,
1330 4510 1537 4565 ostende
1564 4510 1707 4564 nobis
1737 4508 1845 4563 Pa-

1951 3332 2046 3372 eos
2076 3316 2281 3385 impetit
2310 3316 2399 3370 illa
2427 3316 2689 3370 sententia
2741 3314 2851 3384 qui,
2874 3316 3014 3369 sicut
3035 3314 3222 3370 beatus
3242 3313 3537 3385 Cyprianus

1950 3412 2173 3479 ejusque
2203 3408 2358 3471 socii,
2404 3422 2498 3476 per
2527 3408 2811 3461 humanam
2845 3405 3208 3460 infirmitatem
3243 3408 3418 3460 minus
3446 3421 3539 3475 po-

1952 3509 2168 3555 luerunt
2196 3502 2311 3553 acie
2342 3500 2534 3553 mentis
2566 3498 2827 3551 abditiora
2855 3505 3161 3565 penetrare,
3195 3510 3247 3551 et
3276 3495 3538 3551 verisimi-

1951 3593 2177 3647 litmline
2207 3607 2235 3645 a
2271 3592 2494 3645 veritate
2537 3592 2947 3653 aherraverunt,
2978 3589 3068 3641 sed
3098 3602 3195 3642 eos
3242 3589 3417 3657 potius
3448 3590 3536 3657 qui

1951 3689 2245 3755 probantur
2277 3686 2508 3738 scientes
2552 3683 2898 3750 volentesque
2930 3694 3195 3749 peccasse.
3230 3681 3454 3750 insuper
3484 3692 3539 3735 et

1951 3786 2134 3831 notum
2164 3783 2246 3829 est
2286 3773 2426 3842 quod
2479 3774 2546 3827 de
2591 3771 2688 3826 hac
2718 3770 2986 3826 Theodori
3028 3784 3187 3824 causa
3232 3781 3340 3825 tum
3382 3770 3539 3827 fuert

1946 3866 2266 3936 judicatum,
2294 3879 2413 3919 cum
2467 3863 2839 3932 Apolinaristze
2888 3862 3254 3932 prOgenitores
3292 3862 3539 3933 Acepha-

1953 3960 2149 4021 lorum,
2183 3971 2304 4011 etnn
2338 3955 2653 4024 quibusdam
2688 3954 2950 4007 dictorttttt
2993 3954 3110 4021 ejus
3140 3952 3386 4019 capitulis
3417 3968 3538 4007 eum

1950 4058 2252 4118 quzererent
2297 4046 2435 4102 abdh
2455 4048 2554 4109 ari,
2590 4060 2641 4101 et
2693 4062 2720 4099 a
2754 4046 2958 4099 Joanne
3004 4044 3340 4099 Antioclteuo
3380 4054 3540 4113 atque

1950 4138 2198 4193 orientali
2241 4137 2491 4201 concilio,
2534 4151 2631 4189 nec
2675 4150 2778 4189 non
2810 4134 3010 4205 Cyrillo
3058 4132 3445 4200 Alexandrino,
3487 4143 3541 4188 et

1953 4230 2145 4284 Proclo
2174 4226 2766 4296 Constantinopolitano
2807 4226 3006 4295 repulsi
3058 4234 3202 4279 sont.
3246 4224 3351 4279 Sed
3402 4238 3541 4277 nunc

1952 4322 2004 4377 in
2040 4320 2408 4391 pracjudicium
2438 4335 2644 4387 magna:
2668 4316 2856 4389 synodi
2881 4316 3338 4371 Chalcedonensis
3366 4330 3539 4368 resus-

1951 4414 2144 4469 citator
2173 4413 2289 4484 ejus
2336 4413 2564 4481 qumstio
2612 4422 2736 4464 ante
2782 4419 2994 4463 centum
3046 4418 3100 4461 et
3145 4404 3327 4475 viginti
3372 4419 3540 4457 annos

1953 4505 2097 4560 finita
2128 4513 2182 4560 et
2230 4502 2485 4559 oblivioni
2526 4502 2637 4572 jam
2683 4502 2896 4555 tradita.
2929 4499 3025 4553 Cui
3067 4496 3377 4567 praajudicio
3407 4510 3538 4563 quo-

325 4788 353 4813 ¹³
396 4782 590 4839 Gelasii
621 4785 778 4838 verba
811 4791 937 4837 sunt
962 4797 994 4836 e
1023 4781 1230 4850 synodo
1263 4780 1496 4832 Romana
1523 4779 1575 4833 in
1609 4792 1711 4847 qua
1743 4779 1834 4831 ah-
1865 4782 1913 4841 ι)
1942 4779 2181 4833 stitutum
2217 4774 2391 4841 \‘igilii
2422 4790 2542 4830 cum
2570 4769 3112 4850 judicatoconfuudi,
3162 4778 3226 4850 et_
3264 4768 3365 4850 alia
3389 4783 3531 4850 per:

246 4858 463 4913 solutus
491 4865 573 4907 est
605 4856 839 4909 Misenus
866 4854 1172 4922 episcopus.
1205 4852 1368 4918 Cujus
1391 4851 1499 4922 alia
1544 4866 1753 4919 q-oque
1784 4851 1835 4903 iu

246 4927 499 4982 eamdem
528 4928 849 4979 sententiam
897 4921 1088 4977 similia
1130 4930 1343 4976 exstant
1387 4921 1439 4972 in
1482 4922 1681 4989 aliquot
1722 4922 1839 4985 ejus

244 4997 516 5066 epistolis.
566 4996 707 5049 Idem
759 4998 918 5049 etiam
962 5002 1353 5066 argumentum,
1386 4991 1588 5066 eodem
1642 4991 1837 5066 Celasii

246 5060 414 5126 utens
445 5066 772 5131 testimonio,
815 5060 1257 5119 uberitts'tractat
1286 5060 1508 5124 Vigilius
1548 5062 1598 5113 in
1641 5062 1842 5112 consti-

249 5152 392 5194 tuto.
440 5138 491 5190 In
536 5152 641 5205 quo
682 5145 963 5205 propterea
1009 5134 1277 5205 Theodori
1318 5131 1675 5205 Mopsuesteni
1707 5132 1842 5182 alio.

247 5223 442 5267 rumve.
487 5203 625 5260 dicta
665 5203 718 5261 et
762 5203 973 5260 errores
1020 5206 1105 5275 qui
1137 5203 1545 5273 objiciebantur,
1577 5205 1662 5275 _ita
1710 5216 1843 5253 con—

244 5285 495 5341 demuat,
529 5288 583 5329 ut
612 5278 757 5347 ipsos
804 5288 977 5347 tamen
1023 5271 1277 5347 auctores
1319 5276 1368 5326 in
1400 5287 1526 5347 pace
1559 5271 1843 5324 defunctos

245 5353 476 5407 minime
504 5344 837 5402 damnandos
865 5346 1141 5402 decernat.
1175 5344 1281 5401 Sed
1329 5344 1579 5414 quoniam
1620 5352 1672 5397 et
1716 5355 1843 5396 con-

324 5576 347 5605 ³
396 5571 558 5624 Idem.
591 5572 738 5639 cod.,
769 5583 1050 5639 quousque.

326 5642 348 5673 ⁸
394 5644 530 5697 idem
562 5641 710 5707 cod.,
734 5639 1057 5694 damnandus
1087 5643 1178 5691 est.

314 5861 335 5883 ‘
362 5856 497 5911 illam
521 5858 762 5919 synopsim
789 5864 1012 5919 tanquam
1038 5852 1189 5903 facem
1225 5850 1448 5903 omnibus
1486 5850 1695 5906 Facundi
1715 5851 1924 5910 scriptis,
1952 5845 1998 5898 in
2021 5844 2115 5897 line
2141 5842 2384 5898 librorum
2409 5842 2469 5894 η
2492 5834 2844 5891 collocationes,

1946 4851 2153 4905 turbate
2181 4850 2231 4901 in
2265 4840 2362 4900 hac
2390 4856 2497 4899 tota
2547 4840 2715 4901 causa
2739 4843 2928 4898 referri
2958 4843 3121 4911 vulgo
3149 4842 3340 4903 solent,
3389 4840 3530 4894 haud

1944 4923 2038 4975 abs
2085 4936 2143 4974 re
2194 4922 2361 4972 visum
2406 4926 2507 4979 e.t,
2564 4916 2831 4984 prmcijiua
2881 4929 3056 4968 rerum
3100 4912 3296 4981 capita,
3327 4919 3436 4963 tmn
3467 4927 3530 4965 ea

1948 4992 2240 5060 pra-serum
2288 4988 2519 5060 «δυωβᾲ
2556 4987 2801 5060 Vigilium
2847 4994 3110 5060 Spectaut,
3163 4992 3419 5060 quantum
3453 4995 3532 5060 es

1945 5050 2076 5116 eleri
2112 5050 2334 5113 lietuani
2376 5059 2441 5110 ad
2482 5050 2683 5125 legatos
2710 5050 2954 5123 epistola,
3011 5050 3191 5124 atque,
3227 5068 3291 5105 ex
3352 5050 3533 5125 Yigilii

1952 5134 2116 5200 ipsius
2148 5130 2443 5200 eueyelica,
2471 5122 2762 5200 constituto
2789 5136 2842 5180 et
2871 5126 3012 5190 aliis,
3035 5122 3336 5200 observare
3361 5122 3532 5200 licuit,

1948 5193 2064 5257 suis
2094 5193 2484 5267 annis'singula
2526 5202 2543 5221 '
2590 5198 2739 5254 brevi
2788 5195 3108 5265 compendio
3147 5194 3402 5249 distincta
3431 5193 3534 5246 sub

1948 5274 2133 5329 oculos
2166 5272 2251 5326 hic
2282 5285 2502 5340 ponere.

2020 5553 2044 5584 ⁸
2083 5555 2225 5610 Idem
2276 5557 2433 5621 cod.,
2472 5561 2518 5605 et
2568 5566 2679 5621 quae
2731 5555 3057 5619 (apostolica
3098 5549 3295 5611 sedes)
3351 5541 3533 5595 asserit

1948 5628 2210 5694 quoniam,
2239 5633 2344 5678 etc.
