3978 6350
177 288 282 346 δας)

1333 287 1659 345 EPISTOLA
1701 289 1877 346 FlDEi
1914 292 2324 349 (mnuum

3359 303 3464 357 870

175 419 356 462 Verum
387 414 493 470 est,
552 404 685 458 nihil
715 402 964 457 nocuisse
1007 402 1192 458 eadem
1215 403 1458 472 Capitula
1502 420 1594 472 per
1633 419 1760 460 cen-
1790 411 1836 467 Α
1871 407 2034 460 Deum
2067 411 2151 463 cui
2185 408 2746 478 credidit.perdidisse
2776 389 3134 467 convincitur.
3161 413 3263 480 Qui
3281 427 3465 472 autem

175 508 286 552 tum
315 505 370 551 et
394 493 647 563 amplius,
705 505 761 548 ut
791 490 1103 563 prmdictom
1132 504 1236 559 est,
1289 509 1458 550 annos
1484 497 1764 552 catholica:

174 587 431 643 Ecclesia:
453 585 715 656 dixerim,
746 586 914 640 multo
938 585 1106 656 magis
1138 588 1416 656 magisque
1443 602 1504 644 se
1529 604 1652 643 reos
1685 591 1764 644 in-

173 685 417 753 te'ligant
479 679 915 736 inexcusabiliter
958 697 970 733 :
1023 683 1448 736 animadvertant
1503 693 1760 750 quantum

170 776 297 830 mali
338 781 527 828 contra
579 771 696 841 ejus
748 771 964 826 decreta
1022 773 1399 828 commiserint
1455 773 1764 829 damnando

171 869 311 936 quod
341 867 430 922 illa
460 880 569 920 non
592 864 872 920 damnavit
896 883 910 931 ;
934 877 1266 938 cognoscant
1286 869 1414 937 quid
1445 871 1673 940 egerint,
1705 881 1758 925 et

171 962 406 1016 sisntiant
433 973 496 1014 se
519 959 589 1013 ab
631 973 694 1014 ea
727 959 1002 1028 praecisos,
1053 959 1210 1029 cujus
1257 959 1472 1015 decreta
1503 971 1760 1031 quantum

174 1055 228 1108 in
259 1054 390 1122 ipsis
412 1059 498 1107 est
526 1052 919 1118 convellentes,
943 1052 1319 1116 luereticorum
1347 1069 1407 1109 se
1429 1056 1664 1109 catervis
1689 1055 1763 1108 fa-

173 1147 348 1201 vendo
375 1159 564 1200 eorum
587 1145 732 1198 votis
781 1143 1128 1214 pertinaciter
1169 1155 1546 1216 aggregarunt.
1579 1146 1760 1217 Siqui-

169 1240 290 1294 dem
313 1239 382 1293 ab
409 1235 697 1305 Acep‘ialis
724 1233 1014 1302 haereticis,
1062 1235 1114 1290 id
1142 1236 1759 1306 est‘Semieu-tychianis,

169 1329 431 1399 exquisita
458 1339 510 1382 et
538 1327 719 1384 elicita
740 1329 1107 1398 Capitulorum
1139 1330 1448 1398 damnatio;
1491 1343 1545 1387 et
1578 1331 1760 1400 Vigitii

169 1431 329 1492 atque
357 1421 554 1490 Pelagii
589 1422 955 1476 Romanorum
997 1423 1489 1490 praevaricatorum,
1543 1435 1595 1479 et
1632 1426 1746 1480 Pri-

170 1513 325 1567 m-isii
384 1512 646 1581 Byzaceni
700 1512 954 1583 pra-cipui
1039 1513 1276 1570 doctoris
1331 1516 1755 1585 Acephdorum,

167 1600 310 1657 edita
358 1611 548 1656 contra
589 1601 883 1657 Ecclesiam
933 1603 1135 1673 scripta
1189 1614 1572 1674 protestantur.
1631 1607 1760 1675 Qua:

166 1709 290 1748 cum
324 1694 391 1748 ita
423 1695 552 1763 sint,
582 1694 973 1763 quomodojam
996 1705 1051 1749 et
1080 1695 1210 1750 illud
1229 1696 1310 1751 eis
1329 1699 1523 1766 poterit
1545 1707 1760 1753 consta-

1867 501 2074 567 siutqui
2095 501 2519 555 hocviolaverint
2537 513 2744 571 pactum
2765 519 2886 557 mox
2900 501 3222 576 videbimus,
3240 522 3362 561 cum
3384 509 3464 578 ip-

1866 590 1977 642 sius
2006 593 2230 660 symlioli
2250 593 2430 656 verba,
2455 611 2558 647 non
2589 596 2804 663 quidem
2835 595 2887 650 in
2919 597 3163 652 ordinem
3179 600 3466 669 prolixita-

1867 684 1933 735 tis
1953 684 2178 738 vitandm
2195 687 2360 755 gratia
2374 728 2385 750 ,
2399 687 2493 741 sed
2512 688 2792 744 admodum
2809 690 3088 744 delilta'tdo
3101 694 3458 761 posuerimus.

1870 775 2192 845 Principium
2226 778 2402 848 itaque
2420 781 2647 850 symlioli
2672 781 2897 847 hocest:
2925 781 3193 838 Credimus
3220 786 3275 838 in
3302 803 3468 839 unum

1870 864 2031 920 Deum
2057 867 2262 922 Patrem
2283 871 2710 940 omnipdlentcm;
2741 882 2789 925 et
2819 875 2870 926 in
2892 890 3048 927 unum
3067 875 3344 930 Dominum
3367 877 3459 931 .Ie-

1864 975 1976 1010 sum
2000 958 2254 1013 Christum
2288 960 2486 1015 Filium
2517 964 2647 1034 ejus,
2679 974 2856 1017 natum
2879 981 2942 1018 ex
2973 965 3172 1034 Spiritu
3193 978 3367 1022 sancto
3405 977 3460 1023 et

1867 1048 2040 1102 Maria
2070 1050 2311 1122 Virgine,
2342 1055 2427 1122 qui
2454 1053 2545 1107 sub
2576 1053 2765 1108 Pontio
2792 1055 2966 1110 Pilato
3003 1058 3278 1126 cruciﬁxus
3309 1069 3382 1112 est
3407 1071 3456 1114 et

1863 1142 2124 1208 sepultus;
2145 1143 2296 1196 tertia
2327 1145 2406 1197 die
2429 1146 2651 1199 surrexit
2671 1159 2702 1198 a
2727 1147 2936 1200 mortuis
2961 1162 2982 1210 ,°
3031 1149 3260 1202 ascendit
3285 1150 3335 1203 in
3360 1166 3461 1205 τω-

1864 1232 1992 1295 lum,
2023 1233 2162 1286 sedet
2185 1234 2254 1284 ad
2281 1235 2540 1291 dexteram
2566 1234 2760 1301 Patris,
2788 1236 2922 1292 unde
2951 1249 3189 1292 renturus
3214 1249 3287 1292 est
3308 1241 3448 1310 judi.

1862 1338 1978 1376 care
2027 1325 2163 1377 vivos
2218 1337 2266 1378 et
2320 1340 2564 1392 mortuos,
2622 1328 2932 1398 et-‘rciiqua.
2983 1330 3060 1384 En
3092 1339 3240 1384 certe
3269 1331 3319 1384 in
3353 1333 3460 1386 hoc

1867 1431 2008 1469 nime
2053 1420 2229 1471 omnis
2277 1419 2774 1490 COIISiS'ilquiIBSlit)
2823 1423 2890 1476 tle
2934 1423 3174 1476 vivorum
3207 1435 3453 1478 mortuo-

1862 1523 2090 1579 rumque
2145 1511 2347 1579 judicio
2391 1525 2406 1565 :
2463 1513 2602 1580 quod
2665 1520 2850 1567 contra
2917 1514 3118 1568 nullam
3171 1515 3456 1582 aliquando

1865 1601 2136 1671 haeresim,
2158 1613 2228 1657 ut
2254 1601 2386 1660 illud
2416 1603 2484 1658 de
2503 1605 2812 1674 arqualitate
2841 1605 3015 1659 Patris
3054 1616 3111 1661 et
3143 1605 3257 1660 Filii
3288 1607 3339 1660 iu
3363 1606 3456 1661 Ni-

1844 1707 2015 1746 -caeno
2063 1693 2295 1748 concilio
2343 1705 2529 1749 contra
2561 1697 2770 1763 Arium,
2828 1697 2910 1751 vel
2953 1696 3024 1752 de
3066 1697 3454 1767 omnipotentis

165 1801 249 1851 re,
291 1785 433 1855 quod
459 1785 524 1840 div
549 1795 638 1839 um
664 1801 819 1840 unam
847 1801 904 1840 se
922 1801 1045 1842 cum
1072 1803 1175 1842 non
1199 1787 1575 1844 damnamibus
1601 1791 1756 1845 ﬁdem
1793 1788 1834 1845 Β
1864 1784 2092 1851 Spiritus
2124 1789 2295 1840 sancti
2346 1786 2399 1839 in
2442 1788 3037 1856 Constantinopolitano
3065 1799 3249 1843 contra
3277 1788 3455 1845 Macen

165 1879 400 1938 tenere!
421 1879 552 1933 Cum
578 1893 676 1933 nos
699 1879 748 1932 iu
779 1895 887 1932 uno
921 1880 1144 1935 Domino
1171 1891 1356 1936 nostro
1385 1883 1511 1938 Jesu
1533 1881 1754 1938 Christo

167 1970 263 2024 Dei
290 1977 345 2024 et
371 1969 601 2023 hominis
635 1970 794 2034 Filio,
839 1973 1062 2024 duarum
1095 1982 1407 2026 naturarum
1455 1976 1753 2043 proprieta-

163 2071 274 2114 tem
299 2062 351 2114 in
384 2059 587 2116 unitate
612 2077 854 2129 personas
895 2061 1268 2128 confiteantur,
1315 2063 1456 2134 quod
1488 2065 1752 2122 catholica

161 2168 383 2223 semper
423 2154 663 2209 custodit
707 2163 761 2210 ct
806 2155 963 2210 doret
1009 2153 1268 2212 Ecclesia.
1297 2155 1390 2211 isti
1428 2168 1606 2214 autem
1662 2175 1753 2228 pa-

162 2246 337 2301 rendo
361 2245 670 2315 Aeephalis,
705 2255 760 2301 et
804 2248 853 2299 in
895 2247 1096 2313 scripto
1139 2247 1421 2303 dicentes:
1448 2267 1479 2300 τι
1513 2251 1749 2304 Anatha-

164 2342 486 2394 tnatisamus
533 2337 752 2406 impiam
807 2341 1090 2405 epistolam
1123 2340 1228 2395 lba:
1274 2357 1432 2410 quam
1460 2342 1526 2397 ad
1564 2343 1749 2397 Marini

169 2430 393 2484 Persam
425 2429 663 2495 scripsit,
700 2446 818 2485 cum
853 2431 936 2484 his
965 2432 1054 2500 qui
1093 2430 1363 2486 vindicant
1388 2448 1531 2497 eam,
1569 2445 1618 2486 et
1663 2435 1760 2489 ro—'

162 2532 304 2574 ctam
339 2535 455 2578 esse
483 2523 689 2590 dicunt,
726 2525 809 2596 vel
845 2535 1047 2594 partem
1075 2526 1233 2595 ejus:
1267 2545 1286 2578 ι
1321 2542 1532 2582 omnem
1565 2531 1751 2598 procul

154 2613 333 2667 .dubio
382 2614 868 2670 anathematizasse
915 2616 1212 2686 probantur
1266 2619 1583 2682 Ecclesiam,
1633 2639 1751 2692 qua:

163 2723 284 2764 eam
309 2708 595 2764 vindicavit
626 2719 678 2763 et
701 2708 954 2776 vindicat,
1004 2719 1312 2783 rcctamque
1337 2727 1458 2768 esse
1502 2714 1657 2780 dixit,
1699 2725 1752 2771 et

161 2799 292 2854 dicit
309 2817 324 2853 :
341 2811 394 2854 ut
421 2811 541 2870 pote
566 2816 684 2873 quae
709 2802 808 2857 hoc
838 2805 903 2858 de
927 2803 1295 2860 lncarnatione
1316 2804 1538 2874 Christi,
1567 2808 1616 2862 in
1646 2823 1749 2878 qua

158 2892 353 2946 salutis
380 2901 576 2947 nostris
599 2906 994 2948 sacramentum
1017 2896 1282 2960 consistit,
1308 2897 1594 2952 conlltetur
1608 2899 1750 2970 quod

156 2987 350 3040 eadem
407 3002 503 3057 per
550 2986 728 3041 omnia
781 2987 1022 3042 continet
1064 2988 1311 3057 epistola.
1355 2990 1529 3046 Verba
1554 2994 1752 3063 quippe

157 3079 280 3148 ejus
301 3082 402 3134 tem
432 3079 694 3148 epistolm,
721 3079 811 3133 ubi
841 3081 1041 3134 sanitas
1071 3081 1342 3136 catholica:
1374 3085 1745 3151 confessionis,

1861 1872 2109 1941 donium,
2146 1876 2197 1930 in
2239 1876 2486 1948 symbolo
2523 1889 2614 1932 est
2657 1877 2761 1934 add
2779 1886 2922 1944 tum,
2962 1895 2990 1931 a
3022 1879 3166 1934 nulla
3216 1894 3454 1950 unquam

1845 1967 2074 2032 .hmresi,
2123 1967 2237 2023 .nisi
2268 1969 2336 2024 ab
2365 1969 2463 2024 hac
2493 1970 2800 2025 novissimis
2842 1971 3342 2042 temporibus'vclut
3379 1987 3449 2030 ex

1861 2073 2139 2132 compacta
2187 2065 2426 2121 omnium
2460 2065 2830 2121 han‘eticorum
2864 2067 2996 2126 [ἔξω
3026 2081 3232 2138 exorta,
3285 2069 3452 2125 viola.

1845 2165 1970 2209 alii"!
2002 2167 2112 2222 est;
2161 2173 2256 2225 per
2277 2159 2676 2217 damnationem
2708 2162 2917 2217 scilicet
2943 2163 3183 2218 vivorum
3209 2175 3450 2222 mortuo-

1844 2262 2084 2317 irumque
2113 2263 2271 2317 quam
2305 2251 2380 2305 sic
2407 2250 2465 2304 .iu
2490 2252 2692 2319 scripto
2723 2253 3075 2319 pronderunt,
3105 2253 3345 2310 dicentes
3371 2256 3450 2309 in-

1859 2345 1938 2390 ter
1966 2339 2068 2390 alia
2099 2355 2112 2391 :
2160 2357 2184 2389 .‹
2205 2339 2261 2394 Si
2308 2339 2430 2409 quis
2459 2339 2698 2394 defendit
2748 2342 2967 2410 impium
3021 2343 3364 2397 Theodorum
3391 2353 3449 2400 et

1842 2428 2013 2496 .impia
2045 2430 2160 2501 ejus
2186 2436 2508 2500 conscripta,
2570 2435 2663 2488 sed
2699 2449 2802 2488 non
2853 2435 3272 2491 anathematizat
3320 2452 3444 2491 eum

1843 2529 1909 2574 et
1935 2521 2095 2590 impia
2126 2521 2243 2592 ejus
2269 2525 2601 2595 conscripta,
2631 2536 2685 2580 et
2705 2540 2902 2580 omnes
2927 2527 3014 2596 qui
3039 2527 3336 2596 suscipiunt
3363 2528 3445 2583 vel

1855 2613 2153 2669 defendant
2173 2632 2319 2679 cum,
2337 2625 2395 2671 .et
2427 2618 2610 2671 dicunt
2637 2617 2932 2671 orthodoxa
2952 2633 3071 2673 eum
3093 2621 3442 2688 exposuisse;

1855 2714 1909 2760 et
1939 2707 2029 2775 qui
2058 2708 2390 2777 scripserunt
2423 2723 2519 2778 pro
2541 2723 2630 2774 eo,
2688 2719 2742 2764 et
2770 2708 2958 2764 eadem
3013 2709 3088 2763 illi
3131 2718 3442 2779 sapuerunt,

1855 2799 1938 2852 .vel
1963 2798 2206 2852 scribunt
2232 2813 2325 2865 pro
2350 2814 2414 2853 eo
2447 2799 2527 2853 vel
2553 2801 2727 2866 impiis
2744 2799 2860 2869 cjus
2885 2801 3228 2870 conscriptis,
3253 2809 3308 2856 et
3335 2815 3431 2856 eos

1855 2889 1943 2961 qui
1971 2890 2162 2944 sim‘lia
2193 2891 2266 2945 illi
2298 2893 2513 2959 sapiunt
2542 2893 2624 2946 vel
2655 2893 2938 2960 aliquando
2967 2903 3289 2962 sapuerunt,
3319 2895 3441 2949 talis

1855 2983 2136 3036 anathema
2164 2984 2255 3038 sit.
2275 2984 2325 3037 Si
2353 2985 2472 3052 quis
2497 2984 2738 3039 defendit
2764 2985 2923 3054 impia
2939 2985 3260 3040 Theodoreti
3288 2986 3433 3040 scri-

1857 3081 1965 3141 pta,
1992 3072 2086 3126 sed
2113 3085 2216 3126 non
2239 3074 2656 3128 anatltetnatizat
2685 3089 2770 3140 ea,
2794 3084 2849 3129 et
2873 3089 2968 3130 eos
2993 3074 3083 3145 qui
3115 3074 3305 3130 similia
3323 3075 3442 3147 ejus

158 3183 284 3240 po~t
323 3173 421 3224 alia
468 3173 546 3226 sic
574 3188 631 3227 se
663 3172 898 3227 habent:
947 3193 966 3225 ι
1002 3174 1240 3231 Ecclesia
1271 3185 1445 3231 autem
1474 3179 1551 3233 sic
1584 3178 1748 3234 dicit:

1858 3173 2151 3232 sapuerunt
2182 3165 2263 3219 vel
2288 3165 2519 3233 sapiunt,
2550 3167 2669 3221 talis
2691 3170 2976 3222 anathema
3006 3169 3096 3224 sit.
3118 3169 3172 3226 Si
3202 3171 3320 3239 quis
3348 3169 3442 3225 de-

158 3263 289 3316 Du;e
323 3275 545 3327 naturae,
576 3279 676 3316 una
709 3265 898 3330 virtus,
929 3281 1030 3319 una
1065 3282 1313 3334 persona,
1341 3269 1477 3337 quod
1504 3279 1584 3322 est
1614 3285 1750 3324 unus

154 3353 331 3408 Filius
359 3355 614 3408 Domitius
640 3365 825 3410 noster
862 3355 1021 3411 Jesus
1053 3355 1314 3413 Christus.
1348 3377 1365 3410 ι
1411 3361 1750 3429 Quapropter

151 3449 200 3501 si
243 3449 360 3502 haec
394 3449 621 3500 duarum
653 3459 958 3502 naturarum
1003 3451 1210 3504 Domini
1246 3452 1412 3506 nostri
1445 3451 1568 3506 Jesu
1595 3452 1749 3507 Chri-

150 3538 226 3592 sti
264 3539 314 3590 in
363 3539 570 3592 unitate
603 3555 843 3606 persona:
873 3539 1182 3605 confessio,
1239 3552 1294 3595 ut
1344 3541 1429 3595 isti
1476 3542 1745 3613 dixerunt,

149 3625 319 3696 impia
352 3640 432 3682 est
462 3638 514 3682 et
543 3628 659 3684 sine
693 3630 820 3692 Deo,
886 3631 1066 3683 dicant
1118 3631 1215 3700 ipsi
1248 3633 1454 3685 noviter
1500 3634 1622 3702 quid
1678 3636 1746 3687 sit

149 3721 309 3787 piunt
347 3733 615 3788 rectisque
638 3720 1061 3775 Christianorum
1090 3721 1210 3775 fidei
1239 3724 1584 3777 conveniens.
1621 3725 1747 3778 Pro-

148 3813 300 3866 fecto
333 3828 483 3880 ego,
535 3813 674 3866 sicut
708 3814 899 3866 veritas
927 3829 1019 3867 eos
1047 3831 1111 3868 ex
1154 3815 1406 3883 Operihus
1437 3825 1490 3869 et
1533 3817 1746 3886 St'l‘iplis

150 3922 347 3958 eorum
381 3906 706 3976 redargucns
736 3904 888 3959 fateri
919 3906 1080 3974 cosit,
1125 3918 1214 3960 aut
1264 3923 1421 3961 unnu
1450 3909 1500 3961 in
1533 3909 1746 3964 Christo

149 4004 441 4059 naturam,
495 3996 634 4052 sicut
687 3997 998 4067 Entychiani
1049 3998 1130 4051 vel
1180 4000 1470 4068 Acephali,
1518 4016 1741 4070 quorum

147 4087 296 4138 votis
319 4097 620 4151 cesserunt,
665 4097 716 4140 et
763 4089 828 4141 ab
856 4086 1100 4141 Ecclesia
1135 4099 1494 4154 recesserunt,
1538 4091 1742 4158 dicunt,

146 4187 247 4231 aut
274 4181 474 4232 nullam
502 4195 516 4234 :
553 4178 694 4249 quod
722 4195 881 4247 quam
912 4185 980 4234 sit
1006 4180 1228 4252 impium
1260 4191 1314 4238 et
1341 4184 1741 4253 blasphemum,

145 4280 316 4338 atque
338 4285 366 4323 a
391 4292 401 4319 ι
422 4271 650 4324 atholica
677 4273 901 4326 veritate
923 4273 1182 4337 alienum,
1236 4275 1475 4345 quisquis
1502 4291 1633 4330 sana
1663 4290 1744 4334 est

147 4365 412 4432 praeditus
495 4374 674 4419 mente
750 4366 953 4434 alisque
1027 4368 1362 4422 dubitatione
1433 4383 1739 4438 cegnoscet.

142 4457 307 4510 hunc
335 4455 531 4512 deinde
563 4459 690 4511 illud
726 4459 1132 4525 pertractemus,
1167 4460 1308 4528 quod
1337 4459 1517 4514 dicunt
1538 4464 1736 4529 verhis,

1856 3256 2024 3310 feudit
2061 3257 2276 3325 impiam
2306 3256 2591 3326 epistolam
2625 3273 2693 3328 qu
2713 3275 2782 3310 tm
2800 3259 2995 3314 dicitur
3023 3259 3140 3314 ibas
3166 3261 3232 3314 ad
3256 3261 3441 3317 Marini

1857 3347 2077 3404 Persam
2113 3351 2424 3405 hmreticum
2452 3350 2759 3420 scripsisse,
2779 3352 2871 3405 sed
2896 3367 2998 3406 non
3026 3352 3441 3411 anathcuiatizat

1854 3456 1970 3494 eam
1994 3449 2048 3496 et
2074 3440 2383 3497 defensores
2405 3441 2542 3510 ejus,
2569 3454 2618 3497 et
2645 3457 2741 3496 eos
2771 3444 2859 3512 qui
2883 3443 3067 3497 dicunt
3088 3459 3206 3498 eam
3234 3453 3436 3499 rectam

1853 3551 1992 3599 esse,
2021 3536 2103 3590 vel
2136 3547 2341 3606 partem
2371 3536 2508 3604 ejus,
2536 3546 2588 3591 et
2617 3550 2709 3590 eos
2738 3537 2826 3604 qui
2852 3539 3204 3605 scripserunt,
3238 3537 3320 3592 vel
3345 3540 3437 3607 qui

1851 3626 2091 3680 scribunt
2117 3641 2213 3695 pro
2243 3639 2328 3689 ea,
2361 3630 2440 3680 vel
2467 3641 2563 3694 pro
2592 3627 2863 3696 impietate
2895 3643 3012 3698 qua:
3036 3627 3087 3680 in
3115 3642 3175 3682 ea
3200 3629 3440 3684 contine.

1854 3727 1956 3780 tur,
1974 3727 2024 3771 et
2044 3731 2370 3786 praesumunt
2392 3733 2509 3772 eam
2526 3717 2834 3782 defendere,
2856 3719 2976 3773 talis
2996 3721 3276 3774 anathema
3299 3720 3389 3775 sit.
3413 3737 3435 3774 ι

1851 3810 1961 3878 Qua
2010 3810 2315 3879 hlasphema
2372 3812 2634 3865 sententia
2678 3821 2730 3866 et
2783 3812 2903 3866 illos
2940 3821 3180 3868 mortuos
3220 3829 3354 3882 quos
3382 3813 3436 3869 in

1850 3917 2077 3972 cerpore
2106 3905 2423 3958 constitutus
2453 3919 2610 3958 nemo
2639 3905 2934 3973 damnavit,
2996 3921 3095 3962 nec
3127 3906 3434 3962 hcereticam

1851 4010 2035 4050 erum
2069 3995 2364 4051 doctrinam
2395 3997 2673 4066 quisquam
2699 3996 2990 4068 judcavit,
3023 3997 3130 4052 imo
3156 4013 3302 4065 vero,
3334 3999 3438 4054 sic-

1853 4097 1910 4142 ut
1951 4088 2364 4144 (BVitieftliSSilllis
2395 4091 2482 4143 dot
2501 4089 2728 4144 umentis
2773 4091 2981 4158 probari
3029 4102 3222 4159 poteSI,
3253 4091 3436 4146 ortho-

1850 4181 2041 4235 doxazn
2074 4181 2329 4253 synodica
2363 4183 2576 4237 l‘atrum
2612 4183 2970 4252 pronuntiavit
2996 4185 3290 4239 auctoritas
3320 4227 3336 4252 ,
3378 4195 3434 4240 et

1848 4276 2038 4331 (livota
2071 4277 2329 4332 hactenus
2356 4277 2690 4331 comervavit
2714 4289 3104 4347 conservatque
3129 4278 3434 4345 posteritas,

1847 4377 1901 4422 (ιι
1929 4369 2071 4438 ipsos
2099 4367 2282 4423 Patres
2310 4371 2394 4440 qui
2428 4386 2520 4424 eos
2549 4370 2796 4439 dictaque
2829 4384 3017 4426 eorum
3055 4367 3429 4432 laudavcrunt,

1850 4471 1903 4514 et
1939 4474 2035 4514 nos
2063 4462 2301 4515 viventes
2335 4461 2442 4526 pari
2468 4476 2588 4514 eum
2618 4461 2695 4514 eis
2726 4459 3066 4515 anathemate
3095 4467 3356 4528 quantum
3381 4459 3433 4515 in

142 4563 263 4602 uno
295 4562 355 4602 se
388 4549 632 4619 symbolo
658 4549 930 4618 baptizare
954 4595 968 4617 ,
1001 4559 1177 4603 utrum
1207 4551 1366 4606 rebus
1389 4561 1440 4606 et
1463 4551 1740 4608 effectibus
1770 4544 1817 4604 D
1847 4552 1974 4622 ipsis
1999 4561 2104 4616 est,
2157 4551 2515 4608 involverunt.
2571 4551 2672 4607 Ubi
2699 4561 2781 4607 est
2807 4567 2936 4623 ergo
2957 4549 3095 4620 quod
3143 4549 3433 4608 Christiani

137 4654 348 4693 verum
380 4641 459 4696 eis
515 4655 633 4694 esse
681 4651 910 4695 constet.
967 4641 1119 4706 Quod
1179 4651 1236 4696 ut
1275 4642 1474 4711 liquido
1519 4647 1741 4711 clarcat,

137 4728 324 4797 ipsius
353 4726 582 4799 sy-nboli
618 4728 859 4798 primitus
892 4730 1278 4784 consideranda
1315 4739 1395 4785 est
1421 4741 1583 4801 atque.
1615 4750 1744 4803 pen-

131 4821 319 4875 sanda
375 4821 455 4874 vis
517 4820 934 4889 Ill:I-,;ttitudt)t|ue
987 4819 1269 4885 veritatls;
1331 4827 1584 4891 quoniam
1640 4824 1740 4876 nisi

133 4909 498 4982 processerit
528 4925 620 4978 per
641 4911 784 4980 qutid
816 4911 1072 4976 creditur,
1103 4912 1269 4966 virtus
1294 4928 1595 4982 munusque
1620 4929 1740 4968 crc-

123 5003 414 5067 duiitatcs,
445 5001 582 5068 quod
611 5003 972 5071 subsequitur,
1021 5016 1354 5072 nequaquam
1403 5006 1738 5071 conceditur,

121 5099 200 5150 Sit
228 5106 283 5148 ut
314 5097 574 5164 scriptum
600 5105 717 5148 est:
759 5093 878 5148 Nisi
903 5097 1244 5164 credideritis,
1297 5114 1396 5152 non
1445 5097 1740 5169 inte.‘ligetis

119 5189 284 5253 (lsa.
325 5203 416 5249 vn,
449 5189 502 5252 9,
532 5189 686 5257 juxra
710 5186 904 5256 LXX).
937 5189 1252 5260 Symbolum
1287 5190 1484 5260 itaque,
1518 5191 1738 5246 collatio

117 5281 259 5334 site
292 5287 505 5345 pactum
535 5278 677 5347 quod
703 5280 760 5332 lit
792 5279 993 5332 homini
1017 5296 1135 5335 cum
1171 5279 1305 5345 Deo,
1353 5291 1534 5350 patres
1566 5283 1736 5338 nostri

112 5370 400 5427 cttltolici
429 5371 674 5425 doctores
709 5371 928 5440 interpn
952 5373 1048 5426 tari
1101 5372 1418 5428 docuerunt.
1472 5374 1735 5442 Quoniam

111 5481 273 5536 ergo
311 5474 520 5533 pactum
543 5483 665 5521 cum
699 5467 808 5522 Deo
834 5466 1080 5533 fecimus,
1119 5480 1173 5522 et
1202 5469 1279 5523 sic
1315 5468 1365 5521 in
1398 5485 1502 5522 uno
1533 5481 1735 5526 sanctze

109 5556 426 5615 Trinitatis
451 5559 663 5613 nomine
689 5556 935 5628 baptizati
956 5575 1162 5625 smnus,
1200 5560 1242 5614 si
1270 5560 1386 5629 quis
1431 5577 1597 5616 unum
1627 5561 1735 5616 iota

104 5651 218 5706 vel
255 5664 422 5702 unum
444 5649 648 5718 apicem
680 5665 742 5704 ex
778 5662 931 5719 pacto
953 5650 1094 5722 quod
1119 5665 1239 5706 cum
1269 5651 1376 5706 Deo
1401 5651 1738 5711 iniitdissol-

106 5740 301 5806 Vctit,
332 5740 450 5796 sine
479 5741 642 5796 dubio
667 5741 824 5799 fidem
861 5759 962 5812 qua
1005 5743 1113 5800 Deo
1166 5743 1432 5814 Credidit,
1469 5763 1518 5808 ct
1557 5751 1732 5820 ipsum

1851 4642 2018 4696 videri
2043 4643 2244 4707 volunt,
2277 4651 2367 4694 aut
2392 4641 2516 4706 dici,
2546 4640 2878 4712 symboliquc
2901 4655 2959 4696 se
2979 4639 3251 4696 custodire.
3273 4639 3342 4696 (id
3354 4657 3439 4696 cm

1854 4733 1995 4787 inani
2029 4732 2366 4802 multiloquio
2408 4731 2679 4801 jactitant,
2733 4730 3098 4814 quijudicium
3140 4731 3242 4786 sibi
3291 4731 3442 4801 quod

1851 4824 1952 4878 soli
1979 4822 2110 4878 Filio
2135 4824 2290 4878 Pater
2336 4824 2500 4886 dedit,
2557 4823 2786 4892 superba
2813 4822 2945 4878 satis
2969 4822 3299 4892 nimiumque
3324 4820 3423 4878 do-

1852 4916 2004 4970 lenda
2035 4917 2346 4971 temeritatis
2371 4915 2589 4971 audacia
2624 4926 3040 4986 usurpaverun',
3062 4932 3183 4972 cum
3212 4930 3309 4986 per
3336 4915 3434 4972 ltu-

1845 5008 2078 5079 jusmoli
2141 5009 2606 5077 prmsuntpliottum
2646 5010 2806 5063 etiam
2868 5008 3067 5064 diaboli
3124 5010 3433 5080 supergredi

1849 5105 2139 5172 probentur
2193 5101 2506 5156 insaniam?
2578 5101 2853 5170 Siquidem
2899 5103 2990 5158 ille
3045 5104 3434 5173 Stlpcl‘biSsiluo

1848 5193 2027 5248 cordis
2081 5193 2315 5263 appetitu
2376 5193 2554 5246 dixit:
2614 5192 2717 5248 Ero
2761 5194 2942 5272 sintflis
2973 5195 3240 5250 A'titsimo
3297 5193 3432 5266 (lsa,

1849 5299 1956 5348 nv,
2009 5281 2134 5353 Η).
2183 5281 2245 5336 lii
2295 5293 2473 5340 autem
2523 5285 2898 5354 praeveniendo
2935 5285 3193 5354 judicium
3220 5287 3339 5352 Dei,
3379 5296 3432 5344 et

1847 5391 2007 5443 opere
2031 5373 2304 5428 mortifero
2321 5374 2714 5430 damnmionem
2739 5388 3070 5431 mortuorum
3088 5375 3433 5446 vivorumque

1844 5483 1946 5519 non
1977 5468 2076 5520 sibi
2100 5467 2549 5522 consentientium
2577 5468 2953 5538 perpetrando,
2988 5482 3093 5521 non
3122 5467 3232 5536 jam
3254 5481 3432 5534 atquae

1843 5557 1921 5610 les
1947 5566 2038 5610 aut
2059 5557 2279 5623 similes,
2315 5557 2454 5614 sicut
2483 5558 2571 5612 ille
2599 5559 2772 5612 adhuc
2801 5558 2866 5611 de
2893 5557 3072 5610 futuro
3100 5557 3261 5619 divit,
3303 5553 3430 5621 Ero,

1843 5650 1936 5704 sed
1982 5650 2289 5720 superiores
2313 5667 2434 5709 esse
2493 5665 2590 5704 suo
2615 5649 2838 5704 Domino
2865 5657 3122 5718 quantum
3153 5649 3218 5704 ad
3249 5662 3434 5703 eorum

1841 5743 2030 5801 attinet
2060 5739 2442 5813 intentionem,
2494 5741 2907 5798 constituerunt.
2969 5739 3034 5796 Et
3084 5757 3190 5798 non
3234 5739 3430 5798 (παιω-
