3978 6350
467 334 562 392 871
1565 330 1867 389 FACUNDI
1901 330 2112 386 El‘lSC.
2154 326 2651 385 HERMIANENSIS
3651 321 3765 376 επ

471 459 627 509 scunt
657 449 841 505 miseri
869 462 962 501 ore
991 443 1250 513 sacrilego
1298 452 1453 513 atque
1482 444 1777 514 impudenti
1810 447 2049 515 procaci—
2081 450 2129 508 Α
2158 446 2321 499 Deum
2400 442 2663 511 superbia:
2728 438 2917 493 cristas
2975 444 3301 506 erexerunt”
3389 434 3763 504 praripieudo

472 550 580 597 tate
601 542 776 595 dicere
825 554 882 592 se
909 551 1065 590 unam
1096 550 1215 588 cum
1238 535 1612 588 damnantibus
1637 537 1793 590 tidem
1824 539 2042 589 tenere!
2153 540 2408 608 judicium
2432 540 2570 604 ejus,
2624 549 2926 601 novumque
2947 547 3185 587 errorem
3218 548 3313 600 per
3344 533 3760 586 damnationem

475 637 635 702 Quasi
678 649 805 687 vero
848 645 953 683 non
1000 637 1054 683 et
1102 628 1376 682 darmones
1420 626 1641 681 credant
1680 638 1732 680 et
1771 630 2054 682 eontrcmi-
2158 632 2405 683 vivorum
2444 644 2505 683 ac
2542 639 2872 681 mortuorum
2911 625 3221 688 condendo,
3275 635 3330 678 et
3368 634 3619 679 veterem
3674 641 3762 678 re-

477 737 663 790 scant,
712 724 805 778 Scd
855 722 1220 791 Operatiuncm
1274 736 1377 775 non
1430 719 1787 785 tiisixerroris,
1818 734 1975 789 quam
2005 731 2059 771 et
2161 722 2482 785 staurando,
2530 735 2651 774 cum
2696 727 2748 771 ct
2782 716 3173 784 Acephalorum
3223 714 3467 770 fautores
3526 729 3757 768 consur-

480 824 593 877 tsue
621 819 833 873 novitiu
867 826 1045 885 pestes
1067 824 1342 880 exercent,
1394 815 1594 868 habere
1619 823 1909 867 noscuntur
1957 812 2057 881 ipsi
2162 826 2344 884 tesque
2366 814 2541 868 eﬂ'ecti
2572 820 2715 872 sunt,
2745 819 2801 866 et
2829 810 3042 863 caneris
3099 808 3374 863 haereticis
3403 807 3640 861 dextras
3666 808 3761 860 de.

480 924 727 971 errantes
759 920 813 965 et
858 912 991 964 alios
1022 910 1072 963 in
1120 924 1360 963 errorem
1403 908 1697 962 mittentes.
1729 905 1911 974 Neque
1939 916 2059 957 tan-
2160 908 2376 969 derunt,
2398 906 2622 959 utliccat
2643 904 2723 957 eis
2743 902 2954 971 quoties
2982 900 3197 955 libuerit
3218 899 3562 969 etquomodo
3588 899 3763 951 libue—

483 1004 754 1059 tummodo
784 1001 961 1055 verbis
983 999 1326 1055 mendacibus
1354 999 1405 1051 ln
1436 1013 1672 1052 errorem
1703 997 2059 1058 traducentes,
2164 1001 2237 1053 rit
2279 996 2702 1052 οηιιοάοιοτυω
2745 992 3054 1062 pontiﬁcum
3084 991 3305 1046 decreta
3332 987 3651 1045 rescindere
3684 991 3767 1042 u-t

484 1098 575 1153 sed
606 1094 855 1151 violentis
878 1096 1096 1160 insuper
1128 1090 1586 1159 persecutionibns
1619 1087 1683 1140 ad
1708 1088 2060 1140 consentien-
2164 1089 2437 1141 damnare.
2477 1087 2659 1155 Neque
2686 1085 2849 1143 enim,
2880 1092 2938 1135 ut
2961 1083 3269 1151 ignorantes
3295 1079 3517 1149 quidam
3551 1080 3765 1136 dicunt.

486 1192 609 1243 dum
640 1189 742 1241 sibi
775 1187 856 1240 vel
882 1183 1384 1239 communicandum
1410 1195 1543 1250 quos
1572 1179 1843 1249 potuerint
1869 1186 2067 1244 pertra-

490 1280 666 1334 hendo
715 1286 989 1345 cogentes.
1061 1276 1124 1327 Et
1155 1289 1256 1327 non
1291 1273 1571 1327 intendunt
1601 1270 1841 1323 infelices
1888 1281 2067 1336 neque

492 1372 937 1433 animadvertunt,
969 1368 1108 1435 quod
1142 1382 1245 1420 non
1268 1381 1362 1419 eos
1384 1365 1557 1433 juvct,
1583 1364 1689 1416 imo
1720 1372 1776 1416 et
1794 1361 1923 1415 satis
1945 1375 2065 1428 gra-

493 1473 599 1526 vet,
618 1462 773 1514 dictis
803 1459 1037 1527 polliceri
1062 1472 1217 1511 nosse
1243 1457 1430 1517 Deum,
1463 1454 1615 1508 iactis
1635 1460 1810 1504 aulum
1837 1452 2070 1519 negare?

494 1554 748 1621 Quoniam
783 1566 969 1605 revera
1021 1552 1065 1603 si
1103 1550 1365 1604 veraciter
1399 1546 1656 1608 confessi,
1704 1545 1817 1599 sive
1842 1543 1929 1597 alii
1973 1556 2072 1612 pro

497 1647 577 1702 eis
604 1661 724 1699 cum
753 1644 1151 1711 baptizarentur
1195 1639 1417 1709 professi
1469 1645 1593 1691 sunt
1657 1634 1879 1690 credere
1926 1648 1984 1686 se
2020 1633 2071 1687 in

501 1738 664 1791 Deum
692 1736 898 1788 Patrem
928 1734 1373 1799 omnipotentem,
1424 1738 1477 1783 ct
1504 1731 1554 1781 in
1586 1726 1767 1782 Jesum
1800 1723 2071 1778 Christum

2169 1183 2327 1234 trium
2356 1179 2724 1248 Capitulorum
2751 1177 2953 1245 geritur
2976 1188 3165 1237 causa,
3183 1172 3277 1227 sed
3305 1172 3547 1226 omnium
3586 1174 3767 1238 ponti-

2170 1271 2350 1335 ﬁcum,
2380 1270 2495 1338 qui,
2537 1270 2604 1322 ab
2630 1266 2888 1335 apostolis
2926 1264 3408 1334 apostolorumque
3424 1264 3768 1316 successori-

2170 1363 2269 1417 bus
2300 1377 2470 1431 usque
2492 1360 2557 1414 ad
2596 1359 2861 1431 synodum
2897 1355 3417 1419 Chalcedonensem,
3469 1354 3523 1407 iu
3552 1368 3661 1422 qua
3682 1369 3772 1408 ea-

2172 1454 2295 1507 dem
2324 1452 2563 1522 Capitula
2608 1450 2904 1504 orthodoxa
2939 1455 3064 1503 sunt
3104 1447 3363 1517 judicata,
3392 1460 3455 1499 ac
3504 1444 3768 1511 deinceps

2177 1546 2243 1599 ad
2269 1555 2450 1600 nostra
2474 1558 2641 1613 usque
2667 1553 2905 1613 tempora
2927 1541 2978 1595 in
3005 1556 3107 1594 una
3131 1539 3430 1606 eademque
3450 1537 3775 1593 defensiooe

2179 1646 2339 1705 atque
2364 1634 2741 1689 communione
2764 1632 3139 1702 perdurantes,
3162 1630 3411 1684 catholici
3438 1645 3509 1683 ex
3540 1629 3645 1684 hac
3669 1630 3775 1681 vita

2182 1727 2532 1796 emigraruut,
2567 1732 2874 1793 perpetrata
2901 1725 3116 1778 doletur
3145 1722 3440 1776 damnatio.
3478 1721 3640 1788 Quod
3671 1723 3781 1775 cvi-

503 1828 691 1882 Filium
729 1826 863 1894 ejus,
912 1826 1039 1878 etin
1088 1822 1345 1891 Spiritum
1371 1829 1638 1881 sanctum,
1677 1815 1817 1885 quod
1850 1813 2078 1883 symboli
2113 1805 2158 1863 Β
2186 1818 2518 1873 deutissiiuis
2547 1816 2881 1869 documentis
2910 1826 2962 1868 et
2986 1812 3234 1869 veridicis
3265 1811 3568 1866 rationibus
3599 1822 3781 1880 pater-

504 1928 648 1973 tenet
672 1916 994 1978 auctoritas,
1018 1914 1277 1966 verat-itur
1294 1926 1507 1981 quoque
1533 1908 1752 1963 credere
1782 1906 2082 1960 debuerunt

506 2018 558 2062 et
584 2007 847 2076 patienter
869 2013 1183 2071 exspectare
1212 2002 1461 2056 eumdem
1489 2000 1675 2053 Filium
1708 1997 1797 2049 Dei
1824 2004 1879 2048 et
1911 1995 2083 2047 homi-

508 2100 588 2151 nis
640 2097 823 2158 Jesum
876 2094 1145 2146 Ciristum
1207 2091 1490 2144 Dominum
1540 2097 1782 2141 nostrum
1841 2094 2085 2153 tempore

508 2185 769 2255 prmlinito
793 2193 1077 2237 venturum
1109 2182 1173 2235 de
1196 2181 1346 2235 malis
1376 2180 1442 2234 ad
1473 2178 1816 2247 judicandum
1849 2177 1998 2229 vivos
2033 2184 2089 2230 cl.

510 2287 747 2330 mortuus
776 2294 789 2341 ;
826 2285 879 2329 et
902 2291 1005 2328 neu
1039 2275 1138 2342 ipsi
1162 2287 1302 2327 nunc
1330 2273 1489 2340 impia
1518 2271 1865 2325 vehementer
1894 2270 2083 2323 atrociv

511 2378 637 2431 tate,
668 2376 723 2422 et
744 2368 981 2421 viventes
1005 2380 1122 2431 nos,
1154 2374 1207 2418 et
1229 2374 1469 2419 mortuos
1494 2363 1619 2418 olim
1644 2362 1939 2417 catholicos
1963 2376 2093 2431 peu-

513 2461 681 2514 titires
703 2474 807 2513 non
835 2459 1007 2512 solum
1031 2456 1292 2526 judicare,
1324 2471 1513 2510 verum
1535 2455 1694 2509 etiam
1721 2454 1875 2524 quasi
1906 2468 2094 2522 perpe-

514 2558 619 2602 tuze
666 2549 947 2604 sententi;e
992 2550 1333 2602 anathemate
1363 2546 1745 2601 condemnare.
1798 2546 1905 2601 Sed
1939 2545 2097 2599 forsi—

517 2651 602 2691 tan
654 2653 749 2707 pro
771 2654 862 2691 sua
891 2638 1174 2692 sanctitate
1201 2646 1257 2691 et
1298 2636 1620 2690 mirabilium
1668 2650 1890 2705 cperam
1915 2636 2098 2689 enica-

518 2731 623 2792 cia,
659 2740 713 2781 ut
744 2739 863 2797 pete
887 2727 1101 2798 judices
1127 2728 1367 2783 vivorum
1390 2737 1444 2782 ct
1468 2735 1823 2789 mortuorum,
1846 2742 1875 2779 a
1904 2734 2101 2781 semet-

521 2820 668 2889 ipsis,
697 2820 823 2889 quin
856 2820 963 2875 imo
1002 2835 1033 2874 a
1062 2829 1214 2889 patre
1243 2834 1341 2873 suo
1390 2817 1605 2873 diabolo
1651 2818 1947 2881 constituti,
2002 2816 2102 2870 hos

522 2913 666 2981 ipsus
692 2920 930 2965 mortuos
958 2926 1095 2981 quos
1124 2910 1512 2965 damnaverunt
1543 2911 1894 2965 resuscita‘sc
1935 2923 1994 2962 se
2022 2907 2105 2961 di—

526 3012 677 3067 cunt,
713 3012 768 3057 et
789 3003 867 3056 sic
914 3002 1095 3056 audita
1124 3016 1311 3058 eorum
1336 3017 1517 3065 causa,
1572 3002 1713 3055 sicut
1741 3001 2000 3054 Dominus
2051 2998 2104 3052 in

526 3094 814 3163 Evangelia
836 3093 996 3148 dicit:
1018 3092 1128 3165 Ego
1160 3095 1286 3147 sicut
1311 3093 1465 3147 audio
1480 3092 1666 3165 judico
1694 3090 1871 3163 (Joan.
1900 3107 1953 3156 ν,
1986 3091 2103 3159 50).

2188 1923 2371 1963 narum
2397 1907 2739 1959 tiailitionum
2783 1905 2867 1959 hic
2899 1905 3058 1959 latius
3087 1903 3373 1960 ostendere
3402 1917 3716 1972 pcssemus,
3742 1904 3784 1955 si

2187 1999 2441 2068 castigata
2469 1998 2669 2052 sineret
2693 1995 2948 2051 brevitas.
2977 1994 3181 2061 Quibus
3212 1995 3500 2064 dil‘genter
3531 1992 3787 2047 cumide-

2190 2091 2318 2145 ratis
2364 2099 2522 2158 atque
2570 2089 2799 2153 libratis,
2838 2087 3041 2157 judicet
3085 2086 3323 2156 quisquis
3368 2085 3645 2155 judicium
3696 2085 3786 2138 Dei

2193 2184 2403 2250 metuit,
2443 2181 2681 2251 quisquis
2734 2181 2825 2234 Dei
2876 2180 3071 2233 Filium
3101 2190 3337 2247 tempore
3367 2187 3686 2247 opportuno
3739 2179 3788 2229 in

2195 2274 2368 2329 forma
2396 2271 2538 2327 servi
2569 2285 2728 2341 quam
2754 2286 2849 2340 pro
2878 2270 3035 2324 nobis
3063 2269 3299 2339 suscepit
3350 2277 3649 2321 venturum
3674 2282 3789 2320 cre-

2196 2366 2273 2419 dit
2294 2375 2346 2420 et
2367 2364 2655 2417 conﬁtetur
2672 2362 2905 2431 judicem
2934 2361 3299 2426 manifestum,
3322 2374 3485 2428 quem
3515 2358 3790 2413 credendo

2195 2455 2383 2510 didicit
2425 2454 2478 2508 in
2511 2452 2839 2523 plenitudine
2871 2452 3127 2519 temporis
3155 2451 3369 2504 venisse
3398 2450 3699 2509 occultum,
3747 2448 3789 2499 si

2202 2545 2254 2598 hi
2280 2545 2411 2598 tales
2434 2544 2520 2611 qui
2544 2543 2888 2612 superbiores
2911 2550 2965 2596 et
2993 2540 3410 2595 excellentiores
3436 2540 3664 2592 audacia
3682 2540 3791 2592 dia-

2203 2637 2349 2700 bolo,
2386 2637 2718 2691 Antichristo
2748 2650 2960 2705 quoque
2988 2634 3227 2690 existu‘nt
3271 2634 3607 2699 deteriores,
3640 2632 3793 2687 Chri-

2202 2727 2377 2782 stiano
2401 2727 2591 2781 saltem
2620 2727 2835 2781 nomine
2878 2726 3154 2791 censendi,
3187 2736 3241 2780 et
3273 2740 3377 2778 nun
3419 2726 3606 2796 potius
3639 2726 3790 2780 Anti-

2204 2816 2389 2875 christi
2434 2819 2661 2874 ministri
2711 2818 3036 2889 appellandi,
3069 2817 3349 2887 nodisque
3394 2818 3652 2871 omnibus
3690 2817 3796 2872 sint

2207 2911 2459 2981 fugiendi.
2494 2913 2622 2979 Qua:
2650 2926 2769 2965 cum
2804 2912 2875 2964 ita
2897 2912 3024 2975 sint,
3058 2910 3329 2980 quomodo
3352 2910 3466 2979 jam
3495 2910 3582 2965 eis
3607 2912 3797 2978 poterit

2208 3016 2455 3075 constare
2485 3006 2625 3076 quod
2650 3005 2870 3060 credere
2914 3020 2975 3060 se
3000 3004 3184 3059 dicunt
3226 3006 3276 3057 in
3308 3004 3477 3058 Deum
3504 3004 3722 3059 Patrem
3750 3015 3801 3057 ct

2211 3096 2263 3149 in
2293 3094 2485 3150 Filium
2517 3096 2655 3163 ejus,
2685 3096 2822 3163 quod
2856 3096 3109 3164 pra'ccdit
3141 3097 3192 3149 in
3231 3095 3502 3163 symbolo,
3536 3110 3666 3150 cum
3700 3111 3799 3150 non

528 3183 707 3254 judicii
750 3185 1067 3239 sententiam
1098 3184 1350 3237 adversus
1380 3197 1474 3237 eos
1505 3186 1863 3250 protulerunt.
1895 3181 2099 3247 Quarri-
2135 3172 2179 3233 C
2211 3188 2293 3241 eis
2320 3194 2530 3240 constet
2560 3186 2702 3255 quod
2737 3186 2845 3239 illic
2891 3186 3236 3255 subcquitur
3268 3186 3335 3240 de
3363 3200 3471 3239 uno
3499 3187 3799 3255 eodemque

530 3289 647 3328 mus
667 3290 794 3344 ergo
817 3275 882 3327 ab
910 3274 989 3328 eis
1014 3273 1226 3343 quando
1249 3273 1516 3328 redivivos
1541 3287 1727 3327 eorum
1759 3271 1972 3325 cineres
2000 3270 2111 3324 col-

530 3366 774 3435 legerint,
815 3381 1012 3437 eosque
1049 3366 1505 3433 resuscitaveriut,
1533 3374 1627 3420 aut
1657 3365 1747 3419 ubi
1776 3363 1844 3417 ad
1861 3363 2111 3433 judican-

530 3457 655 3511 dum
679 3458 938 3512 sederint.
992 3457 1195 3525 Nempe
1242 3458 1293 3511 in
1326 3457 1461 3511 valle
1502 3456 1761 3525 .losaphat
1780 3454 2114 3523 iudicaturus

531 3559 613 3603 est
644 3548 899 3602 Dominus
919 3564 1107 3605 omnes
1130 3556 1337 3619 gentes,
1371 3547 1614 3618 quamvis
1641 3555 1695 3601 et
1723 3547 1886 3599 alium
1920 3544 2116 3599 haheat

532 3641 882 3696 intellectum.
909 3641 1153 3712 Nunquid
1187 3650 1363 3695 tamen
1397 3640 1547 3693 vallis
1570 3639 1829 3707 Josaphat
1850 3638 2114 3692 Constan-

533 3732 804 3799 tin0p01is,
862 3732 950 3787 ubi
1002 3735 1103 3789 hoc
1156 3732 1465 3788 inchoatum
1525 3730 1919 3802 sacrilegium?
1967 3730 2115 3784 Nun-

534 3821 661 3891 quid
690 3822 840 3877 vallis
868 3822 1124 3893 Josaphat
1162 3835 1370 3879 caetera:
1401 3826 1559 3878 url.es
1590 3834 1643 3877 ct
1671 3826 1938 3888 civitates,
1998 3836 2118 3890 quae

537 3910 824 3966 nefandum
886 3912 942 3967 in
991 3913 1334 3968 damnatione
1394 3913 1639 3966 vivorum
1687 3923 1743 3966 et
1784 3921 2117 3965 mortuorum

537 4004 798 4072 prolatum
828 4004 1201 4071 subscripsere
1245 4018 1634 4071 suscepereque
1673 4002 1948 4057 decretum
1977 4001 1998 4054 ?
2034 4002 2119 4054 Di-

535 4102 659 4146 cant
686 4094 846 4161 etiam
870 4101 924 4146 ct
944 4092 1223 4146 ostendant
1250 4094 1336 4147 ubi
1359 4094 1638 4147 damnatos
1669 4106 1795 4145 suos
1824 4094 2120 4147 constitue-

539 4191 683 4247 runt,
708 4192 763 4236 ut
792 4197 823 4235 a
850 4184 995 4236 nullo
1015 4198 1119 4237 non
1146 4183 1455 4247 damnante,
1489 4182 1588 4236 nisi
1614 4192 1818 4237 tantum
1845 4198 1874 4237 a
1901 4183 2120 4237 damna-

542 4274 771 4340 toribus,
806 4274 1004 4327 sciatur
1030 4290 1097 4327 an
1123 4276 1253 4342 ipsis
1274 4275 1404 4327 solis
1431 4275 1607 4328 aditus
1640 4283 1907 4329 reseratas
1936 4284 2017 4329 est
2044 4275 2119 4329 iu-

539 4365 771 4422 l'erorum
805 4366 987 4420 locus?
1023 4366 1209 4420 Dicant
1235 4366 1431 4421 deinde
1460 4368 1613 4421 nobis
1636 4368 1963 4434 visentibus,
1983 4382 2119 4437 quos

538 4473 658 4514 eum
712 4459 915 4527 pridem
975 4460 1204 4513 mortuis
1258 4459 1696 4527 damnaverunt,
1758 4461 1970 4529 quando
2023 4460 2121 4513 hos

2213 3278 2424 3333 Christo
2452 3278 2759 3347 specialiter
2796 3278 2939 3331 dictu
2965 3296 2993 3329 u
3018 3318 3033 3342 ,
3060 3278 3146 3347 qui
3177 3287 3417 3333 venturus
3466 3288 3541 3331 cst
3564 3280 3800 3348 judicare

2213 3371 2348 3422 vivos
2378 3378 2425 3421 et
2455 3376 2704 3421 mortuos.
2740 3369 2999 3435 Quoniam
3028 3368 3137 3434 isti,
3161 3371 3300 3422 sicut
3329 3371 3585 3437 superius
3606 3370 3800 3422 dictum

2215 3471 2599 3529 ostensumquc
2628 3469 2731 3525 est,
2757 3471 2809 3513 et
2842 3460 2892 3512 in
2925 3460 3149 3513 mortuis
3180 3460 3307 3513 olim
3338 3461 3470 3513 etin
3503 3462 3803 3515 viventibus

2217 3551 2371 3604 nobis
2400 3550 2758 3604 damnationis
2798 3564 2909 3603 sum
2945 3549 3121 3619 jacula
3170 3550 3540 3605 \‘ibraverunt.
3592 3551 3698 3606 Sed
3731 3552 3802 3603 his

2219 3640 2508 3710 praemissis
2537 3638 2679 3693 aliud
2730 3639 2906 3692 adhuc
2936 3639 3234 3693 videamus.
3267 3639 3322 3693 Si
3367 3643 3511 3693 enim
3569 3649 3803 3695 mortuos

2218 3748 2351 3802 quos
2378 3731 2765 3785 damnaverunt
2791 3744 2952 3800 prave
2982 3729 3233 3784 docuisse
3280 3739 3335 3784 et
3364 3728 3632 3786 hmretico
3655 3744 3802 3784 sensu

2221 3826 2383 3879 libros
2415 3822 2804 3893 conscripsisse
2853 3821 3055 3885 dicunt,
3086 3822 3379 3891 quierimus
3421 3824 3491 3876 ab
3526 3822 3610 3877 eis
3638 3832 3802 3877 utrum

2220 3929 2340 3967 cum
2373 3913 2612 3966 viverent
2661 3911 2915 3965 admoniti
2970 3912 3245 3980 siutjuxta
3288 3927 3498 3967 morem
3538 3913 3802 3967 catholica:

2222 4005 2576 4059 observantia:
2606 4018 2669 4058 ac
2700 4003 3021 4073 discip'inaz,
3058 4013 3113 4057 ut
3143 4018 3329 4058 sanum
3362 4015 3684 4075 rectumque
3721 4020 3801 4057 sa-

2222 4104 2431 4167 perent.
2466 4096 2808 4165 pertinaciter
2832 4097 3149 4164 restiterim,
3180 4097 3528 4165 convictique
3545 4098 3613 4151 de
3634 4112 3806 4151 αξη-ωε

2224 4202 2340 4251 suo,
2376 4188 2457 4241 vel
2491 4188 2543 4241 in
2582 4188 2758 4256 aliquo
2788 4187 3017 4241 concilio
3045 4187 3313 4255 accersiti,
3350 4196 3409 4241 ut
3440 4188 3609 4243 Arius
3649 4189 3699 4241 iu
3722 4188 3760 4241 Ν
3784 4216 3805 4226 -

2223 4292 2393 4342 cinno,
2427 4277 2764 4332 Macedonius
2796 4278 2846 4331 in
2877 4278 3499 4346 Constantinopolitano,
3532 4281 3807 4335 Nestorius

2226 4370 2274 4424 iu
2298 4370 2562 4437 Ephesin
2588 4370 2776 4438 primo,
2798 4370 3065 4440 Eutyclics
3085 4380 3245 4439 atque
3265 4370 3562 4426 Dioscorus
3582 4373 3631 4427 in
3654 4372 3808 4427 Chal-

2224 4460 2536 4528 ccdonensi,
2559 4460 2897 4515 condemnati
2922 4463 3112 4515 iuerint
3135 4476 3323 4517 necne.
3350 4464 3408 4517 Si
3439 4463 3641 4517 factum
3663 4464 3813 4519 dare-

541 4552 672 4604 mori
703 4550 943 4615 fecerint,
1000 4551 1348 4619 protinusque
1379 4550 1838 4617 resuscitaverint,
1903 4551 2039 4604 sicut
2067 4548 2118 4603 in
2150 4544 2201 4603 D
2228 4553 2353 4618 rint,
2385 4569 2505 4607 mox
2550 4552 2678 4607 ferri
2706 4552 2980 4623 synodalia
3028 4563 3173 4622 gesta
3205 4554 3646 4623 llagitaverimus,
3686 4556 3815 4609 sicut

541 4645 655 4710 illo,
710 4646 794 4700 vel
826 4654 950 4699 ante
981 4642 1112 4698 illud
1154 4643 1362 4698 Domini
1398 4644 1656 4713 judicium
1703 4659 1829 4714 erga
1858 4646 1954 4698 hos
1985 4658 2119 4711 quos

543 4736 595 4788 in
640 4750 800 4790 carne
848 4738 1091 4789 νὶνριιῑοε
1119 4734 1234 4804 ejus
1284 4735 1542 4790 adventus
1586 4736 1851 4790 invenerit
1882 4733 2119 4788 futurum

542 4824 808 4877 Catholica
851 4824 1137 4877 conﬁtetur
1173 4824 1437 4879 Ecclesia.
1516 4825 1668 4891 Quod
1699 4826 1741 4877 si
1777 4825 1890 4879 lucc
1920 4836 1973 4879 et
1994 4826 2119 4889 alia,

541 4931 659 4982 qua:
689 4926 928 4983 tempore
954 4918 1053 4971 soli
1090 4917 1199 4971 Deo
1227 4919 1441 4985 cognito
1473 4928 1694 4972 ventura
1716 4919 2008 4982 credimus,
2036 4918 2113 4972 l'a-

541 5022 665 5063 cere
688 5008 1056 5077 nequiverunt,
1098 5024 1219 5079 quae
1240 5010 1504 5064 dementia
1551 5010 1711 5064 corda
1743 5026 1929 5065 eorum
1976 5010 2125 5063 inva-

458 5124 475 5137 ι
544 5098 645 5165 sit,
691 5100 982 5167 oculosque
1028 5115 1215 5156 eorum
1270 5104 1475 5157 titinosa
1522 5116 1620 5155 sua
1676 5102 1925 5169 vanitas,
1980 5104 2126 5156 velut

543 5187 833 5243 densarum
854 5190 1303 5261 palpabiliumque
1328 5194 1667 5248 tenebrarum
1692 5209 1854 5263 opaca
1879 5210 2005 5259 nox,
2032 5194 2125 5248 oh-

542 5282 782 5346 cazcavit,
812 5290 870 5335 ut
898 5298 1001 5335 non
1031 5283 1275 5339 viderent
1299 5301 1396 5339 nec
1447 5298 1854 5354 perseveranter
1884 5296 2127 5342 tenerent

541 5372 681 5440 quod
729 5374 777 5427 in
800 5374 1051 5444 symbolo
1072 5376 1287 5445 quando
1321 5377 1571 5446 baptizati
1596 5390 1722 5432 sunt
1748 5388 2071 5447 acceperunt
2103 5379 2125 5432 ἲ

541 5465 645 5520 Sed
675 5482 771 5535 pro
793 5482 892 5521 suo
920 5467 1093 5533 libitu,
1145 5468 1304 5521 modo
1337 5470 1649 5523 muneribus
1670 5470 1929 5537 corrupti,
1962 5469 2124 5524 modo

544 5558 834 5611 honoribus
869 5566 925 5613 et
949 5558 1333 5613 ambitionibus
1372 5558 1558 5627 illecti,
1599 5559 1758 5612 modo
1780 5562 1941 5613 etiam
1968 5575 2124 5629 pere-

543 5651 707 5716 grinte
737 5651 849 5703 sive
891 5650 1063 5719 potius
1108 5651 1427 5719 serpentium
1473 5650 1721 5705 versutia:
1750 5649 1993 5704 doctrina
2020 5654 2125 5705 cir-

546 5741 835 5808 cuutduCti,
862 5753 1123 5814 ventoque
1151 5746 1414 5814 superbia:
1436 5745 1596 5801 amati
1627 5756 1680 5801 et
1711 5744 1899 5812 innati,
1937 5754 2122 5800 contra
2162 5782 2169 5787 ι

2227 4642 2417 4699 horum
2451 4631 2824 4711 proferuntur,
2857 4643 2944 4696 ubi
2983 4642 3366 4696 condemnatus
3410 4659 3602 4698 eorum
3634 4661 3814 4708 error,

2228 4735 2314 4788 ubi
2338 4735 2537 4803 prolata
2561 4734 2818 4789 adversus
2849 4748 2941 4788 eos
2973 4736 3234 4789 sententia
3254 4736 3535 4790 doceatur.
3560 4738 3620 4793 Si
3642 4747 3815 4793 osten-

2226 4826 2424 4891 derint,
2452 4842 2635 4881 rursus
2657 4826 2946 4895 quacrimus
2964 4826 3233 4896 quomodo
3262 4843 3359 4896 per
3378 4838 3603 4883 centum
3631 4842 3689 4885 et
3708 4846 3818 4883 am-

2227 4919 2366 4987 plius
2390 4932 2649 4970 annorum
2674 4919 2865 4969 seriem
2893 4918 3195 4971 universam
3215 4917 3545 4972 catholich
3571 4919 3819 4974 latuerint

2230 5008 2546 5073 licclesiam,
2580 5023 2697 5061 cum
2727 5017 2779 5060 et
2806 5007 3055 5060 humanm
3099 5007 3247 5075 leges
3279 5007 3495 5077 triginta
3532 5011 3694 5063 annis
3732 5012 3824 5062 bn-

2228 5114 2415 5153 manas
2444 5100 2679 5153 adimant
2712 5098 3058 5166 quaestiones,
3086 5108 3144 5152 et
3166 5097 3427 5151 Dominus
3452 5110 3647 5153 nos:er
3672 5099 3768 5155 Jes
3787 5115 3822 5151 is

2228 5190 2475 5247 Chrisws
2502 5192 2756 5259 apostolis
2787 5192 2899 5245 suis
2929 5200 3248 5261 potestatem
3283 5191 3480 5259 ligandi
3516 5203 3683 5262 atque
3713 5209 3774 5247 so
3804 5224 3816 5232 -

2230 5284 2386 5338 vendi
2421 5282 2789 5339 tantummodo
2819 5298 2938 5352 quae
2977 5296 3138 5351 super
3188 5290 3389 5336 terram
3421 5293 3553 5336 sunt
3588 5284 3822 5338 divinam

2232 5376 2439 5429 dederit
2483 5376 2675 5443 legem.
2708 5378 2810 5427 Aut
2862 5374 2949 5427 ubi
2992 5383 3238 5442 putamus
3285 5372 3473 5428 eadem
3510 5372 3824 5431 delituerint

2230 5481 2408 5540 gesta,
2442 5480 2499 5523 ut
2550 5484 2719 5537 nuper
2766 5466 2831 5521 ad
2883 5465 3254 5521 damnantium
3304 5466 3697 5535 solummodo,
3728 5485 3825 5522 nou

2231 5561 2392 5617 etiam
2420 5561 2485 5614 ad
2515 5576 2619 5614 non
2647 5560 3012 5613 damnantium
3044 5559 3286 5614 uetitiam
3312 5561 3595 5629 pervenire
3625 5563 3821 5630 potuis-

2232 5655 2393 5709 sent?
2421 5653 2476 5709 Si
2516 5664 2693 5707 autem
2716 5692 2731 5717 ,
2761 5652 2901 5722 quod
2936 5653 3103 5721 magis
3132 5668 3313 5707 verum
3356 5662 3686 5723 certumque
3717 5663 3825 5713 est,

2234 5747 2476 5815 prolerre
2494 5744 2693 5815 aliquid
2716 5746 2819 5799 tale
2842 5744 3132 5814 antiquitus
3148 5754 3353 5813 gestum
3377 5757 3684 5813 nequeunt,
3713 5746 3826 5811 quia
