3978 6350
227 257 336 314 873

1366 267 1692 324 EPISTULA
1735 266 1910 322 FIDE]
1950 264 2386 326 CATIIOLICJ‘J.

3381 273 3486 333 δτι

219 389 270 438 in
295 382 519 436 veritate
547 377 688 449 quod
725 375 995 443 proferant
1026 391 1132 431 non
1178 375 1400 445 habent,
1458 395 1557 434 nos
1587 387 1804 434 econtra
1837 382 1879 439 Α
1917 379 2110 433 vimus.
2139 379 2432 448 Epistolam
2462 392 2621 449 quam
2670 381 2996 439 venerabilis
3025 383 3112 439 Iba
3144 385 3272 442 Mari
3308 386 3486 444 Persa

223 473 543 544 proferimus
570 467 856 540 synodicas
881 468 1134 536 epistolas
1164 469 1483 525 Antiocheni
1511 472 1725 525 concilii
1751 473 1804 525 in

221 562 589 620 delensionem
610 558 878 615 Theodori
907 559 1282 630 dictorumque
1305 563 1444 631 ejus,
1474 563 1659 640 qui_ab
1691 563 1807 618 istis

221 670 363 710 novo
387 653 496 723 jam
523 650 745 707 hzeresis
787 650 1002 704 nomine
1025 651 1356 722 crimineque
1400 656 1729 720 canteriatis,
1755 655 1804 709 id

219 755 308 802 est
349 741 716 799 Necrodioctis
763 739 878 794 sive
923 740 1268 795 Porcianistis
1300 750 1352 807 ι,
1376 742 1659 797 daumatus
1699 751 1802 797 est.

222 839 570 904 Congregatze
609 831 804 887 deinde
835 841 1031 885 sanctae
1076 832 1529 888 Chalcedonensis
1575 834 1805 903 synodi,

224 928 376 995 cujus
404 925 706 980 auctoritati
755 923 932 976 nullus
977 923 1077 976 nisi
1125 925 1408 978 lia-reticus
1459 926 1806 992 contradicit,

225 1027 374 1088 gesta
419 1017 886 1077 demonstremus;
913 1012 998 1066 ubi
1030 1029 1132 1067 non
1163 1016 1334 1068 solum
1368 1015 1510 1068 beati
1543 1015 1806 1070 Theodori

225 1107 408 1160 laudes
432 1114 692 1168 susceptae
723 1111 779 1156 et
807 1103 1061 1168 recitatae,
1089 1110 1288 1156 etcum
1319 1104 1614 1159 admirabili
1644 1105 1807 1175 gloria

226 1195 526 1263 prmdieatte
547 1203 689 1260 sunt,
711 1209 895 1248 verum
927 1194 1084 1246 etiam
1103 1195 1325 1262 epistola
1345 1196 1664 1251 venerabilis
1685 1196 1805 1262 Ibat,

226 1302 346 1358 qua:
377 1287 442 1340 ab
470 1285 585 1340 istis
609 1293 665 1337 ut
690 1283 848 1352 impia
870 1287 1228 1339 condemnata
1246 1296 1348 1350 est,
1380 1287 1677 1339 orthodoxa
1700 1286 1811 1341 illic

229 1379 566 1448 pronuntiata
604 1375 828 1431 docetur
855 1386 1014 1445 atque
1055 1376 1285 1430 laudata.
1318 1376 1644 1431 Theodoreti
1677 1393 1810 1445 quo-

227 1485 334 1540 que
359 1469 653 1523 doctrinam
676 1466 876 1520 dudum
924 1477 978 1522 et
1003 1482 1032 1520 a
1057 1468 1318 1536 principio
1345 1468 1658 1522 orthodoxa:
1688 1467 1808 1522 Iidei

228 1559 515 1614 concinere
566 1558 618 1609 in
663 1556 848 1610 eadem
894 1557 1100 1626 synodo
1149 1557 1530 1622 aeclamatum,
1569 1565 1624 1611 et
1666 1555 1809 1625 digni

230 1648 459 1718 utrique,
485 1646 586 1702 hoc
615 1655 698 1699 est
724 1644 1092 1700 Theodoretus
1121 1655 1176 1699 ct
1203 1646 1310 1712 Iba,
1337 1646 1646 1714 episcOpatu
1665 1645 1809 1714 jndi'

1909 469 2154 536 scripsit,
2185 468 2436 523 relectum
2465 483 2494 522 a
2517 470 2672 525 nobis
2699 471 3055 527 orthodoxam
3083 490 3206 530 esse
3224 476 3488 546 judicavi-

1910 574 2050 623 mus,
2079 569 2132 612 et
2159 560 2419 627 judicium
2451 570 2691 616 nostrum
2726 566 3070 621 concorditer
3102 569 3488 625 subsciibcndo

1908 649 2360 704 conﬁrmavirnus.
2389 649 2498 704 Nos
2525 651 2828 706 Nestorium
2866 664 2990 708 ante
3023 655 3238 724 quidem
3269 657 3487 711 damna-

1911 746 2020 790 tum
2046 737 2232 791 iterata
2258 740 2602 794 damnatione
2623 756 2742 794 cum
2765 741 3005 812 Eutyche
3028 753 3187 815 atque
3212 747 3484 812 Dioscoro,

1910 841 2094 884 sancto
2126 831 2279 885 nobis
2321 832 2523 901 Spiritu
2565 833 2904 902 praesidente,
2945 841 3365 906 prostravimus:
3398 845 3487 912 qui

1907 921 2163 988 judicium
2190 933 2430 976 nostrum
2463 924 2665 980 violare
2697 926 2901 992 nititur,
2943 927 3224 984 limreticus
3256 943 3370 997 est;
3398 935 3490 1003 qui

1909 1011 2124 1065 decreta
2147 1021 2327 1066 nostra
2357 1015 2408 1066 in
2442 1015 2618 1083 aliquo
2643 1017 2948 1072 convelle'e
2976 1031 3263 1086 pertentat,
3285 1023 3491 1081 alienus

1910 1114 1938 1152 a
1969 1101 2228 1160 catholica
2279 1103 2417 1171 ﬁde,
2451 1103 2659 1158 alienus
2696 1120 2725 1159 a
2767 1105 3076 1163 Christiano
3125 1113 3344 1167 nomine
3385 1125 3489 1170 est.

1911 1186 2008 1252 Qui
2040 1187 2179 1241 enim
2212 1187 2310 1242 hos
2341 1205 2475 1258 quos
2500 1193 2796 1248 catholicos
2821 1198 3228 1262 pronuntiantes
3257 1201 3494 1258 laudavi-

1912 1292 2031 1330 mus
2063 1277 2313 1344 damnat,
2349 1281 2467 1334 illos
2511 1292 2563 1334 et
2619 1288 2922 1340 econtrario
2950 1303 3084 1357 quos
3130 1299 3187 1343 ut
3213 1290 3496 1347 haereticos

1912 1366 2384 1421 condemnavimus
2416 1369 2625 1435 laudat,
2673 1383 2727 1428 et
2769 1376 2886 1431 ideo
2919 1376 3202 1433 ha-retieus
3232 1390 3314 1435 est
3349 1382 3494 1451 quis-

1912 1458 2031 1526 quis
2062 1459 2195 1515 bene
2223 1475 2250 1512 a
2283 1462 2437 1518 nobis
2467 1464 2702 1522 definitis
2745 1484 2848 1524 non
2894 1474 3220 1543 acquiescit,
3255 1478 3494 1547 quisquis

1913 1558 2149 1630 legitimo
2187 1571 2241 1616 et
2265 1564 2529 1622 catholico
2579 1569 2768 1626 ordine
2814 1572 3182 1630 determinatis
3232 1580 3495 1645 superbus

1917 1655 2156 1710 resultat.
2193 1655 2318 1710 lltec
2340 1657 2619 1714 audientes
2649 1663 2799 1730 quid,
2842 1681 3109 1735 rogamus,
3138 1668 3330 1725 dicturi
3363 1673 3495 1726 estis

231 1741 334 1792 cati
365 1745 522 1802 sunt,
550 1745 604 1789 et
632 1737 930 1805 gubernare
983 1735 1121 1789 sicut
1166 1735 1368 1802 pridem
1405 1735 1668 1788 EccleSi-ts
1710 1734 1811 1788 Sibi
1843 1740 1889 1799 B
1920 1751 1996 1796 tot
2038 1745 2303 1812 praeclaris
2349 1748 2686 1816 pontiﬁcibus
2735 1757 2814 1808 vel
2867 1734 3129 1813 universa:
3181 1774 3271 1827 per
3324 1769 3492 1817 totum

231 1829 462 1884 creditas
483 1826 729 1880 ordinati.
750 1826 951 1892 Quibus
968 1827 1312 1896 prmostensis
1329 1827 1674 1894 preponimus
1697 1826 1813 1880 istis

232 1919 599 1988 Capitulormn
657 1917 961 1986 nostrisque
1026 1917 1465 1981 damnatoribus,
1522 1931 1814 1984 eorumque

233 2007 803 2074 communicatoribus,
832 2006 957 2075 quid
989 2006 1056 2060 de
1083 2006 1269 2060 codem
1300 2020 1491 2076 magno
1517 2006 1596 2060 Ch
1618 2006 1812 2060 alcedo—

231 2099 387 2155 neusi
419 2098 646 2152 concilio
687 2097 948 2161 sentiant,
985 2106 1159 2150 utrum
1198 2096 1513 2151 catholicum
1558 2095 1684 2150 illud
1727 2097 1812 2151 di-

231 2198 378 2253 cant,
401 2203 468 2241 an
499 2187 638 2241 non?
660 2187 715 2241 Si
742 2186 969 2240 dixerint
996 2204 1008 2237 :
1035 2185 1366 2240 Catholicam
1399 2196 1501 2250 est,
1524 2185 1813 2253 responde-

232 2294 388 2334 mus:
422 2277 529 2332 Vos
553 2292 678 2346 ergo
703 2279 885 2346 procul
910 2277 1070 2330 dubio
1099 2276 1335 2330 hzeretici
1367 2278 1518 2331 estis.
1547 2276 1811 2343 Quoniam

233 2371 317 2424 vel
358 2369 536 2439 quod,
566 2368 648 2423 vel
696 2382 830 2436 quos
872 2367 948 2420 illi
996 2366 1178 2421 Patres
1222 2367 1417 2422 ibidem
1466 2368 1813 2436 praesidentes

235 2464 603 2526 laudaverunt,
623 2470 676 2515 et
691 2460 968 2515 catholicae
993 2459 1112 2514 ﬁdei
1133 2463 1419 2514 convenire
1438 2459 1812 2526 pronuntiave-

233 2563 376 2618 runt,
406 2567 498 2608 vos
523 2565 579 2606 ut
613 2553 895 2605 haereticos
917 2561 969 2606 et
999 2551 1192 2619 impios
1219 2549 1646 2606 condemnastis:
1673 2549 1813 2604 unde

233 2644 551 2708 conﬁcitur,
580 2642 754 2696 Velitis
798 2642 1008 2706 nolith,
1041 2642 1181 2696 sicut
1221 2642 1601 2711 consequentia
1649 2642 1814 2712 exigit

235 2735 482 2799 rationis,
516 2741 571 2786 nt
602 2732 724 2786 illos
748 2747 882 2795 quos
907 2732 1296 2786 damnaverunt
1323 2732 1620 2798 haereticos,
1657 2733 1706 2786 id
1731 2742 1815 2789 est

232 2824 561 2888 Nestorium,
591 2823 886 2894 Eutychem
919 2832 1074 2892 atque
1117 2823 1450 2888 Dioscorum,
1479 2838 1572 2879 vos
1601 2839 1703 2902 eos,
1725 2841 1814 2880 or-

234 2913 527 2981 thodosos,
557 2918 657 2972 etsi
692 2932 795 2971 non
827 2917 1003 2972 verbis
1033 2930 1129 2986 pro
1171 2917 1445 2992 hominum
1477 2916 1697 2972 forsitan
1739 2919 1814 2972 ti-

233 3018 406 3069 more,
448 3008 700 3075 operibus
730 3016 896 3070 certe,
929 3018 980 3062 et
1008 3008 1277 3064 eﬂ‘renatis
1317 3009 1809 3077 persecutionibus,

1919 1833 2171 1888 mundum
2199 1836 2406 1892 diffusa:
2428 1841 2703 1896 catholicae
2737 1845 3009 1913 Ecclesiae,
3054 1848 3144 1918 qui
3174 1865 3358 1904 eorum
3388 1861 3497 1906 sta-

1920 1933 2028 1979 tuta
2058 1927 2252 1985 devote
2299 1947 2512 2004 semper
2540 1937 2823 1993 custodivit
2845 1981 2859 2006 ,
2889 1941 3254 2012 hactenusque
3285 1945 3338 1999 in
3381 1945 3496 2001 suis

1918 2014 2159 2084 reliquiis
2189 2019 2387 2089 ubique
2409 2034 2712 2094 prepagatis
2737 2030 2995 2096 custodit;
3025 2031 3076 2086 ni
3108 2033 3122 2087 i
3148 2034 3283 2089 forte
3305 2051 3489 2090 verum

1918 2104 2096 2162 dicere
2144 2111 2442 2179 volueritis,
2501 2128 2554 2170 et
2592 2121 2861 2187 quomodo
2902 2122 3071 2178 futura
3116 2131 3232 2182 e‘rat
3276 2127 3495 2184 hmresis

1917 2195 2380 2258 Necrodinctarnm
2417 2206 2528 2262 sive
2553 2209 2998 2268 Porcianistarum
3017 2215 3039 2268 7
3061 2216 3116 2271 Si
3137 2226 3315 2273 autem
3344 2220 3494 2275 dixe-

1917 2289 2061 2343 rint:
2096 2291 2414 2351 Ilzereticum
2463 2310 2545 2354 eet
2574 2301 3011 2361 Chalcedonense
3039 2310 3355 2376 concilium,
3387 2327 3495 2370 non

1917 2387 1998 2432 est
2022 2379 2129 2448 jam
2159 2387 2524 2442 necessarium
2558 2403 2740 2446 contra
2791 2409 2886 2450 eos
2926 2401 3136 2454 noviter
3179 2401 3490 2473 decertare,

1916 2471 2015 2523 nisi
2049 2480 2107 2524 ut
2132 2471 2425 2530 habeantur
2454 2479 2521 2532 ab
2554 2481 2814 2538 universis
2841 2486 2891 2538 in
2934 2489 3159 2543 veritate
3212 2471 3493 2548 catholicis

1915 2558 2052 2614 sicut
2099 2561 2193 2618 ille
2235 2565 2324 2634 qui
2364 2582 2392 2619 a
2436 2567 2661 2626 Domino
2707 2575 2758 2628 in
2799 2575 3090 2647 Evangelio
3130 2580 3494 2652 interrogatus

1916 2651 2055 2719 quod
2087 2655 2132 2708 ei
2165 2669 2361 2711 nomen
2412 2671 2576 2726 esset,
2622 2665 2896 2732 reSpondit
2928 2684 2942 2721 :
2977 2669 3154 2740 Legio,
3195 2673 3316 2741 quia
3344 2651 3495 2732 inulti

1915 2758 2088 2796 sumus
2134 2743 2324 2813 (Marc.
2357 2767 2408 2814 ν,
2435 2750 2512 2817 9').
2547 2755 2810 2818 Quoniam
2863 2773 3045 2814 revera
3076 2763 3165 2831 qui
3203 2774 3404 2821 sancta;
3440 2778 3496 2824 et

1918 2845 2121 2901 magna:
2157 2833 2610 2897 Chalcedonensis
2651 2847 2841 2912 synodi
2871 2851 3174 2906 auctoritati
3219 2856 3495 2913 contradi-

1917 2933 2040 2974 cere
2062 2919 2116 2975 in
2142 2922 2320 2992 aliquo
2345 2929 2620 2994 praesumit
2644 2943 2731 2985 aut
2755 2943 3038 3002 pertentat,
3063 2947 3117 2994 et
3137 2939 3365 2998 Arianus
3386 2955 3492 3011 est,

1917 3019 1972 3063 et
2001 3009 2432 3080 Macedonianus,
2463 3027 2515 3071 et
2551 3019 2921 3093 Nestorianus,
2945 3036 3000 3082 et
3044 3028 3410 3101 Eutychianus
3436 3009 3494 3090 et

232 3102 286 3148 et
308 3095 694 3149 catholicorum
722 3097 1030 3166 pontiﬁcum
1062 3098 1486 3166 depulsionibus,
1518 3109 1570 3152 et
1599 3096 1811 3155 haereti-
1839 3102 1887 3166 C
1917 3105 2241 3177 Aceplialus,
2265 3111 2348 3165 vel
2369 3113 2625 3184 quidquid
2644 3131 2707 3171 ex
2731 3119 2890 3175 variis
2912 3095 3202 3192 impietatis
3225 3125 3494 3185 hatretica

232 3200 423 3241 corum
445 3187 938 3258 subrogationibus,
963 3189 1266 3259 scriptoque
1290 3189 1341 3245 in
1371 3190 1663 3246 catholicos
1693 3205 1814 3260 pro-

235 3275 362 3331 latis
416 3279 846 3333 damnationibus
893 3280 1252 3348 pronuntiatis
1295 3289 1457 3350 atque
1492 3280 1811 3350 pradicatis.

234 3367 476 3437 Denique
501 3367 553 3423 in
578 3384 680 3422 una
704 3370 997 3440 eademque
1013 3369 1435 3425 Chalcedonensi
1451 3371 1656 3440 synodo
1675 3371 1815 3427 inter

231 3455 476 3512 aliahaec
501 3473 712 3528 quoque
743 3458 966 3514 deﬁnita
1005 3463 1251 3515 consistit
1278 3475 1462 3528 causa,
1494 3460 1814 3531 approbatio

229 3549 444 3604 scilicet
466 3561 519 3605 et
535 3551 807 3606 damnatio
830 3552 1009 3607 trium.
1043 3552 1181 3608 Ecce
1203 3555 1346 3608 enim
1365 3564 1541 3608 astant
1563 3556 1816 3622 quodam-

232 3637 397 3694 modo
420 3654 484 3692 ex
502 3655 602 3693 una
627 3651 775 3709 parte
797 3641 1036 3711 ejusdem
1060 3645 1268 3698 concilii
1287 3643 1617 3708 Theodorus,
1637 3661 1816 3715 quam-

232 3729 317 3782 vis
343 3729 454 3797 jam
507 3729 824 3797 defunctus,
854 3733 948 3787 sed
997 3735 1048 3787 in
1093 3733 1366 3804 synodicis
1414 3735 1656 3803 epistolis
1697 3736 1814 3803 ejus

231 3819 423 3876 laudes
438 3823 858 3888 coiitinentibus,
876 3824 1178 3894 ibidemque
1192 3827 1396 3880 relictis
1412 3834 1466 3879 et
1484 3829 1808 3896 approbatis,

233 3910 444 3979 vivens,
473 3911 842 3968 Theodoretus
869 3930 1078 3984 quoque
1123 3925 1175 3969 et
1200 3915 1289 3970 Iba
1321 3916 1522 3970 laudati
1549 3927 1603 3970 et
1631 3917 1815 3972 ortho-

233 4002 364 4056 doxi
391 4006 746 4073 pronuntiati;
779 4014 833 4061 et
853 4022 916 4061 ex
947 4008 1047 4060 alia
1077 4007 1418 4062 nihilominus
1445 4018 1595 4077 parte
1619 4008 1813 4064 Nesto—

231 4092 347 4145 rius
377 4092 428 4147 in
456 4093 669 4161 Epheso
695 4095 911 4166 quidem
963 4097 1131 4164 primo
1159 4098 1466 4168 damnatus,
1500 4099 1591 4154 sed
1623 4100 1814 4154 iterato

230 4183 599 4240 damnationis
624 4186 837 4241 vinculo
877 4186 1217 4243 Chalcedone
1246 4191 1514 4258 illigatus:
1546 4191 1812 4260 Eutyches

229 4273 399 4326 etiam
427 4285 585 4344 atque
614 4273 900 4331 Dioscorus
931 4277 1037 4333 illic
1068 4279 1314 4335 similiter
1343 4288 1400 4335 ut
1426 4280 1662 4337 haeretici
1687 4299 1813 4337 con-

228 4364 489 4417 demnati.
507 4365 643 4430 Quid
667 4366 881 4432 dicitis?
904 4367 1148 4438 Nunquid
1172 4385 1276 4425 non
1305 4371 1375 4425 ita
1399 4373 1515 4427 est?
1538 4373 1806 4443 Nunquid,

229 4451 566 4521 quantolibet
595 4454 734 4508 callo
766 4454 980 4510 duritia:
1005 4456 1153 4512 frons
1187 4468 1361 4513 vestra
1383 4462 1556 4541 solitis
1585 4463 1805 4518 menda-

225 4543 333 4597 ciis
353 4543 577 4600 obducta
604 4547 694 4612 sit,
720 4563 915 4617 negare
941 4551 1186 4618 poteritis
1217 4550 1289 4607 ita
1318 4555 1482 4607 esse?
1512 4555 1663 4621 Quod
1685 4559 1727 4611 si
1755 4569 1810 4615 et

228 4648 430 4703 negare
456 4651 566 4705 pra:
593 4637 912 4694 confusione
936 4650 1110 4695 vestra
1133 4643 1330 4710 duplici
1359 4644 1652 4711 volueritis,
1680 4663 1807 4706 ecce

224 4727 429 4779 adsunt
472 4737 618 4796 gesta
654 4729 1106 4785 Chalcedonensis
1135 4734 1368 4798 concilii,
1399 4750 1525 4792 ecce
1553 4740 1808 4795 assistunt

226 4818 475 4870 sexcenti
506 4829 560 4872 et
594 4819 805 4889 triginta
832 4820 1112 4890 pontiﬁces
1141 4823 1252 4878 illic
1283 4827 1587 4895 congregati
1614 4845 1628 4881 :
1664 4830 1807 4884 voci-

224 4909 408 4964 [erant
454 4912 706 4965 nimirum
762 4928 853 4980 per
900 4929 1054 4980 eam,
1101 4924 1156 4970 et
1196 4915 1383 4971 dicunt
1421 4935 1432 4970 :
1468 4918 1576 4974 Nos
1622 4921 1806 4976 laudes

223 5000 497 5054 Theodori
533 5002 583 5055 in
612 5017 743 5071 pace
765 5013 819 5057 et
841 5007 1216 5062 communione
1243 5009 1522 5063 catholicae
1553 5012 1805 5069 Eccleiia

221 5089 465 5143 defuncti
491 5089 716 5146 reiectas
756 5092 918 5146 (νωιυὶ
965 5107 1151 5149 nostro
1180 5098 1512 5165 suscepimus
1534 5109 1585 5153 et
1611 5115 1804 5168 appro-

222 5179 498 5233 baviinus.
523 5179 632 5236 Nos
656 5194 783 5235 vero
805 5185 1138 5239 venerabiles
1161 5185 1552 5241 Theodoreturn
1583 5196 1638 5242 et
1661 5190 1803 5244 Ibam

217 5269 560 5326 orthodoxos
601 5275 1090 5343 pronuntiaviinus,
1131 5287 1292 5346 atque
1334 5277 1386 5330 in
1439 5277 1801 5336 deﬁnitionem

218 5360 509 5420 catholica
548 5365 672 5422 ﬁdei
705 5367 986 5423 nobiscum
1015 5370 1392 5440 subscripsisse
1418 5374 1676 5429 veraciter
1706 5392 1799 5430 no-

1916 3198 2247 3268 gcrminibus
2288 3202 2547 3271 derivari,
2580 3207 2764 3279 eisque
2787 3215 3022 3282 coaptari
3054 3220 3281 3285 poterit,
3305 3229 3494 3278 contra

1916 3302 2048 3380 quas
2071 3292 2344 3363 utriusque
2368 3306 2546 3365 pestes
2576 3301 2742 3368 ipsius
2772 3307 2962 3374 synodi
2985 3308 3221 3378 vigilavit
3243 3313 3493 3382 intentio,

1916 3375 2066 3434 ut'et
2089 3385 2388 3450 praeteritos
2434 3388 2718 3448 hzereticos
2767 3395 2956 3451 iterata
2985 3375 3330 3458 damnatione
3365 3375 3492 3473 per;

1916 3469 2158 3548 celleret,
2209 3483 2264 3529 et
2312 3489 2604 3546 prementes
2650 3483 3146 3557 anathematizaret,
3189 3500 3243 3546 et
3285 3469 3494 3550 futuros

1916 3573 2156 3632 praesago
2176 3564 2267 3621 Dei
2290 3566 2495 3636 Spiritu
2522 3569 2878 3630 damnationis
2903 3577 3126 3633 vinculis
3148 3595 3269 3636 cum
3299 3597 3489 3640 eorum

1914 3655 2232 3721 sequacibus
2261 3660 2526 3730 modoque
2571 3663 2811 3732 quolibet
2866 3668 3215 3738 participibus
3256 3673 3493 3730 innecte-

1915 3751 2018 3796 ret.
2048 3743 2164 3798 Jam
2193 3761 2353 3815 porro
2375 3749 2442 3805 de
2467 3754 2574 3806 hoc
2599 3754 2738 3822 quod
2761 3755 2945 3812 dicunt
2967 3759 3157 3814 eodem
3184 3760 3288 3816 ritu
3310 3763 3492 3821 lectio-

1916 3847 2043 3886 num
2073 3836 2353 3905 solemnia,
2383 3839 2466 3895 vel
2494 3843 2740 3899 sacrilicii
2771 3847 3016 3904 ordinem
3042 3852 3335 3921 celebrare,
3370 3871 3494 3924 pos-

1914 3938 2096 3981 semus
2126 3925 2363 3984 breviter
2392 3933 2739 4001 respondere,
2771 3940 3024 4006 quoniam
3071 3944 3330 4011 praecisis,
3357 3946 3492 4002 sicut

1914 4013 2214 4083 docuimus,
2245 4019 2312 4074 ab
2334 4023 2537 4078 unitate
2561 4023 2822 4081 catholica
2855 4028 2985 4084 nihil
3017 4033 3373 4100 prositdivini
3397 4052 3492 4091 no-

1915 4107 2074 4162 minis
2103 4109 2282 4165 verbis
2309 4112 2449 4168 ﬁctis
2477 4113 2612 4170 !acta
2636 4116 2924 4187 invocatio,
2946 4136 3045 4176 nec
3067 4133 3318 4193 usurpata
3339 4135 3394 4180 et
3423 4127 3492 4183 ab

1917 4200 2160 4256 Ecclesia
2183 4214 2350 4259 tracta
2374 4207 2696 4276 celebratio;
2719 4226 2839 4266 cum
2865 4223 2920 4268 et
2945 4211 3186 4272 diabolus
3212 4217 3494 4276 Dominum

1918 4301 2130 4351 tentans
2153 4297 2551 4368 Scripturarum
2573 4303 2858 4373 protulerit
2877 4308 3203 4376 testimonia,
3228 4310 3321 4366 sed
3351 4313 3494 4368 unde

1915 4385 2302 4456 destrueretur,
2346 4406 2454 4447 non
2482 4393 2623 4450 unde
2649 4398 2987 4457 muniretur:
3021 4399 3257 4468 ipsaeque
3294 4413 3493 4461 sancta

1834 4461 1887 4520 Ῑ)
1914 4478 2204 4549 Scriptura:
2225 4496 2330 4537 non
2360 4484 2411 4538 in
2440 4486 2685 4556 legendo,
2717 4488 2814 4543 sed
2841 4489 2895 4543 in
2933 4461 3278 4559 intelligendo
3307 4494 3492 4548 censi.

1841 5501 1860 5521 Ρ

1833 5528 1862 5548 4

1910 4577 2073 4636 stant,
2105 4579 2162 4626 et
2198 4573 2394 4628 diversi
2422 4574 2656 4630 haeretici
2683 4577 2825 4645 quod
2872 4578 3009 4634 bene
3034 4587 3090 4633 et
3127 4579 3413 4637 salubriter
3434 4583 3489 4640 in

1911 4660 2170 4716 catholica
2187 4665 2747 4734 acceperant,pr:ecisi
2769 4666 2877 4735 jam
2905 4668 3202 4735 perniciose
3229 4677 3284 4724 et
3312 4669 3492 4725 letha-

1911 4750 2034 4806 liter
2065 4755 2417 4808 retinuerunt.
2450 4755 2734 4810 Possemus
2761 4765 2814 4811 et
2841 4757 2971 4812 illud
3003 4757 3073 4813 de
3113 4757 3381 4815 sacriﬁcio
3407 4762 3491 4816 dis
3585 4804 3588 4808 ι

1911 4853 2035 4894 cere
2075 4841 2214 4910 quod
2245 4842 2398 4898 initio
2440 4842 2623 4897 mundi
2669 4845 2930 4901 Dominus
2955 4847 3021 4901 ad
3051 4845 3182 4902 Cain
3217 4846 3351 4903 dixit
3379 4865 3392 4901 :
3425 4851 3491 4905 Si

1911 4941 2044 4987 recte
2070 4933 2272 5000 oﬂ'eras,
2319 4947 2451 4990 recte
2485 4947 2648 5010 autem
2679 4955 2779 4991 non
2800 4939 3020 5006 dividas,
3045 4940 3284 5010 peccasti.
3309 4939 3413 4996 Sed
3436 4950 3492 4999 et

1913 5023 2041 5078 illud
2066 5027 2206 5094 quod
2241 5028 2770 5095 praevaricatoribus,
2803 5041 3123 5102 pactumque
3155 5032 3248 5086 Dei
3282 5032 3491 5087 violan-

1910 5113 2074 5180 tibus,
2120 5116 2492 5172 sacerdotibus
2538 5119 2678 5175 idem
2730 5121 2985 5177 Dominus
3031 5138 3126 5194 per
3173 5124 3489 5193 prophetam

1907 5202 2073 5258 dicit:
2104 5205 2231 5258 Cum
2283 5209 2735 5278 multiplicaveritis
2783 5229 2953 5283 preces
3002 5225 3192 5268 vestras
3217 5254 3231 5279 ,
3262 5224 3487 5269 avertam

1909 5296 2089 5364 faciem
2134 5314 2295 5352 meam
2322 5304 2531 5356 avobis.
2581 5303 2642 5359 Et
2689 5321 2807 5358 cum
2855 5306 3138 5361 obtuleritis
3181 5308 3488 5376 sacriﬁcium

1910 5389 2054 5454 mihi,
2081 5406 2182 5444 non
2203 5393 2478 5463 suscipiam
2506 5395 2638 5449 illud
2669 5395 2734 5451 de
2772 5399 3003 5452 matribus
3034 5401 3232 5465 vestris,
3265 5413 3354 5452 nec
3374 5399 3476 5468 pla-

301 5613 329 5683 ξ
370 5602 547 5696 ξοςιῆ
593 5605 955 5696 δογςὶσκὶεξξι,
987 5621 1022 5688 a
1063 5605 1250 5664 Sursio
1291 5609 1374 5665 vel
1413 5611 1626 5681 Sorcio,
1668 5615 1818 5684 cujus
1856 5621 2058 5676 mentio
2106 5621 2160 5679 in
2189 5623 2280 5680 lib.
2313 5635 2495 5684 contra
2542 5627 2861 5688 Mucianum,
2907 5626 3011 5680 col.
3055 5627 3153 5682 86l
3188 5627 3249 5694 C,
3290 5625 3393 5681 862
3421 5626 3482 5696 Β,

218 5675 332 5729 uisi
375 5675 506 5729 forte
534 5677 809 5743 legendum
845 5677 1082 5732 Porcius.

509 5768 778 5831 Panos.
816 5769 1070 5834 LXVII.

3013 5781 3098 5845 28
