3978 6350
443 292 546 353 875

1398 286 1689 342 FACUNDI
1733 285 2059 341 EPISTULt
2110 284 2283 339 FIDEl
2326 279 2755 338 EATIIOlJCzE.

3620 282 3732 337 876

440 410 595 463 cnbor
616 406 786 473 vobis,
817 404 1054 474 quoniam
1084 400 1245 467 iniqui
1288 409 1406 451 sunt
1440 409 1595 451 coetus
1635 398 1786 451 vestri
1817 397 1946 467 (Isa.
1983 413 2019 458 ι,
2056 402 2098 456 Α
2131 400 2217 465 plo
2241 394 2539 448 ostenditur
2560 403 2610 446 et
2645 392 2930 461 probatur,
2957 390 3220 445 obnoxios
3261 406 3447 447 omnes
3474 402 3528 447 et
3551 394 3734 462 culpa:

444 502 532 565 13,
588 499 711 568 15);
744 497 1012 563 multaque
1050 491 1245 545 similia
1281 503 1403 557 qua:
1450 502 1878 542 commemorare
1920 488 2027 539 lon-

441 607 567 660 gum
596 599 695 643 est.
732 588 836 642 Sed
882 594 1238 654 opportunum
1264 580 1619 652 indicavimus
1644 580 1804 633 etiam
1834 578 2027 645 glorio-

442 681 637 737 sissimi
669 677 918 747 martyris
946 685 1000 730 ct
1030 673 1177 743 episc
1200 673 1268 741 'pi
1306 671 1584 742 Cypriani,
1632 670 1715 724 vel
1748 684 1909 723 unum
1940 680 2029 721 aut

443 775 547 827 duo
570 779 750 825 contra
774 784 867 823 eos
896 783 992 834 pro
1014 766 1173 819 simili
1195 778 1352 818 causa
1384 762 1581 831 scripta
1612 760 1852 830 proferre
1876 758 2027 813 testi-

446 863 622 918 monia
641 877 655 924 ;
674 862 799 929 quia
822 858 1105 928 diligenter
1128 858 1310 910 cordis
1331 854 1499 909 oculis
1514 852 1847 907 considerata
1869 858 2031 919 atque

443 961 723 1020 perspecta
747 950 1139 1003 animadvertet
1157 946 1399 1017 quisquis
1419 946 1583 999 corde
1600 943 1907 1011 intelligens
1928 949 2029 1004 est,

447 1047 491 1098 si
518 1056 653 1098 intra
674 1057 940 1097 novorum
968 1040 1343 1094 hmreticorum
1373 1036 1633 1093 sacriﬁcia
1665 1044 1919 1105 appetere
1944 1034 2035 1088 de-

444 1138 588 1191 beat.
634 1134 730 1189 llic
779 1148 1011 1201 namque
1060 1133 1110 1185 in
1138 1130 1359 1199 epistola
1413 1143 1510 1197 pro
1554 1138 1742 1183 sancto
1786 1125 2036 1181 Cornelio

449 1228 698 1282 similiter
718 1233 951 1292 martyre
983 1230 1037 1277 et
1061 1222 1316 1288 episcOpo
1340 1220 1486 1273 urbis
1511 1218 1717 1280 nonne,
1746 1231 1904 1285 quem
1933 1214 2037 1269 No-

451 1312 696 1364 vatianus
723 1310 1005 1363 haereticus
1034 1306 1333 1375 expulerat,
1356 1314 1413 1359 et
1438 1318 1497 1359 se
1516 1305 1635 1358 loco
1659 1304 1795 1372 eius,
1822 1303 1958 1356 sicut
1984 1310 2037 1356 et

450 1414 594 1454 nunc
624 1415 651 1451 a
684 1398 907 1453 novellis
953 1396 1221 1451 lncrcticis
1262 1394 1459 1449 factum
1489 1401 1599 1456 est,
1633 1395 2034 1462 subrogaverat,

451 1491 517 1544 ad
548 1491 788 1559 Magnum
811 1489 1012 1556 scripta
1042 1494 1160 1556 post
1184 1486 1467 1539 aliadieit:
1505 1492 1528 1520 ι
1565 1502 1582 1534 ι
1618 1481 1672 1537 Si
1701 1493 1877 1535 autem
1911 1496 2039 1549 grex

454 1600 589 1637 unus
620 1593 732 1647 est,
767 1580 1038 1650 quomodo
1069 1587 1244 1646 petest
1279 1576 1426 1648 gregi
1464 1574 1809 1629 annumerari
1855 1573 1945 1642 qui
1986 1571 2039 1626 in

453 1690 677 1729 numero
707 1677 881 1745 gregis
906 1688 1011 1727 noo
1059 1673 1184 1727 est?
1224 1672 1329 1724 Aut
1360 1681 1542 1739 pastor
1566 1667 1747 1721 haberi
1770 1664 2042 1734 quomodo

2132 498 2184 539 et
2208 498 2385 554 pmice
2415 492 2439 518 ι’
2466 483 2555 551 qui
2584 499 2642 536 se
2680 483 3036 537 schismaticis
3072 490 3262 537 contra
3312 483 3636 553 prapositos
3660 497 3733 539 et

2135 578 2448 636 sacerdotes
2473 576 2567 630 Dei
2600 575 2892 645 irreligioso
2925 576 3230 630 temeritate
3250 576 3589 641 miscuerint,
3620 578 3729 632 sic-

2134 669 2371 721 utetiam
2406 682 2501 736 per
2524 667 2718 721 Oscam
2749 667 3067 736 prophetam
3098 667 3333 737 Spiritus
3354 679 3577 723 sanctus
3604 684 3736 723 αθη-

2137 767 2391 823 testatur,
2426 767 2481 813 et
2520 759 2654 813 dicit
2687 776 2700 811 :
2734 756 3009 827 Sacriﬁcia
3048 774 3223 813 eorum
3274 766 3522 829 tanquam
3578 760 3734 829 panis

2137 853 2336 918 luctus;
2360 869 2532 907 omnes
2552 852 2640 922 qui
2659 853 2974 906 manducent
3001 867 3060 906 ea
3081 851 3565 906 contaminabuntur
3579 852 3728 915 (θείη.

2137 959 2212 1013 is,
2240 943 2327 1013 4):
2355 944 2557 998 docens
2598 944 2804 999 scilicet
2852 952 2907 998 et
2934 941 3228 998 ostendens
3272 956 3465 997 omnes
3506 944 3733 995 omnino

2135 1050 2257 1090 cum
2286 1036 2596 1090 auctoribus
2618 1035 2884 1106 supplicio
2906 1035 3182 1105 conjungi,
3205 1035 3292 1105 qui
3319 1035 3517 1089 fuerint
3540 1048 3731 1092 eorum

2140 1145 2363 1204 peccato
2420 1132 2787 1189 contaminati.
2839 1150 2859 1184 ι
2913 1131 3053 1199 Quid
3112 1131 3213 1185 hoc
3263 1131 3577 1185 testimonio
3614 1132 3730 1184 evi-

2136 1223 2356 1279 dentius
2378 1224 2404 1276 't
2432 1222 2570 1289 Quid
2603 1219 2866 1277 lucidius?
2894 1216 3034 1285 Quid
3079 1217 3187 1273 dici
3218 1219 3463 1274 veracius
3500 1229 3683 1288 potest
3710 1221 3733 1273 ?

2144 1316 2284 1370 Ecce
2314 1315 2455 1368 enim
2495 1328 2684 1368 omnes
2720 1312 2941 1366 omnino
2980 1311 3093 1380 pari
3124 1318 3273 1364 reatu
3316 1310 3541 1379 parique
3570 1323 3734 1378 ptem

2141 1405 2462 1460 constrictos
2484 1403 2662 1465 docet,
2688 1411 2945 1472 quotquot
2972 1400 3170 1456 fuerint
3192 1402 3456 1454 malorum
3486 1416 3736 1455 commu-

2142 1494 2304 1549 nione
2334 1494 2539 1563 polluti.
2573 1494 2710 1559 Quid
2736 1508 2865 1563 ergo
2915 1502 3017 1551 est.
3050 1492 3194 1563 quod
3224 1493 3440 1561 quidam
3482 1497 3639 1562 quasi
3672 1510 3736 1550 se

2143 1597 2461 1641 excusantes
2482 1584 2696 1649 dicunt;
2727 1585 2840 1654 ipse
2882 1585 2979 1639 scit
3011 1586 3295 1654 cpiscopus
3330 1601 3482 1641 meus
3511 1587 3558 1640 si
3580 1587 3736 1640 dam-

2148 1679 2293 1731 navit
2322 1681 2623 1743 quempiam
2650 1678 2841 1730 talibus
2871 1676 3251 1740 comminetur,
3276 1675 3464 1730 dicens
3492 1694 3505 1731 :
3537 1677 3618 1730 Tu
3640 1696 3736 1731 au-

456 1776 650 1836 potest,
680 1768 772 1835 qui
800 1775 1047 1820 manente
1074 1779 1202 1818 vero
1237 1772 1470 1832 pastore,
1502 1770 1557 1815 et
1580 1760 1632 1813 in
1665 1756 1904 1813 Ecclesia
1932 1756 2040 1810 Do-

2150 1782 2240 1824 tem
2264 1771 2416 1824 odt'sti
2447 1770 2795 1840 disciplinam,
2829 1780 2874 1822 ct
2908 1768 3140 1839 abj'ecisti
3174 1783 3428 1821 sermones
3482 1787 3627 1823 meos
3655 1788 3736 1824 re-

452 1859 585 1913 mini
626 1858 871 1912 ordmate
919 1856 1244 1910 succedente
1274 1864 1298 1892 ⁸
1330 1870 1394 1907 ac
1435 1851 1790 1922 praesidente,
1836 1847 2037 1903 nemini

454 1950 568 2019 ipse
591 1948 617 1986 δ
648 1947 945 2002 succedens
984 1956 1039 2000 et
1067 1962 1094 1999 a
1122 1947 1300 2013 seipse
1333 1943 1624 2011 incipiens.
1666 1941 1871 1994 alienus
1904 1939 1963 1991 iit
1989 1943 2044 1990 et

454 2039 733 2109 profanus,
752 2038 1039 2093 dominica:
1054 2037 1202 2105 pacis
1226 2050 1287 2089 ac
1312 2032 1506 2089 divina:
1526 2032 1744 2086 unitatis
1769 2027 2039 2094 inimicus,

456 2147 556 2186 non
588 2131 837 2186 habitans
866 2130 921 2185 in
949 2129 1108 2185 donto
1131 2128 1244 2192 Dei,
1280 2128 1331 2181 id
1381 2135 1465 2182 est
1496 2128 1545 2178 in
1577 2123 1815 2179 Ecctesia
1846 2121 1963 2181 Dei,
1991 2124 2041 2173 in

455 2239 556 2293 qua
588 2239 692 2276 non
734 2223 835 2277 nisi
876 2222 1176 2277 concordes
1217 2230 1377 2289 atque
1425 2217 1705 2271 unanimes
1760 2211 2044 2266 habitant?

457 2313 694 2381 Denique
715 2326 874 2380 quam
896 2311 966 2365 sit
994 2309 1352 2376 inseparabile
1383 2306 1606 2360 unitatis
1622 2313 2041 2365 sacramentum,

457 2413 508 2460 et
536 2419 693 2475 quam
718 2405 836 2457 sine
866 2417 963 2471 spe
1001 2402 1131 2466 sint,
1163 2412 1215 2455 et
1243 2399 1597 2469 perditionem
1623 2397 1724 2452 sibi
1757 2394 2042 2449 maximam

458 2495 525 2551 de
552 2494 917 2563 indignatione
942 2493 1032 2547 Dei
1060 2492 1339 2560 acquiraut
1370 2490 1459 2561 qui
1482 2490 1716 2544 schisma
1742 2488 1957 2553 faeiunt,
1992 2494 2047 2541 et

459 2586 645 2639 relicto
676 2584 933 2653 episcopo
961 2581 1124 2635 alium
1164 2581 1262 2636 sibi
1300 2590 1321 2617 ε
1356 2578 1872 2649 pseudoepiscopum
1912 2590 2044 2630 con-

460 2678 684 2730 stituuut
705 2671 731 2710 ⁴
752 2713 767 2727 .
794 2711 807 2726 .
828 2712 841 2726 .
864 2713 880 2729 .
908 2671 1059 2739 Quod
1085 2670 1131 2725 si
1160 2670 1350 2739 aliquis
1380 2668 1508 2722 illud
1547 2665 1790 2736 opponit,
1824 2675 1877 2718 ut
1905 2664 2049 2719 dicat

462 2765 702 2822 eamdem
730 2764 1088 2820 Novatianum
1119 2761 1289 2828 legem
1343 2769 1549 2823 tenere,
1575 2771 1733 2827 quam
1779 2753 2044 2809 catholica

461 2857 700 2913 Ecclesia
727 2865 896 2922 tenet,
922 2864 976 2909 et
1003 2854 1192 2910 eodem
1232 2850 1477 2922 symbo‘lo
1508 2863 1617 2919 quo
1641 2859 1695 2903 et
1732 2860 1831 2901 nos
1869 2846 2043 2914 bapti-

453 2965 602 3015 zare,
624 2948 870 3005 eumdem
896 2961 1054 3003 nosse
1083 2946 1249 3000 Deum
1294 2944 1536 3008 Patrem,
1569 2940 1816 2994 eumdem
1850 2936 2044 2991 Filium

462 3041 753 3105 Christum,
778 3038 1027 3093 eumdem
1073 3035 1330 3106 Spiritum
1361 3041 1639 3093 sanetum;
1664 3030 1797 3083 sciat
1822 3029 1911 3097 qui
1946 3027 2047 3082 hoc

2144 1870 2241 1914 tro.
2285 1860 2347 1914 Si
2387 1860 2588 1913 videbas
2628 1860 2810 1929 furem,
2854 1859 3091 1912 cumbas
3130 1860 3196 1924 ei,
3237 1868 3284 1913 et
3323 1876 3437 1912 cum
3477 1862 3738 1917 adulteria

2145 1958 2427 2027 portionem
2454 1963 2594 2007 tuam
2622 1953 2840 2024 ponebas
2866 1951 3037 2022 (Psal.
3066 1967 3210 2017 xm,
3234 1952 3318 2015 l7,
3348 1953 3459 2019 18).
3492 1953 3566 2006 Et
3593 1953 3735 2009 infra

2146 2048 2453 2103 manifestat
2473 2057 2527 2101 et
2554 2045 2871 2115 comprobat
2910 2043 3103 2098 Paulus
3146 2044 3416 2111 apostolus
3449 2044 3644 2115 (Rom.
3683 2060 3735 2113 ι,

2146 2141 2237 2210 ’52)
2270 2147 2441 2194 morte
2466 2138 2657 2208 dignos
2686 2151 2805 2192 esse
2832 2144 2887 2190 et
2911 2134 2976 2190 ad
3002 2151 3210 2205 ptenam
3241 2136 3445 2201 venire,
3471 2152 3581 2190 non
3613 2148 3738 2192 tan-

2147 2242 2256 2285 tum
2301 2230 2421 2284 illos
2450 2230 2541 2299 qui
2570 2228 2709 2283 male
2750 2227 2986 2293 faciunt,
3017 2230 3109 2282 sed
3153 2229 3313 2282 etiam
3353 2244 3445 2283 eos
3475 2230 3572 2299 qui
3608 2231 3737 2285 talia

2146 2323 2426 2393 agentibus
2442 2322 2811 2376 consentiunt:
2831 2319 2923 2390 qui
2945 2336 3064 2375 cum
3091 2321 3247 2376 malis
3266 2331 3317 2375 et
3337 2324 3737 2391 peccatoribus,

2147 2424 2201 2468 et
2223 2412 2587 2483 paenitentiam
2614 2427 2715 2467 non
2734 2412 3014 2481 agentibus
3037 2411 3220 2465 illicita
3245 2413 3737 2469 communicatione

2151 2506 2464 2573 miscentur,
2490 2503 2799 2559 nocentium
2829 2503 3163 2558 contactibus
3185 2502 3521 2571 polluuntur,
3537 2514 3589 2558 et
3607 2504 3733 2559 dum

2143 2597 2444 2666 junguntur
2483 2595 2536 2649 in
2577 2593 2755 2663 culpa,
2784 2593 2861 2647 sic
2892 2608 2990 2648 nec
3028 2594 3079 2647 in
3115 2608 3267 2662 pmna
3300 2605 3645 2663 separantur.
3674 2601 3736 2652 At

2152 2688 2273 2740 isti:
2298 2684 2403 2741 Sed
2427 2699 2531 2738 non
2556 2683 3225 2753 conscntimus,inquiunt,
3247 2682 3582 2740 damnationi
3607 2701 3737 2741 tuor-

2152 2787 2382 2832 tuorum.
2415 2777 2459 2831 0
2490 2774 2834 2831 intolerabile
2872 2776 3099 2830 malum!
3131 2775 3174 2830 0
3204 2776 3502 2832 inauditum
3543 2792 3738 2847 appro-

2152 2870 2356 2925 brium!
2393 2884 2498 2925 non
2529 2868 2835 2924 consentire
2873 2870 3024 2938 quasi
3056 2868 3255 2935 verbis,
3287 2869 3621 2925 damnationi
3657 2870 3737 2924 di-

2152 2971 2300 3027 cunt,
2328 2971 2383 3017 et
2409 2959 2753 3018 consentiunt
2779 2961 3053 3030 operibus,
3076 2961 3219 3030 quod
3237 2960 3478 3016 deterius
3505 2972 3609 3030 est,
3644 2980 3737 3020 es-

2153 3054 2399 3110 secrabili
2423 3052 2785 3107 communioni
2806 3069 2821 3117 ;
2849 3066 2969 3107 cum
2990 3053 3157 3121 magis
3178 3053 3507 3109 cumulatior
3527 3066 3744 3115 maneat

461 3131 835 3204 οΡΡοιιθηάυαι
876 3139 1049 3199 Dum"
1097 3127 1201 3182 hoc
1252 3126 1505 3195 adiuvare
1545 3124 1678 3178 ⁸³³⁸⁵
1720 3137 1824 3175 "0"
1864 3135 2044 3190 P”55°°
2079 3137 2125 3200 C
2158 3158 2312 3214 pinna
2331 3142 2408 3197 eis
2424 3144 2512 3212 qui
2532 3151 2587 3196 ct
2615 3157 2719 3197 non
2742 3143 3379 3213 ignorantveritatem,et
3398 3156 3577 3201 tamen
3598 3162 3743 3203 com-

462 3223 591 3284 Nam
613 3233 668 3280 et
695 3222 867 3286 Core,
897 3230 953 3276 et
1001 3220 1229 3283 Dathau,
1262 3228 1316 3273 et
1360 3218 1560 3272 Ahiron
1583 3262 1595 3283 ,
1622 3230 1743 3270 cum
1770 3214 2051 3270 sacerdote

464 3318 641 3374 Aaron
669 3326 726 3372 et
752 3316 934 3386 Moyse
962 3314 1212 3369 eumdem
1259 3312 1429 3365 Deum
1461 3318 1754 3371 noverant,
1782 3307 1895 3376 pari
1937 3306 2051 3375 lege

465 3418 517 3463 et
542 3409 801 3477 religione
846 3406 1121 3469 viventes,
1154 3417 1317 3457 unum
1346 3411 1400 3456 et
1428 3416 1612 3454 verum
1646 3400 1809 3453 Deum
1840 3398 1929 3466 qui
1960 3410 2053 3450 co-

465 3498 654 3555 lendus
679 3509 840 3567 atque
878 3494 1213 3551 invocandus
1254 3494 1444 3559 luerat,
1478 3491 1841 3554 invocabant;
1874 3500 2049 3543 tamen

466 3595 586 3665 quia
632 3594 735 3649 loci
773 3594 855 3648 sui
900 3592 1258 3647 ministerium
1290 3588 1613 3659 transgressi
1662 3596 1847 3643 contra
1874 3588 2051 3642 Aaron

466 3685 828 3744 sacerdotem.
862 3684 953 3753 qui
996 3681 1357 3737 sacerdotium
1406 3678 1699 3750 legitimum
1743 3677 2054 3747 dignatione

465 3777 560 3832 Dei
592 3785 749 3847 atque
769 3776 1110 3831 ordinatione
1131 3780 1467 3845 perceperat,
1498 3770 1839 3828 sacriﬁcandi
1867 3770 1969 3826 sibi
1995 3772 2055 3825 li-

466 3869 693 3923 centiam
742 3868 1181 3932 vindieaverunt,
1241 3865 1496 3921 divinitus
1546 3865 1828 3934 percussi,
1868 3876 2055 3934 poenas

467 3961 643 4019 statim
677 3975 776 4029 pro
796 3960 995 4015 illicitis
1022 3959 1304 4014 conatibus
1328 3957 1712 4026 rependerunt,
1743 3970 1843 4011 nec
1868 3965 2057 4025 potue-

466 4058 593 4105 runt
641 4058 756 4104 rata
802 4065 922 4104 esse
966 4058 1021 4104 et
1052 4048 1315 4118 proficere
1360 4045 1622 4101 sacriﬁcia
1664 4045 1960 4115 irreligioso
2003 4056 2057 4099 et

468 4140 651 4194 inicito
677 4138 974 4207 contraius
1014 4137 1210 4192 divinae
1247 4136 1618 4206 dispositionis
1646 4134 1848 4188 oblata.
1883 4134 2057 4201 Quare

470 4228 559 4299 qui
582 4228 897 4293 Novatiano,
922 4228 1037 4283 sive
1060 4228 1270 4284 caeteris
1296 4227 1602 4297 huiusmodi
1631 4227 2054 4296 patrocinentur,

472 4321 666 4375 frustra
710 4320 1061 4374 contendunt.
1098 4320 1272 4387 Atque
1321 4329 1379 4373 ut
1409 4318 1577 4388 magis
1623 4317 1845 4387 intelligi
1879 4327 2058 4388 posset

472 4423 656 4467 contra
688 4408 997 4480 huiusmodi
1025 4408 1324 4477 audaciam,
1351 4424 1471 4479 qua:
1501 4412 1572 4464 sit
1601 4422 1825 4463 censura
1854 4407 2054 4475 divina,

2161 3234 2436 3288 municant
2452 3233 2692 3289 veritatis
2710 3234 2959 3289 inimicis.
2977 3232 3035 3290 Si
3051 3235 3191 3289 enim
3210 3236 3460 3290 haeresim
3482 3236 3744 3304 fecerunt,

2155 3320 2295 3378 sicut
2322 3323 2623 3390 docuimus,
2660 3324 2712 3377 hi
2747 3324 2940 3393 quibus
2969 3325 3404 3392 communicatis,
3434 3326 3741 3387 damnando

2155 3414 2305 3467 vivos
2327 3423 2380 3467 et
2406 3420 2679 3477 mortuos;
2711 3412 2757 3467 si
2792 3413 2859 3466 ad
2890 3413 3171 3469 haereticos
3201 3415 3471 3483 exierunt,
3499 3415 3744 3474 faciendo

2154 3503 2296 3574 quod
2325 3504 2584 3572 Acephali
2616 3505 2925 3568 voluerunt,
2949 3504 3189 3560 haeretici
3219 3506 3463 3575 proiecto
3502 3510 3744 3579 utri<que

2153 3595 2399 3650 admissis
2430 3604 2820 3650 remanserunt.
2863 3594 3143 3662 Quomodo
3190 3610 3319 3666 ergo
3344 3598 3435 3667 qui
3467 3598 3744 3656 haereticis

2156 3674 2575 3748 communicant,
2622 3684 2843 3740 haeresis
2889 3685 3115 3743 crimine
3173 3688 3343 3743 teneri
3373 3692 3747 3760 negabuntur?

2157 3786 2248 3831 aut
2273 3792 2375 3848 qua
2408 3776 2581 3831 fronte
2609 3776 2884 3831 catholica:
2925 3777 3320 3833 communicare
3340 3778 3440 3832 sibi
3462 3781 3745 3836 videntur!

2158 3874 2239 3925 An
2268 3868 2391 3939 quia
2439 3866 2773 3923 manufactas
2793 3866 3051 3922 ecclesias
3076 3868 3309 3937 palatino
3335 3869 3534 3925 suﬂulti
3558 3873 3742 3927 suifra-

2156 3963 2243 4033 gio
2287 3962 2523 4030 depulsis
2552 3962 2834 4018 catholicis
2881 3971 3259 4031 pervaserunt,
3306 3963 3427 4019 ideo
3450 3978 3547 4018 vos
3590 3965 3745 4021 ﬁdem

2155 4053 2472 4108 catholicam
2508 4068 2800 4123 pacemque
2830 4053 3191 4108 Christianam
3232 4054 3286 4108 in
3316 4055 3610 4123 parietibus
3631 4071 3745 4111 esse

2156 4148 2531 4203 arbitramini?
2573 4147 2630 4203 Si
2661 4148 2761 4203 hoc
2811 4147 3127 4217 opinamini,
3166 4146 3347 4202 audite
3395 4149 3539 4218 quod
3589 4150 3747 4205 etiam

2157 4248 2376 4293 sanctus
2410 4238 2644 4295 llilarius
2672 4239 2959 4308 episcopus
2997 4237 3275 4294 confessor
3297 4247 3352 4293 et
3374 4238 3569 4295 doctor
3593 4255 3747 4310 egre

2157 4328 2277 4397 gius
2303 4326 2623 4397 quibusdam
2673 4327 2939 4397 episcOpis
2984 4338 3228 4398 tempore
3255 4326 3554 4385 Constantii
3584 4333 3748 4400 impe-

2157 4419 2373 4487 ratoris,
2420 4433 2525 4487 quo
2573 4419 2650 4474 sic
2700 4420 2883 4474 Ariani
2933 4419 3033 4474 sub
3089 4420 3302 4476 nomine
3330 4423 3477 4491 pacis
3507 4432 3565 4478 et
3611 4424 3748 4493 regis

471 4504 771 4560 invenimus
799 4503 847 4557 in
882 4502 972 4557 tali
1002 4502 1239 4557 facinore
1261 4516 1369 4557 non
1398 4502 1569 4556 solum
1593 4501 1757 4557 duces
1782 4510 1837 4556 et
1866 4512 2051 4558 aucto-
2084 4505 2137 4566 Ι)
2162 4518 2503 4578 pervaseranl
2548 4512 2826 4565 universas
2853 4526 2985 4580 pene
3006 4511 3167 4567 totius
3184 4512 3329 4567 orbis
3354 4514 3554 4570 locales
3576 4516 3749 4570 eccle—

473 4612 579 4664 res,
612 4596 707 4652 sed
733 4606 787 4652 et
809 4595 1111 4668 participes
1129 4594 1302 4664 positis
1325 4594 1605 4661 destinari,
1632 4593 1733 4647 nisi
1761 4609 1820 4649 se
1842 4607 1875 4647 a
1906 4607 2056 4648 com-

473 4690 728 4743 munione
782 4689 1043 4743 malorum
1102 4686 1513 4757 separaverint,
1566 4686 1909 4755 praecipiente
1963 4700 2060 4755 per

473 4780 688 4847 Moysen
723 4779 970 4845 Domino,
1010 4788 1064 4834 et
1105 4777 1359 4834 dicente:
1389 4777 1718 4844 Separaun'ni
1757 4794 1789 4831 a
1828 4776 2058 4832 taberna-

474 4873 599 4927 culis
631 4872 891 4926 hominum
918 4872 1137 4925 istorum
1158 4872 1571 4935 durissimarum,
1596 4878 1644 4923 et
1670 4871 1824 4923 nolite
1853 4880 2058 4940 tangere

473 4962 534 5017 ab
564 4963 797 5016 omnibus
842 4978 956 5031 qua
981 4972 1097 5016 sunt
1126 4964 1219 5029 eis,
1254 4974 1315 5016 ne
1344 4961 1500 5016 simul
1532 4962 1748 5030 pereatis
1771 4962 1824 5014 in
1854 4970 2058 5031 peccato

474 5068 647 5107 eorum
689 5052 877 5124 (Num.
921 5067 1027 5119 XVI,
1066 5052 1193 5121 ‘26).
1246 5052 1313 5106 Et
1352 5052 1493 5121 quod
1559 5052 1917 5111 comminatus
1960 5062 2060 5121 per

476 5143 692 5214 Moysen
734 5141 987 5199 Dominus
1028 5142 1202 5197 fuerat
1246 5142 1490 5212 implevit
1525 5159 1539 5194 :
1572 5152 1629 5197 ut
1666 5141 1905 5211 quisquis
1924 5156 1991 5198 se
2027 5157 2057 5197 a

476 5236 633 5298 Core,
678 5244 734 5289 et
768 5234 1003 5302 Datban,
1034 5242 1088 5288 et
1129 5234 1325 5289 Abiron
1372 5246 1475 5289 non
1512 5242 1846 5303 separasset,
1876 5248 2059 5305 pmnas

475 5323 654 5379 statim
681 5338 777 5395 pro
795 5324 955 5395 impia
973 5325 1350 5406 communione
1373 5325 1729 5395 persolveret.
1751 5326 1867 5393 Quo
1887 5339 2061 5381 exem-

486 5534 491 5537 ‘
545 5538 573 5568 ι
597 5528 655 5583 In
682 5527 784 5584 hoc
802 5526 1056 5598 Cypriani
1088 5526 1397 5589 testimonio
1413 5524 1695 5582 Facundus
1718 5524 1894 5594 aliqua
1920 5538 2055 5595 pra:-

475 5600 744 5663 lermittit,
774 5601 939 5654 verba
969 5601 1129 5653 etiam
1148 5608 1339 5653 mutat.

514 5682 521 5694 '
548 5679 575 5706 ι
604 5670 788 5736 Cypr.,
820 5670 1139 5725 ordinatione
1161 5668 1462 5724 succidanea
1484 5665 1807 5736 prwsidente,

548 5738 575 5780 δ
601 5738 880 5796 ﬁcduudat
907 5741 1036 5806 ipse.

2165 4605 2292 4666 sias,
2320 4602 2458 4657 sicut
2490 4616 2632 4658 nunc
2660 4603 2980 4674 Eutychiani
3002 4604 3116 4661 sive
3144 4607 3424 4677 Acephali,
3475 4609 3544 4664 de
3565 4608 3672 4664 hac
3695 4625 3752 4665 re

2165 4694 2384 4763 scribat,
2434 4704 2551 4764 post
2576 4694 2677 4748 alia
2730 4695 2943 4750 dicens:
2993 4714 3012 4747 ι
3043 4696 3148 4751 Oro
3200 4713 3316 4763 vos,
3362 4696 3629 4769 episcopi,
3661 4704 3750 4772 qui

2166 4786 2267 4842 hoc
2287 4801 2407 4842 esse
2430 4801 2527 4841 vos
2556 4786 2799 4852 creditis,
2829 4787 3151 4855 quibusnam
3175 4790 3444 4861 suifragiis
3461 4794 3528 4847 ad
3560 4797 3752 4864 pradi-

2163 4876 2388 4930 caudum
2421 4875 2772 4945 Evangelium
2800 4878 3027 4946 apostoli
3074 4879 3154 4933 usi
3189 4880 3349 4934 sunt?
3369 4882 3565 4950 quibus
3587 4886 3753 4955 adimi

2164 4967 2518 5037 potestatibus
2546 4968 2815 5026 Christum
2845 4968 3292 5038 praedicaverunt,
3318 4982 3621 5043 gentesque
3648 4977 3757 5033 fere

2162 5072 2352 5113 omnes
2399 5072 2467 5112 ex
2516 5057 2673 5112 idolis
2695 5057 2761 5111 ad
2815 5057 3097 5114 Dominum
3130 5063 3553 5117 transtulerunt?
3602 5068 3753 5121 Anne

2162 5148 2393 5219 aliquam
2445 5148 2544 5203 sibi
2576 5148 2924 5204 assumehant
2952 5164 2984 5205 e
3025 5150 3225 5220 palatio
3252 5151 3608 5222 dignitatem?
3648 5175 3668 5208 ι
3696 5158 3753 5209 Et

2161 5238 2327 5292 infra:
2365 5257 2383 5290 ι
2418 5238 2590 5295 Unum
2617 5253 2829 5304 moueo,
2863 5240 3055 5310 inquit,
3103 5250 3292 5297 caveto
3320 5242 3747 5308 Antichristum;

2163 5328 2302 5385 male
2323 5330 2466 5385 enim
2494 5342 2589 5383 vos
2620 5329 2883 5400 parietum
2908 5344 3062 5387 amor
3089 5330 3251 5402 cepit,
3281 5332 3423 5389 male
3453 5333 3751 5393 EccleSian

2242 5538 2262 5597 ξε
2288 5525 2475 5597 Cypr.,
2505 5528 2601 5581 sibi
2630 5530 2791 5596 foris-

2234 5595 2259 5633 ἀ
2287 5595 2416 5673 Qua:
2448 5597 2533 5673 hic
2552 5598 2763 5665 desunt,
2797 5598 2998 5656 videsis
3026 5598 3175 5671 apud,
3200 5598 3365 5671 Cypr.
3394 5603 3557 5673 epist.
3586 5600 3678 5658 76.

2237 5677 2259 5704 ⁸
2290 5668 2385 5721 Ms.
2396 5707 2411 5733 ,
2449 5668 2670 5736 futuros.
