1989 3175
150 153 200 179 877

150 209 195 236 1ὶυί
207 208 233 234 in
250 208 327 236 tectis
349 208 521 242 aedificiisque
544 210 718 244 veneramini,
735 210 803 236 male
824 210 875 236 sub
900 209 942 236 bis
955 211 978 238 Α

149 254 221 288 pacis
236 261 335 281 nomen
346 253 476 288 ingcritis.
490 255 566 282 Anne
577 255 729 290 ambiguum
745 260 786 281 est
797 254 822 281 in
832 254 874 281 bis
886 255 939 281 An-

148 300 299 327 ticltristum
323 307 383 328 esse
407 301 564 328 sessurum‘l
590 301 694 329 Montes
708 301 772 328 mibi
787 306 814 328 ct
828 301 901 328 silva}
914 304 942 329 et

147 347 231 380 lacus,
246 352 275 375 et
287 355 425 380 carceres,
445 352 474 375 et
488 348 630 382 voragines
646 353 708 375 sunt
720 348 841 375 tutiores.
855 348 883 375 In
899 347 941 376 his

147 394 218 421 enim
231 393 370 428 propheta:
383 398 461 420 erant
481 397 633 426 manentes,
656 397 683 420 et
702 393 797 428 spiritu
822 393 867 419 Dei
880 400 941 427 pro-

147 439 303 474 phetabant.
321 448 331 464 ι
349 438 412 467 Περ
426 438 533 466 interim
549 446 597 474 pro
614 438 745 466 brevitate
768 439 868 473 prolata
884 439 940 466 suf-

148 485 237 512 ficiant
253 483 416 517 testimonia,
430 484 555 519 quoniam
566 484 589 511 si
602 485 718 519 amplius
726 492 886 513 coacervare
898 486 939 513 vel

145 531 301 559 ratiocinari
315 531 458 564 vellemus,
488 532 633 566 legentium
659 531 769 558 forsitan
784 531 938 559 memoriam

144 584 332 605 oneraremus.
345 576 420 604 Nunc
431 576 485 611 jam
497 576 562 604 illud
576 583 682 612 quoque
690 575 810 603 breviter
819 582 941 603 comme—

146 630 253 650 morare
272 622 413 655 debemus,
423 622 494 657 quod
519 629 551 651 ex
566 621 635 649 beati
649 621 789 657 Augustini
804 621 941 654 opusculis

144 672 237 695 contra
259 668 411 695 Donatistas
435 667 542 702 scriptis
564 667 620 701 obji
639 667 708 700 iunt,
721 666 857 694 dicentes:
870 666 942 699 Dixit

145 719 251 741 sanctus
265 713 449 748 Augustinus:
467 713 538 739 Bona
552 716 594 740 est
620 719 686 747 pax,
712 711 807 739 habete
829 718 939 746 pacem;

145 759 214 786 bona
230 764 270 786 est
282 751 381 791 unitas,
399 758 501 794 diligite
512 758 652 790 unitatem.
670 765 722 785 non
735 757 869 785 scindator
882 756 941 784 uni—

143 808 195 832 tas.
211 803 265 831 Sed
285 804 344 831 haec
370 807 399 831 et
421 804 482 831 talia
505 803 606 839 egregii
632 803 752 830 doctoris
776 803 940 835 testimonia,

143 854 272 883 quantum
286 856 333 876 eos
347 848 519 884 suppEodant,
534 856 583 876 nos
599 856 664 877 vero
677 849 823 881 stabiliant,
837 856 939 883 nequa-

143 902 223 930 quam
245 895 420 930 perspiciunt.
443 895 472 923 Si
497 896 570 923 enim
597 896 641 923 isti
664 895 709 929 qui
731 895 788 922 lucc
803 899 896 923 contra
909 903 939 923 se
955 895 980 925 Β

143 940 233 974 potius
243 945 392 974 opponunt,
414 939 544 968 nolebant
557 940 682 967 scindere
695 940 839 973 unitatem;
851 941 872 969 si
890 948 940 967 no-

145 985 236 1013 lebant
257 986 355 1013 bellum
370 985 471 1013 inferre
492 986 632 1013 catholicae
656 985 793 1019 Ecclesiar,
809 993 857 1020 per
868 986 940 1021 quod

145 1039 197 1065 pax
220 1030 382 1064 violaretur;
406 1031 478 1066 quod
506 1031 532 1058 in
552 1038 583 1058 ea
595 1031 766 1065 invenerunt,
784 1031 833 1058 hoc
851 1032 941 1067 utique

143 1084 250 1105 scrvare
264 1082 291 1105 et
303 1077 418 1105 viriliter
436 1078 582 1110 custodire,
607 1078 675 1106 sicut
696 1084 779 1113 supra
802 1082 940 1105 estensum

145 1128 194 1155 est,
216 1123 376 1151 debuerunt.
401 1123 478 1157 Quod
505 1128 596 1152 autem
611 1123 667 1156 illa,
694 1128 741 1150 aut
754 1123 788 1150 ab
814 1123 859 1150 illa
886 1131 940 1151 non

142 1173 316 1203 acceperunt,
340 1172 467 1204 tanquam
485 1176 548 1196 vere
565 1169 673 1196 noxium
697 1173 724 1196 et
734 1168 834 1197 letbale
849 1168 941 1204 fugere

144 1221 294 1249 cavereque
308 1214 467 1241 debuerunt.
486 1213 552 1241 Nam
567 1213 691 1241 habenda
706 1218 748 1242 est
764 1221 825 1250 pax,
843 1221 942 1242 secun-

144 1260 206 1288 dum
234 1261 410 1295 apostolicam
433 1260 595 1293 doctrinam,
616 1268 677 1288 cum
693 1259 829 1293 omnibus,
843 1258 866 1287 si
883 1259 940 1287 ﬁeri

144 1311 245 1342 potest,
261 1307 425 1340 hominibus,
441 1314 493 1335 non
506 1312 595 1334 tamen
607 1314 668 1335 cum
676 1306 801 1334 omnibus
814 1305 939 1333 tenenda.

144 1353 283 1387 Siquidem
293 1353 371 1388 longe
379 1352 450 1380 aliud
465 1352 500 1380 sit
513 1352 613 1380 habere
627 1351 737 1386 aliquid,
752 1351 824 1378 aliud
836 1355 939 1379 tenere.

143 1398 200 1426 Non
216 1398 305 1426 solum
316 1397 399 1433 igitur
414 1396 672 1425 cum-schismaticis
686 1401 714 1424 et
734 1396 879 1429 haereticis.
891 1396 939 1425 sed

144 1445 225 1472 etiam
235 1451 297 1471 cum
310 1444 410 1471 .luda:is
425 1443 579 1471 carnalibus
598 1447 679 1478 atque
689 1442 800 1478 paganis
817 1441 940 1470 habenda

141 1493 186 1517 est
201 1495 261 1523 pax.
272 1489 326 1518 Sed
342 1490 384 1517 illa
399 1489 519 1525 profecto
533 1496 596 1525 pax,
613 1496 661 1524 per
677 1496 756 1524 quam
772 1495 819 1516 eos
830 1492 941 1522 exopta-

145 1542 203 1562 tnus
214 1539 244 1563 et
255 1535 378 1570 cupimus
391 1535 448 1563 Deo
459 1536 608 1570 acquirere,
629 1538 656 1562 et
671 1534 775 1561 veritati
792 1532 940 1568 unitatique

145 1583 249 1610 sociare
261 1582 416 1616 catholicae;
433 1587 542 1618 propter
553 1581 625 1617 quod
640 1581 723 1609 etiam
738 1585 768 1608 ut
779 1584 942 1608 convertan-
953 1583 979 1614 ρ

144 1633 197 1661 tur,
219 1629 368 1657 secundum
382 1629 537 1656 mandatum
554 1627 602 1656 Dei
617 1635 666 1663 pro
679 1627 720 1655 eis
741 1632 866 1653 oramus:
887 1631 940 1652 non

560 153 651 180 FEllll
666 153 767 181 .NDUS
787 152 956 180 [ΠΛΕΟΝυὸ
976 152 1150 180 (ΣΛΙΠΊΙΑΟ.
1172 168 1205 171 -
1225 152 1371 179 ΝΟΪῚΤΙᾹ.

1733 151 1785 178 ῖ78

993 209 1033 235 sic
1047 208 1161 236 tenenda
1172 213 1200 235 ut
1211 208 1243 236 ad
1255 208 1314 236 illos
1327 215 1375 235 nos
1390 214 1528 240 exeamus,
1542 207 1646 243 etquod
1660 208 1698 234 illi
1711 214 1784 241 sunt,

992 254 1044 282 hoc
1067 262 1115 282 nos
1130 262 1235 289 quoque
1259 253 1420 281 efficiamur.
1448 254 1567 288 Denique
1592 254 1662 288 quod
1694 254 1785 282 beatus

993 305 1159 340 Augustinus
1180 304 1287 332 dicebat
1306 308 1334 332 et
1357 303 1486 332 suadebat
1512 303 1668 338 Donatistis,
1685 303 1787 332 habere

993 359 1096 386 pacem,
1117 351 1230 385 dil3gcre
1245 350 1386 382 unitatem,
1399 350 1505 385 egregie
1521 350 1588 377 satis
1602 354 1630 376 et
1642 340 1787 377 salubriter

991 399 1114 427 dicebat:
1133 399 1205 434 ipsos
1219 398 1291 426 enim
1308 397 1443 432 cupiebat,
1460 397 1684 433 quemadmodum
1697 402 1723 424 et
1736 404 1785 425 nos

992 448 1069 481 istos,
1085 447 1211 474 damnato
1225 452 1318 474 errore
1328 452 1378 472 suo
1393 444 1426 472 ad
1441 443 1599 472 catholicam
1616 443 1714 476 redire,
1731 443 1785 470 sic-

991 498 1020 520 ut
1036 493 1063 520 in
1085 492 1176 519 multis
1191 491 1325 526 opusculis
1345 494 1439 518 contra
1469 496 1561 516 eorum
1585 488 1701 516 schisma
1717 488 1786 515 scri-

992 539 1044 573 ptis
1056 537 1265 565 luculcntissime
1282 536 1386 564 edocet.
1399 535 1456 563 Neu
1468 540 1497 561 ut
1508 535 1576 569 ipse,
1589 534 1783 569 autquisquam

991 585 1201 613 orthodoxoruut
1229 584 1331 614 relicta,
1346 582 1416 617 quid
1441 581 1522 614 absit,
1537 580 1679 611 catholica,
1697 579 1786 607 οπο-ἰ

991 638 1084 660 eorum
1099 630 1288 658 communione
1303 628 1430 662 sacrilega
1444 627 1613 655 misceretur.
1630 625 1686 652 Hoc
1697 629 1723 652 et
1737 632 1788 652 nos

992 677 1050 703 istis
1065 684 1126 703 cum
1149 683 1243 709 magna
1267 681 1333 708 pace
1359 674 1487 701 dicimus:
1514 673 1645 699 Damnate
1668 678 1788 698 errorem

992 731 1071 758 quem
1100 722 1252 754 induxistis,
1277 721 1379 748 auferte
1393 719 1573 747 damnationis
1594 718 1693 746 malum
1715 718 1786 752 quod

992 768 1130 801 intulistis,
1155 775 1202 802 per
1228 766 1298 801 quod
1320 771 1346 793 et
1369 765 1486 792 haeretici
1512 764 1585 796 facti,
1602 767 1631 791 et
1643 763 1787 790 haeretico-

993 821 1051 841 rum
1068 814 1186 840 fautores
1199 812 1357 845 exstitistis;
1373 817 1401 839 et
1423 811 1562 838 uobiscum
1579 817 1672 845 pacem
1689 809 1788 836 haben-

993 863 1043 890 tes,
1073 863 1100 886 et
1122 858 1191 885 sicut
1212 858 1314 893 pridem
1332 861 1463 889 tenentes,
1492 857 1634 884 universus
1648 855 1788 883 ltmreticos

993 904 1161 937 confudistis,
1175 908 1201 932 et
1215 903 1355 930 catholica:
1368 911 1416 930 vos
1428 902 1520 929 unitati
1533 901 1695 929 reddidistis.
1708 901 1788 934 Quis-

993 952 1054 985 quis
1081 950 1170 984 itaque
1195 949 1252 976 luec
1268 949 1344 983 legis,
1372 948 1508 982 el0qnium
1525 947 1580 974 noli
1594 953 1725 980 qua‘rere,
1742 946 1789 973 sed

992 1004 1036 1024 res
1051 996 1208 1031 pondusque
1221 994 1340 1022 veritatis
1351 994 1492 1029 diligenter
1507 994 1622 1020 intuere.
1640 992 1672 1019 Et
1685 993 1706 1019 si
1720 1000 1788 1026 prae-

992 1041 1171 1068 varicatorum
1187 1040 1376 1067 communione
1391 1039 1509 1074 pollutus
1520 1046 1573 1065 non
1587 1045 1627 1071 es,
1639 1045 1687 1065 ora
1703 1038 1787 1064 Deum

992 1093 1021 1114 ut
1042 1094 1213 1122 perseveres.
1234 1086 1263 1115 Si
1277 1093 1342 1114 vero
1365 1091 1410 1113 aut
1431 1086 1587 1120 ignorantcr
1600 1088 1647 1112 aut.
1660 1084 1789 1111 violenter

993 1133 1085 1167 lapsus
1099 1140 1140 1166 es,
1156 1139 1282 1167 reparare
1297 1132 1329 1159 ad
1350 1131 1510 1159 catholicam
1532 1131 1673 1158 veritatem
1697 1137 1790 1157 ret-ur-

991 1178 1076 1206 rendo
1091 1178 1197 1211 festina,
1213 1177 1429 1205 communionem
1444 1177 1502 1211 ejus
1511 1175 1688 1204 resumenda:
1703 1175 1789 1203 omni<

992 1224 1042 1252 bns
1052 1224 1183 1259 siquidem
1200 1224 1391 1258 pmnitentibus
1412 1224 1542 1257 promissa
1554 1227 1596 1250 est
1606 1223 1694 1250 venia.
1705 1222 1789 1249 Nemo

991 1270 1180 1305 desperatione
1200 1270 1346 1305 frangatur.
1362 1269 1457 1296 Nullus
1476 1268 1638 1303 serpentinis
1651 1268 1789 1302 deceptio-

992 1316 1071 1344 nEbus
1090 1316 1204 1344 ulterius
1219 1315 1371 1344 irretiatur:
1389 1314 1528 1349 quoniam,
1549 1314 1619 1341 sicut
1637 1318 1790 1348 transgres-

992 1362 1098 1391 s0ribus
1113 1367 1140 1390 et
1157 1361 1339 1396 imptenitenti
1358 1360 1441 1388 corde
1455 1359 1677 1395 permanentibus
1691 1358 1791 1393 sempi-

992 1412 1098 1436 ternum
1115 1415 1176 1435 cum
1192 1407 1300 1435 diabolo
1314 1412 1494 1441 praeparatum
1513 1410 1557 1433 est
1571 1405 1741 1440 supplicium,
1751 1405 1790 1433 sic

991 1462 1006 1481 a
1027 1454 1140 1481 Domino
1161 1454 1216 1481 Deo
1234 1458 1340 1488 paetum
1359 1452 1417 1486 ejus
1431 1451 1664 1483 conservantibus,
1687 1454 1715 1477 et
1729 1449 1790 1477 fidei

991 1499 1131 1527 catholicae
1155 1498 1327 1525 fundamenta
1345 1496 1569 1529 custodientibus,
1603 1495 1790 1529 novitatcsque

993 1545 1118 1580 profanas
1131 1543 1322 1574 devitantibns.
1336 1547 1465 1570 aeternum
1479 1545 1507 1570 et.
1519 1542 1577 1569 sine
1592 1540 1646 1568 fine
1668 1546 1790 1567 reserva-

995 1597 1050 1619 tum
1063 1596 1103 1618 est
1120 1591 1258 1626 praemium
1271 1589 1427 1625 gloriosum.

144 1701 1789 1740 W3—

797 1791 882 1814 ANNO
895 1791 1010 1814 DOMINI
1025 1791 1148 1814 DXLVII.

428 1901 932 2019 FULGEN'I‘IUS
967 1898 1497 2036 FERMNDUS,

324 2059 891 2135 iCARTHAGINIENSIS
928 2087 1224 2131 ECCLESIiE
1260 2085 1582 2128 DIACONUS.

765 2272 1177 2338 NOTITIA.

859 2378 909 2410 [Ex
929 2377 1078 2408 Gallundio.]

183 2461 205 2489 1.
221 2459 376 2495 Fulgentius
392 2457 554 2495 Fcrraudns,
570 2457 595 2495 si
606 2454 876 2495 Cltiftﬂetiutnnaudia-s
888 2454 940 2495 .(a),
954 2455 981 2485 D
994 2454 1342 2495 :l‘rasamnndiregisjussu
1357 2455 1645 2495 deportatossecntus.
1659 2455 1686 2483 in
1697 2463 1788 2484 emno-

142 2496 234 2526 saucti
249 2489 379 2531 Fulgentii
395 2494 541 2529 Ruspensis
548 2489 672 2527 episcopi
689 2491 848 2531 autaflincm
860 2489 942 2531 fuisse

132 2524 196 2560 iul
207 2524 485 2566 consati'guineuni,'et
501 2524 656 2564 prrenometi
669 2531 697 2554 et
709 2527 794 2566 salicti
819 2524 941 2560 praesulis

145 2567 269 2595 modeste
279 2561 323 2593 ab'
335 2573 369 2593 eo
381 2561 620 2593 commemoratum
639 2569 724 2598 genus
747 2561 850 2598 illustre
861 2566 943 2598 pene

143 2602 304 2639 persuadet.
317 2601 388 2628 Inter
401 2599 550 2639 discipulos
561 2595 652 2626 sancti
664 2595 941 2639 li‘ulgentli‘i\em‘inuit2

143 2631 230 2673 ﬁnem
245 2631 637 2673 proptereasuum'magistrum
646 2631 764 2673 appellat
775 2632 814 2673 (fi)
826 2640 832 2657 :
846 2631 942 2665 dignus

147 2668 229 2709 plane
243 2668 316 2700 tanto
329 2672 482 2709 institutore
506 2669 663 2709 discipulus:
677 2669 717 2709 De
726 2675 759 2696 eo
779 2668 854 2709 plura
871 2673 941 2709 [trar-

146 2700 234 2739 clare,
245 2712 274 2734 nt
288 2708 397 2739 assolet,
410 2706 524 2742 scriptor
534 2700 764 2742 eminentissimus
778 2700 814 2742 (ε)
828 2711 835 2728 :
852 2710 867 2742 ε
878 2700 945 2741 [ζει--

147 2744 261 2778 randus,
286 2742 383 2777 inquit,
407 2738 547 2769 Africanos
565 2742 707 2775 episcopos
736 2739 764 2766 in
791 2738 943 2766 Sardiniam

188 2852 226 2887 (ιι)
245 2852 334 2879 ctiam.
349 2851 452 2886 praefat.
465 2851 497 2878 ad
511 2850 580 2884 Opp.
596 2849 726 2887 Ferrand:

185 2884 226 2924 (ό)
245 2884 374 2917 Ferrand.
387 2887 465 2923 epist.
476 2887 504 2920 ‘2,
521 2887 601 2916 intra.
618 2892 678 2920 pag.
695 2884 757 2913 889.
800 2897 804 2901 ’

996 2491 1040 2518 bio
1053 2492 1086 2517 ab
1102 2491 1243 2518 exsulante
1253 2491 1349 2518 ibidem
1362 2496 1456 2518 sancto
1470 2491 1609 2525 Fulgentio
1621 2496 1787 2526 constructo,

997 2526 1155 2553 monachum
1172 2526 1267 2553 induit.
1284 2526 1420 2554 Hilderico
1429 2526 1571 2554 mitissimo
1582 2533 1643 2560 rege
1654 2534 1725 2554 anno
1735 2527 1789 2555 59.5

996 2561 1137 2597 episcopos
1152 2561 1184 2589 ab
1196 2561 1293 2589 exsdio
1304 2566 1458 2594 revocante,
1470 2569 1521 2589 una
1536 2569 1597 2589 cum
1609 2562 1749 2597 Fulgentio
1761 2563 1789 2590 in

997 2596 1113 2623 Africam
1129 2604 1266 2629 reversus,
1279 2603 1294 2623 a
1309 2596 1445 2624 Bonifacio
1460 2596 1787 2632 areltiepiscopo’tjartba-

995 2632 1123 2666 giniensis
1140 2632 1269 2660 Ecclesia:
1283 2632 1318 2660 ob
1332 2633 1457 2660 eximiam
1485 2641 1589 2660 morum
1605 2641 1637 2660 ac
1658 2632 1788 2660 doctrina:

996 2667 1181 2704 excellentiam
1196 2668 1324 2704 diaconus
1339 2668 1523 2704 inauguratus.
1539 2669 1658 2695 omnium
1683 2676 1789 2704 sermo—

997 2709 1031 2729 ne
1054 2702 1152 2736 ubique
1173 2703 1371 2731 celebrabatur.
1396 2702 1442 2731 Ille
1464 2704 1550 2731 sancti
1566 2703 1704 2737 Augustini
1732 2710 1788 2736 prae

996 2738 1102 2766 caeteris
1117 2738 1202 2766 libros
1222 2738 1319 2766 diurna
1341 2743 1526 2773 nocturnaque
1539 2746 1619 2766 manu
1644 2738 1789 2771 versabat;

1031 2846 1068 2881 (ε)
1088 2846 1177 2875 Noris.
1194 2847 1261 2875 Ilist.
1274 2852 1395 2874 eontrov.
1410 2846 1444 2882 de
1460 2854 1513 2874 uno
1536 2854 1569 2874 ex
1589 2846 1686 2875 Trinit.
1698 2853 1789 2882 passo,

993 2889 1019 2911 c.
1035 2885 1062 2917 9,
1073 2882 1142 2917 Opp.
1159 2888 1225 2912 tom.
1240 2882 1286 2915 Ill,
1298 2890 1357 2917 pag.
1374 2881 1436 2908 855.
