3978 6350
193 402 301 460 889

1391 401 1746 462 ΕΡίΞΤΟΙμέΕ
1786 401 1874 458 ET
1911 404 2294 464 OPUSCULA.

3377 426 3485 485 ϐω

197 514 443 585 cipiendo
475 513 610 582 patri
644 513 926 584 Fulgentio
956 515 1230 587 episcopo,
1265 516 1571 574 Ferrandus
1609 521 1788 576 tl'ico-
1823 516 1875 578 Δ
1901 522 2009 574 nito
2047 524 2154 578 Deo
2179 527 2356 580 carnis
2381 542 2492 582 sua:
2521 531 2799 588 materiam
2843 535 3202 607 ministrasse,
3247 548 3485 602 (300$!le

195 621 296 662 nus
331 606 381 659 in
415 605 640 659 Domino
663 607 915 661 salutem.

267 700 320 754 l.
352 699 450 766 Qui
484 700 714 754 terrenis
757 699 992 769 indigent
1023 701 1382 767 facultatibus,
1417 720 1515 759 nec
1553 707 1788 761 diuturni

191 791 376 859 operis
419 789 727 844 continuato
771 791 973 852 labore.
1024 792 1109 847 vel
1159 793 1398 848 honestae
1452 799 1584 850 artis
1631 798 1792 852 indu-

192 879 347 944 stria,
377 891 484 934 etc.
515 910 586 921 —
617 881 833 950 Reliqua
892 883 1074 937 videsis
1130 884 1262 937 inter
1311 885 1480 956 Opera
1524 886 1790 959 Fulgentii

191 979 319 1026 tam.
351 971 519 1040 LXV,
561 972 662 1029 col.
690 973 818 1028 378.

791 1107 1121 1163 EDISTOLA
1168 1109 1234 1165 ll.

268 1259 569 1316 Ferrandus
622 1261 919 1332 Fulgentio.
971 1265 1273 1329 attwstiones
1327 1271 1547 1338 quinque
1601 1285 1721 1336 pro-

880 1350 1093 1403 partem.

268 1486 493 1540 Domino
523 1487 832 1542 beatissimo
857 1496 913 1544 et
943 1502 1061 1543 cum
1089 1490 1233 1545 omni
1261 1490 1607 1546 veneratione
1636 1491 1794 1558 inspi-

186 1579 386 1635 ciendo
434 1591 620 1634 sancto
659 1583 794 1650 patri
836 1581 1118 1653 Fulgentio
1155 1585 1430 1656 episcOpo,
1475 1584 1780 1642 Ferraudns

188 1672 453 1727 diaconus
477 1671 530 1725 iu
563 1671 790 1730 Domino
826 1674 1077 1729 salutem.

272 1762 323 1815 l.
357 1761 513 1832 Sape
544 1764 711 1818 multa
742 1764 884 1818 volui
917 1764 1112 1820 affectu
1137 1766 1467 1836 interrogare
1494 1765 1736 1822 discendi
1770 1785 1783 1821 :

194 1851 291 1906 sed
320 1852 598 1908 absentem
630 1855 942 1922 magistrum
976 1856 1341 1925 frequentibus
1366 1857 1613 1926 epistolis
1637 1872 1784 1913 com-

193 1943 417 2013 pella-e,
465 1946 783 2013 portitorum
826 1945 1017 2000 raritas
1045 1961 1112 2001 ex
1156 1946 1368 2002 itineris
1397 1948 1784 2017 longinquitate

193 2035 490 2104 prohibuit,
519 2047 624 2092 etc.
658 2068 722 2078 —
750 2037 963 2106 Reliqua
989 2039 1174 2094 videsis
1195 2040 1326 2094 inter
1351 2040 1518 2111 Opera
1557 2038 1786 2112 Fulgen-

196 2128 274 2194 lt'i,
305 2138 426 2182 tom.
457 2127 614 2196 LXV,
640 2130 738 2183 col.
770 2129 895 2185 392.

759 2290 1094 2349 EPISTULA
1136 2293 1220 2348 ill.

440 2419 507 2457 AD
535 2419 840 2460 ANATOLIUM
867 2422 1128 2463 DIACONUM
1160 2423 1308 2463 URDIS
1337 2423 1516 2464 ιιοιιμε.

197 2516 276 2572 De
302 2517 498 2571 duabus
538 2519 592 2571 in
633 2518 840 2573 Christo
867 2522 1064 2574 naturis
1089 2537 1108 2575 :
1127 2531 1175 2576 et
1201 2525 1335 2592 quod
1365 2539 1499 2576 unus
1527 2523 1580 2577 in
1615 2522 1780 2577 Trini-

522 2598 641 2656 tate,
673 2600 820 2644 natus
841 2608 1117 2661 passusque
1145 2594 1249 2646 dici
1278 2595 1455 2663 possit.

269 2721 322 2776 l.
362 2719 489 2776 Post
513 2723 799 2792 epistolam
828 2723 966 2779 beati
1000 2740 1150 2794 papae
1197 2724 1413 2794 Leonis,
1455 2734 1509 2780 et
1547 2725 1782 2780 salubria

193 2808 652 2867 Chalcedonensis
687 2813 906 2868 decreta
943 2817 1180 2882 concilii,
1213 2830 1399 2872 sancte
1429 2818 1593 2873 frater
1641 2821 1784 2886 Ana-

193 2902 316 2963 toli,
345 2917 451 2956 non
484 2903 685 2974 indiget
718 2905 1031 2976 Eutychetis
1063 2906 1207 2974 ;olim
1256 2908 1508 2963 damnata
1558 2909 1782 2979 perﬁdia

193 2995 438 3061 pleniore
482 2994 847 3064 disputatione
890 2997 1160 3052 convinci.
1214 2998 1471 3068 Sepultus
1525 3015 1653 3070 ergo
1698 2999 1784 3070 ja-

193 3101 317 3144 ceat
346 3090 396 3145 in
419 3092 691 3146 cineribus
719 3094 830 3147 suis
861 3093 1104 3148 nefandae
1130 3094 1400 3151 hzereseos
1424 3097 1675 3166 profanus
1699 3097 1782 3150 in-

195 3192 410 3236 ventor.
442 3182 623 3238 Semel
655 3184 807 3238 illum
858 3184 1082 3240 fulmine
1128 3187 1486 3241 anathematis
1537 3186 1781 3255 judican-

195 3272 332 3327 tium
377 3273 716 3328 sacerdotum
766 3265 1032 3344 percussit
1090 3277 1416 3332 auctoritas:
1467 3277 1591 3347 quid
1644 3293 1779 3348 opus
1808 3270 1854 3331 C

192 3374 281 3417 eSt
307 3364 500 3418 iterum
547 3365 775 3421 cadaver
814 3369 1063 3422 exanime
1095 3369 1272 3438 gladio
1311 3370 1552 3424 veritatis
1583 3369 1780 3424 inﬁci?

193 3455 504 3510 Doctrinam
535 3457 692 3512 simul
724 3469 996 3514 carentem
1035 3463 1236 3516 lumine
1280 3477 1335 3514 ra
1365 3462 1502 3516 ionis
1536 3461 1780 3532 perpetui

192 3547 397 3601 silentii
454 3563 639 3603 carcer
692 3549 1005 3605 abscondat.
1051 3551 1320 3607 Interdum
1373 3552 1601 3621 pessima
1649 3551 1782 3624 dog-

189 3646 373 3699 mata,
406 3639 530 3692 dum
585 3641 734 3708 quasi
772 3643 1123 3713 expugnanda
1175 3642 1539 3712 proferuntur,
1570 3657 1781 3698 Veneno

187 3730 455 3800 pestifero
493 3733 819 3800 simplicium
879 3737 1041 3790 corda
1088 3737 1424 3804 perturbant.
1470 3735 1652 3791 Satius
1696 3746 1779 3791 est

188 3823 297 3877 ista
329 3825 558 3890 nescire,
586 3825 856 3893 ﬁdemque
877 3827 1199 3882 catholicam
1235 3829 1511 3898 supplosis
1541 3829 1778 3896 profanis

187 3913 524 3968 novitatibus
574 3917 940 3972 inviolabilem
980 3920 1252 3975 custodire
1285 3938 1299 3974 :
1346 3921 1687 3976 manentibus
1723 3923 1776 3976 in

186 4005 417 4074 pristina
451 4006 699 4064 ﬁrmitate
729 4025 848 4079 qua:
870 4021 992 4066 sunt
1030 4013 1197 4066 etiam
1234 4013 1586 4084 synodalibus
1612 4013 1775 4068 robo-

185 4106 304 4151 rata
345 4097 767 4156 deﬁnitionibus.
800 4104 903 4157 Aut
935 4103 980 4158 si
1015 4106 1183 4175 magis
1215 4105 1577 4160 necessarium
1623 4116 1775 4172 putas

183 4190 568 4246 itu-reticorum
638 4195 920 4251 mendacia
987 4212 1201 4266 semper
1258 4198 1479 4262 refelli,
1541 4198 1773 4267 linguam

184 4297 368 4336 meam
395 4284 654 4353 jussionis
681 4295 785 4341 ture
814 4289 1059 4343 clavibus
1081 4291 1229 4356 aperi
1255 4290 1574 4353 :fe~tinabo,
1605 4305 1776 4358 quan-

185 4385 303 4430 tum
333 4379 502 4448 gratia
535 4393 693 4446 posse
723 4376 1027 4446 donaverit,
1068 4382 1289 4436 obedire
1321 4383 1558 4436 suaviter
1605 4382 1774 4449 impe-

181 4465 355 4520 ranti.
406 4469 590 4523 Prtebe
626 4469 906 4524 dexteram
955 4470 1080 4526 boni
1139 4470 1356 4535 favoris,
1410 4481 1465 4525 et
1515 4472 1773 4525 orationis

179 4569 344 4611 scuto
391 4559 589 4614 nudum
635 4570 920 4629 protegens
965 4571 1172 4630 pectus,
1233 4563 1286 4615 in
1319 4577 1566 4630 campum
1616 4563 1768 4617 liberi

1895 617 2196 671 stantialem
2233 618 2420 674 Filium
2454 625 2607 678 matri
2666 625 2822 681 fateri
2877 631 3121 698 nolebat;
3165 643 3218 689 et
3264 649 3483 708 propter

1898 707 1998 763 hoc
2025 710 2273 769 sanciens
2293 715 2576 769 catholicze
2601 718 2822 774 unitatis
2860 721 3243 793 integritatem,
3287 707 3474 787 retorti

1895 802 2169 854 mucronis
2216 801 2411 872 impetu
2446 807 2626 872 noxio,
2658 807 2818 864 Verbi
2866 811 3127 870 incarnati
3176 818 3306 874 duas
3351 823 3477 878 sub-

1893 892 2116 945 stantias
2146 894 2366 949 credere
2413 894 2691 966 dubitans,
2742 917 2899 955 unam
2950 906 3158 971 penitus
3199 908 3478 966 abscinde-

1895 982 2005 1037 bat.
2035 985 2140 1040 Sed
2169 986 2258 1042 ille
2286 990 2374 1056 qui
2405 1004 2497 1056 per
2523 1005 2667 1043 arma
2692 991 2916 1060 iustitia:
2947 994 3133 1050 dextra
3162 1007 3218 1052 et
3259 1000 3475 1060 sinistra

1895 1072 2093 1147 pugnat
2139 1079 2191 1134 in
2226 1081 2360 1145 suis,
2392 1097 2548 1135 unam
2576 1084 2793 1152 quidem
2839 1087 3162 1142 sententiam
3212 1091 3476 1148 lethaliter

1894 1173 2189 1225 nocituram
2219 1175 2474 1229 continuo
2498 1176 2701 1232 viribus
2721 1188 3031 1234 evacuatam
3059 1181 3134 1236 sic
3154 1182 3474 1250 debilitavit,

1892 1272 1949 1316 ut
1979 1265 2062 1317 vix
2090 1265 2318 1333 aliquem
2353 1269 2511 1324 modo
2537 1272 2774 1340 reperire
2808 1275 3004 1342 possis,
3035 1277 3125 1345 qui
3159 1292 3353 1347 negare
3382 1294 3473 1332 au-

1891 1351 2016 1407 deat
2045 1353 2268 1409 Domino
2313 1357 2437 1412 Jesu
2471 1359 2683 1415 Christo
2714 1364 2939 1418 materni
2988 1369 3234 1432 corporis
3279 1369 3474 1425 verita-

1894 1453 2023 1500 tem.
2054 1443 2316 1501 Plurimos
2346 1463 2476 1503 vero
2519 1466 2759 1518 persona:
2805 1454 2961 1508 unius
3012 1455 3350 1525 singularitas
3404 1458 3474 1515 ab

1891 1537 2142 1603 Opinione
2196 1538 2421 1595 duarum
2490 1536 2906 1600 substantiarum
2967 1555 3130 1603 terret
3206 1550 3471 1606 incautos.

1892 1625 2142 1695 Utrisque
2171 1638 2346 1682 tamen
2373 1645 2469 1685 nos
2495 1633 2968 1701 propositionibus,
2988 1652 3055 1692 ne
3078 1641 3471 1709 contempsisse

1889 1728 2122 1772 vestrum
2153 1720 2426 1776 videamur
2457 1724 2762 1791 imperium,
2810 1728 3232 1797 respondemus;
3277 1742 3331 1786 et
3377 1746 3471 1787 se-

1887 1819 2116 1878 quentes
2143 1813 2380 1882 regulam
2428 1813 2664 1885 Patrum,
2711 1817 2805 1870 tibi
2839 1833 3050 1890 quoque
3082 1821 3360 1878 notissima
3395 1824 3470 1877 lea

1814 1903 1860 1964 Β
1890 1918 2116 1973 quemur
2138 1905 2410 1976 intrepidi.

1957 2013 2012 2067 2.
2057 2015 2200 2071 Bene
2237 2018 2383 2071 enim
2423 2016 2664 2087 peritiam
2699 2027 2840 2075 tuam
2873 2037 3032 2078 nosse
3070 2024 3303 2094 conﬁdo,
3338 2042 3468 2098 quo-

1888 2105 2028 2160 niam
2057 2107 2127 2173 si,
2161 2107 2453 2162 secundum
2485 2110 2628 2178 quod
2661 2111 2946 2169 hrereiicus
2986 2115 3183 2184 sapuit,
3233 2115 3342 2172 imo
3374 2136 3468 2187 po-
3517 2162 3519 2165 .

1887 2198 1994 2250 tius
2035 2197 2282 2265 desipuit,
2315 2212 2440 2254 caro
2475 2199 2628 2256 Verbi
2679 2203 2770 2258 Dei
2812 2207 3105 2261 secumlum
3132 2223 3344 2263 carnem
3378 2226 3466 2263 na-

1885 2289 2086 2343 scentis
2113 2305 2141 2343 a
2171 2305 2331 2344 carne
2362 2290 2590 2360 Virginis
2622 2295 2998 2362 pronuntiatur
3027 2309 3306 2364 extranea,
3352 2298 3468 2355 sine

1885 2392 2042 2431 causa
2087 2378 2254 2433 Filius
2306 2379 2423 2445 Dei,
2473 2381 2631 2434 etiam
2663 2382 2802 2436 ﬁlius
2846 2384 3075 2441 hominis
3112 2388 3282 2444 factus
3321 2405 3466 2445 asse-

1885 2469 2039 2526 ritur.
2067 2471 2347 2540 Quomodo
2376 2473 2515 2528 enim
2546 2475 2858 2531 naturaliter
2899 2477 3041 2533 ﬁlius
3084 2490 3165 2533 est
3209 2479 3463 2549 hominis,

1884 2563 1970 2631 qui
1994 2564 2252 2631 originem
2302 2581 2406 2619 non
2455 2565 2615 2622 habet
2643 2583 2708 2623 ex
2765 2566 3026 2623 homine?
3076 2568 3285 2624 Nullam
3338 2587 3467 2626 vero

1883 2653 2144 2723 originem
2191 2654 2352 2710 habet
2382 2670 2447 2710 ex
2499 2657 2738 2724 homine,
2788 2658 2834 2713 si
2878 2671 3171 2728 conceptus
3217 2661 3268 2715 in
3314 2672 3467 2717 utero

1884 2747 2130 2817 virginali
2173 2763 2387 2803 Carnem
2421 2765 2526 2803 non
2557 2751 2718 2804 traxit
2757 2767 2821 2805 es
2852 2753 3052 2806 cirne?
3082 2751 3305 2809 Constat
3335 2771 3458 2811 eum

1884 2837 2001 2893 sine
2030 2839 2234 2892 semine
2263 2839 2426 2908 patris
2452 2851 2688 2896 materna
2720 2842 2924 2898 viscera
2969 2833 3317 2914 fecuitdasse;
3367 2849 3465 2902 sed

1884 2932 2056 3004 qualis
2083 2933 2187 2986 erit
2228 2932 2409 2987 Maria:
2441 2933 2756 2998 fecunditas,
2801 2935 2848 2989 si
2896 2951 2998 2991 non
3031 2938 3103 2991 sit
3131 2953 3194 2993 ex
3226 2939 3313 2993 illa
3346 2956 3466 3009 quas

1886 3042 1981 3093 per
2021 3040 2138 3081 eam
2173 3026 2410 3079 nascitur
2451 3025 2615 3080 caro?
2656 3024 2870 3080 Verbum
2915 3043 3035 3082 caro
3065 3033 3254 3097 factum
3293 3040 3388 3100 est,
3418 3042 3464 3087 et

1883 3117 2126 3170 habitavit
2151 3115 2202 3169 in
2228 3116 2392 3183 nobis,
2444 3116 2676 3171 Joannes
2702 3116 2830 3170 dicit
2861 3119 3185 3189 evangelista
3227 3119 3377 3192 (Cap.
3412 3137 3454 3188 ι,

1883 3228 1932 3264 υ.
1969 3210 2076 3280 14).
2103 3209 2310 3277 ρυωτίε
2334 3209 2477 3263 unde
2509 3209 2702 3264 factum
2733 3219 2816 3264 est
2844 3213 3006 3265 caro?
3051 3213 3242 3268 Beatus
3273 3214 3466 3270 Paulus

1887 3301 2215 3374 inquisitioni
2264 3310 2366 3357 tute
2409 3301 2769 3370 respondeat:
2818 3300 3101 3374 Postquam
3143 3307 3271 3358 vati:
3301 3305 3468 3374 pleni-

1884 3397 2009 3450 tudo
2054 3397 2313 3464 temporis,
2361 3395 2497 3448 misit
2540 3393 2678 3449 Deus
2727 3392 2924 3448 Filium
2971 3413 3122 3450 suum
3171 3398 3360 3465 factum
3405 3415 3470 3454 ex

1884 3477 2094 3540 muliere
2119 3486 2260 3556 (Gal.
2294 3500 2370 3550 Iv,
2396 3484 2476 3554 4).
2529 3485 2717 3539 Filium
2769 3501 2896 3555 ergo
2925 3502 3080 3541 suum
3123 3489 3266 3542 misit
3301 3489 3463 3554 Deus,

1883 3579 1936 3634 id
1968 3589 2070 3643 est,
2103 3577 2332 3632 Verbum
2365 3593 2518 3630 suum
2549 3592 2764 3632 carnem
2799 3578 2923 3632 fecit
2957 3579 3125 3644 Deus;
3160 3581 3253 3634 sed
3284 3582 3464 3637 unde?

1883 3670 1962 3724 Ex
2016 3671 2259 3725 muliere.
2307 3670 2361 3724 Si
2413 3671 2574 3740 igitur
2619 3686 2683 3725 ex
2722 3672 2944 3726 muliere
2974 3672 3206 3728 Verbum
3235 3690 3359 3730 caro
3389 3675 3464 3730 fa-

1881 3775 2022 3818 ctum
2066 3772 2172 3829 est,
2224 3780 2352 3819 caro
2398 3764 2556 3818 Verbi
2604 3765 2964 3821 indubitanter
3007 3779 3217 3838 sumpta
3270 3778 3351 3824 est
3394 3769 3464 3826 de

1881 3854 2127 3910 muliere.
2159 3855 2342 3909 Mulier
2373 3855 2461 3909 hic
2498 3870 2711 3925 semper
2727 3856 2884 3925 Virgo
2917 3859 3102 3924 Maria,
3151 3875 3311 3915 sexus
3360 3876 3462 3916 no-

1879 3945 2024 3998 mine
2068 3944 2262 4000 mulier
2311 3956 2669 4014 nuncupatur,
2710 3962 2829 4015 quze
2877 3959 3155 4018 propterea
3188 3951 3335 4004 salvo
3367 3966 3464 4020 pu-

1878 4035 2011 4090 dore
2036 4037 2279 4106 concepit
2309 4047 2361 4091 et
2393 4038 2599 4105 peperit
2622 4037 2808 4102 Deum.
2840 4040 2961 4108 quia
2997 4041 3063 4094 de
3095 4056 3154 4096 ea
3178 4042 3460 4097 veritatem

1878 4128 2055 4182 carnis
2087 4128 2224 4183 Deus
2268 4127 2428 4182 homo
2458 4129 2622 4183 factus
2650 4129 2877 4198 accepit.
2927 4120 3176 4201 Alioquin
3226 4131 3271 4187 si
3305 4132 3466 4188 labri-

1876 4219 2018 4272 cavit
2045 4219 2147 4273 sibi
2171 4219 2393 4273 Creator
2415 4221 2674 4276 creandos
2707 4223 2832 4276 novi
2861 4225 3074 4292 generis
3102 4240 3342 4290 carnem,
3374 4227 3460 4282 vel

1877 4326 1940 4365 ex
1973 4310 2159 4374 nihilo,
2210 4312 2292 4365 vel
2329 4312 2472 4366 unde
2514 4314 2698 4378 voluit,
2753 4330 3012 4384 apparere
3058 4318 3236 4373 subito
3277 4319 3463 4375 debuit

1875 4401 2044 4455 oculis
2096 4401 2418 4466 mortalium,
2456 4409 2480 4438 ι
2513 4418 2671 4472 quam
2709 4404 2895 4460 decem
2928 4409 3206 4462 mensibus
3235 4409 3463 4466 tolerare

1878 4491 2023 4557 parvi
2057 4490 2262 4545 ventris
2307 4491 2619 4561 hoSpitium,
2655 4494 2806 4562 cujus
2836 4497 3187 4563 magnitudini
3221 4514 3326 4552 non
3350 4500 3462 4553 suf-

1883 4579 1992 4633 ﬁcit
2022 4581 2241 4635 cretum.
2293 4582 2432 4646 Quid
2491 4587 2850 4638 necessarium
2903 4585 3074 4639 fuerat
3124 4597 3179 4641 ut
3227 4588 3452 4658 Joseph,

176 4648 501 4704 θετωιῖίίηίε
527 4665 760 4714 mecum,
793 4655 834 4704 Si
872 4651 940 4705 Ῐω
987 4652 1182 4721 Placelo
1239 4651 1495 4721 egredere
1535 4669 1548 4706 ³
1585 4663 1770 4751 θοίνη
1803 4647 1855 4707 D
1880 4689 2112 4743 sponsus
2145 4675 2333 4740 ﬁdelis,
2367 4676 2552 4730 videns
2580 4677 2858 4745 conjugem
2902 4680 3280 4743 castissimam,
3312 4683 3463 4751 prius

177 4741 337 4796 acies
383 4742 596 4811 impias,
628 4758 816 4797 eorum
847 4744 936 4813 qui
980 4745 1120 4800 male
1160 4745 1323 4799 occisi
1357 4755 1621 4800 conantur
1669 4745 1774 4799 lia:-

174 4831 466 4888 rcditatem
493 4834 768 4891 vindicare
799 4835 1140 4903 damnosam,
1189 4838 1306 4891 sine
1353 4835 1534 4891 labore
1568 4852 1771 4906 pugna-

173 4923 352 4978 bitur.
386 4924 492 4980 Nec
516 4941 662 4981 arma
709 4938 834 4980 sunt
874 4927 953 4981 eis
987 4943 1147 4994 nova,
1195 4941 1293 4982 nec
1340 4927 1535 4980 castra.
1590 4929 1768 4982 Muros

169 5019 495 5085 apostolica:
529 5021 927 5088 praedicationis
977 5022 1081 5078 illis
1112 5023 1300 5076 volunt
1344 5022 1520 5076 adhuc
1549 5023 1772 5089 spiculis

168 5107 480 5172 debellare,
511 5126 634 5178 quae
665 5111 886 5179 signifer
933 5112 1309 5168 luercticorum
1338 5113 1567 5182 jactavit
1600 5115 1772 5168 inani-

172 5207 287 5252 ter.
319 5199 497 5267 przeda
529 5198 702 5255 factus
726 5201 1033 5256 volatilibus
1059 5205 1203 5258 creti.
1239 5203 1355 5256 Duo
1375 5214 1579 5268 autem,
1604 5219 1775 5273 quan-

168 5298 296 5342 tum
349 5289 597 5359 legimus,
653 5293 858 5348 erroris
904 5294 986 5347 sui
1034 5296 1134 5348 tela
1187 5295 1428 5364 portabat
1475 5295 1766 5367 Eutychos,

168 5379 326 5435 unde
352 5393 642 5439 exeuntem
673 5386 741 5441 de
770 5385 1044 5442 dominico
1099 5387 1264 5443 latere
1312 5399 1565 5459 tanquam
1613 5390 1770 5459 perﬁ-

166 5470 279 5523 dus
327 5470 483 5526 miles
531 5474 815 5530 vulnerare
867 5477 1117 5545 cupiebat
1171 5478 1495 5532 Ecclesiam.
1556 5479 1771 5550 Negans

166 5562 326 5615 enim
366 5561 586 5617 Mariam
614 5579 830 5635 semper
859 5569 1119 5637 virg‘nem
1161 5568 1331 5622 sancti
1368 5569 1603 5638 Spiritus
1635 5587 1769 5639 epe-

165 5659 338 5708 rante
361 5653 582 5725 virtute,
614 5658 885 5714 nascituro
906 5676 968 5715 ex
994 5661 1240 5716 humanis
1263 5662 1558 5717 visceribus
1585 5665 1767 5732 unige-

1880 4781 2039 4834 quam
2092 4766 2470 4832 convenirent,
2520 4766 2658 4821 efﬁci
2705 4768 3045 4836 genitricem,
3100 4773 3463 4840 suspicaretur

1881 4860 2222 4924 adulterium,
2252 4862 2373 4929 quia
2431 4861 2702 4915 nesciebat
2755 4861 2930 4915 adhuc
2987 4862 3206 4919 cmleSte
3266 4875 3464 4936 myste-

1883 4953 2053 5007 rium?
2078 4953 2250 5007 Fieret
2267 4953 2568 5023 unigi-nitus
2589 4955 2728 5008 Dens
2755 4954 2914 5010 homo
2938 4957 3079 5012 sicut
3103 4959 3217 5015 sine
3250 4960 3466 5017 homine

1881 5055 2052 5111 patre,
2095 5046 2163 5097 ita
2197 5046 2311 5098 sine
2349 5053 2540 5107 matre,
2597 5046 2640 5098 si
2673 5045 2800 5099 nihil
2831 5047 2879 5100 ei
2933 5050 3304 5119 accipiendum
3361 5052 3460 5109 fuit

1877 5150 1940 5188 ex
1974 5145 2161 5188 matre.
2198 5135 2414 5190 Veniret
2437 5135 2503 5188 ad
2538 5135 2673 5191 ﬁlios
2698 5136 2972 5193 hominum
3004 5142 3201 5196 nullius
3230 5142 3462 5198 hominis

1879 5225 2041 5287 ﬁlius,
2072 5226 2116 5279 si
2149 5225 2278 5279 nihil
2312 5227 2593 5280 habiturus
2643 5235 2786 5281 esset
2824 5243 3114 5286 commune
3160 5246 3282 5287 cum
3339 5232 3464 5288 ﬁliis

1877 5319 2174 5374 hominum.
2209 5319 2487 5389 chugnat
2520 5322 2683 5376 nimis
2738 5324 2835 5376 ista
2877 5326 3165 5388 sententia,
3222 5325 3460 5381 veritatis

1879 5411 2048 5480 pudor
2085 5411 2339 5480 opprimit
2369 5412 2799 5467 considerantem
2846 5413 3063 5467 diutius.
3097 5413 3258 5482 Virgo
3287 5415 3456 5468 ﬁlium

1876 5512 2095 5571 generat
2125 5502 2441 5557 mirantibus
2483 5503 2758 5568 onmibus,
2791 5511 2846 5557 et
2896 5503 3096 5556 sterilia
3134 5503 3463 5560 remansisse

1877 5606 2130 5662 putantur
2160 5597 2359 5650 viscera
2401 5597 2730 5665 generantis,
2788 5595 2911 5663 quia
2973 5594 3100 5647 nihil
3142 5609 3206 5646 ex
3250 5609 3308 5648 se
3339 5608 3465 5661 pro-

1875 5685 2105 5741 fundunt
2133 5688 2182 5739 in
2217 5689 2455 5742 membra
2508 5685 2812 5740 nascentis?
2866 5683 3035 5738 Teira
3070 5683 3263 5740 herbas
3295 5698 3461 5754 gene-

248 5853 269 5880 ⁸
317 5848 418 5908 ilic
442 5852 943 5928 subintelligendum
974 5869 1054 5915 est
1085 5863 1272 5932 potius.
1310 5870 1362 5917 ut
1389 5866 1586 5938 passim
1611 5865 1750 5936 apud
1783 5865 2032 5937 antiquos
2064 5863 2386 5929 scriptores.
