3978 6350
488 418 584 475 891

1384 416 1752 473 FULGLNTII
1794 411 2144 473 FERRANDI
2186 411 2456 472 DIACONI
2494 416 2846 475 CARTIIAG.

3682 425 3800 485 892

490 541 575 586 rat
615 531 979 596 insensibiles,
1035 528 1326 599 nullusque
1355 530 1435 586 eis
1488 538 1648 601 negat
1700 537 1929 587 terrente
1965 526 2091 583 sub-
2117 530 2165 587 A
2195 542 2284 597 per
2308 526 2475 582 Deum
2501 530 2615 583 coeti
2646 528 2798 600 (Gen.
2818 545 2964 597 sstv,
2990 529 3070 601 2).
3094 529 3306 589 Diceret
3350 533 3533 605 utique
3564 535 3799 609 :‘l‘ango

488 626 701 680 stantia:
732 625 1044 693 qualitatem
1077 641 1091 677 ε
1126 623 1294 679 Maria
1320 623 1517 680 Filium
1569 625 1662 681 Dei
1710 623 1969 693 concipit,
2000 621 2088 676 Fi-

490 713 618 769 lium
647 715 740 771 Dei
774 716 934 782 parit.
960 725 1018 771 et
1047 714 1099 769 in
1129 728 1195 768 eo
1221 729 1326 770 non
1352 713 1599 784 agnoscit
1632 730 1744 769 sua:
1773 712 2088 769 substantia:

491 806 908 873 proprietatem?
936 806 1296 862 Tolerabilius
1323 809 1564 876 profecto
1610 821 1839 876 peccare
1878 806 2089 876 judica-

489 896 652 967 bitur,
685 898 825 968 quod
858 898 1148 954 Dominum
1196 898 1378 954 Jesum
1418 898 1692 952 Christum
1741 898 1876 954 nihil
1924 912 2087 954 acce-

489 988 634 1058 pisse
665 991 945 1058 sttspieans
968 991 1037 1047 de
1065 991 1251 1054 Maria,
1281 1000 1422 1046 tacet
1450 992 1612 1046 etiam
1646 1004 1864 1056 natum;
1891 992 2090 1046 nativi-

490 1081 583 1133 tati
611 1081 756 1135 enim
790 1096 1035 1151 magnam
1070 1081 1193 1136 facit
1242 1080 1492 1152 injuriam
1514 1126 1529 1149 ,
1565 1083 1809 1151 quisquis
1851 1082 2088 1151 aliquam

492 1171 620 1226 facit
657 1172 799 1228 inter
824 1172 1184 1228 substantiam
1229 1173 1499 1244 gignentis
1546 1182 1601 1227 et
1631 1173 1795 1241 geniti
1828 1170 2086 1227 dill‘ereno

492 1262 657 1331 tiam;
722 1265 1086 1335 redarguente
1163 1264 1301 1320 hanc
1360 1266 1644 1333 pessimam
1702 1264 2087 1333 blasphemiam

492 1353 722 1409 Doctore
750 1356 1014 1425 gentium,
1051 1358 1141 1413 ubi
1170 1374 1313 1414 verte
1345 1358 1470 1414 lidei
1503 1360 1662 1414 titulo
1682 1360 1913 1415 clariore
1938 1358 2089 1431 prin-

489 1447 625 1512 cipia
653 1448 908 1518 Epistolas
932 1450 1239 1507 decoranda
1280 1467 1641 1522 cognoscens,
1691 1452 1796 1508 hoc
1833 1466 2092 1510 sermone

487 1538 654 1602 cm.»it
680 1539 955 1596 mdificare
986 1542 1295 1599 Romanos:
1329 1543 1530 1598 Paulus
1564 1561 1738 1599 servus
1780 1544 1907 1599 .lesu
1930 1542 2083 1599 Chri-

489 1632 578 1696 sti,
610 1643 819 1687 vocatus
845 1637 1132 1704 apostolus,
1164 1648 1463 1709 segregatus
1512 1638 1565 1692 in
1597 1635 1942 1707 Evangelium
1973 1636 2090 1704 Dei,

488 1722 626 1791 quod
651 1734 769 1777 ante
796 1727 1099 1794 promiserat
1132 1744 1223 1799 per
1250 1728 1528 1797 prap/tetas
1553 1746 1676 1784 suos
1708 1730 1763 1782 in
1803 1726 2092 1799 Scripturis

489 1812 678 1866 sanctis
699 1814 762 1867 de
784 1812 928 1869 Filio
958 1833 1073 1882 suo,
1104 1819 1193 1887 qui
1229 1820 1398 1888 factus
1420 1829 1494 1874 est
1522 1820 1570 1873 ei
1614 1836 1677 1874 ex
1703 1821 1895 1874 semine
1924 1818 2093 1873 David

2191 626 2377 687 pectus
2448 635 2626 675 meum
2682 620 3095 690 cogitationibus
3144 623 3348 679 sanctis
3406 625 3794 695 splendidum;

2190 716 2346 777 tange
2376 724 2564 764 manus
2591 709 2911 765 innocentia:
2935 710 3059 765 dote
3090 711 3416 784 locupletes;
3444 722 3599 786 tange
3627 730 3794 786 caput

2189 798 2386 853 nullius
2415 800 2705 855 obnoxium
2738 802 3001 858 criminis.
3032 802 3141 857 Cur
3185 804 3496 862 honestiora
3542 811 3795 866 membra

2189 892 2691 958 przetermittuntur,
2720 902 2775 947 et
2805 894 2905 948 sub
2923 896 3037 949 solo
3060 894 3267 952 femore
3283 898 3566 967 juraturus
3588 917 3794 969 ponere

2188 983 2531 1050 compellitur
2562 986 2817 1039 manum?
2841 987 3087 1056 Magnum
3119 989 3318 1059 aliquid
3346 992 3398 1045 in
3429 991 3533 1049 hoc
3578 992 3793 1050 femore

2191 1071 2389 1126 latebat
2418 1091 2433 1127 :
2466 1090 2591 1127 caro
2617 1075 2812 1143 quippe
2839 1074 3034 1130 Christi
3086 1078 3156 1132 ibi
3198 1080 3420 1146 latebat,
3453 1099 3573 1151 qua:
3606 1084 3790 1140 fuerat

2189 1178 2253 1219 ex
2286 1166 2408 1232 ejus
2439 1168 2735 1237 propagine
2763 1169 3053 1223 nascitura.
3090 1170 3380 1241 Propterea
3412 1184 3557 1231 tacto
3584 1177 3791 1234 {emero

2192 1257 2444 1312 terribilis
2468 1258 2736 1326 profertur
2748 1259 2950 1329 juratio
2979 1278 3073 1331 per
3104 1263 3269 1318 Deum
3303 1266 3463 1321 cmli:
3494 1268 3620 1339 quia
3652 1269 3791 1325 Deus

2190 1349 2309 1403 etnli
2329 1360 2443 1403 erat
2473 1350 2541 1403 ita
2563 1353 2853 1406 secundum
2877 1370 3093 1409 carnem
3129 1356 3452 1420 nasciturus,
3473 1358 3612 1413 sicut
3636 1361 3791 1415 nasci

2192 1442 2368 1496 solent
2391 1458 2526 1510 quos
2548 1446 2823 1512 generatio
2844 1448 3062 1499 nomine
3089 1446 3308 1503 femoris
3323 1448 3624 1518 signiﬁcata
3656 1466 3793 1506 con-

2194 1531 2393 1587 iormes
2418 1534 2600 1604 utique
2630 1534 2710 1589 his
2741 1535 2809 1589 de
2838 1537 3033 1605 quibus
3058 1537 3356 1592 formantur
3377 1540 3639 1610 assignat.

2262 1621 2317 1681 4.
2362 1622 2504 1678 Caro
2535 1625 2714 1696 itaque
2739 1626 2939 1682 Christi
2968 1627 3036 1682 tle
3066 1639 3237 1684 luntre
3281 1641 3494 1699 sumpta
3529 1640 3636 1695 est,
3665 1632 3803 1689 ideo

2194 1713 2421 1782 amplius
2437 1729 2562 1770 vera
2588 1726 2705 1782 est;
2739 1719 2833 1772 sed
2864 1719 3020 1786 plane
3040 1729 3224 1773 sancta
3250 1729 3353 1782 est,
3378 1721 3501 1790 quia
3529 1721 3791 1778 diviniu-

2197 1806 2264 1859 tis
2293 1804 2625 1861 adunatione
2653 1808 2904 1863 mundata
2942 1817 3043 1864 est.
3072 1809 3127 1864 lu
3153 1825 3319 1866 carne
3358 1813 3557 1867 Christi
3596 1825 3790 1869 natura

491 1905 769 1956 secundum
815 1921 1065 1969 carnem;
1103 1910 1190 1976 qui
1223 1909 1621 1977 prtedestinatus
1668 1919 1741 1963 est
1774 1906 1947 1963 Filius
1996 1907 2083 1963 Det

2198 1902 2282 1948 est
2311 1906 2509 1951 nostrae
2538 1898 2739 1965 carnis,
2771 1899 2864 1954 sed
2909 1915 3016 1955 non
3057 1901 3325 1970 repetitur
3352 1904 3511 1973 culpa
3558 1913 3790 1961 naturai.

489 1991 544 2042 in
572 1992 755 2047 virtute
791 1997 1076 2049 secundum
1122 1999 1361 2069 spiritum
1405 2000 1853 2063 sanctificationis,
1903 2015 1967 2054 ea:
2009 2016 2093 2053 re-

490 2085 803 2140 surrectione
852 2098 1172 2144 mortuorum
1231 2090 1359 2145 Jesu
1410 2091 1606 2147 Christi
1661 2090 1870 2146 Domini
1927 2094 2092 2147 nostri

490 2171 675 2237 (liam.
709 2191 757 2243 t,
803 2176 942 2248 1-4).

563 2266 618 2319 5.
686 2266 839 2323 Dicat
890 2284 1031 2325 nunc
1101 2272 1387 2328 haereticus
1445 2275 1719 2343 quomodo
1772 2274 1939 2330 Filius
1994 2278 2089 2332 Dei

492 2357 663 2413 factus
723 2372 807 2417 est
856 2376 922 2419 ex
989 2364 1197 2420 semine
1252 2366 1415 2420 David
1488 2368 1783 2425 secundum
1846 2384 2086 2423 carnem.

491 2452 692 2520 Joseph
732 2464 880 2510 certe
930 2456 1064 2511 nihil
1095 2459 1382 2515 seminavit
1428 2461 1479 2515 in
1524 2463 1710 2527 Maria,
1760 2464 1844 2518 cui
1894 2463 2091 2519 dicitur

491 2543 560 2596 ah
617 2534 853 2615 angeloi
907 2545 1140 2615 Spiritus
1196 2559 1407 2603 sanctus
1455 2553 1771 2618 supervmiet
1820 2552 1875 2605 in
1927 2563 1994 2619 te,
2041 2562 2090 2608 et

490 2634 648 2688 virtus
696 2636 943 2690 Altissimi
973 2638 1313 2693 obrumbrabit
1362 2640 1471 2693 tibi.
1499 2640 1674 2706 Quare
1701 2641 1953 2696 Christus
2007 2659 2075 2696 ex

491 2728 699 2781 semine
728 2728 891 2781 David
921 2730 1111 2783 iterum
1154 2730 1393 2788 dicitur?
1416 2749 1582 2801 quare
1613 2734 1904 2788 ille-natus
1947 2735 2090 2790 inter

492 2815 737 2872 homines
775 2818 890 2873 sine
930 2820 1164 2875 humano
1212 2823 1441 2889 semine,
1470 2824 1640 2878 factus
1667 2826 1864 2879 dicitur
1887 2841 1952 2881 ex
1995 2842 2084 2881 se»

492 2906 635 2961 mine
671 2907 868 2963 Dat-id?
899 2909 1013 2964 Non
1062 2912 1271 2978 leviter,
1306 2930 1477 2983 neque
1533 2916 1895 2984 perfunctorie
1952 2934 2089 2988 pra:-

491 2995 775 3053 dicationis
828 2999 985 3069 hujus
1027 3010 1244 3069 oportet
1285 3018 1387 3059 con
1425 3006 1635 3061 iderare
1667 3008 1946 3063 virtutem.
1972 3008 2085 3065 lle-

497 3102 616 3143 mor
663 3089 860 3159 quippe
913 3090 1202 3160 Apostolus
1244 3093 1506 3150 doctrina:
1549 3111 1661 3152 sua:
1709 3098 1957 3155 similiter
1978 3100 2086 3155 alio

491 3193 709 3248 quoque
770 3180 889 3237 loco
937 3181 1277 3239 Timotheum
1333 3186 1710 3243 charis~imum
1762 3189 2083 3259 discipulum

2196 1985 2285 2041 Sic
2311 2001 2441 2043 caro
2468 1988 2668 2045 Christi
2698 1990 2849 2046 carni
2879 1991 3062 2047 Mariae
3082 2003 3138 2048 et
3168 1992 3359 2049 similis
3387 2005 3471 2050 est
3489 2036 3508 2061 ,
3532 2006 3586 2051 et
3629 1998 3792 2053 αἱς»ρί-

2195 2079 2337 2135 milis
2370 2081 2602 2139 :similis
2629 2125 2646 2151 ,
2685 2085 2808 2154 quis
2833 2085 2956 2141 inde
2980 2078 3138 2142 traxit
3158 2085 3452 2158 originem;
3477 2090 3793 2157 dissimilis,

2192 2169 2315 2239 quia
2339 2185 2443 2226 non
2472 2172 2597 2228 inde
2620 2175 2890 2229 contraxit
2908 2176 3106 2232 vitiata:
3126 2178 3344 2246 originis
3357 2181 3741 2249 contagionetu
3772 2200 3790 2236 :

2192 2259 2405 2326 similis,
2428 2263 2708 2332 quoniam,
2734 2264 2859 2319 licet
2880 2264 3206 2321 voluntarias
3227 2309 3244 2335 ,
3268 2280 3439 2325 tamen
3474 2286 3638 2328 veras
3667 2288 3786 2328 sen-

2192 2349 2263 2404 sit
2294 2351 2673 2419 infirmitates;
2707 2354 2987 2411 dissimilis
3008 2398 3022 2420 ,
3054 2359 3306 2427 quoniam
3343 2362 3520 2416 nullas
3572 2365 3787 2431 penitus

2190 2457 2364 2512 neque
2394 2460 2489 2514 per
2518 2447 2868 2516 voluntatem,
2903 2463 3075 2519 neque
3117 2466 3213 2519 per
3248 2452 3605 2521 ignorantiam
3634 2470 3784 2511 cont-

2191 2541 2336 2599 misit
2366 2541 2672 2611 iniquitatcs
2698 2560 2712 2596 :
2739 2543 2948 2608 similis,
2980 2546 3102 2614 quia
3135 2546 3403 2615 passibilis
3430 2558 3486 2604 et
3505 2552 3795 2617 mortalis;

2190 2634 2491 2701 dissimilis,
2522 2638 2645 2705 quia
2677 2636 3166 2707 incoinquinabilis,
3191 2651 3246 2696 et
3273 2640 3590 2696 vivificatrix
3618 2645 3787 2698 etiam

2191 2738 2525 2784 mortuorum
2556 2748 2567 2781 :
2594 2730 2787 2785 similis
2812 2745 3034 2800 genere,
3061 2730 3339 2786 dissimilis
3368 2732 3562 2788 merito
3590 2751 3608 2787 :
3638 2737 3788 2789 sumi-

2191 2820 2256 2875 lis
2284 2822 2490 2890 specie,
2519 2821 2795 2876 dissimilis
2828 2823 3021 2878 virtute
3052 2841 3066 2875 :
3094 2823 3308 2889 similis,
3337 2825 3460 2892 quia
3484 2826 3788 2882 similitudo

2188 2923 2273 2969 Cal
2301 2913 2481 2968 carnis
2530 2915 2733 2983 peccati
2760 2958 2775 2979 ,
2806 2914 3017 2969 dicente
3056 2916 3318 2985 Apostulo
3372 2934 3386 2969 :
3422 2916 3560 2971 Deus
3588 2917 3789 2972 l'ilmut

2188 3020 2339 3058 suum
2364 3005 2500 3057 misit
2528 3006 2578 3058 in
2606 3006 2997 3059 similitudinem
3026 3007 3197 3060 carnis
3225 3008 3417 3074 peccati
3450 3009 3635 3077 (llam.
3672 3024 3787 3073 un,

2188 3097 2268 3164 5).
2296 3096 2435 3150 Ecce
2460 3107 2717 3166 quantum
2760 3112 2886 3152 caro
2925 3096 3123 3153 Christi
3161 3099 3381 3153 docetur
3415 3113 3441 3153 a
3475 3098 3640 3153 Maria
3664 3114 3786 3155 cau-

2189 3199 2303 3240 sam
2349 3202 2505 3241 nova:
2536 3190 2838 3243 exusteutia:
2869 3188 3190 3244 naturaliter
3213 3201 3457 3246 assecuta
3486 3191 3785 3245 secundum

490 3283 672 3326 monet
714 3290 726 3327 :
767 3272 966 3327 Memor
995 3286 1132 3341 esto,
1156 3277 1401 3347 inquiens
1422 3319 1436 3341 ,
1479 3277 1664 3333 Iesum
1712 3279 1975 3336 Christum
1998 3298 2079 3337 re-
2106 3279 2154 3341 ο
2185 3276 2586 3331 solemnitatem
2616 3288 2799 3346 partus
2833 3277 3073 3345 humani,
3097 3290 3432 3348 sequestrata
3463 3292 3785 3338 necessust.

489 3366 767 3418 surrexisse
795 3383 827 3419 α
856 3368 1069 3421 mortuis
1095 3385 1157 3423 ea:
1192 3371 1383 3425 semine
1405 3369 1572 3425 David
1596 3374 1876 3428 secundum
1909 3374 2082 3431 Evan-

486 3455 678 3525 gelium
733 3474 899 3512 meum
928 3457 1017 3531 (11
1048 3460 1185 3514 Tim.
1213 3478 1273 3527 ll,
1305 3462 1381 3533 8).
1412 3463 1542 3529 Quis
1583 3466 1806 3533 proinde
1850 3466 2079 3523 inseruit

487 3548 749 3603 uativitati
791 3550 906 3618 ejus
938 3550 1121 3607 semen
1154 3552 1319 3608 David
1352 3554 1404 3607 in
1430 3555 1728 3610 substantia
1772 3557 2081 3613 humanita-

487 3642 592 3696 tis?
626 3642 723 3697 Ubi
747 3646 919 3711 potuit
944 3645 1058 3699 fieri
1086 3644 1153 3700 de
1175 3646 1383 3701 semine
1404 3646 1569 3700 David
1591 3647 1614 3700 ?
1642 3647 1696 3703 Si
1718 3648 1835 3704 sine
1863 3648 2081 3706 homine

487 3742 647 3787 natus
690 3742 773 3788 est
806 3746 975 3802 patre,
1006 3751 1109 3803 qua
1157 3737 1363 3792 ratione
1410 3754 1539 3810 ergo
1595 3740 1745 3795 lieret
1776 3757 1841 3797 ex
1874 3738 2082 3799 semine

487 3820 676 3892 David,
711 3825 809 3878 nisi
853 3842 1071 3882 carnem
1122 3828 1448 3896 suscepisset
1478 3846 1543 3884 ex
1573 3820 1744 3887 matre
1765 3848 1885 3901 qua:
1917 3834 2082 3902 perti-

486 3914 647 3969 nebat
667 3915 733 3969 ad
760 3931 943 3971 semen
971 3918 1268 3973 David?De
1290 3920 1497 3974 semine
1526 3923 1668 3974 enim
1697 3921 1860 3975 David
1888 3923 2075 3987 Maria,

485 4014 543 4060 et
594 4006 661 4060 de
700 4003 863 4061 earne
916 4009 1096 4063 Mariae
1137 4009 1415 4076 Christus;
1449 4013 1695 4079 quamvis
1725 4013 1843 4066 sine
1871 4014 2080 4071 semine

488 4098 741 4161 maritali,
774 4109 952 4153 tamen
978 4116 1099 4154 cum
1128 4102 1451 4171 proprii-tate
1477 4113 1701 4159 naturae.
1724 4103 1946 4173 Propter
1978 4105 2080 4160 hoc

486 4188 767 4243 Psalmista
800 4200 981 4245 cantat
1020 4194 1337 4263 prophetico
1384 4195 1573 4263 spir'tu
1604 4213 1617 4247 :
1649 4192 1898 4250 Dominus
1940 4197 2080 4251 dabit

484 4280 884 4351 benignitatem,
940 4293 988 4336 et
1054 4293 1189 4338 terra
1243 4295 1417 4353 nostra
1466 4285 1605 4341 dabit
1657 4287 1884 4356 fructum
1928 4306 2080 4344 suum

484 4368 658 4444 (Psal.
680 4374 923 4438 uutv,l
936 4372 1012 4446 5),
1028 4376 1148 4444 quia
1171 4376 1223 4429 in
1246 4376 1525 4432 manifesta
1539 4377 1757 4432 carnisa
1776 4394 1835 4434 se
1847 4388 2079 4450 accepta:

484 4467 807 4534 substantia,
840 4468 1005 4524 Maria
1059 4471 1243 4540 genuit
1298 4472 1581 4527 Dominum
1640 4489 1819 4528 suum.
1847 4472 1979 4527 Nam
2033 4474 2077 4528 si

482 4556 698 4613 aliunde
726 4574 855 4614 caro
890 4559 1088 4615 Christi
1124 4573 1456 4627 nasceretur,
1492 4572 1655 4628 terra,
1686 4565 1738 4618 id
1764 4574 1848 4620 est
1878 4564 2071 4634 Maria,

2183 3367 2501 3423 concubitus
2528 3370 2808 3435 maritalis,
2831 3378 2888 3423 ut
2916 3386 3021 3425 non
3046 3371 3117 3423 sit
3139 3371 3356 3437 quidem
3382 3386 3514 3426 caro
3546 3376 3785 3442 peccati,

2184 3461 2305 3529 quia
2333 3472 2462 3513 caro
2482 3470 2564 3512 est
2588 3458 2711 3523 Dei;
2741 3459 2811 3513 sit
2841 3470 3019 3515 tamen
3040 3461 3331 3517 similitudo
3346 3463 3526 3517 carnis
3550 3466 3783 3532 peccati,

2184 3548 2309 3618 quia
2339 3548 2605 3602 veraciter
2656 3558 2777 3602 nata
2830 3560 2909 3604 est
2965 3550 3032 3604 de
3085 3566 3250 3607 carne
3297 3554 3554 3606 mortali:
3591 3557 3785 3609 merito

2185 3639 2345 3693 etiam
2376 3640 2650 3707 mortalis,
2680 3641 2800 3710 quia
2834 3642 3111 3695 materiam
3145 3643 3303 3695 traxit
3342 3643 3409 3696 tle
3435 3658 3611 3701 carne
3643 3662 3785 3699 mor-

2188 3730 2302 3784 tali.
2334 3731 2388 3784 lu
2418 3746 2583 3785 carne
2611 3728 2752 3785 enim
2792 3748 2896 3786 non
2947 3731 3193 3787 habentis
3230 3733 3449 3787 omnino
3481 3745 3785 3802 peccatum,

2188 3838 2284 3890 per
2310 3839 2469 3892 quatn
2514 3822 2733 3892 jauuatn
2778 3822 3079 3878 voluntaria
3105 3838 3248 3878 mors
3277 3824 3551 3891 introiret,
3592 3825 3696 3883 lliai
3724 3829 3787 3881 de

2183 3928 2345 3968 carne
2374 3914 2489 3984 ejus
2525 3924 2838 3969 nasceretur
2885 3915 2970 3969 cui
3009 3917 3179 3983 potuit
3208 3917 3380 3969 inesse
3415 3930 3706 3985 peccatum
3736 3929 3786 3974 et

2187 4020 2281 4072 per
2314 4013 2590 4072 peceatum
2626 4005 2811 4058 mors?
2834 4004 3049 4059 Plenius
3080 4006 3179 4059 hoc
3210 4005 3404 4061 lucidis
3437 4009 3783 4063 sermonibus

2184 4098 2538 4165 explicemus.
2570 4096 2709 4152 Caro
2733 4096 2930 4152 Christi
2984 4114 3090 4152 non
3136 4106 3253 4153 erat
3298 4099 3353 4152 in
3398 4100 3807 4169 iniquitatibus:

2184 4200 2445 4257 concepta
2479 4208 2492 4241 :
2526 4200 2743 4257 propter
2770 4190 2895 4260 quid
2932 4206 3060 4259 ergo
3083 4191 3449 4246 conditionem
3482 4195 3679 4249 mortis
3708 4196 3779 4248 ri-

2183 4279 2340 4335 detur
2367 4261 2624 4351 experta?
2647 4281 2923 4336 Manifeste
2944 4283 3161 4349 scimus,
3185 4297 3290 4337 non
3319 4284 3672 4349 necessitate,
3695 4284 3788 4341 sed

2185 4374 2457 4427 voluntate
2480 4388 2574 4442 pro
2597 4372 2751 4428 nobis
2780 4385 3049 4429 mortumn
3073 4374 3237 4430 fuisse
3272 4374 3460 4430 Filium
3492 4377 3611 4431 Dei.
3652 4380 3787 4433 Sapo

2182 4474 2303 4519 etus
2332 4474 2509 4519 tamen
2542 4465 2696 4520 testis
2724 4467 3107 4535 cstApostolus
3138 4468 3375 4535 veritati,
3407 4469 3684 4525 veraciter
3708 4470 3787 4524 di—

2182 4571 2315 4613 cens
2343 4574 2356 4610 :
2395 4556 2496 4611 Per
2528 4574 2685 4610 unum
2718 4558 2974 4613 hominem
3019 4569 3280 4629 peccatum
3301 4560 3513 4614 intravit
3542 4562 3601 4613 in
3635 4578 3787 4615 mune

481 4650 793 4707 nullatenus
838 4653 997 4708 daret
1038 4653 1265 4709 fructum
1306 4670 1485 4721 suum,
1527 4656 1623 4711 scd
1671 4658 1940 4721 alienum;
1976 4672 2073 4712 nec
2102 4658 2155 4722 1)
2180 4650 2326 4717 dum.
2348 4658 2394 4704 et
2421 4667 2512 4719 per
2530 4660 2794 4721 peccatum
2821 4667 2956 4706 mors
2983 4650 3360 4723 (Rant.v.L12).
3390 4651 3448 4707 la
3481 4653 3588 4707 ista
3620 4667 3788 4709 carne

484 4740 678 4797 iterum
710 4756 930 4800 sanctus
957 4745 1245 4814 Apostolus
1286 4761 1470 4800 semen
1523 4745 1752 4802 Abraha:
1801 4746 2078 4801 Christum

484 4848 606 4889 csse
631 4833 978 4902 significaret,
1012 4836 1084 4891 ita
1104 4837 1327 4907 loquens
1357 4856 1370 4890 :
1403 4838 1620 4892 Abrahw
1643 4839 1795 4893 dicte
1813 4850 1932 4893 sunt
1962 4856 2080 4905 pro-

506 4924 778 4989 nissiones,
810 4934 858 4979 et
901 4927 1084 4979 semini
1127 4930 1261 4999 ejus.
1288 4927 1411 4981 Non
1443 4929 1569 4983 dicit
1617 4944 1637 4984 :
1682 4940 1729 4983 et
1775 4930 2075 4999 seminibus,

495 5016 636 5084 μιαεὶ
664 5016 715 5069 in
742 5016 919 5069 multis
937 5033 956 5082 ,°
983 5019 1093 5083 sed,
1119 5030 1359 5091 tanquam
1405 5023 1457 5075 in
1496 5039 1596 5075 uno
1628 5041 1646 5079 :
1677 5034 1722 5076 rt
1752 5025 1932 5077 semini
1968 5034 2076 5091 tuo,

487 5105 623 5173 quod
648 5115 727 5180 est
748 5104 978 5160 Christus
1009 5107 1153 5179 (Gal.
1185 5112 1263 5178 Ill,
1300 5110 1413 5179 16).
1470 5112 1604 5179 Quid
1636 5115 1908 5181 apertius?
1938 5116 2077 5178 Quid

488 5194 1045 5251 evidentius?Nonne
1083 5200 1160 5253 sic
1203 5209 1256 5253 et
1305 5215 1489 5256 semen
1533 5202 1763 5258 Abraha:
1809 5205 2076 5273 Christus,

488 5286 755 5357 quomodo
782 5303 845 5342 ex
879 5290 1085 5345 semine
1118 5292 1281 5347 David
1321 5304 1540 5360 propter
1564 5295 1809 5360 Mariam,
1848 5312 1943 5365 per
1973 5296 2080 5351 bla-

495 5380 641 5444 riam,
666 5379 732 5433 de
761 5380 958 5435 Maria?
984 5382 1158 5438 Tollat
1187 5385 1377 5452 impius
1399 5384 1697 5455 disputator
1723 5386 1940 5442 Christo
1968 5404 2080 5442 ma-

494 5472 676 5527 teriam
699 5472 1066 5542 carnis,quam
1094 5476 1254 5529 Maria
1282 5478 1621 5544 ministravit,
1647 5489 1701 5533 et
1732 5479 1923 5535 doceat
1948 5496 2082 5547 quo-

486 5563 646 5616 modo
668 5572 946 5618 estsemcn
966 5565 1475 5630 AbrahaeChristus.
1499 5580 1591 5623 aut
1622 5571 1894 5639 quomodo
1914 5571 2083 5627 factus

483 5660 645 5706 estex
667 5655 869 5710 semine
887 5654 1071 5710 David.
1084 5654 1331 5727 Nunquid
1345 5660 1612 5726 superﬂuo
1627 5673 1961 5717 sacramento
1976 5679 2088 5719 ver-

486 5742 735 5798 naculum
761 5745 1033 5814 proprium
1064 5747 1231 5802 ﬁdelis
1249 5749 1515 5803 Abraham
1538 5753 1907 5823 constringere
1939 5756 2081 5810 ride-

489 5829 893 5902 batur,quando
926 5837 1113 5906 plenus
1138 5839 1263 5905 ﬁde,
1285 5844 1540 5911 praescius
1554 5843 1715 5899 etiam
1740 5843 2034 5901 futurorum
2065 5863 2077 5901 :

489 5916 660 5987 "me:
690 5924 885 5992 είθυίίῑ.
921 5942 1127 5983 "ianum
1164 5940 1303 5988 luam
1342 5934 1435 5994 sub
1471 5947 1640 6013 [mitur
1673 5965 1857 6015 meum,
1896 5960 1936 6001 at
1960 5942 2078 6012 jura

2184 4739 2681 4809 Christipeccatum
2727 4756 2833 4796 non
2878 4742 3112 4798 intravit.
3146 4742 3299 4799 Unde
3323 4758 3494 4811 mors,
3524 4734 3784 4814 quamvis

2184 4832 2482 4887 voluntaria
2529 4832 2891 4897 sultiotroivit,
2920 4836 3021 4888 nisi
3074 4835 3197 4905 quia
3243 4850 3367 4891 eum
3406 4837 3526 4892 sine
3554 4847 3787 4907 peccato

2160 4926 2334 4980 nasci
2363 4926 2541 4982 divina
2575 4926 2701 4981 fecit
2750 4928 3007 4997 potentia,
3028 4929 3146 4984 sine
3178 4940 3400 4999 peccato
3431 4943 3617 4987 autem
3644 4932 3788 4989 mori

2183 5016 2362 5071 divina
2395 5018 2520 5072 fecit
2546 5017 2950 5073 misericordia?
2984 5019 3363 5076 Verumtamen
3389 5025 3617 5091 perime
3637 5024 3789 5094 quod

2186 5108 2237 5163 in
2268 5109 2357 5165 illo
2381 5108 2479 5165 fuit
2502 5122 2737 5166 materna
2758 5112 3074 5179 substantia,
3097 5114 3240 5170 nullo
3261 5115 3451 5173 meliu~
3475 5116 3787 5173 documen-

2190 5210 2243 5254 to
2301 5201 2615 5271 probabitur
2664 5202 2913 5258 Christus
2946 5203 3199 5259 habuisse
3228 5220 3452 5262 carnem
3500 5208 3573 5262 de
3613 5220 3787 5265 matre

2186 5291 2421 5356 morta‘i,
2449 5292 2550 5348 nisi
2602 5308 2697 5363 per
2737 5295 3057 5362 supplicium
3090 5296 3300 5351 mortis.
3333 5296 3514 5353 Gratia
3560 5299 3660 5362 illi,
3694 5299 3787 5370 qui

2186 5383 2363 5438 carnis
2395 5385 2640 5439 humanse
2664 5387 3008 5457 suscipiendo
3032 5400 3271 5443 naturam
3305 5390 3425 5443 sine
3456 5392 3642 5460 culpa,
3673 5405 3781 5445 non

2192 5486 2367 5532 tamen
2418 5479 2536 5533 sine
2578 5494 2735 5547 pcnna
2774 5482 2983 5549 culpam
3017 5483 3246 5535 removit
3278 5500 3289 5534 :
3326 5497 3542 5550 paruam
3586 5484 3781 5546 finivit,

2188 5580 2241 5624 et
2290 5579 2534 5625 naturam
2576 5572 2810 5636 sanavit,
2838 5580 2894 5625 ut
2915 5574 3035 5641 quia
3088 5574 3367 5629 nobiscum
3398 5583 3482 5629 est
3505 5576 3559 5629 ei
3590 5584 3781 5629 natura

2188 5663 2507 5717 communis.
2531 5663 2823 5732 Oportebat
2845 5679 3073 5735 namque
3089 5663 3233 5731 eum,
3252 5666 3391 5720 sicut
3414 5668 3777 5730 sacerdmem,

2188 5752 2328 5821 quod
2374 5768 2466 5820 pro
2491 5754 2643 5807 nobis
2669 5754 2889 5810 oﬂ'erret
2912 5796 2927 5820 ,
2957 5771 2985 5807 a
3032 5756 3185 5810 nobis
3214 5758 3498 5825 accipere;
3530 5755 3579 5810 si
3600 5766 3778 5810 autem

2189 5862 2294 5897 non
2322 5846 2526 5911 accepit
2561 5861 2626 5901 ex
2660 5847 2823 5900 Maria
2862 5851 3041 5901 carnis
3071 5848 3381 5910 materiam,
3420 5863 3529 5902 non
3571 5847 3779 5921 accepit

2186 5952 2215 5991 a
2248 5936 2399 5993 nobis
2427 5938 2566 6009 quod
2598 5949 2779 6009 posset
2837 5938 2956 5994 effe:
2972 5953 3028 5995 re
3067 5953 3162 6009 pro
3202 5937 3385 6004 nobis;
3414 5946 3469 5993 et
3509 5934 3781 6009 quomodo
