3978 6350
182 329 291 387 893

1353 338 1715 399 ενιδτοωε
1746 339 1834 395 ΕΤ
1872 341 2251 405 OPUSCULA.

3356 372 3459 429 893

181 461 321 530 [ιιηεί
373 461 547 530 potuit
590 460 908 530 sempiterni
954 475 1179 516 munere
1208 458 1547 515 sacerdotis?
1573 458 1765 513 Sacer-
1794 457 1842 517 A
1874 458 2045 517 factus
2067 471 2153 518 est
2180 463 2340 522 homo
2364 468 2558 535 justus,
2590 477 2646 525 et
2681 469 2884 527 homini
2916 480 3190 543 peecatori
3215 488 3461 541 reconci-

175 552 287 607 doti
319 560 504 605 nostro
545 565 644 607 nos
670 552 905 618 Oportuit
931 550 1309 606 immolandum
1344 551 1455 605 Deo
1492 548 1764 603 victimam

175 643 341 707 dare;
374 641 540 697 Filius
583 651 761 697 autem
813 642 905 697 Dei
958 642 1131 698 Patris
1161 642 1492 713 unigenitus,
1521 644 1571 696 in
1602 656 1764 697 carne

80 784 97 795 .
178 736 390 791 mortali
412 736 666 792 sacerdos
695 747 877 792 noster
896 735 1144 802 effectus,
1171 750 1281 792 non
1304 751 1516 803 aurum,
1541 751 1648 791 non
1678 751 1762 790 ar-

177 837 420 896 genium,
454 843 561 881 non
589 828 857 883 hircorum
887 829 1226 898 sanguinem,
1249 829 1344 884 sed
1389 843 1584 898 corpus
1607 829 1765 883 obtu-

175 920 237 973 lit
262 921 559 989 proprium.
596 919 822 975 Victima
855 937 987 993 ergo
1014 932 1220 992 nostra,
1252 936 1451 991 corpus
1496 930 1582 977 est
1609 920 1759 991 eius;

176 1022 233 1068 et
257 1014 303 1067 si
333 1028 530 1083 corpus
560 1013 678 1082 ejus
705 1014 944 1083 accepit,
976 1030 1004 1068 a
1048 1015 1204 1070 nob's
1239 1014 1419 1082 itaque
1447 1028 1643 1082 corpus
1673 1028 1763 1067 ac-

175 1108 351 1175 cepit;
381 1114 435 1159 et
490 1105 591 1160 hoc
615 1116 741 1161 tunc
771 1108 1001 1176 accepit,
1032 1108 1250 1174 quando
1276 1122 1397 1162 eum
1426 1113 1612 1162 sancta
1655 1104 1767 1160 Ma-

177 1197 255 1252 ria
298 1199 564 1268 concepit.
618 1196 1099 1254 Cousubstantialis
1155 1198 1378 1266 proinde
1433 1198 1588 1253 matri
1640 1212 1763 1254 cre-

174 1289 383 1349 dendus
431 1299 555 1357 est,
590 1291 730 1345 sicut
783 1291 1257 1346 consubstantialis
1303 1298 1386 1344 est
1416 1288 1585 1344 Patri.
1614 1288 1763 1344 Con—

172 1379 545 1443 suhstantialis
597 1380 758 1434 etiam
829 1378 985 1434 matri
1044 1380 1206 1435 etiam
1274 1380 1430 1435 nobis
1490 1379 1760 1435 diabolum

175 1473 355 1528 vicit:
406 1471 529 1529 ideo
584 1472 653 1528 de
718 1472 1040 1541 captivitatis
1108 1472 1371 1543 profundo
1437 1480 1606 1527 totum
1671 1487 1764 1541 ge—

174 1580 278 1621 nus
304 1566 580 1621 hominum
614 1565 925 1621 misericors
950 1565 1203 1621 elevavit.
1244 1565 1425 1621 Victus
1454 1575 1538 1621 est
1564 1565 1760 1632 Adam,

174 1656 452 1712 blanditiis
506 1657 857 1712 muliebribus
900 1657 969 1711 de
1016 1657 1162 1728 ligno
1209 1660 1376 1712 vetito
1422 1658 1586 1713 edere
1639 1672 1757 1725 per-

171 1761 392 1814 suasus;
442 1747 570 1803 vicit
612 1747 878 1813 Christus,
911 1748 1092 1803 furore
1137 1747 1360 1803 Judaico
1404 1759 1460 1804 et
1504 1748 1759 1803 clamori-

1869 552 2027 609 liatus
2039 565 2120 610 est
2146 555 2305 612 Deus.
2325 556 2520 614 Factus
2536 570 2618 615 est
2640 561 2778 618 Deus
2808 568 2948 634 quod
2982 583 3086 623 non
3114 580 3250 637 erat,
3270 573 3457 639 homo;

1868 650 1923 695 et
1969 643 2139 698 factus
2192 655 2276 700 est
2322 645 2483 701 homo
2535 648 2782 706 similiter
2825 656 2965 721 quod
3022 673 3128 711 non
3176 663 3461 733 erat,jus-

1869 743 1973 788 tus.
2004 734 2057 790 Si
2088 745 2268 790 autem
2289 739 2466 806 iustus
2485 738 2623 795 Deus
2644 741 2713 797 ita
2734 742 2870 797 forte
2894 747 3043 802 tieret
3075 748 3234 805 ltomo
3253 754 3457 823 justus,

1869 834 1926 879 ut
1956 841 2059 880 non
2092 827 2209 896 ejus
2246 839 2390 885 esset
2426 831 2737 888 substantia:
2757 835 2910 903 cujus
2938 837 3109 893 fuerat
3131 842 3292 899 homo
3322 860 3453 913 pee-

1865 926 2161 983 cator,nec
2192 919 2410 976 haberet
2458 922 2656 993 aliquid
2706 929 2979 995 pr0prium
3033 930 3102 986 de
3152 934 3454 993 substantia

1868 1012 2187 1078 peccatoris,
2218 1011 2273 1067 in
2319 1024 2578 1069 aeternum
2629 1031 2927 1075 remaneret
2972 1023 3134 1078 homo
3183 1038 3454 1091 peccator.

1871 1100 2021 1155 Nunc
2052 1118 2178 1158 vero
2210 1118 2308 1173 per
2333 1105 2741 1163 similitudinem
2780 1111 3099 1169 substantim
3129 1115 3303 1171 euecti
3333 1133 3458 1186 par-

1868 1193 2055 1262 ticipes
2083 1194 2268 1262 gratiae
2286 1240 2301 1263 ,
2328 1195 2604 1259 iustiﬁcati
2630 1213 2818 1254 sumus
2838 1201 2891 1259 iu
2916 1203 3006 1256 illo
3034 1205 3312 1275 unigenito
3343 1209 3457 1266 Deo

1866 1283 1957 1351 qui
2004 1300 2102 1354 pro
2144 1285 2297 1341 nobis
2330 1286 2443 1343 ﬂeri
2479 1288 2643 1345 voluit
2674 1290 2835 1347 homo
2866 1293 3059 1349 similis
3088 1296 3266 1353 nobis.
3298 1298 3455 1356 Unde

1866 1376 2028 1432 etiam
2066 1378 2440 1436 sanctissimus
2486 1380 2682 1437 Paulus
2719 1383 3105 1445 incarnationis
3137 1395 3453 1462 mysterium

1867 1479 2133 1537 tractans,
2160 1472 2232 1525 ita
2262 1472 2332 1528 de
2361 1473 2578 1531 Christo
2606 1475 2842 1545 loquitur
2867 1479 2936 1535 ad
2978 1479 3269 1539 Hebrzeos:
3303 1483 3453 1541 Nus-

1864 1578 2019 1633 quam
2045 1564 2180 1616 enim
2205 1565 2414 1635 angelos
2440 1565 2798 1636 apprehendit,
2815 1570 2906 1624 sed
2926 1587 3094 1627 semen
3119 1574 3341 1630 Abrahae
3364 1595 3454 1646 ap-

1867 1654 2152 1723 prehendit.
2189 1654 2338 1709 Unde
2372 1656 2545 1712 debuit
2586 1675 2677 1729 per
2715 1662 2887 1715 omnia
2925 1664 3172 1733 fratribus
3204 1667 3453 1736 similari,-

1866 1754 1924 1798 ut
1948 1746 2232 1801 misericors
2262 1749 2405 1815 ﬁeret
2433 1760 2481 1804 et
2506 1750 2676 1819 ﬁdelis
2707 1753 2938 1821 pontifex
2962 1755 3032 1808 ad
3066 1754 3232 1810 Deum
3276 1768 3332 1811 ut
3369 1773 3453 1815 re-

170 1839 274 1893 bus
303 1840 359 1893 in
390 1840 629 1909 patibulo
651 1839 779 1910 ligni
809 1853 1124 1909 suspensus.
1155 1840 1291 1908 Quid
1341 1840 1561 1910 prodest
1586 1839 1755 1895 Adam
1790 1833 1833 1892 B
1861 1841 2157 1911 propitiaret
2189 1841 2374 1896 delicta
2404 1843 2584 1914 populi
2611 1843 2797 1915 (Hebr.
2840 1861 2898 1912 ιι,
2928 1845 2994 1898 lii
3017 1888 3034 1913 ,
3068 1848 3176 1917 l7).
3207 1850 3450 1917 Quis-ca-

151 1932 368 2001 .Christi
396 1933 635 1999 victoria,
660 1936 705 1988 si
735 1948 841 1990 non
868 1943 953 1989 cst
973 1934 1090 2002 ejus
1115 1932 1167 1988 in
1189 1932 1402 1988 Christo
1422 1933 1756 1989 substantia?

164 2033 224 2078 et
256 2023 530 2093 quomodo
558 2024 611 2079 id
646 2024 761 2080 ﬁeri
814 2026 1005 2094 potuit,
1045 2025 1147 2082 nisi
1193 2039 1319 2081 eum
1362 2024 1442 2082 sic
1483 2026 1761 2097 genuisset

166 2106 335 2185 Virgo
364 2117 549 2183 Maria,
578 2128 634 2172 ut
667 2117 928 2187 praeberet
954 2115 1005 2173 ei
1026 2119 1142 2173 sine
1170 2117 1451 2187 iniquitate
1479 2116 1756 2174 materiam

161 2210 367 2275 carnis,
402 2211 455 2266 in
486 2227 587 2282 qua
621 2212 767 2267 nasci
792 2212 1159 2281 temporalitcr
1185 2225 1365 2283 posset
1394 2222 1448 2270 et
1470 2212 1615 2282 pati?

237 2301 293 2357 5.
335 2303 425 2359 Sic
453 2304 696 2371 omnino,
723 2305 803 2361 sic
850 2306 1191 2362 sentiendum
1225 2307 1357 2363 tides
1386 2306 1642 2362 admonet
1664 2319 1757 2361 ve-

160 2404 249 2459 ra,
271 2390 541 2447 Christum
588 2408 785 2464 corpus
833 2382 1086 2452 habuisse
1115 2410 1324 2462 verum,
1355 2410 1466 2451 non
1510 2409 1753 2461 aereum,

160 2500 273 2539 non
305 2484 715 2553 phantasticum,
749 2503 855 2543 non
896 2487 1111 2544 aliunde
1162 2487 1594 2554 formatum,sed
1626 2502 1751 2543 car-

160 2591 364 2639 neum;
390 2575 455 2632 de
479 2592 646 2634 carne
668 2578 897 2649 Virginis
920 2587 1192 2648 sumptum
1218 2619 1236 2646 .
1269 2579 1399 2636 licet
1429 2594 1535 2635 non
1560 2593 1756 2637 carna-

159 2668 287 2724 liter
312 2675 635 2728 semiuatum
655 2715 671 2739 ,
701 2674 976 2729 rationalis
1002 2675 1194 2728 animm
1233 2673 1585 2741 inspiratione
1612 2673 1752 2728 vivi-

158 2763 407 2828 llcatum;
433 2764 545 2819 tale
588 2765 744 2835 quale
790 2780 891 2820 nos
940 2765 1220 2831 habemus,
1252 2766 1455 2835 absque
1498 2774 1748 2841 peccato;

158 2855 265 2909 tale
296 2854 349 2907 in
378 2870 487 2924 quo
516 2854 762 2911 diabolus
790 2855 1086 2924 falleretur,
1120 2865 1178 2911 ut
1198 2864 1387 2925 putans
1413 2870 1619 2923 escam,
1650 2855 1750 2909 de-

158 2943 377 3011 glutiret
396 2945 632 3001 hamum.
649 2945 902 3002 Diabolus
918 2948 1061 3003 enim
1085 2946 1189 3002 nisi
1216 2947 1423 3003 videret
1450 2946 1503 3002 in
1526 2946 1748 3002 Christo

159 3031 437 3088 Salvatore
483 3050 672 3091 verum
717 3050 917 3107 corpus
958 3047 1014 3093 et
1066 3038 1223 3093 matri
1268 3038 1745 3105 consubstantiale,

159 3138 263 3179 nec
315 3134 522 3183 tentare
567 3130 809 3197 auderet,
840 3144 940 3185 nec
961 3130 1230 3186 occidere.
1250 3131 1519 3187 Praeterea
1554 3131 1608 3186 itt
1638 3146 1746 3201 quo

158 3216 292 3272 nihil
320 3234 472 3274 suum
503 3221 736 3289 videbat,
768 3194 887 3292 ipso
914 3223 1140 3280 Domino
1169 3223 1445 3295 discipulis
1479 3225 1590 3279 suis
1621 3194 1746 3280 nar-
1775 3194 1820 3257 Ο

156 3325 315 3370 tante
347 3334 359 3368 ;
389 3313 519 3370 Ecce
539 3316 698 3371 veniet
718 3316 953 3387 princeps
980 3318 1156 3371 mundi
1179 3317 1336 3389 hujus
1359 3359 1375 3383 ,
1403 3328 1449 3371 et
1478 3319 1533 3372 in
1562 3334 1640 3371 me
1666 3319 1747 3372 in-

154 3406 321 3459 reniet
365 3405 493 3460 nihil
542 3406 721 3473 (Joan.
755 3422 866 3468 ιιν.
896 3406 1013 3478 50),
1070 3409 1257 3478 utique
1300 3409 1501 3477 peccati
1560 3425 1575 3464 :
1624 3424 1746 3465 nam

155 3501 315 3569 plena
342 3500 394 3553 in
423 3500 512 3553 illo
537 3500 636 3555 fuit
663 3509 852 3557 natura
882 3502 1087 3566 matris,
1133 3502 1189 3558 id
1233 3511 1315 3557 est
1345 3511 1560 3568 nostra;
1586 3518 1744 3572 quam

158 3592 310 3647 Velut
338 3592 438 3646 sibi
468 3592 665 3660 aliquid
697 3591 942 3659 deberet,
966 3593 1218 3663 antiquus
1248 3594 1337 3649 ille
1362 3594 1564 3661 peccati
1599 3595 1746 3652 fene-

162 3693 323 3737 rator
368 3684 579 3751 invasit,
613 3684 894 3751 cruciﬁxit,
919 3686 1154 3751 occidit;
1213 3696 1268 3741 et
1310 3700 1405 3755 per
1455 3686 1745 3741 indebitam

151 3772 523 3838 exactionem,
547 3774 802 3843 quidquid
828 3773 878 3829 ei
900 3774 1196 3831 debebatur
1223 3775 1403 3830 amisit
1430 3794 1443 3830 :
1480 3775 1623 3844 iuste
1669 3778 1745 3832 vi-

149 3876 280 3918 etus
319 3872 374 3917 et
399 3863 542 3931 iuste
569 3866 783 3933 punitus
808 3881 824 3932 ;
855 3868 978 3936 quia
1006 3881 1068 3922 ea
1113 3880 1243 3921 caro
1270 3866 1400 3921 vicit
1430 3867 1481 3921 in
1503 3868 1744 3936 Christo,

150 3968 280 4022 quas
317 3953 451 4009 victa
493 3954 665 4010 fuerat
703 3956 756 4011 in
809 3956 1003 4011 Adam.
1032 3957 1158 4012 Haec
1187 3972 1419 4027 namque
1450 3957 1549 4013 fuit
1593 3960 1749 4028 iusti-

149 4046 229 4099 tia
266 4046 388 4105 Dei.
427 4056 484 4099 ut
519 4060 613 4115 per
640 4048 787 4103 illam
820 4062 1037 4103 carnem
1071 4050 1260 4105 mortis
1290 4059 1476 4105 auctor
1505 4050 1748 4105 vincere-

147 4146 248 4191 sur
268 4138 324 4190 in
347 4136 761 4208 Christo,quam
783 4139 986 4193 vicerat
1002 4139 1056 4194 in
1071 4140 1239 4194 Adam
1258 4183 1272 4206 ,
1297 4150 1350 4195 et
1372 4141 1461 4195 illa
1487 4156 1611 4196 caro
1628 4140 1746 4195 sine
1768 4156 1771 4157 '

146 4240 383 4295 peccato
402 4238 725 4293 moreretur,
753 4239 810 4283 ut
832 4229 1102 4286 deleretur
1122 4244 1283 4287 omne
1310 4242 1607 4299 peccatum,
1626 4247 1747 4301 qua:

143 4319 338 4374 fuerat
354 4330 558 4375 mortua
581 4335 676 4390 per
694 4330 965 4390 peccatum
994 4321 1340 4376 :miraliliter
1354 4333 1608 4390 operante
1627 4336 1750 4391 gra-

144 4413 232 4467 tia
262 4412 581 4479 Salvatoris,
614 4422 672 4468 ut
697 4428 843 4469 mors
871 4429 1045 4482 pinna:
1069 4414 1270 4483 peccati
1300 4412 1564 4469 medicina
1596 4415 1752 4470 fieret

140 4514 351 4573 postea
395 4517 756 4574 peccatorum.
784 4506 1027 4562 Peccavit
1057 4507 1255 4573 Adam,
1286 4515 1341 4562 et
1364 4515 1608 4562 mortuus
1637 4516 1745 4571 est,

1864 1932 2013 2000 pituli
2038 1931 2197 2001 huius
2214 1933 2485 2002 explicare
2511 1935 2687 2004 dignis
2705 1938 3054 1993 sermonibus
3082 1941 3260 1997 valeat
3288 1943 3452 2000 intel-

1861 2021 2097 2078 lectum?
2128 2021 2314 2077 Debuit
2373 2025 2566 2095 inquit,
2590 2042 2681 2097 per
2716 2029 2891 2083 omnia
2929 2033 3181 2101 fratribus
3204 2034 3451 2095 similari.

1858 2115 1903 2169 0
1931 2115 2109 2171 stulta:
2155 2115 2377 2173 haeresis
2405 2117 2655 2188 imperite
2682 2119 2962 2180 defensor!
2996 2128 3267 2195 quomodo
3293 2141 3449 2197 pote-

1811 2228 1818 2235 -
1858 2207 1926 2260 rit
1946 2205 2194 2262 Christus
2222 2208 2483 2264 fratribus
2519 2210 2745 2266 similari
2792 2228 2888 2281 per
2918 2217 3121 2284 omnia,
3145 2220 3191 2274 si
3220 2220 3450 2279 dissimi-

1859 2296 1924 2352 lis
1976 2296 2150 2353 fuerat
2202 2298 2255 2353 in
2302 2300 2634 2356 substantia?
2663 2303 2944 2370 Quomodo
2975 2308 3172 2363 similis
3225 2314 3451 2370 omnino

1854 2389 1957 2445 erit
1988 2388 2041 2445 in
2070 2388 2388 2457 substantia,
2432 2391 2531 2446 nisi
2585 2406 2804 2449 carnem
2860 2398 3200 2467 suscipiendo
3228 2402 3295 2459 de
3322 2404 3439 2460 Ma-

1855 2480 1968 2535 ria?
2002 2480 2223 2535 Desinat
2260 2494 2357 2535 eor
2398 2481 2681 2550 profanum
2708 2484 2830 2539 talia
2855 2489 3124 2543 meditari.
3153 2491 3255 2557 Qui
3284 2504 3447 2566 negat

1853 2572 2123 2630 Christum
2154 2576 2267 2630 veri
2297 2574 2390 2629 Dei
2419 2574 2611 2631 Filium
2642 2592 2827 2633 verum
2857 2580 3138 2636 veritatem
3167 2586 3348 2641 carnis
3376 2588 3447 2644 de

1856 2679 1977 2723 vera
1992 2674 2162 2720 matre
2183 2664 2505 2720 mirabiliter
2524 2668 2903 2737 assumpsisse,
2927 2680 3094 2725 totum
3116 2675 3223 2727 vult
3240 2678 3445 2733 media-

1855 2758 1986 2812 toris
2031 2770 2304 2813 evacuare
2350 2758 2649 2827 negotium.
2676 2760 2936 2817 Mediator
2966 2764 3165 2834 quippe
3212 2783 3317 2821 non
3360 2777 3444 2827 est

1854 2847 1954 2904 nisi
1984 2849 2216 2905 duorum
2237 2890 2252 2915 ,
2279 2863 2417 2919 quos
2445 2862 2475 2903 a
2504 2864 2564 2905 se
2593 2851 2827 2909 invicem
2867 2864 3143 2923 separatos
3169 2866 3294 2913 tunc
3324 2859 3447 2928 ipse

1853 2940 2064 2995 medius
2104 2939 2385 2997 existendo
2424 2940 2523 2996 rite
2552 2955 2616 2996 ac
2656 2941 2883 3000 ﬁrmiter
2922 2948 3159 3015 copulat.
3191 2952 3236 3005 si
3280 2953 3442 3007 utris-

1850 3046 1957 3101 que
2004 3031 2077 3086 sit
2114 3031 2305 3087 similis
2352 3046 2447 3101 per
2483 3034 2858 3102 substantiam.
2891 3053 3026 3108 quos
3065 3041 3164 3097 sibi
3196 3043 3322 3101 facit
3348 3060 3444 3117 ap-

1852 3120 2215 3192 propinquare
2238 3136 2334 3192 per
2360 3124 2608 3191 gratiam.
2643 3125 2891 3182 Christus
2917 3140 3100 3185 autem
3128 3134 3222 3188 Dei
3257 3145 3312 3190 et
3343 3139 3441 3193 ho-

1852 3212 2058 3267 minum
2105 3212 2369 3269 mediator
2395 3214 2656 3284 existens,
2696 3216 2837 3272 sicut
2868 3217 2973 3275 Vas
3002 3222 3283 3283 electionis
3310 3228 3441 3285 iusi-

1852 3312 1977 3358 nuat
2006 3321 2019 3357 :
2048 3302 2191 3358 Unus
2219 3303 2375 3369 Deus,
2423 3321 2557 3359 unus
2584 3315 2630 3360 et
2666 3308 2921 3363 mediator
2949 3310 3047 3365 Dei
3079 3323 3127 3367 et
3151 3316 3437 3388 hominum,

1851 3395 2001 3450 homo
2024 3393 2256 3449 Christus
2275 3394 2424 3450 Iesus
2446 3395 2496 3466 (1
2524 3396 2655 3452 Tim.
2683 3414 2743 3467 ll,
2767 3400 2847 3468 5);
2872 3402 2918 3456 si
2941 3419 3048 3459 non
3070 3405 3149 3459 sic
3171 3417 3252 3462 e~t
3276 3409 3440 3468 homo

1851 3488 1920 3544 de
1943 3490 2180 3555 homine,
2220 3490 2492 3557 quomodo
2525 3491 2667 3547 Deus
2717 3492 2785 3549 de
2830 3494 2985 3549 Deo?
3011 3497 3056 3551 si
3087 3514 3192 3567 non
3239 3501 3319 3557 sic
3354 3512 3441 3559 est

1850 3582 2322 3639 consubstantialis
2351 3583 2550 3640 homini
2580 3587 2759 3651 matri,
2790 3592 3060 3657 quomodo
3089 3595 3439 3651 consubstan-

1853 3674 1996 3730 tialis
2025 3684 2109 3731 est
2140 3673 2252 3732 Deo
2277 3673 2455 3728 Patri?
2474 3675 2530 3728 Si
2561 3677 2854 3731 substantia
2910 3678 3029 3749 eius
3084 3681 3266 3738 divina
3316 3700 3439 3740 cum

1852 3766 1965 3821 Deo
1989 3768 2292 3821 communis
2322 3775 2426 3830 est,
2459 3766 2760 3822 substantia
2785 3784 2916 3825 vero
2944 3771 3175 3829 humana
3208 3791 3313 3831 non
3344 3793 3437 3846 pu-

1854 3866 1998 3913 tatur
2025 3873 2144 3912 eum
2188 3858 2494 3921 hominibus
2521 3874 2644 3913 esse
2666 3862 2989 3928 communis,
3017 3864 3286 3922 incassum
3331 3884 3439 3924 me-

1852 3949 2074 4005 diatoris
2113 3949 2199 4005 vel
2242 3964 2523 4018 personam
2555 3960 2753 4020 portat,
2782 3953 3123 4009 velot'tieium
3151 3959 3313 4026 gerit.
3340 3959 3437 4015 Ve-

1853 4052 2155 4097 rumtamen
2185 4042 2307 4113 quia
2337 4042 2417 4097 sic
2442 4051 2524 4099 est
2560 4044 2825 4100 mediator
2849 4054 2910 4100 ut
2938 4061 3098 4102 verus
3140 4048 3210 4103 sit
3236 4051 3440 4107 media-

1854 4142 1938 4192 tor
1959 4144 2015 4191 et
2045 4135 2191 4191 Patri
2213 4146 2268 4192 et
2313 4138 2495 4204 matri,
2527 4147 2582 4193 et
2621 4138 2730 4194 Deo
2775 4148 2825 4194 et
2874 4138 3181 4197 hominibus
3210 4147 3439 4200 consul).

1854 4228 2117 4287 stantialis
2146 4236 2267 4291 est;
2307 4242 2370 4283 ac
2419 4244 2513 4297 per
2562 4229 2665 4287 hoc
2714 4245 2819 4286 non
2862 4232 3052 4301 unius,
3092 4235 3185 4290 sed
3216 4235 3443 4293 duarum

1855 4317 2015 4387 plane
2038 4319 2458 4375 subsmntiarum
2484 4360 2500 4385 ,
2530 4322 2655 4390 quia
2699 4338 2971 4392 nunquam
2996 4325 3261 4382 mediator
3287 4329 3448 4387 unius

1856 4420 2032 4481 potest
2053 4425 2173 4467 esse
2202 4412 2535 4469 substantiae.

1925 4503 1979 4558 6.
2016 4502 2191 4569 Vide,
2243 4503 2406 4559 frater
2455 4505 2796 4561 sanctissime
2824 4546 2840 4571 ,
2883 4521 3045 4577 quam
3089 4506 3318 4563 latenter
3366 4510 3444 4564 al.

135 4612 460 4667 omnesque
484 4609 728 4669 poeteros
772 4614 899 4655 suos
940 4612 1156 4655 atteram
1184 4600 1373 4654 mortis
1401 4599 1752 4668 compedibus
1779 4569 1833 4632 D
1857 4597 2021 4652 terius
2046 4596 2360 4668 qumstionis
2391 4596 2551 4652 lintru
2590 4598 2905 4655 intravimus
2931 4642 2945 4665 ,
2975 4601 3089 4670 ipsa
3113 4603 3341 4657 veritate
3362 4602 3441 4671 ia~

132 4689 432 4758 alligavit;
465 4699 704 4745 mortuus
738 4700 821 4745 est
864 4690 1131 4757 Christus,
1154 4702 1207 4748 et
1256 4692 1380 4762 quia
1412 4708 1519 4747 non
1558 4708 1750 4762 pecca-

130 4791 335 4846 verat,
358 4796 545 4840 omnes
573 4795 878 4851 peccatores
928 4798 957 4839 a
1004 4786 1193 4840 mortis
1222 4783 1461 4841 dominio
1482 4785 1746 4857 liberavit.

125 4872 215 4929 Si
238 4886 372 4940 ergo
398 4872 501 4926 alia
526 4885 669 4929 esset
699 4885 886 4929 natura
903 4877 1099 4943 carnis,
1135 4876 1188 4931 in
1217 4891 1318 4947 qua
1348 4892 1453 4932 non
1480 4888 1743 4947 peecave-

128 4971 245 5018 rat
265 4959 530 5028 Christus,
560 4973 618 5018 et
664 4976 906 5021 mortuus
932 4974 1039 5034 est,
1073 4982 1179 5023 non
1210 4982 1305 5037 per
1328 4968 1616 5037 justitiam,
1647 4967 1744 5024 sed

124 5066 260 5122 per
291 5053 580 5119 potentiam
605 5054 847 5111 diabolus
877 5058 1199 5113 vinceretur.
1235 5058 1526 5129 Oportebat
1566 5070 1745 5115 autem

122 5159 283 5217 per.
309 5144 566 5209 j'lSlilinm
619 5147 779 5200 vinci.
829 5148 1040 5202 Justitia
1063 5165 1190 5204 vero
1220 5148 1336 5219 ipsa
1364 5148 1484 5215 fuit,
1515 5160 1572 5203 ut
1606 5149 1655 5203 iu
1684 5166 1746 5206 ea

112 5251 321 5295 cattle
344 5239 546 5291 veniret
566 5237 916 5308 Redemptor,
941 5256 1098 5308 quam
1128 5239 1327 5296 fecerat
1352 5240 1617 5309 supplicio
1644 5240 1746 5295 ob-

115 5329 376 5386 noxiam
409 5344 687 5386 remanere
717 5340 967 5386 tentatur.
1000 5330 1124 5387 Ideo
1152 5331 1293 5387 Deus
1325 5333 1486 5387 homo
1514 5332 1627 5387 ﬁeri
1653 5347 1745 5388 vo-

1858 4704 1992 4744 nuas
2019 4697 2310 4745 reseruate.
2333 4690 2465 4745 Dum
2494 4689 2743 4745 volumus
2761 4690 2905 4747 enim
2939 4705 3033 4760 per
3059 4690 3292 4747 ofﬁcium
3325 4708 3443 4749 me-

1856 4778 2080 4835 diatoris
2103 4779 2367 4848 reperire,
2400 4780 2485 4835 vel
2524 4780 2703 4850 potius
2731 4780 2961 4849 probare
2992 4782 3309 4837 substantia
3346 4783 3442 4838 hu«

1854 4885 2028 4926 mante
2080 4872 2496 4940 proprietatem,
2525 4870 2962 4937 similitudinem,
3009 4872 3329 4941 veritatem,
3374 4887 3445 4930 ne

1854 4960 2092 5032 Virginis
2111 4964 2297 5019 matris
2327 4971 2514 5031 amput
2532 4977 2730 5018 iremus
2754 4964 3142 5020 fecunditatem
3166 5005 3183 5032 ,
3214 4964 3442 5026 duarum

1853 5052 2276 5108 substantiarum
2299 5054 2576 5108 manifesta
2594 5053 2871 5112 distinctio
2891 5058 3168 5113 nominato
3188 5067 3244 5114 et
3261 5057 3441 5113 consi-

1852 5144 2040 5204 derato
2070 5144 2368 5200 mediatore
2417 5145 2770 5214 respleuduit.
2803 5146 2936 5213 Quia
2967 5149 3153 5218 utique
3181 5148 3441 5206 mediator

1851 5249 1905 5292 et
1929 5251 2063 5292 unus
2085 5245 2188 5299 est,
2218 5238 2262 5290 si
2297 5251 2582 5307 personam
2634 5240 2948 5295 consideres
2978 5241 3064 5295 cui
3104 5256 3299 5295 nomen
3329 5257 3439 5296 me-

1851 5326 2071 5382 diatoris
2124 5328 2373 5392 accessit,
2407 5337 2462 5384 et
2490 5328 2631 5385 inter
2669 5330 2804 5385 duas
2852 5346 2941 5387 res
2980 5332 3257 5386 dissimilis
3312 5332 3441 5387 sub-

1849 5422 2063 5477 stantiae
2109 5423 2371 5478 mediator
2406 5424 2679 5490 existens,
2710 5440 2814 5479 non
2870 5425 2969 5478 ui-i
3015 5439 3110 5494 per
3137 5424 3272 5479 duas
3309 5422 3438 5477 sub-

1848 5515 2073 5568 stantias
2106 5513 2349 5568 olticium
2404 5522 2585 5583 potest
2637 5514 2948 5570 mediatoris
3000 5516 3240 5581 implere.
3271 5512 3438 5581 Cuius

1850 5604 1992 5661 cnim
2024 5620 2251 5675 persmta
2284 5623 2385 5662 una
2419 5606 2583 5661 fuerit
2609 5618 2662 5661 et
2690 5618 2900 5669 natura,
2929 5604 3235 5658 nullatenus
3264 5612 3438 5672 potest

1852 5698 1991 5753 inter
2028 5699 2165 5752 duas
2205 5698 2548 5755 substantias
2597 5698 2856 5753 mediator
2884 5708 3006 5749 esse
3040 5695 3125 5751 vel
3156 5694 3286 5762 dici,
3313 5694 3436 5762 quia

1855 5792 1995 5861 apud
2068 5792 2211 5848 illam
2287 5790 2646 5855 substantiam
2700 5791 2806 5846 .cui
2873 5784 3097 5845 minime
3163 5793 3441 5857 coaptatur

108 5424 281 5487 luit,
311 5431 369 5476 ut
393 5422 544 5477 facile
568 5426 729 5479 homo
756 5434 936 5493 posset
963 5423 1291 5479 reconciliari
1316 5424 1425 5481 Deo
1449 5441 1541 5493 per
1568 5425 1745 5480 humi-

108 5531 284 5574 nem
326 5514 511 5568 Deum.
545 5516 685 5570 Inter
716 5516 876 5570 Deum
907 5517 1103 5586 quippe
1135 5516 1339 5585 iustum
1384 5528 1439 5571 et
1469 5517 1741 5573 hominem

106 5616 515 5684 peccatoretu.
547 5624 735 5678 magna
785 5608 1054 5678 separatio
1103 5610 1435 5678 ccutigetat;
1465 5626 1565 5666 nec
1605 5608 1746 5666 Deus

102 5701 366 5763 homini
393 5703 664 5771 proximus
693 5712 810 5759 erat
832 5705 884 5757 in
906 5705 1227 5770 substantia,
1259 5717 1356 5757 nec
1381 5702 1526 5773 justo
1559 5720 1746 5775 pecca-

106 5810 245 5856 wr
290 5793 637 5865 coaptabatur
682 5795 735 5851 in
780 5795 971 5867 gratia.
1003 5795 1145 5855 Deus
1192 5808 1319 5863 ergo
1358 5808 1417 5851 se
1446 5797 1740 5860 humilians
