3978 6350
519 434 622 493 895
1435 437 1796 497 FULCENTH
1839 440 2186 498 FERItANDi
2231 441 2497 499 DlACONI
2535 442 2881 498 C.\RTll.\G.
3481 498 3485 499 ,
3731 446 3843 499 896

518 568 624 608 una
678 562 868 609 natura
914 554 1069 624 ejus,
1118 561 1269 612 caret
1328 567 1553 625 prorsus
1606 553 1790 610 ollleio
1843 554 2101 612 mediato-
2130 561 2177 617 Α
2204 556 2511 611 substantia:
2542 556 2833 611 secundum
2866 570 2958 610 vos
2988 558 3149 625 cepit
3178 569 3300 611 esse
3343 569 3472 609 cum
3510 554 3752 624 Verbo,
3786 566 3843 612 ct

520 647 627 708 ris;
655 656 712 702 et
768 657 894 702 tunc
941 656 1026 703 est
1078 662 1240 704 verus
1294 645 1577 711 mediator,
1606 646 1823 715 quando
1872 655 1932 701 ut
1981 646 2107 701 dua-

516 754 636 794 rum
667 739 1011 795 dissimilium
1040 741 1462 797 substantiarum
1510 741 1728 812 copulet
1760 741 2101 810 divisionem,

516 829 926 887 substantialem
972 834 1109 904 gerit
1159 849 1283 889 cum
1338 834 1584 904 utrisque
1635 834 2104 901 communionem;

518 937 616 990 per
654 925 826 994 ipsam
874 926 1311 983 communionem
1359 943 1646 983 removens
1674 928 2015 996 divisionem,
2049 937 2110 984 ut

518 1013 627 1068 sint
677 1026 905 1083 utraque
962 1032 1168 1085 unum,
1228 1032 1324 1087 per
1369 1018 1519 1073 illum
1578 1019 1930 1075 mediatorem
1981 1033 2110 1075 con-

517 1106 791 1161 venientia
839 1108 893 1162 in
939 1124 1139 1178 unum,
1188 1125 1313 1166 cum
1359 1125 1466 1181 quo
1522 1112 1776 1177 luerunt,
1822 1120 2110 1181 antequam

519 1200 911 1264 convenirent,
957 1216 1148 1257 unum.
1195 1200 1613 1259 Consideremus
1666 1203 1767 1258 hoc
1820 1203 2024 1272 plenius
2055 1202 2110 1256 in

524 1290 1079 1357 nostro'mediatore,
1132 1292 1358 1348 Domino
1402 1292 1610 1349 scilicet
1654 1291 1902 1357 Christo;
1956 1292 2113 1363 cujus

521 1379 739 1448 quidem
770 1382 1035 1440 veraciter
1058 1399 1163 1440 una
1212 1400 1441 1455 persona
1461 1385 1607 1457 (quia
1638 1401 1745 1442 non
1769 1384 1928 1441 decet
1952 1386 2115 1441 unius

526 1475 845 1532 mediatoris
869 1478 1007 1533 duas
1022 1493 1144 1535 esse
1171 1478 1476 1551 personas),
1508 1489 1881 1536 verumtamen
1903 1496 2008 1535 non
2030 1488 2116 1536 est

526 1580 631 1619 una
658 1571 1129 1639 natura,quamvis
1158 1573 1317 1627 unius
1341 1572 1676 1629 mediatoris.
1704 1572 1841 1641 Quia
1871 1574 1987 1630 hare
2006 1588 2114 1629 una

525 1666 714 1713 natura
746 1659 1023 1732 (quoniam
1057 1664 1150 1720 Dei
1192 1674 1249 1721 et
1294 1667 1570 1721 hom'num
1600 1666 1866 1723 mediator
1886 1671 1994 1735 est)
2023 1675 2114 1722 aut

526 1762 649 1804 cum
693 1751 803 1807 Deo
824 1753 911 1807 illa
960 1755 1067 1811 erit
1114 1757 1296 1826 utique
1322 1758 1645 1821 communis,
1677 1768 1910 1813 autcum
1940 1757 2119 1815 homi-

528 1839 707 1897 nibus.
738 1844 996 1901 Absolute
1022 1861 1275 1918 namque,
1301 1849 1693 1920 quantumlibet
1717 1850 1977 1906 reclamet
2007 1849 2119 1905 ba:-

2207 662 2304 718 per
2326 646 2557 703 Verbum
2590 648 2747 702 etiam
2774 662 2895 701 cum
2925 646 3113 713 Patre;
3146 661 3273 701 caro
3299 660 3518 715 quoque
3550 659 3756 702 nostra
3787 658 3839 701 et

2206 739 2456 795 divinitas
2488 740 2683 799 Patris,
2714 738 2872 793 unius
2919 738 3131 792 dicatur
3175 751 3297 791 esse
3344 750 3561 791 natura:
3612 754 3630 793 :
3688 739 3839 807 quod

2208 830 2381 884 nullus
2410 829 2629 884 omnino
2656 828 2991 883 Christianus
3020 827 3102 882 vel
3133 828 3345 894 audire,
3377 829 3465 882 vel
3513 831 3675 884 tenui
3732 832 3840 883 sal-
3890 854 3905 867 -

2209 931 2318 979 tem
2358 921 2686 989 regitativ-ne
2716 920 2875 975 debet
2922 921 3161 989 recipere
3210 919 3632 988 suspicandum.
3666 920 3834 987 Quis-

2208 1014 2327 1083 quis
2356 1014 2580 1083 proinde
2608 1028 2766 1067 unam
2794 1010 2991 1067 Christi
3038 1011 3231 1067 asserit
3268 1026 3391 1067 esse
3428 1012 3836 1076 substantiam,

2209 1106 2407 1172 cogitet
2430 1106 2571 1159 aliud
2603 1106 2741 1175 quo-l
2776 1104 2928 1160 facile
2967 1105 3137 1170 enivjs
3181 1112 3357 1172 potest
3384 1118 3691 1173 apparere,
3724 1106 3830 1159 nisi

2211 1195 2395 1252 oculos
2423 1195 2601 1249 cordis
2645 1195 2764 1264 ejus
2814 1196 2991 1248 fumus
3018 1194 3386 1249 contentionis
3414 1194 3715 1261 obscuret,
3741 1212 3837 1265 per

2213 1291 2351 1345 hanc
2381 1290 2536 1344 unius
2572 1291 2623 1343 in
2651 1290 2867 1343 Christo
2894 1289 3211 1343 substantia:
3240 1286 3701 1356 praedicationem
3734 1289 3836 1343 Pa-

2214 1388 2351 1436 trem
2377 1394 2589 1449 quoque
2613 1387 2793 1432 natum
2822 1376 2889 1432 de
2922 1377 3081 1431 Maria
3109 1377 3336 1447 virgine,
3370 1377 3714 1432 cruciﬁxum
3741 1384 3837 1432 sub

2215 1470 2404 1525 Pontio
2436 1469 2627 1536 Pilato,
2657 1477 2713 1524 et
2753 1468 3022 1538 sepuitum
3075 1468 3265 1523 videri.
3298 1468 3435 1523 Nam
3485 1470 3533 1524 si
3594 1486 3706 1525 nun
3757 1480 3844 1524 est

2216 1563 2320 1618 alia
2358 1571 2580 1629 natura,
2609 1577 2767 1633 quam
2797 1562 2865 1617 de
2896 1577 3061 1617 carne
3093 1560 3324 1630 Virginis
3354 1561 3555 1615 matris
3586 1574 3651 1617 ut
3681 1564 3831 1618 nasci

2218 1659 2589 1729 temporaliter
2634 1666 2839 1727 posset,
2887 1657 3094 1726 accepit
3143 1653 3456 1726 unigenitus
3507 1655 3685 1723 Deus,
3734 1658 3833 1711 sed

2219 1761 2482 1821 suscepta:
2521 1751 2702 1805 carnis
2733 1758 2788 1804 et
2818 1748 3161 1817 suscipientis
3203 1746 3503 1801 divinitatis
3548 1763 3661 1801 una
3698 1748 3834 1802 laeta

2224 1851 2310 1898 est
2336 1840 2816 1912 quomodoeunque
2844 1851 3067 1901 natura;
3101 1840 3214 1893 hate
3240 1854 3342 1892 una
3371 1849 3577 1893 natura
3609 1849 3709 1893 aut
3734 1856 3836 1895 non

527 1934 749 2002 retieus,
782 1952 884 1991 una
930 1945 1116 1994 natura
1161 1957 1267 1995 non
1320 1951 1497 2011 potest
1545 1941 1658 1998 Deo
1699 1941 2116 2013 hominibusque
2148 1919 2195 1980 Β
2220 1939 2322 1991 erit
2351 1936 2512 1993 etiam
2546 1933 2755 2001 Patris,
2789 1944 2844 1987 et
2873 1933 3146 2002 quomodo
3187 1932 3581 2003 prmdicabitnr
3623 1933 3831 1987 beatos-

527 2039 653 2079 esse
679 2030 1001 2093 communis,
1023 2030 1148 2099 quia
1176 2031 1318 2087 Deus
1347 2042 1593 2101 creator,
1618 2049 1717 2090 nos
1743 2043 2007 2090 creaturae
2028 2049 2119 2089 su-

529 2130 688 2182 mus;
724 2117 863 2173 Deus
892 2128 1127 2177 :rternus
1151 2162 1166 2188 ,
1201 2137 1301 2178 nos
1348 2124 1714 2193 temporales;
1748 2125 1887 2180 Deus
1911 2126 2119 2181 incom-

530 2206 929 2274 prehensibilis,
958 2225 1057 2265 nos
1087 2213 1637 2281 eomprebensibiles;
1668 2214 1807 2270 Deus
1833 2217 1950 2271 sine
1976 2217 2119 2282 loco,

532 2312 632 2353 nos
660 2298 711 2354 in
743 2299 890 2365 loco;
917 2300 1059 2356 Deus
1080 2302 1322 2361 inﬁnitus
1348 2314 1402 2361 et
1424 2306 1742 2371 immensus,
1765 2323 1863 2362 nos
1889 2307 2122 2362 (ircum-

530 2389 715 2456 seripti
734 2400 790 2445 et
820 2391 1186 2448 determinati.
1223 2394 1427 2449 Rursus
1453 2410 1594 2466 ergo
1614 2396 1927 2452 liducialiter
1952 2384 2072 2453 dico
2104 2416 2118 2452 :

533 2489 721 2535 natura
747 2480 946 2537 Christi
969 2483 1013 2538 si
1042 2499 1148 2539 una
1175 2494 1279 2552 est,
1311 2496 1401 2540 aut
1428 2501 1550 2541 eum
1577 2488 1686 2543 Deo
1716 2488 1875 2542 Patre
1896 2489 1996 2551 illi,
2030 2499 2122 2544 aut

540 2588 663 2627 cum
697 2574 1006 2631 hominibus
1025 2587 1201 2646 potest
1228 2593 1349 2633 esse
1370 2579 1708 2645 communis;
1739 2580 1848 2636 Deo
1876 2589 1929 2635 et
1952 2580 2120 2636 homi-

546 2663 701 2718 nibus
740 2680 1012 2735 nunquam
1067 2676 1244 2736 potest
1295 2683 1419 2725 esse
1462 2671 1785 2725 communis.
1820 2671 1913 2726 Est
1943 2680 2121 2727 autem

537 2754 783 2810 Christus
816 2757 973 2811 unius
994 2758 1304 2814 substantia:
1328 2774 1449 2815 cum
1479 2761 1636 2816 Patre
1652 2802 1667 2827 ,
1692 2762 1833 2832 quod
1852 2761 2022 2817 Graeci
2045 2764 2126 2818 di-

537 2852 663 2899 cunt
689 2847 1015 2915 homousiou,
1041 2851 1336 2905 secundum
1363 2849 1562 2906 Nicaeni
1586 2852 1795 2906 concilii
1819 2853 2122 2908 absolutam

537 2936 955 3003 professionem.
996 2938 1111 2994 Una
1154 2954 1284 3010 ergo
1329 2950 1520 2995 natura
1574 2939 1773 2997 Christi
1817 2941 1967 3011 Jesu,
2000 2959 2122 2999 cum

538 3024 697 3083 Patre
724 3037 808 3083 est
830 3028 906 3083 illi
928 3030 1251 3087 communis.
1282 3031 1348 3085 Et
1371 3031 1423 3086 in
1444 3046 1547 3101 qua
1572 3037 1780 3087 ratione
1810 3032 1921 3088 lieri
1950 3045 2123 3102 potest

540 3125 602 3170 ut
628 3127 813 3173 noster
838 3120 911 3173 sit
938 3121 1225 3186 mediator,
1257 3122 1358 3177 nisi
1395 3122 1593 3177 habeat
1620 3122 1760 3178 unde
1790 3132 1845 3178 et
1874 3138 1996 3179 cum
2023 3124 2125 3181 Pa-

523 3218 622 3268 tre
647 3210 717 3264 sit
737 3226 924 3277 unum,
954 3224 1009 3267 et
1036 3212 1319 3269 nobiseum
1366 3214 1436 3269 sit
1462 3215 1667 3269 unum?
1695 3216 1847 3282 Quod
1898 3218 2129 3287 apertis-

2221 2027 2333 2081 sion
2365 2026 2533 2091 Patri,
2565 2024 2705 2092 quod
2733 2022 2905 2078 ϐταξεὶ
2934 2023 3141 2087 dicunt,
3176 2022 3333 2076 unius
3378 2023 3717 2076 substantia:
3752 2024 3842 2078 rei

2224 2114 2511 2189 eSsentiagi
2536 2122 2628 2168 aut
2656 2113 2701 2168 si
2733 2114 2838 2168 erit
2867 2120 2923 2167 et
2951 2112 3148 2180 Patris,
3177 2120 3235 2166 et
3258 2111 3312 2165 in
3345 2112 3460 2180 ipsa
3498 2122 3689 2177 natus,
3722 2128 3839 2166 crn-

2222 2208 2413 2262 cilixus
2440 2216 2521 2261 est
2550 2203 2718 2261 Filius
2738 2245 2753 2271 ,
2785 2204 3003 2258 videant
3046 2203 3319 2274 quomodo
3351 2202 3513 2257 Pater
3543 2215 3646 2259 aut
3690 2206 3837 2259 inna-

2172 2304 2177 2307 ’
2222 2300 2457 2367 scibilis,
2486 2306 2579 2353 aut
2608 2297 2950 2366 impassibilis
2991 2296 3334 2364 prmdicetur.
3361 2295 3477 2349 lmo
3510 2312 3628 2351 non
3660 2298 3838 2354 solum

2226 2391 2414 2457 Pater,
2440 2389 2534 2445 sed
2565 2388 2800 2457 Spiritus
2826 2400 3043 2458 quoque
3072 2395 3301 2441 sanctus
3322 2386 3610 2455 Maeniam
3640 2398 3699 2442 et
3728 2389 3840 2457 ipse

2225 2496 2344 2535 cum
2374 2480 2531 2535 Patre
2556 2489 2612 2535 et
2634 2479 2771 2535 Filio
2798 2480 2954 2533 unius
2982 2478 3221 2533 creditur
3242 2477 3734 2533 'esse'substantize
3758 2480 3841 2534 vel

2225 2571 2499 2642 essentia!)
2528 2571 2823 2627 sociabitur
2872 2570 3213 2639 passionibus
3247 2568 3419 2635 Filii;
3464 2585 3526 2624 ae
3570 2571 3621 2625 si
3664 2572 3837 2624 omnis

2226 2663 2560 2731 dispensatio
2591 2661 2878 2717 dominica:
2907 2660 3298 2715 incarnationis
3340 2661 3407 2715 ad
3458 2670 3633 2716 totam
3663 2661 3834 2717 Triui-

2228 2761 2389 2806 t..tem
2440 2752 2712 2821 pertinere
2760 2751 3055 2821 potabitur,
3095 2761 3155 2806 et
3202 2760 3309 2807 non
3359 2752 3537 2807 solius
3585 2753 3709 2807 Filii
3752 2754 3849 2808 Dei

2227 2851 2397 2895 mater
2441 2842 2595 2895 beata
2636 2840 2823 2910 Maria,
2853 2840 2953 2896 sed
2986 2840 3152 2895 totius
3181 2841 3473 2897 Trinitatis
3500 2846 3615 2897 erit
3645 2854 3842 2899 mater.

2229 2931 2451 2987 Planum
2504 2933 2684 2986 lacere
2734 2932 2838 2987 hoc
2884 2932 3198 3002 apostolicis
3251 2935 3492 2989 nitamur
3547 2936 3841 3004 exemplis.

2232 3022 2426 3077 Beatus
2456 3022 2746 3091 Apostolus
2797 3024 2867 3078 ita
2912 3024 3148 3093 loquitur
3190 3040 3205 3077 :
3246 3024 3407 3081 Vetus
3454 3025 3617 3081 homo
3666 3039 3843 3081 uasta

2228 3112 2383 3167 simul
2411 3113 2691 3179 cruciﬁxus
2713 3123 2808 3178 est,
2827 3122 2881 3165 ut
2908 3118 3183 3168 contuetur
3212 3123 3401 3185 corpus
3434 3120 3632 3185 peccati
3662 3119 3841 3188 (Rom.

2232 3216 2306 3267 vt,
2335 3200 2416 3271 6).
2442 3203 2723 3268 Quomodo
2747 3202 2904 3257 simul
2936 3215 3089 3259 vetus
3118 3203 3285 3261 homo
3311 3216 3501 3262 noster
3531 3210 3657 3264 εοΙο
3686 3210 3839 3263 Chri-

540 3300 676 3355 sime
692 3299 743 3354 in
770 3301 1057 3370 Evangelio
1071 3303 1182 3371 jam
1206 3305 1485 3374 proximus
1508 3306 1740 3375 passioni
1765 3307 2124 3373 demonstrat,
2158 3295 2203 3357 C
2234 3301 2321 3347 δίο
2352 3293 2403 3346 in
2436 3293 2579 3363 1⁵8ηο
2607 3294 2908 3363 Peliden“:
2938 3294 3043 3348 πίδί
3073 3295 3199 3366 (ιυὶι
3226 3297 3530 3352 secundum
3561 3314 3685 3353 eam
3718 3303 3839 3355 Sub-

541 3406 703 3447 orans
732 3392 943 3447 Patrem
974 3392 1172 3449 talibus
1199 3394 1377 3450 verbis
1407 3410 1423 3448 :
1464 3394 1530 3449 Ut
1555 3395 1658 3449 sint
1686 3412 1865 3460 unum,
1919 3396 2050 3449 sicut
2079 3406 2127 3451 et

545 3498 637 3537 nos
663 3500 842 3538 unum.
876 3482 990 3556 Ego
1012 3485 1065 3538 in
1084 3486 1181 3552 cis,
1208 3497 1256 3539 ct
1272 3495 1324 3540 tu
1344 3488 1395 3539 in
1425 3503 1504 3541 me
1529 3485 1707 3557 (Joan.
1737 3502 1867 3554 xvtt,
1888 3486 1981 3553 22,
2004 3478 2137 3559 25)(

544 3571 639 3628 Dic
695 3572 849 3640 n-ihi,
880 3573 969 3643 qui
1019 3589 1181 3630 unam
1240 3577 1500 3645 praedicas
1551 3578 1842 3633 essentiam
1896 3578 2123 3647 Christi,
2162 3568 2203 3587 ’⁸

539 3665 810 3733 quomodo
848 3675 933 3721 est
960 3665 1153 3736 ipsein
1184 3669 1359 3737 nobis,
1386 3679 1441 3724 et
1467 3670 1738 3739 quomodo
1790 3678 1873 3725 est
1926 3671 1979 3725 in
2034 3669 2127 3727 illo

541 3750 745 3808 Pater?
770 3754 902 3820 Quia
948 3770 1054 3811 una
1084 3766 1169 3811 est
1212 3759 1510 3813 substantia
1541 3760 1712 3814 Patris
1741 3770 1795 3815 et
1830 3754 1973 3814 Filii.
2004 3760 2129 3815 Ideo

541 3842 707 3899 etiam
746 3844 861 3915 ipse
915 3846 968 3900 in
1022 3846 1177 3902 nobis
1226 3857 1329 3913 est,
1354 3849 1477 3917 quia
1510 3852 1776 3919 particeps
1805 3849 1921 3904 fieri
1953 3849 2125 3903 voluit

542 3946 741 3990 nostra
769 3937 1105 3993 substantiae.
1130 3937 1243 3992 Non
1272 3948 1353 3993 est
1374 3953 1502 4008 ergo
1532 3940 1641 4009 jrnm
1664 3955 1767 3994 una
1796 3942 2122 4009 substantia,

542 4026 638 4080 sed
660 4027 780 4082 dua:
811 4045 825 4082 :
858 4043 960 4082 una
993 4029 1045 4083 in
1074 4044 1178 4098 qua
1205 4036 1289 4083 est
1317 4044 1437 4083 eum
1468 4030 1624 4084 Patre
1655 4045 1842 4097 unum,
1873 4030 2042 4085 altera
2070 4030 2125 4085 in

544 4131 659 4184 qua-
695 4128 778 4172 est
822 4120 1099 4173 nobiseum
1142 4136 1339 4184 unum;
1370 4136 1474 4175 una
1507 4136 1601 4189 per
1629 4136 1791 4190 quam
1840 4130 1922 4176 est
1959 4122 2012 4177 in
2038 4123 2128 4179 illo

546 4204 736 4273 Pater,
770 4209 939 4263 altera
970 4225 1064 4278 per
1086 4226 1245 4280 quam
1267 4221 1350 4267 est
1377 4213 1488 4281 ipse
1517 4213 1569 4266 in
1609 4212 1763 4267 nobis
1785 4229 1938 4281 vere;
1968 4230 2130 4272 verus

550 4298 832 4364 mediator,
856 4300 1057 4356 habens
1084 4303 1225 4357 unde
1251 4306 1321 4358 sit
1343 4305 1618 4374 proximus
1640 4306 1772 4373 Deo,
1791 4308 1933 4363 unde
1950 4311 2131 4377 proxi-

544 4402 663 4445 mus
713 4390 900 4458 nobis;
953 4402 1012 4448 ut
1049 4394 1208 4449 faciat
1241 4396 1401 4452 etiam
1435 4413 1532 4454 nos
1558 4400 1839 4469 proximos
1868 4400 1998 4467 Deo,
2032 4418 2132 4473 per

544 4495 604 4536 se
625 4481 810 4552 utique
830 4483 918 4552 qui
941 4484 1247 4545 fierivoluit
1271 4490 1549 4557 proximus
1578 4489 1753 4545 nobis.
1784 4490 1890 4546 Sed
1921 4493 1964 4547 si
1992 4493 2129 4550 forte

545 4580 625 4638 tu,
655 4589 813 4642 quem
843 4576 1205 4632 consideratio
1240 4580 1551 4635 mediatoris
1581 4581 1646 4635 ad
1685 4585 2123 4651 przedicationem

2232 3385 2484 3440 stantiam
2516 3385 2771 3455 pependit
2799 3385 2852 3439 in
2884 3386 3051 3457 ligno,
3081 3401 3249 3458 quam
3274 3390 3508 3459 sumpsit
3538 3406 3609 3445 ex
3646 3392 3841 3448 nobis?

2229 3476 2361 3533 Item
2388 3478 2495 3531 alio
2524 3477 2642 3532 loco
2684 3490 3011 3533 memoratus
3040 3482 3317 3548 apostolus
3344 3482 3478 3537 dicit
3520 3501 3536 3536 :
3587 3483 3654 3536 Et
3684 3486 3836 3538 simul

2226 3571 2657 3635 conresuscitavit,
2685 3577 2732 3625 et
2765 3571 2936 3625 sedere
2971 3570 3089 3639 fecit
3118 3573 3171 3627 in
3197 3570 3484 3629 mtuum
3524 3576 3582 3628 in
3622 3575 3834 3631 Christo

2229 3660 2359 3714 Jesu
2406 3659 2615 3732 (Ephes.
2669 3676 2732 3731 tt,
2773 3662 2852 3731 6).
2900 3662 3312 3733 Respondentur
3352 3668 3631 3736 quomodo
3680 3669 3836 3723 simul

2231 3751 2664 3817 conresuscitati,
2694 3762 2789 3807 aut
2830 3753 2990 3807 simul
3034 3756 3383 3811 consedimus
3416 3758 3468 3811 in
3497 3760 3833 3823 celestilma,

2228 3841 2331 3897 ni~i
2376 3857 2469 3913 per
2506 3843 2648 3897 illius
2688 3843 3005 3899 substantia:
3033 3847 3468 3901 communionem
3494 3864 3664 3917 quam
3696 3864 3836 3903 sum-

2232 3936 2334 4005 psit
2359 3950 2426 3991 ex
2455 3935 2646 3991 nobis?
2678 3935 2733 3990 Si
2759 3951 2889 4005 ergo
2917 3937 2968 3990 in
3000 3938 3263 3993 unitatem
3289 3939 3487 3993 divina
3515 3941 3835 3995 substantia:

2230 4041 2342 4081 sua:
2392 4037 2635 4081 naturam
2688 4027 2854 4083 Filius
2908 4030 3014 4084 Dei'
3050 4031 3309 4100 suscepit,
3342 4042 3402 4086 ut
3444 4033 3748 4088 divinitatis
3785 4045 3835 4089 et

2230 4120 2409 4176 carnis
2447 4136 2551 4175 una
2598 4132 2779 4190 posset
2818 4136 2940 4177 esse
2983 4133 3193 4192 natura,
3225 4124 3366 4194 quod
3415 4126 3718 4181 adunatum
3758 4137 3835 4181 et

2230 4212 2493 4266 divinitati
2525 4211 2643 4280 ejus
2672 4213 2818 4267 omni
2844 4212 3089 4269 Trinitati
3119 4214 3411 4270 adunatum
3440 4226 3530 4272 est
3559 4235 3575 4272 :
3606 4219 3839 4273 maxime

2232 4305 2354 4372 quia
2381 4303 2757 4372 inseparabilia
2789 4314 2918 4358 sunt
2944 4320 3110 4374 opera
3134 4306 3437 4373 Trinitatis,
3461 4312 3593 4377 quia
3625 4326 3732 4366 una
3759 4319 3836 4365 est

2232 4394 2528 4450 subsmntia
2564 4394 2646 4449 vel
2680 4396 2915 4449 essentia
2941 4397 3236 4453 Trinitatis.
3267 4399 3513 4454 Trinitas
3541 4414 3633 4457 est
3656 4411 3837 4458 autem

2234 4484 2414 4550 Pater,
2430 4497 2480 4540 et
2508 4484 2696 4553 Filius,
2719 4496 2771 4541 et
2794 4488 3024 4557 Spiritus
3046 4500 3296 4557 sanctus;
3325 4491 3378 4545 iu
3413 4496 3673 4560 personis
3706 4505 3833 4558 tres,

2236 4576 2290 4631 in
2318 4577 2617 4632 substantia
2646 4580 2728 4633 vel
2761 4580 2996 4635 essentia
3040 4596 3224 4635 unum.
3254 4581 3309 4636 lu
3341 4598 3445 4651 qua
3473 4588 3722 4641 essen‘ia
3753 4588 3833 4642 vel

546 4662 773 4721 duarum
795 4669 1213 4724 sobstantiarum
1231 4672 1507 4740 compellit
1534 4672 1778 4734 invitum.
1806 4676 1993 4732 volens
2019 4678 2122 4734 vim

2237 4668 2532 4724 substantia
2564 4671 2608 4724 si
2638 4678 2792 4725 natus
2817 4682 2908 4725 aut
2933 4687 3121 4740 passus
3142 4682 3224 4729 est
3250 4673 3439 4739 Filius,
3460 4677 3630 4731 simul
3658 4679 3837 4741 Pater,

546 4760 787 4816 veritatis
840 4762 1093 4830 eludere,
1145 4779 1251 4819 non
1317 4765 1540 4820 omnino
1604 4767 1767 4820 unius
1821 4768 2132 4826 mediatoris

547 4848 681 4903 duas
706 4853 967 4907 essentias
1000 4867 1185 4925 negas,
1210 4854 1306 4909 sed
1350 4869 1414 4910 ex
1461 4855 1547 4910 bis
1589 4854 1795 4909 duabus
1824 4872 1986 4911 uuam
2014 4858 2127 4916 ﬁeri

549 4940 788 5005 potuisse
811 4945 1353 5015 conlirmas,require
1375 4945 1703 5016 diligentius,
1733 4949 1778 5001 si
1815 4946 2046 5003 Verbum
2076 4960 2130 5005 et

548 5042 677 5084 caro
716 5045 819 5084 una
865 5033 1028 5102 cmpit
1076 5050 1197 5091 esse
1240 5050 1455 5102 natura,
1510 5049 1691 5090 utrum
1737 5040 1904 5105 possit
1925 5052 2053 5095 caro
2073 5048 2129 5094 et

551 5127 696 5183 Deus
732 5128 889 5185 Pater
914 5134 1073 5189 unius
1109 5135 1359 5190 essentia;
1391 5135 1688 5205 praedicari.
1723 5137 2128 5208 Consequenter

555 5218 700 5274 enim
722 5221 845 5291 quia
880 5223 1108 5278 Verbum
1138 5226 1313 5281 P.-tris
1341 5236 1426 5282 est
1456 5227 1643 5293 Filius,
1678 5235 1733 5282 et
1759 5228 2129 5285 indubitanter

553 5322 661 5366 una
689 5320 773 5366 est
794 5311 1091 5369 substantia
1132 5314 1306 5372 Patris
1331 5326 1385 5372 et
1414 5318 1565 5381 Filii;
1596 5318 1738 5373 sicut
1793 5319 1932 5373 Deus
1973 5319 2131 5377 Pater

538 5420 674 5478 cum
700 5407 877 5463 Verbo
914 5423 1016 5464 suo
1044 5410 1204 5467 unius
1230 5420 1314 5467 est
1338 5413 1669 5480 substantiis,
1701 5415 1779 5469 sic
1812 5429 1934 5469 eum
1964 5429 2128 5471 carne

559 5495 715 5553 Verbi
741 5497 825 5555 sui
855 5500 1014 5555 unius
1065 5502 1363 5559 invenietur
1391 5520 1512 5560 esse
1550 5505 1896 5572 substantiae,
1930 5505 1972 5560 si
2004 5520 2130 5561 caro

547 5598 606 5643 et
626 5586 719 5644 Ver
732 5588 857 5644 bum
882 5590 1000 5647 ﬁeri
1024 5593 1194 5659 potuit
1221 5610 1326 5648 una
1349 5596 1671 5651 substantia.

621 5682 674 5735 7.
703 5682 1157 5756 Superadiicietur
1183 5689 1304 5746 huic
1332 5692 1570 5761 opinioni
1600 5692 1759 5745 etiam
1791 5690 1911 5747 talis
1938 5694 2129 5749 absur-

548 5770 708 5841 ditas,
740 5784 799 5829 ut
835 5774 1164 5846 quia’omnis
1192 5795 1318 5838 caro
1350 5784 1578 5838 humana
1624 5782 1862 5851 ejusdem
1892 5794 1973 5839 est
2001 5787 2129 5839 sub-

550 5863 782 5932 stantia,
813 5880 939 5924 caro
964 5881 1143 5927 autem
1174 5872 1371 5931 Christi
1396 5875 1626 5931 humana
1654 5883 1789 5942 erat,
1831 5890 1949 5946 qua:
1980 5877 2134 5934 unius

2236 4760 2551 4830 et-Spinitus
2579 4774 2794 4817 sanctus
2820 4773 2871 4817 et
2898 4773 3065 4839 natus,
3090 4773 3146 4819 et
3177 4779 3364 4832 passus
3395 4778 3499 4821 ρει.
3531 4768 3645 4823 Sed
3677 4771 3727 4825 si
3756 4769 3843 4824 Fi-

2235 4855 2338 4910 lius
2361 4864 2587 4927 ,tantum
2632 4871 2820 4923 passus
2860 4868 2965 4924 (Si,
2992 4860 3131 4913 sicut
3169 4859 3296 4914 lidei
3337 4861 3627 4918 catholica:
3657 4863 3840 4918 docuit

2231 4946 2447 5017 antiqua
2480 4947 2706 5002 traditio
2726 4992 2741 5015 ,
2786 4949 2839 5002 in
2888 4949 2991 5003 alia
3042 4960 3229 5004 natura
3259 4964 3452 5020 passus
3481 4964 3592 5007 est.
3624 4954 3695 5007 Et
3723 4968 3847 5024 qua

2232 5050 2317 5096 est
2343 5041 2469 5105 alia,
2495 5040 2596 5094 nisi
2639 5041 2907 5095 humana?
2940 5042 3001 5097 Si
3026 5058 3155 5113 ergo
3181 5044 3284 5097 alia
3317 5052 3402 5098 est
3444 5044 3716 5111 humana,
3740 5049 3839 5102 alia

2231 5131 2411 5185 divina
2438 5141 2625 5188 natura
2644 5170 2660 5197 ,
2693 5147 2800 5187 non
2831 5143 2915 5187 est
2944 5148 3046 5187 una
3077 5134 3131 5188 in
3160 5135 3375 5189 Cluiste
3410 5150 3479 5191 ex
3511 5137 3737 5194 duabus
3762 5141 3835 5191 la-

2233 5240 2317 5285 cta
2349 5240 2560 5285 natura.

2304 5320 2357 5376 8.
2390 5322 2579 5378 Solent
2607 5322 2791 5378 Ariani
2824 5324 2980 5380 nobis
3016 5324 3253 5392 obiicere
3295 5325 3459 5382 talem
3502 5329 3838 5397 propositio-

2235 5426 2380 5465 nem.
2410 5411 2570 5467 Passa
2598 5424 2702 5477 est,
2734 5413 3010 5483 inquiunt,
3034 5414 3286 5470 divinitas
3312 5414 3468 5480 Filii,
3496 5428 3596 5473 aut
3624 5434 3738 5474 non
3756 5432 3839 5475 est

2236 5516 2414 5572 passa.
2470 5502 2526 5558 Si
2572 5504 2994 5574 respondeamus
3041 5521 3055 5558 :
3105 5504 3221 5559 Non
3266 5516 3351 5561 est
3385 5522 3572 5575 passa.
3599 5508 3839 5563 dicunt:

2235 5601 2373 5671 Ergo
2405 5617 2566 5671 purus
2599 5601 2761 5658 homo
2803 5602 3090 5658 cruciﬁxus
3137 5614 3242 5658 est.
3272 5603 3329 5658 Si
3376 5606 3837 5673 respondeamus,

2233 5694 2374 5762 quod
2402 5693 2731 5762 respondere
2757 5693 3014 5749 debemus
3042 5712 3053 5747 :
3084 5694 3247 5750 Passa
3275 5705 3380 5760 est,
3403 5696 3501 5749 sed
3530 5697 3839 5752 secundum

2236 5800 2472 5847 carnem,
2499 5785 2613 5854 ipsa
2642 5794 2817 5841 tamen
2850 5787 2900 5841 in
2931 5785 3033 5842 hoc
3055 5788 3195 5857 quod
3223 5799 3304 5842 est
3329 5789 3690 5858 impassihilis
3723 5807 3845 5860 per-

2241 5891 2485 5946 manens,
2517 5877 2842 5949 respondent
2889 5897 2903 5938 ;
2955 5878 3096 5950 Ergo
3142 5888 3234 5937 aut
3274 5895 3434 5951 passa
3464 5890 3551 5936 cst
3579 5881 3844 5938 divinitas
