3992 6344
221 308 326 361 397

1391 310 1743 379 ιςινιετοιὲις
1787 326 1871 381 ar
1908 330 2287 394 Ol‘USCULA.

220 417 421 489 Patris,
449 424 495 477 si
528 437 683 492 passa
714 435 791 480 est
835 414 1090 482 divinitas
1122 430 1272 495 Filii;
1318 445 1413 488 aut
1453 451 1555 489 non
1597 449 1678 491 est
1708 454 1807 491 una
1838 447 1883 500 Α
1916 446 2129 500 nomine
2178 450 2403 504 naturali

732 529 768 536 _.
806 520 918 536 πη..
974 521 1010 536 ..
1278 526 1311 536 ..
1445 526 1458 536 .
1607 530 1618 536 -
1670 530 1681 536 -
1759 532 1770 536 -

217 515 481 570 divinitas
519 517 692 572 Patris
720 529 772 573 ει
805 520 939 575 Filii.
971 521 1397 591 Proponemibns
1445 526 1545 584 huc
1590 530 1804 586 Arianis
1905 536 2173 600 quomodo
2213 553 2279 593 ex

3388 368 3497 427 £98

2451 436 2708 513 dunta'xat
2755 462 2975 519 censeat
3016 472 3383 547 vocitandam;
3431 494 3490 540 ιιι

2326 543 2531 597 naturis
2572 545 2798 615 duabus,
2824 555 3001 610 anima
3044 570 3100 615 et
3136 578 3318 632 carne,
3346 543 3483 628 facta

2786 609 2797 615 ,
2939 609 2996 610 με
3050 609 3099 615 --
3140 609 3318 632 -_....,
3346 609 3480 628 .-.ηε

218 609 291 663 δη
334 611 588 664 comem
630 612 806 682 ιίηευε,
854 615 1113 671 catholica
1156 621 1485 688 reSpondere
1517 641 1529 675 :
1563 623 1721 678 Pater
1746 633 1803 680 et
1902 633 1986 676 est
2015 640 2117 680 una
2149 640 2359 696 natura,
2387 633 2471 686 cui
2503 649 2697 692 nomen
2738 651 2819 695 est
2859 645 3051 715 homo;
3080 666 3145 706 ex
3174 654 3385 713 duohus
3404 660 3480 717 sl-

217 699 388 756 Filins
418 700 713 756 substantia
746 720 908 758 unum
938 715 1091 773 sunt,
1122 723 1226 763 non
1260 711 1504 777 personis
1535 728 1550 765 :
1580 728 1685 769 una
1715 724 1800 769 est

215 801 403 847 natura
450 790 625 848 Patris
652 804 705 848 ει
736 794 885 863 Filii;
915 796 1011 851 sed
1042 797 1143 853 alia
1190 808 1276 854 est
1319 817 1545 871 persona
1597 804 1798 873 Patris,

205 884 316 938 alia
352 883 493 939 Filii.
527 884 695 940 Filius
726 901 855 942 vero
882 890 1183 954 suscipiens
1218 906 1455 958 carnem,
1483 895 1532 950 id
1561 905 1664 960 est.
1694 896 1796 951 ho-

211 978 380 1029 mins
411 976 622 1043 plenam
654 977 1051 1049 perfectamque
1079 992 1342 1047 naturam,
1373 987 1448 1039 εἰς·
1477 1002 1593 1039 cum
1625 989 1795 1043 susci-

206 1080 340 1133 pere
384 1066 635 1135 dignatus
681 1077 785 1134 εει,
821 1078 877 1121 ιιι
926 1085 1027 1124 una
1077 1087 1303 1140 persona
1357 1077 1505 1129 ﬁeret
1535 1079 1712 1133 carnis
1739 1089 1794 1134 et

211 1156 394 1222 Verbi,
426 1172 531 1212 non
560 1168 735 1213 tamen
767 1174 870 1213 una
899 1171 1111 1220 natura.
1143 1163 1281 1218 Deus
1310 1165 1467 1221 homo
1500 1167 1670 1224 lactus
1698 1186 1793 1223 na-

209 1257 386 1301 turam
412 1249 515 1304 sibi
548 1249 811 1304 adunavit
839 1253 1153 1320 humanam,
1179 1258 1273 1311 sed
1302 1257 1354 1310 in
1385 1259 1637 1314 unitatem
1674 1276 1791 1329 pcr-

200 1353 360 1393 sona:
382 1355 538 1407 quam
570 1354 676 1393 non
709 1341 1010 1397 habetcum
1040 1345 1195 1399 Patre
1224 1362 1580 1414 communem,
1608 1367 1711 1405 non
1736 1353 1787 1408 in

134 1460 137 1461 ν
204 1432 464 1501 unitatem
496 1433 807 1487 substantia:
837 1448 993 1503 quam
1020 1437 1179 1491 habet
1205 1452 1325 1491 cum
1358 1439 1512 1493 Patre
1540 1456 1785 1496 commu—

204 1539 352 1578 nem.
381 1523 505 1578 ldco
545 1539 650 1600 non
699 1526 953 1591 Trinitas,
980 1527 1077 1583 sed
1119 1532 1485 1586 tantummodo
1530 1532 1693 1588 Filius
1733 1544 1787 1589 et

205 1624 364 1670 natus
388 1625 441 1670 et
471 1631 660 1684 passus
683 1629 786 1672 est.
814 1618 927 1673 Alia
960 1628 1044 1675 est
1071 1630 1281 1687 natura,
1304 1625 1596 1679 secundum
1626 1642 1783 1694 quam

202 1723 395 1776 passus
425 1716 509 1763 est
535 1709 703 1764 Filius
752 1726 766 1762 :
810 1710 910 1767 sed
956 1712 1078 1780 quia
1109 1729 1268 1767 unam
1299 1730 1421 1770 esse
1450 1716 1573 1770 l‘ccit
1598 1733 1779 1787 perso-

1904 713 2107 770 tniliter
2131 718 2452 778 animalibus
2482 739 2645 781 unum
2675 732 2914 789 nascitur
2938 713 3160 806 animal,
3189 754 3243 798 et
3289 746 3486 807 dicitur

1902 804 2111 911 mulus;
2141 822 2205 862 ex
2237 811 2443 867 duabus
2469 822 3041 888 quoque'substantiis
3083 804 3220 902 ignis
3259 848 3311 891 et
3354 804 3480 911 ligni

1900 891 1958 946 tit
1987 910 2087 948 una
2118 912 2228 963 res,
2260 911 2313 954 ct
2342 915 2564 961 vocatur
2592 910 2788 978 carbo;
2821 931 2993 987 neque
3021 924 3197 979 anima
3227 929 3363 994 sola,
3387 891 3482 989 :ut

1894 996 2111 1053 corpus,
2147 991 2340 1057 homo;
2374 1009 2548 1066 neque
2590 1014 2760 1069 equus
2803 1007 2973 1076 solus,
3004 1022 3090 1066 aut
3120 1018 3328 1083 asinus,
3362 1024 3480 1077 mu-

1895 1072 2012 1140 lus;
2040 1092 2214 1148 neque
2242 1080 2378 1151 ignis
2403 1087 2579 1154 solus,
2606 1101 2699 1146 aut
2727 1093 2926 1164 lignum
2946 1072 2968 1168 ,⁷
2988 1104 3153 1159 carbo
3183 1072 3354 1175 potest
3377 1130 3474 1168 na-

1895 1166 2049 1218 turali
2086 1170 2303 1227 nomine
2325 1179 2537 1243 vocari;
2568 1182 2647 1236 sic
2675 1189 2965 1246 ostendere
2985 1194 3157 1250 valeat
3182 1214 3245 1253 ex
3272 1201 3477 1261 duabus

1893 1261 2411 1326 naturis,divinitate
2436 1273 2648 1328 scilic.t
2672 1287 2725 1329 et
2755 1276 3107 1351 humanitate,
3132 1287 3177 1341 si
3206 1304 3311 1344 una
3336 1292 3473 1351 facta

1888 1360 1970 1403 est
2019 1363 2205 1408 natura
2226 1396 2242 1421 ,
2274 1360 2400 1427 quid
2432 1366 2609 1416 vocari
2644 1369 2959 1427 naturaliter
2984 1374 3198 1431 debeat.
3225 1381 3471 1440 Christus

1887 1438 2084 1507 quippe
2143 1459 2336 1501 nomen
2385 1458 2471 1505 est
2516 1452 2719 1521 ol'ilcii;
2774 1458 3084 1519 Emmanuel
3133 1483 3328 1524 nomen
3389 1486 3471 1532 est

1886 1534 2141 1597 utrasque
2169 1532 2499 1592 substantias
2528 1556 2659 1608 quas
2688 1544 2948 1604 adunatas
2974 1564 3309 1614 contestatur
3339 1563 3470 1618 insi.

1885 1628 2061 1671 nuans
2097 1637 2110 1671 :
2147 1632 2349 1680 naturae
2379 1638 2557 1684 autem
2591 1649 2785 1689 nomen
2817 1637 2969 1697 istius
2999 1646 3314 1704 substanzize
3350 1669 3468 1722 qua:

1887 1721 1988 1759 una
2016 1707 2130 1765 fieri
2164 1716 2399 1779 potuisse
2423 1720 2622 1779 dicitur
2668 1742 2733 1781 ex
2764 1730 2996 1799 duabus,
3027 1754 3196 1806 neque
3224 1742 3347 1810 legi,
3376 1762 3466 1801 ne-

200 1814 324 1853 nani
355 1814 464 1853 sua:
490 1799 789 1855 divinitatis
814 1809 868 1856 et
897 1801 1100 1869 carnis,
1128 1814 1348 1875 propter
1374 1807 1630 1861 υιιίιιιιιπι
1664 1825 1778 1875 per.
1813 1797 1855 1855 Β
1884 1812 1987 1866 que
2020 1816 2112 1868 per
2145 1803 2377 1875 linguam
2420 1814 2705 1881 cujuslibet
2740 1820 2841 1887 dis.
2866 1829 3088 1881 utatoris
3133 1833 3332 1887 audivi.
3363 1837 3465 1893 No-

200 1903 349 1944 sonae
387 1890 638 1946 divinitas
668 1892 786 1947 Filii
815 1894 1016 1949 dicitur
1059 1911 1214 1977 passa
1257 1898 1514 1968 quidquid
1560 1905 1779 1969 protulit

195 1991 305 2062 [An
335 1992 604 2064 pertulit‘l]
633 2008 779 2050 caro.
809 1994 1042 2051 Persona
1081 2008 1259 2053 autem
1310 2000 1424 2054 Filii
1471 2017 1574 2057 ιιοιι
1603 2015 1683 2056 est
1714 2020 1775 2058 ea

196 2099 317 2152 quae
345 2093 429 2138 est
459 2084 650 2151 Patris,
669 2084 802 2155 'quia
833 2088 936 2141 alia
978 2098 1063 2144 est
1107 2090 1276 2145 Patris
1321 2107 1336 2145 :
1383 2093 1502 2147 ideo
1546 2104 1776 2150 tantum-

196 2176 360 2229 modo
387 2175 554 2230 Filius
580 2192 770 2247 passus
811 2190 913 2233 est.
950 2180 1035 2234 lsti
1085 2193 1264 2236 autem
1303 2184 1414 2252 qui,
1446 2187 1583 2241 sicut
1611 2202 1770 2242 unam

189 2281 481 2335 personam
513 2269 720 2325 Domini
746 2269 875 2326 Jesu
899 2268 1119 2337 Christi,
1138 2274 1215 2326 sic
1241 2290 1400 2328 unam
1424 2278 1614 2331 volunt
1637 2294 1773 2346 pra:-

191 2358 380 2416 dlcare
415 2369 687 2430 naturam,
716 2363 844 2429 quid
888 2366 1288 2434 respondebunt
1328 2369 1574 2425 Arianis?
1601 2372 1772 2442 Argu-

190 2461 376 2507 menta
399 2452 478 2509 eis
509 2454 626 2511 sine
652 2454 816 2511 dubio
840 2468 1029 2511 cuncta
1054 2457 1331 2525 deﬁcient;
1361 2468 1417 2513 et
1439 2471 1531 2514 aut
1556 2462 1768 2519 Arianis

188 2547 549 2608 consentient.
573 2562 640 2603 ne
665 2561 822 2602 unam
855 2547 1025 2602 Patris
1049 2559 1103 2603 et
1132 2549 1246 2605 Filii
1274 2551 1603 2617 divinitatem
1632 2569 1769 2624 pra:-

183 2635 401 2701 dici-at;
431 2647 522 2691 aut
550 2638 960 2709 ,Patripassianis
988 2642 1352 2713 sociabuntur,
1381 2661 1566 2703 errore
1594 2651 1759 2704 sacri-

188 2734 309 2804 lego
349 2736 720 2792 miserabiliter
746 2738 1035 2809 obligandi.
1069 2740 1388 2799 Revertatur
1430 2746 1496 2800 ad
1543 2760 1758 2803 sensum

182 2826 483 2894 piissimum
504 2826 662 2884 .t'uror
684 2830 995 2899 haereticus;
1025 2842 1079 2888 et
1105 2836 1200 2903 qui
1223 2851 1285 2891 ex
1321 2838 1523 2894 naturis
1548 2839 1759 2897 duabus

180 2918 237 2971 in
272 2917 495 2974 Domino
520 2920 644 2975 Jesu
691 2920 904 2979 Christo
939 2939 1098 2980 unam
1134 2925 1324 2983 iactam
1370 2928 1586 3000 fatetur,
1611 2931 1760 2988 dicat

176 3008 313 3062 mihi
343 3023 462 3078 qua:
492 3011 677 3066 harum
709 3013 884 3082 periit,
915 3022 972 3069 ut
998 3029 1102 3069 una
1135 3016 1290 3073 lieret
1310 3034 1375 3073 ex
1405 3020 1631 3076 duabus.
1660 3022 1755 3078 Di-

176 3098 300 3167 vina
342 3101 517 3167 perire
561 3117 667 3157 non
710 3106 899 3171 potuit,
926 3104 1154 3158 humana
1197 3121 1302 3159 non
1346 3106 1550 3164 debuit.
1575 3112 1680 3166 Aut
1707 3111 1753 3167 si

172 3189 376 3243 nullius
416 3192 579 3246 audet
619 3207 860 3248 asserere
887 3194 1259 3262 perditionem,
1290 3197 1434 3271 dicat
1462 3210 1639 3255 utrum
1683 3201 1754 3256 sit

172 3278 349 3331 altera
384 3280 435 3335 in
467 3281 689 3334 alteram
732 3291 1054 3338 commutata
1084 3300 1099 3338 :
1127 3296 1183 3341 et
1209 3288 1253 3342 si
1291 3287 1514 3344 alteram
1539 3290 1591 3344 in
1621 3291 1756 3347 alte-

166 3391 287 3430 ram
331 3377 571 3446 potuisse
611 3380 930 3435 commutari
978 3383 1357 3453 suspicabitur,
1386 3387 1529 3443 dicat
1569 3405 1756 3448 rursus

168 3480 353 3524 utrum
396 3470 646 3525 divinitas
691 3473 744 3527 in
789 3488 1027 3540 carnem,
1055 3491 1122 3531 an
1166 3477 1220 3533 in
1263 3478 1595 3537 divinitatem
1625 3499 1753 3540 caro

160 3574 433 3615 conversa
474 3562 565 3615 sit.
595 3560 652 3617 Si
692 3566 836 3618 enim
863 3565 1114 3621 divinitas
1141 3568 1207 3623 ad
1241 3568 1543 3627 inferiorem
1572 3575 1751 3631 carnis

161 3652 386 3706 red..cta
430 3660 513 3708 est
553 3653 889 3723 qualitatem,
923 3658 1243 3715 deteriorata
1285 3664 1654 3732 cognoscitur;
1695 3675 1750 3723 et

160 3744 277 3813 iam
321 3743 419 3798 sibi
462 3743 638 3813 potius
679 3756 891 3803 creator
917 3748 1091 3805 bonus
1119 3753 1389 3808 miseriam
1422 3759 1746 3828 procuravit,

164 3852 331 3904 quam
363 3838 517 3893 nobis
544 3839 971 3897 misericordiam
1007 3846 1276 3913 praestitit.
1302 3845 1357 3902 Si
1383 3863 1509 3903 vero
1536 3864 1744 3920 perma-

160 3940 201 3979 n
223 3940 303 3991 -ns
325 3926 574 3983 intiolata
598 3929 844 3986 divinitas
868 3932 1142 3989 absorbuit
1163 3936 1514 3994 substantiam
1543 3944 1742 4012 carnis,

161 4024 224 4068 ut
245 4012 353 4070 hoc
392 4030 515 4072 esse
558 4018 817 4088 inciperet
845 4037 972 4078 caro
1000 4027 1140 4094 quod
1174 4027 1432 4096 Verbum,
1464 4033 1583 4101 quis
1610 4035 1744 4091 tole-

160 4106 407 4161 rabiliter
430 4108 611 4164 audiat
632 4121 931 4169 creaturam
958 4118 1105 4184 prius
1126 4127 1316 4175 cuncta
1344 4123 1633 4181 accidentia
1659 4143 1741 4183 re-

157 4199 453 4268 cipientem
484 4205 789 4272 pervenisse
815 4208 881 4262 ad
919 4224 985 4279 ge
1009 4226 1088 4266 =us
1115 4222 1169 4267 et
1198 4218 1489 4282 potentiam
1528 4229 1739 4276 creato-

125 4292 137 4302 '
160 4288 262 4354 ris,
293 4299 348 4344 ut
398 4303 543 4347 εεςει
588 4296 765 4351 subito
809 4299 927 4355 sine
972 4303 1111 4367 quali
1136 4314 1245 4368 ate,
1276 4306 1392 4363 sine
1419 4309 1735 4378 quantitate,

156 4379 281 4434 sine
308 4390 564 4449 tempore,
589 4387 705 4441 sine
731 4387 871 4455 loco,
899 4391 1015 4446 sine
1059 4394 1185 4461 situ,
1214 4396 1329 4452 sine
1374 4400 1732 4468 passionibus,

153 4468 278 4524 siue
305 4469 735 4545 habitu,»perdita
766 4480 1070 4537 conditione
1096 4486 1335 4552 facturae,
1359 4488 1478 4544 solo
1506 4492 1731 4549 ιιεὶυυιιί

153 4556 341 4627 vigore
367 4561 630 4619 subrixa?

228 4667 283 4722 9.
330 4669 520 4728 Timeo
561 4690 628 4731 ne
674 4670 1019 4747 amplificatio
1070 4694 1317 4741 .reaturae
1358 4693 1618 4748 creatoris
1659 4695 1730 4749 sit

152 4759 333 4826 potius
366 4762 682 4832 imminutio,
713 4778 960 4840 tanquam
1008 4772 1147 4830 Deus
1182 4778 1466 4849 indiguerit
1510 4781 1727 4838 addita-

148 4861 338 4905 mento
376 4855 553 4909 carnis
596 4860 811 4927 augeri;
840 4864 964 4931 quia
994 4875 1049 4919 et
1078 4866 1244 4921 multo
1275 4869 1486 4925 facilius
1528 4874 1723 4928 mutari

146 4942 395 5012 potuisse
423 4946 511 5001 illa
542 4958 728 5004 natura
777 4953 1005 5022 dicetur,
1048 4957 1100 5012 in
1143 4973 1300 5028 quam
1342 4962 1511 5031 potuit
1556 4964 1721 5021 altera

146 5037 673 5097 conimtttari.Niinis
694 5040 978 5103 absurdam
998 5051 1318 5108 sententiam
1341 5056 1553 5111 silentio
1576 5072 1725 5112 man-

142 5126 418 5194 cipemus;
445 5137 503 5187 et
531 5131 578 5184 si
608 5136 807 5189 nullam
836 5136 904 5192 de
929 5140 1134 5196 duabus
1164 5143 1248 5199 his
1276 5150 1478 5202 naturis
1510 5150 1560 5201 in
1591 5147 1725 5203 alte-

142 5231 262 5271 ram
307 5222 547 5287 potuisse
588 5230 859 5283 transferri
906 5230 1106 5302 liquivlo
1151 5236 1354 5305 claret,
1403 5242 1722 5310 respondeat

142 5315 323 5362 utrum
369 5310 508 5367 forte
554 5317 834 5383 permixtio
883 5332 1191 5381 naturarum
1242 5330 1488 5397 duarum,
1524 5334 1718 5391 nullius

140 5411 329 5450 earum
363 5403 687 5469 proprietate
710 5420 940 5479 servata,
970 5428 1160 5470 novam
1194 5431 1445 5478 naturam
1472 5426 1593 5480 novi
1623 5442 1719 5496 ge-

140 5485 289 5542 neris
331 5489 536 5548 l'ccerit.
566 5494 632 5550 Et
660 5500 705 5552 si
737 5499 874 5556 hanc
899 5505 1052 5560 unius
1081 5510 1389 5568 mediatoris
1430 5530 1587 5571 unam
1618 5485 1718 5573 na-

135 5590 314 5635 turam
343 5584 635 5652 praedicare
660 5592 910 5661 voluerit,
942 5612 1047 5651 nun
1087 5598 1299 5659 interim
1331 5610 1544 5677 requiro
1573 5612 1716 5681 quali

209 5722 237 5752 ι
262 5714 360 5772 ilic
388 5717 578 5778 deesse
605 5724 812 5781 videtur
838 5728 1151 5789 substantiis.

1783 3163 1827 3224 ρ
1857 3168 2112 3227 negemus
2137 3203 2155 3230 ,

1884 1904 2007 1945 men
2039 1894 2163 1962 hoc,
2189 1898 2330 1954 sicut
2354 1903 2485 1972 dixi,
2516 1909 2865 1967 vehementer
2896 1917 3126 1984 inquiro.
3156 1924 3258 1978 Sed
3290 1930 3463 1994 potius

1880 1980 1983 2038 hoc
2011 2000 2275 2057 propono,
2306 1995 2407 2050 hoc
2450 2000 2788 2068 cngitandum
2836 2010 3166 2073 prtedicatori
3213 2020 3368 2075 unius
3408 2023 3461 2079 in

1878 2070 2092 2130 Christo
2138 2081 2624 2159 subst.niti:e,_licct
2667 2094 2821 2161 nolit,
2850 2113 3064 2168 oppono
3109 2123 3125 2159 :
3164 2108 3218 2161 Si
3251 2126 3351 2165 una
3381 2124 3461 2170 est

1875 2159 2076 2219 Christi
2110 2179 2298 2227 natura
2326 2181 2621 2246 composita
2651 2198 2717 2237 ex
2748 2186 2973 2254 duabus,
3005 2209 3110 2247 non
3142 2198 3261 2253 talis
3292 2201 3458 2259 Patris

1875 2262 2086 2320 natura,
2122 2273 2225 2314 non
2254 2275 2338 2317 est
2366 2267 2488 2321 talis
2527 2269 2759 2337 Spiritus
2800 2281 2989 2335 sancti.
3021 2285 3300 2350 Quomodo
3332 2310 3456 2363 ergo

1872 2340 1977 2396 erit
2006 2343 2170 2401 Filius
2198 2350 2497 2410 homouu’on
2527 2359 2669 2415 Patri
2703 2365 2784 2419 vel
2843 2340 3064 2437 Spiritui
3090 2382 3312 2437 sancto?
3343 2340 3459 2442 υῖιι

1870 2429 2045 2489 Patris
2084 2437 2421 2512 Spiritusque
2461 2452 2630 2505 sancti
2664 2463 2850 2512 natura
2881 2461 3107 2530 simplex
3148 2480 3260 2535 est,
3306 2486 3452 2534 caret
3494 2518 3503 2526 ο

1869 2525 2290 2596 compositione;
2324 2532 2522 2590 Christi
2564 2549 2761 2609 autem,
2797 2562 2915 2617 quae
2956 2552 3091 2609 facta
3123 2557 3361 2618 firmatur
3386 2580 3457 2623 ex

1866 2611 2076 2723 duabus
2104 2636 2205 2677 una
2237 2637 2448 2693 natura,
2467 2638 2761 2703 composita
2785 2653 2887 2710 est,
2906 2660 3053 2704 caret
3077 2652 3445 2723 simplic'tate.

1867 2702 2007 2807 Quid
2038 2723 2167 2779 ergo
2196 2714 2474 2775 dicemus?
2505 2702 2663 2792 Urget
2691 2745 2788 2785 nos
2818 2702 2939 2791 licet
2964 2738 3161 2800 invitos
3185 2702 3446 2811 lviolentia

1868 2796 2130 2869 veritatis,
2162 2814 2255 2860 aut
2284 2823 2442 2864 unam
2475 2811 2676 2871 Christi
2706 2832 2951 2882 naturam
2984 2846 3088 2886 non
3122 2839 3477 2913 prmdicare;‘

1868 2896 1948 2913 nne
1986 2887 2159 2913 n..._:-
2221 2906 2264 2913 Α-
2303 2896 2424 2913 εει-ιο.
2516 2912 2521 2913 ,
2570 2904 2601 2913 ,ι
2646 2907 2658 2913 -
2696 2909 2707 2913 -

1860 2896 1952 2988 aut
1984 2887 2183 2959 Patris,
2213 2906 2265 2949 et
2299 2896 2448 2964 Filii,
2474 2912 2529 2958 et
2566 2904 2799 2975 Spiritus
2826 2919 3017 2985 sancti,
3044 2922 3093 2977 id
3122 2887 3209 2981 est
3249 2889 3450 2988 sancite

1858 2972 2140 3036 Trinitatis
2191 2999 2350 3041 unam
2400 2972 2750 3054 substantiam
2782 3005 2865 3059 vel
2897 2972 3181 3069 essentiam
3227 3036 3444 3092 negare.

1858 3064 1962 3092 om:
2012 3072 2053 3092 ,ε
2103 3087 2195 3092 --ης
2382 3082 2396 3092 ·
2566 3088 2578 3092 λ

1858 3064 1963 3122 Sed
2009 3072 2054 3125 si
2103 3087 2262 3132 unam
2315 3082 2668 3145 substantiam
2713 3096 2794 3150 vel
2838 3106 3126 3164 essentiam
3166 3064 3444 3178 Trinitatis

2214 3167 2534 3274 irianorutn
2597 3180 2833 3253 dogmati
2896 3194 3140 3254 videmur

1859 3260 2201 3361 ionsensum.
2228 3256 2306 3314 Ne
2332 3276 2459 3334 ergo
2488 3267 2765 3329 videamur
2790 3278 2999 3341 similes
3022 3256 3256 3361 Arianis,
3280 3313 3441 3361 unam

1904 3338 2056 3361 L_2-n‘
2291 3352 2303 3361 '
2518 3360 2523 3361 ⁷

1855 3334 2056 3397 Christi
2088 3352 2336 3413 quamvis
2382 3369 2448 3410 ex
2495 3360 2701 3443 duabus
2732 3378 2974 3430 naturam
3023 3334 3441 3454 non

1855 3445 1995 3538 rans,
2023 3437 2117 3490 sed
2150 3455 2311 3497 unum
2344 3438 2611 3507 Christum
2639 3458 2814 3525 potius
2838 3476 2904 3518 ex
2930 3466 3132 3526 duabus
3152 3437 3439 3538 ert—indita.

2639 3518 2657 3525 _
2938 3518 3131 3526 ηπ..
3155 3518 3208 3530 ν.
3308 3518 3432 3538 ...α-

1851 3518 1951 3576 bus
1983 3530 2187 3583 naturis
2219 3534 2614 3608 conﬁtendum;
2649 3561 2748 3600 nec
2776 3551 3099 3614 Arianorum
3128 3564 3432 3632 polluatnur

1850 3627 2089 3685 veneno,
2120 3636 2220 3677 ncc
2259 3630 2528 3696 superﬂua
2557 3634 2836 3697 delirantis
2866 3627 3176 3718 Eutychetis
3203 3627 3435 3720 inebrie-

1852 3716 1975 3758 mur
2003 3706 2387 3777 disputatione.
2416 3717 2557 3777 Deus
2589 3725 2912 3798 unigenitus,
2948 3706 3039 3794 dei
3082 3706 3433 3812 Filius-vertis

1845 3800 1901 3899 τι
1929 3799 2176 3899 praprius
2211 3818 2345 3861 unus
2383 3806 2504 3878 fuit,
2537 3819 2752 3882 quando
2787 3821 2854 3877 In
2882 3830 3135 3899 principio

1846 3883 1987 3992 fam,
2012 3897 2059 3943 et
2089 3889 2311 3949 Verbum
2350 3910 2459 3954 erat
2496 3907 2637 3975 apud
2665 3907 2854 3980 Deum,
2882 3883 2933 3971 ει
2977 3883 3117 3979 Herus
3160 3941 3268 3985 erat
3306 3883 3430 3992 ti;

1844 3972 1981 4077 bum.
2016 3976 2130 4094 liae
2166 3994 2275 4037 erat
2318 3987 2371 4041 in
2419 3972 2673 4064 principio
2719 3972 2859 4073 apud
2902 3972 3433 4094 DeumTUm-n'iapg

1846 4064 2016 4186 ipsum
2040 4070 2180 4186 {acta
2208 4089 2349 4144 sunt,
2370 4089 2419 4133 el
2439 4083 2548 4138 sine
2574 4086 2685 4157 ipsa
2706 4064 2898 4159 [tioium
2925 4110 2997 4154 est
3022 4104 3155 4160 nihil
3180 4064 3424 4186 (Joanft,

1910 4159 1964 4186 eu
2020 4160 2041 4186 I
2072 4178 2166 4186 ..-η
2198 4175 2297 4186 -ιν
2336 4185 2344 4186 κ
2384 4171 2434 4186 '-

1844 4157 1983 4229 1-5).
2020 4160 2167 4219 Unus
2194 4175 2353 4237 atque
2383 4171 2522 4229 idem
2554 4190 2657 4246 est,
2686 4157 2900 4252 quando
2930 4157 3160 4254 Verbum

1838 4260 1980 4308 ctum
2033 4265 2137 4369 est,
2174 4269 2253 4369 et.
2276 4263 2530 4325 habitavit
2580 4274 2634 4329 in
2683 4280 2855 4337 nobis.
2909 4284 3196 4361 Propterea
3247 4260 3422 4369 prius-

1846 4356 2006 4412 quam
2038 4347 2199 4419 Virgo
2232 4352 2391 4410 Maria
2421 4364 2757 4438 conciperet,
2790 4373 2933 4433 Deus
2960 4347 3195 4441 Trinitas
3218 4347 3419 4451 creavit

1837 4447 1969 4538 nos;
2012 4447 2078 4551 Lct
2108 4449 2452 4551 posteaquam
2482 4465 2669 4510 sancti
2710 4460 2913 4531 Spiritu
2958 4471 3281 4537 lecundante
3326 4447 3417 4551 pe;

1760 4543 1810 4602 υ
1841 4526 1980 4589 perit
2010 4527 2343 4601 Emmanuel,
2375 4537 2427 4592 id
2456 4550 2561 4607 εει,
2595 4526 2870 4609 nobiscum
2901 4526 3415 4629 θευηῖξῦἶῖζιῖτῗῖ-

1836 4616 1976 4673 nitas
2005 4619 2231 4721 redemit
2258 4641 2355 4681 nos
2385 4644 2401 4682 :
2431 4640 2556 4689 ante
2582 4634 3035 4707 dispensationem
3067 4616 3412 4721 carnis—Deus

1833 4717 2019 4763 noster
2045 4709 2311 4780 Trinitas;
2345 4730 2464 4786 post
2490 4728 2758 4793 negotium
2788 4734 2982 4804 crucis,
3008 4752 3065 4797 et
3093 4709 3214 4814 post
3240 4709 3412 4822 Spolia

1833 4798 2157 4822 ε-ι·...----μ-
2244 4807 2280 4822 λ
2637 4819 2675 4822 _

1833 4798 2164 4857 infernorum
2187 4846 2205 4872 ,
2240 4807 2382 4865 Deus
2423 4825 2609 4872 noster
2636 4819 2886 4882 Trinitas.
2919 4798 3407 4915 ρὲιετείιᾷἐεῖἶιῖξξ

1828 4892 1967 4947 sicut
1996 4911 2133 4952 unus
2160 4897 2277 4967 fuit,
2302 4914 2405 4973 est,
2436 4917 2489 4962 et
2514 4910 2616 4965 erit
2646 4912 2824 4983 Pater,
2854 4892 3039 4990 quide
3063 4892 3405 5000 Virgineho;

1828 4991 1913 5037 est
1942 4994 2130 5054 natus;
2174 4993 2312 5045 sicut
2349 5010 2483 5051 unus
2523 4999 2642 5066 fuit,
2670 5015 2771 5072 est,
2806 5019 2859 5064 et
2888 5014 2989 5070 erit
3016 4991 3247 5087 Spiritus

1824 5083 1963 5141 ctus,
1981 5079 2070 5146 qui
2101 5081 2350 5138 similiter
2371 5087 2439 5142 de
2463 5088 2679 5161 Virgine
2706 5112 2812 5156 non
2840 5115 2921 5159 est
2947 5079 3131 5179 natus;
3162 5116 3231 5171 ita
3262 5079 3401 5180 unus

1822 5176 1907 5220 est
1933 5169 2094 5224 etiam
2125 5172 2314 5243 Filius,
2347 5180 2437 5248 qui
2484 5182 2554 5239 de
2586 5185 2800 5260 Virgine
2848 5206 3003 5255 natus
3048 5169 3151 5265 εει.

1823 5262 1934 5328 ptio
1962 5261 2036 5317 illi
2069 5264 2168 5319 i'uit
2195 5267 2415 5327 alterius
2442 5283 2467 5311 ⁸
2495 5276 2563 5331 ad
2595 5295 2753 5337 unam
2782 5299 3086 5353 persanam.

1895 5349 1980 5404 10.
2010 5351 2191 5408 Crevit
2225 5371 2354 5427 ergo
2401 5376 2495 5430 prr
2538 5349 2867 5430 nativitatem
2898 5383 3075 5439 carnis
3103 5387 3157 5441 in
3184 5387 3399 5449 Christo

1823 5454 2079 5496 numeris
2127 5444 2567 5522 substantiarutn,
2600 5459 2940 5531 singularitas
2979 5487 3108 5528 vero
3156 5492 3397 5543 personas

1825 5538 2212 5596 perseveravit.
2243 5535 2449 5597 Idcirco
2476 5553 2715 5615 quamvis
2743 5556 2845 5610 alia
2876 5561 2945 5614 sit
2987 5535 3169 5618 natura
3199 5567 3389 5624 divini-

1825 5620 1968 5691 tatis,
1991 5621 2095 5679 alia
2121 5623 2490 5704 humanitatis,
2519 5653 2623 5695 non
2655 5642 2713 5699 tit
2742 5645 2976 5706 Trinitas
3004 5650 3091 5707 illa
3123 5620 3391 5725 quaterni-
