3978 6350
581 315 681 370 899

1497 308 1864 364 FULGENTH
1907 307 2252 364 Fiiftl‘tANDI
2296 300 2567 362 DlACONl
2607 306 2946 364 CARTIIAG.

3775 312 3879 365 900

584 433 700 484 tas.
732 424 854 493 quia
906 435 1256 491 personarum
1295 430 1376 473 est
1403 419 1657 486 Trinitas,
1686 436 1803 488 quae
1855 421 1906 474 in
1957 420 2172 475 Christo
2199 431 2247 486 Α
2279 422 2418 475 nitas
2465 433 2905 486 connumeratur,
2931 431 2987 476 ει
3025 421 3389 490 unusquisque
3419 439 3609 477 eorum
3643 425 3777 477 dum
3812 430 3878 482 de

580 533 687 570 una
723 515 1034 584 permansit.
1067 513 1216 568 Unus
1262 525 1342 566 est
1386 513 1613 581 proinde
1643 513 1911 579 Christus,
1940 525 1996 571 et
2023 529 2167 570 gem.

579 623 678 675 per
705 623 864 670 unus,
887 613 1104 673 propter
1133 603 1290 659 unius
1323 617 1563 670 persona:
1590 603 2032 672 singularitatem.
2051 593 2181 674 quae

584 699 636 751 iu
668 713 734 752 eo
766 712 866 751 nec
893 696 1082 763 dividi,
1111 709 1210 750 nec
1238 694 1530 756 subdividi,
1557 709 1656 748 nec
1684 695 1942 763 duplicari
1971 704 2166 765 potest,

573 791 820 861 quamvis
849 804 915 844 ex
946 788 1153 843 duabus
1191 797 1248 843 et
1273 788 1325 842 in
1354 787 1562 842 duabus
1583 787 1835 843 credatur
1857 803 1979 843 esse
2014 798 2170 842 natu-

579 881 676 934 ris.
711 879 905 935 Libere
939 880 1101 949 igitur
1131 878 1332 948 absque
1359 878 1470 932 ulla
1503 878 1788 934 formidine
1817 878 2170 933 confiteantur

573 971 732 1024 unius
762 970 960 1024 Christi
991 978 1212 1024 naturas
1237 969 1393 1035 duas,
1414 969 1646 1024 divinam
1672 970 1882 1025 scilicet
1907 979 1960 1023 et
1983 970 2171 1024 huma-

572 1087 734 1137 nam,
768 1071 1003 1126 Verbum
1030 1081 1090 1126 et
1115 1085 1334 1125 carnem
1356 1110 1372 1134 ,
1404 1069 1706 1124 manifestis
1733 1069 2169 1124 distinctionibus

574 1175 898 1234 apparentes
929 1182 942 1218 :
975 1173 1030 1218 et
1055 1163 1182 1234 quid
1214 1164 1508 1219 secundum
1551 1179 1737 1219 earum
1785 1165 2166 1234 proprietatem

578 1260 681 1314 rite
713 1259 880 1328 possit
916 1259 1162 1327 intelligi,
1198 1273 1291 1326 per
1319 1257 1500 1312 omnia
1530 1258 1707 1312 divina
1739 1257 2005 1311 volumina
2037 1257 2168 1310 sim-

573 1350 787 1419 pliciter
829 1349 1140 1412 audientes,
1186 1349 1488 1403 nullatenus
1533 1348 1875 1414 dubitemus,
1925 1349 2168 1416 quaedam

576 1439 740 1494 verba
771 1439 1057 1504 divinitati,
1088 1439 1336 1509 quaedam
1366 1455 1494 1494 vero
1536 1439 1850 1493 humanitati
1892 1438 2009 1508 ejus
2052 1441 2171 1493 sine

568 1533 916 1601 scparationc
943 1547 1165 1601 prorsus
1194 1531 1388 1598 aptari.
1418 1533 1470 1585 Si
1499 1531 1619 1600 quis
1649 1532 1792 1584 enim
1825 1546 1909 1584 me
1937 1529 2168 1585 interro-

568 1633 665 1694 gat
692 1640 708 1678 :
744 1623 855 1694 Ego
883 1634 932 1678 et
961 1622 1124 1677 Pater
1149 1640 1308 1676 unum
1337 1639 1510 1677 sumtu
1541 1623 1720 1693 (Joan.
1749 1639 1803 1688 ι,
1827 1623 1956 1693 30),
1990 1633 2168 1676 utrum

572 1731 677 1771 vox
712 1717 812 1770 ista
844 1716 1142 1771 secundum
1170 1717 1503 1771 divinitatem
1535 1717 1742 1786 prolata
1771 1716 1948 1781 sit,an
1980 1732 2170 1771 secun-

2276 513 2535 568 Triuitate
2583 528 2704 569 esse
2750 515 2970 582 dicitur,
3012 530 3046 569 a
3101 517 3364 570 creaturis
3413 520 3633 572 cmteris
3673 535 3874 588 διηκ-

2268 614 2490 659 ειηιιιικ

2342 719 2428 772 Η.
2460 719 2650 773 Omnis
2678 721 2820 775 enim
2849 735 2936 776 res
2960 729 3050 775 aut
3079 719 3223 777 Deus
3251 731 3355 788 est,
3386 731 3477 776 aut
3503 734 3790 778 creatura.
3819 726 3871 779 Si

2271 807 2410 864 Deus
2436 819 2541 878 est,
2560 820 2803 866 creatura
2836 827 2940 866 non
2966 823 3078 878 est;
3111 815 3156 868 si
3183 825 3428 868 creatura
3460 825 3564 880 est,
3593 817 3744 870 Deus
3774 835 3871 871 non

2269 912 2371 956 est.
2399 902 2538 958 Deus
2567 913 2743 958 autem
2771 904 3004 959 Trinitas
3033 912 3115 959 est
3141 907 3298 960 unius
3329 909 3654 962 substantia:
3681 912 3771 963 vel
3791 927 3872 965 es-

2270 996 2491 1059 sentia;
2524 1006 2766 1050 creatura
2794 1011 2891 1065 per
2918 997 3228 1051 multimoda
3251 999 3593 1053 diversarum
3617 1002 3873 1054 substan-

2273 1089 2465 1143 tiarum
2494 1090 2828 1144 distribuitur
2851 1105 3068 1159 genera.
3095 1091 3192 1158 Qui
3223 1108 3350 1161 ergo
3376 1093 3513 1146 Deus
3540 1105 3647 1160 est,
3666 1104 3728 1148 et
3756 1111 3873 1162 pro-

2273 1182 2406 1249 prie.
2433 1180 2483 1234 id
2515 1187 2903 1248 est,verac‘ter
2935 1184 3072 1238 Deus
3104 1193 3208 1248 cst,
3233 1195 3324 1237 aut
3353 1184 3529 1248 Pater,
3557 1199 3645 1237 aut
3681 1185 3741 1238 Fi
3769 1187 3865 1247 ius.

2272 1281 2366 1326 aut
2397 1272 2628 1340 Spiritus
2667 1283 2885 1328 sanctus
2916 1285 3020 1329 est.
3047 1275 3111 1329 Et
3139 1277 3260 1344 quia
3291 1291 3462 1344 neque
3495 1276 3662 1330 Pater
3691 1280 3865 1339 solus,

2273 1379 2447 1434 neque
2478 1367 2624 1420 solus
2650 1365 2838 1433 Filius,
2867 1383 3040 1437 neque
3069 1368 3218 1422 solus
3245 1368 3474 1436 Spiritus
3502 1378 3734 1424 sanctus
3757 1370 3866 1425 Tri—

2273 1457 2412 1513 nitas
2439 1467 2522 1512 est
2541 1500 2558 1524 ,
2585 1460 2678 1514 sed
2701 1461 2858 1514 simul
2885 1460 3062 1528 Pater,
3090 1462 3252 1517 Filius
3281 1475 3332 1517 et
3356 1462 3591 1531 Spiritus
3618 1475 3864 1520 sanctus:

2273 1557 2328 1601 et
2362 1549 2518 1603 [‘ater
2550 1566 2687 1605 unus
2713 1561 2796 1605 est
2828 1551 2893 1605 de
2923 1553 3216 1617 Trinitate,
3239 1563 3292 1608 et
3325 1554 3489 1606 Filius
3522 1570 3662 1607 unus
3695 1565 3780 1608 est
3807 1563 3868 1609 de

2273 1623 2559 1707 Triniiate,
2585 1652 2638 1696 et
2674 1643 2904 1710 Spiritus
2948 1653 3164 1698 sanctus
3206 1659 3341 1698 unus
3370 1655 3454 1698 est
3484 1644 3555 1699 de
3583 1645 3865 1700 Trinitatc.

2273 1737 2410 1803 Quid
2439 1753 2566 1806 ergo
2595 1737 2753 1802 dicit,
2789 1739 3094 1808 quicunque
3122 1738 3250 1792 dicit
3282 1756 3294 1791 :
3327 1739 3475 1794 Unus
3501 1739 3572 1793 de
3604 1739 3865 1796 Trinitatc

573 1805 700 1860 dum
747 1806 1170 1871 huma"i‘a“mi
1219 1807 1537 1860 ﬁdUCi"'“er
1569 1807 1869 1875 resp‘mde"
1903 1824 1915 1857 ⁵
1958 1806 2160 1860 seem“
2198 1805 2241 1864 Β
2282 1828 2465 1892 Filius,
2496 1805 2599 1882 nisi
2634 1847 2645 1879 :
2677 1805 2947 1882 Noliieum
2989 1805 3231 1896 quaerere
3261 1829 3397 1882 inter
3423 1832 3750 1884 ereatnras?
3780 1830 3863 1884 Fi-

572 1902 700 1956 dum
732 1901 1090 1966 divinitatem,
1121 1916 1224 1955 non
1257 1901 1552 1956 secundum
1585 1899 1993 1954 humanitatem.
2027 1898 2091 1952 Et
2120 1899 2166 1953 si

569 1996 696 2065 quis
726 1996 918 2050 iterum
952 1993 1189 2063 requirat
1219 2013 1232 2049 :
1267 1992 1424 2046 Pater
1453 1994 1620 2061 major
1647 2007 1724 2046 me
1749 2000 1820 2045 est
1849 1989 2027 2060 (Joan.
2056 2005 2164 2054 xw,

565 2089 692 2159 28),
725 2099 904 2144 utrum
934 2103 1035 2142 vox
1083 2088 1179 2141 ista
1229 2086 1524 2140 secundum
1570 2086 1913 2140 divinitatem
1960 2085 2168 2153 prolata

570 2189 662 2253 sit,
693 2203 759 2242 an
801 2187 1096 2243 secundum
1147 2186 1567 2251 humanitatem;
1601 2184 1914 2240 fiducialiter
1941 2199 2170 2253 respon-

573 2279 678 2333 deo
705 2295 718 2330 :
751 2277 1055 2333 Secundum
1085 2277 1492 2340 humanitatem,
1523 2292 1627 2330 non
1655 2278 1948 2330 secundum
1978 2277 2172 2330 divini-

573 2378 741 2423 tatem
777 2387 789 2421 :
828 2383 1003 2437 neque
1049 2378 1225 2421 tamen
1259 2375 1481 2436 propter
1512 2367 1612 2420 hoc
1643 2367 1817 2436 aliqua
1849 2381 2035 2420 earum
2068 2383 2168 2422 vox

525 2497 532 2502 -
565 2463 770 2518 Christi
799 2477 904 2516 non
935 2462 1070 2525 erit;
1105 2469 1328 2527 utraque
1353 2459 1495 2513 enim
1524 2474 1626 2512 vox
1653 2458 1720 2512 ad
1747 2473 1908 2512 unum
1940 2459 2170 2527 pertinet

564 2555 866 2620 Christum,
894 2554 1046 2622 cujus
1077 2561 1160 2606 est
1193 2550 1448 2604 divinitas
1475 2560 1529 2605 et
1560 2549 1860 2604 humanitas
1903 2567 1915 2601 :
1949 2565 2170 2619 separa-

572 2645 644 2699 tio
694 2646 780 2700 hio
829 2645 970 2700 nulla
1023 2642 1327 2697 introducta
1373 2651 1476 2707 est,
1512 2643 1632 2711 quia
1667 2657 1830 2696 unam
1860 2657 2046 2697 vocem
2077 2658 2168 2698 se-

563 2745 802 2802 cundum
850 2758 1008 2798 unam
1055 2742 1413 2797 substantiam
1450 2757 1608 2811 posse
1639 2742 1867 2814 intelligi
1901 2743 2164 2810 diximus,

573 2837 865 2893 secundum
914 2836 1142 2890 alteram
1191 2847 1321 2886 vero
1374 2834 1706 2903 negavimus.
1748 2831 1980 2887 Cuilibet
2022 2833 2167 2887 enim

575 2939 783 2984 natura:
831 2942 939 2982 vox
984 2924 1289 2990 conveniat,
1336 2923 1457 2978 ideo
1507 2924 1624 2979 sine
1672 2924 2012 2995 separatione
2059 2939 2166 2978 non

568 3021 826 3076 convenit
862 3019 1048 3086 alteri,
1091 3016 1214 3086 quia
1259 3017 1400 3072 illius
1447 3031 1692 3086 persona:
1735 3027 1846 3085 est,
1893 3017 2044 3087 cujus
2085 3027 2170 3074 est

574 3121 804 3182 utraque
853 3123 1061 3165 natura.
1094 3109 1478 3164 Necessitatem
1529 3123 1686 3164 nemo
1733 3109 1887 3165 nobis
1934 3111 2165 3181 ingerat,

2275 1923 2376 1976 lius
2407 1937 2535 1990 ergo
2580 1921 2872 1976 secundum
2903 1921 3274 1988 divinitatem,
3302 1924 3422 1990 quia
3454 1938 3560 1975 una
3596 1934 3683 1977 est
3712 1940 3864 1978 crea-

2273 2022 2390 2067 tura
2410 2055 2424 2077 ,
2451 2013 2544 2067 sed
2575 2021 2808 2077 creator,
2838 2027 2979 2067 unus
3003 2022 3085 2068 est
3109 2013 3176 2067 de
3201 2013 3490 2078 Trinitate;
3515 2024 3572 2068 et
3596 2017 3723 2084 quia
3759 2018 3863 2082 ipse

2271 2107 2564 2162 secundum
2613 2105 2999 2162 humanitatem
3049 2106 3295 2175 dignatus
3345 2117 3424 2161 est
3473 2109 3606 2174 pati,
3649 2120 3864 2176 propter

2273 2201 2373 2255 hoc
2411 2215 2549 2254 unus
2593 2202 2661 2256 de
2699 2201 2960 2255 Trinitate
2989 2201 3183 2254 dicitur
3213 2215 3414 2270 passus.
3451 2201 3585 2256 Ta'e
3633 2215 3718 2255 t‘st
3769 2201 3863 2254 ita-

2273 2307 2403 2360 que,
2449 2301 2706 2361 quantum
2755 2292 3014 2361 conjicio,
3062 2294 3169 2347 imo
3213 2294 3387 2364 potius
3438 2305 3704 2363 quantum
3750 2311 3862 2350 cre-

2272 2381 2343 2435 do
2373 2397 2386 2433 :
2422 2382 2567 2437 Unus
2585 2391 2666 2437 est
2696 2382 2763 2437 de
2794 2382 3054 2438 Trinitate
3086 2397 3294 2452 passus,
3326 2385 3482 2452 quale
3511 2395 3598 2438 est
3623 2386 3810 2439 dicere
3842 2403 3856 2437 :

2278 2472 2416 2525 Deus
2443 2482 2525 2526 est
2554 2487 2762 2541 passus.
2795 2473 2945 2527 Sicut
2971 2482 3149 2528 autem
3198 2475 3439 2544 quisquis
3470 2475 3637 2529 Deum
3674 2477 3859 2544 pra-di-

2273 2573 2360 2618 cat
2384 2577 2622 2632 passum,
2653 2581 2758 2619 non
2800 2565 3156 2620 substantiam
3191 2566 3486 2621 divinitatis
3525 2567 3659 2622 [δεδι
3691 2570 3857 2637 [πεεεί-

2273 2655 2456 2719 bilem,
2486 2655 2579 2709 sed
2606 2655 2899 2709 divinitatis
2925 2656 3275 2724 impassibilis
3299 2669 3350 2712 et
3377 2657 3729 2713 humanrtaris
3745 2676 3857 2728 qua:

2267 2746 2538 2815 suhjacuit
2588 2747 2842 2816 passioni,
2878 2763 3034 2801 unam
3067 2757 3333 2802 monstrat
3375 2764 3496 2803 esse
3546 2765 3856 2819 personam,

2269 2841 2349 2894 sie
2377 2855 2540 2894 unum
2587 2840 2656 2895 de
2698 2841 2961 2896 Trinitate
2995 2857 3209 2910 passum
3237 2843 3530 2911 praedicans
3557 2885 3569 2908 ,
3597 2846 3859 2900 anienem

2270 2941 2514 3000 persona:
2533 2932 2877 2985 commendat
2904 2933 2956 2986 in
2986 2935 3226 3002 utrisque
3253 2935 3457 2988 naturis
3504 2953 3516 2986 :
3567 2938 3860 2990 excludet“

2271 3021 2603 3079 Nestoriante
2653 3024 2925 3080 haereseos
2951 3025 3210 3080 nefariam
3246 3029 3612 3097 perﬁdamque
3657 3033 3858 3084 doctri-

2271 3130 2393 3170 nam
2419 3117 2557 3171 duos
2582 3115 2719 3171 ﬁlios
2744 3117 3065 3171 inducentis.
3098 3118 3262 3188 Neget
3285 3119 3442 3188 igitur
3457 3136 3620 3174 unum
3644 3121 3716 3174 de
3739 3122 3857 3175 Tri-

568 3217 733 3256 unam
768 3201 1062 3270 praedicare
1089 3209 1362 3254 naturam.
1399 3200 1542 3254 Duos
1586 3201 1723 3255 filios
1774 3201 1984 3271 ignorat
2031 3201 2163 3257 fides
2192 3193 2239 3255 C
2273 3211 2439 3265 nitate
2471 3224 2708 3278 passum,
2736 3211 2826 3279 qui
2853 3225 3051 3280 negare
3094 3211 3207 3263 vult
3254 3211 3415 3265 Deum
3443 3225 3686 3280 passum-
3722 3212 3859 3278 Quo-

565 3294 850 3358 eatholica,
884 3293 1261 3362 quaternitatis
1309 3303 1608 3348 assertores
1659 3294 1882 3348 omnino
1924 3293 2162 3348 detesta-

568 3395 692 3450 tur;
740 3391 796 3440 et
832 3383 1036 3438 idcirco
1077 3399 1242 3449 nunc,
1274 3392 1533 3453 quantum
1563 3383 1816 3452 arbitror,
1844 3386 2162 3456 quibusdam

568 3488 732 3535 recta:
761 3475 884 3533 fidei
916 3476 1349 3533 custodientibus
1377 3477 1640 3547 regulam,
1671 3475 1870 3547 placuit
1901 3493 2064 3531 unum
2095 3478 2166 3534 de

569 3577 836 3633 Trinitate
864 3592 1082 3647 passum
1116 3576 1297 3633 fateri.
1332 3575 1471 3630 Nihil
1503 3577 1699 3646 quippe
1727 3575 1869 3630 aliud
1901 3579 2166 3632 sentent'a

575 3669 693 3723 haec
740 3669 1016 3723 insinuare
1059 3669 1424 3736 ceguoscitur,
1458 3667 1561 3722 nisi
1591 3669 1765 3736 ipsum
1797 3681 1918 3722 esse
1947 3681 2164 3737 passum

570 3760 624 3814 in
656 3772 842 3824 carne,
872 3758 963 3827 qui
1009 3757 1076 3812 de
1120 3757 1278 3813 Patre
1331 3757 1439 3812 Deo
1483 3765 1642 3812 natus
1669 3764 1772 3825 εει,
1803 3756 1854 3810 id
1883 3765 1988 3822 est,
2013 3757 2168 3813 Chri-

573 3861 741 3917 stum,
769 3864 838 3905 ne
869 3860 1083 3920 putetur
1113 3849 1276 3905 homo
1306 3863 1471 3920 purus
1503 3852 1764 3906 tolerasse
1796 3852 2060 3921 passionis
2091 3856 2164 3908 3n-

571 3944 759 4012 iurias.
788 3943 898 3998 lloc
927 3959 1055 4014 ergo
1084 3943 1234 4010 dicit,
1254 3945 1347 4013 qui
1380 3959 1542 3998 unum
1569 3944 1636 3997 de
1660 3943 1914 4002 Trinitate
1952 3957 2166 4015 passum

574 4042 727 4096 dicit.
760 4043 874 4098 Non
919 4050 1004 4097 est
1032 4051 1217 4112 quarta
1253 4055 1482 4110 persona
1516 4041 1605 4110 qui
1637 4055 1824 4110 passus
1851 4051 1953 4105 est,
1979 4042 2072 4097 sed
2099 4043 2167 4098 ad

573 4147 856 4187 numerum
886 4133 1118 4201 pertinet
1141 4131 1440 4186 Trinitatis.
1460 4131 1680 4186 Manens
1705 4132 1850 4187 enim
1882 4133 1975 4188 Dei
2001 4133 2169 4190 Filius

570 4222 921 4291 impassibilis
944 4237 1107 4276 secun
1133 4225 1239 4277 lum
1267 4221 1627 4290 divinitatem,
1654 4237 1748 4292 per
1771 4223 2168 4296 susceptionem

573 4332 781 4378 natura:
812 4322 1080 4392 passibilis
1112 4322 1350 4392 passioni
1381 4321 1666 4392 subj-acuit.
1700 4321 1765 4376 Et
1794 4325 2036 4392 quamvis
2063 4323 2167 4380 alia

574 4417 648 4473 sit
677 4418 729 4472 in
764 4417 853 4472 illo
881 4426 1072 4470 natura
1106 4431 1200 4487 per
1230 4430 1388 4486 quam
1421 4429 1639 4484 semper
1669 4416 2017 4485 impassibilis
2047 4433 2168 4488 per-

572 4522 811 4579 severat,
839 4513 941 4567 a'.ia
989 4526 1082 4580 per
1113 4527 1271 4581 quam
1303 4509 1501 4564 dicitur
1530 4511 1900 4579 temporaliter
1943 4527 2162 4581 passus,

2270 3304 2432 3358 modo
2461 3311 2638 3358 autem
2669 3301 2814 3358 Deus
2846 3318 3038 3373 passus
3073 3303 3142 3356 sit
3190 3303 3326 3357 bene
3351 3317 3542 3358 omnes
3573 3304 3766 3360 fideles
3789 3309 3856 3360 in-

2270 3394 2535 3466 telligunt,
2559 3395 2856 3451 secundum
2880 3409 3095 3450 carnem
3124 3394 3357 3456 scilicet,
3382 3395 3681 3448 secundum
3706 3412 3854 3465 quam

2270 3487 2450 3557 potuit
2480 3486 2643 3542 Deus.
2679 3486 2928 3555 Alioquin
2984 3483 3339 3553 su~eipienda
3367 3485 3547 3538 carnis
3602 3488 3752 3539 nulla
3784 3503 3856 3540 re-

2271 3587 2514 3633 maneret
2563 3591 2727 3633 causa
2782 3577 3099 3647 probabilis,
3124 3577 3168 3632 si
3192 3577 3456 3646 potuisset
3478 3593 3576 3646 per
3606 3593 3670 3632 se
3697 3580 3851 3648 ipsam

2272 3670 2510 3740 passioni
2543 3668 2822 3737 subiacere
2848 3668 3121 3724 divinitas.
3147 3668 3222 3723 lta
3256 3678 3382 3724 nota
3421 3680 3552 3723 sunt
3580 3669 3701 3724 hac
3733 3685 3854 3739 pene

2271 3762 2520 3815 omnibus
2573 3761 2929 3827 Christianis,
2989 3769 3051 3814 ut
3093 3761 3530 3831 quandocunque
3580 3764 3851 3832 praedicari

2270 3855 2494 3910 audiunt
2515 3840 2706 3910 _Deum
2755 3869 2970 3925 passum
2993 3899 3008 3923 ,
3044 3869 3150 3909 non
3191 3855 3486 3925 intelligant
3530 3857 3633 3911 nisi
3671 3857 3851 3912 Filiam

2272 3945 2391 4013 Dei,
2418 3961 2518 4002 nec
2544 3947 2832 4017 opinentur
2854 3948 3009 4003 aliter
3037 3962 3251 4018 passum
3278 3989 3294 4014 ,
3326 3948 3426 4002 nisi
3449 3952 3729 4019 quomodo
3755 3950 3852 4020 pati

2270 4049 2324 4094 ct
2344 4037 2528 4094 debuit
2556 4047 2610 4093 ει
2637 4038 2810 4108 potuit
2835 4037 2996 4102 Deus,
3032 4038 3326 4093 secundum
3351 4039 3710 4094 substantiam
3736 4055 3854 4095 car-

2271 4131 2354 4186 nis
2380 4145 2537 4201 quam
2563 4128 2802 4199 suscepit
2849 4144 2916 4185 ex
2956 4139 3152 4185 matre.
3185 4129 3277 4186 Sic
3319 4145 3449 4200 ergo
3478 4131 3697 4199 quoties
3727 4145 3855 4184 unus

2271 4224 2338 4278 de
2368 4222 2631 4278 Trinitate
2660 4220 2858 4276 dicitur
2873 4235 3095 4292 passus,
3116 4235 3277 4276 nemo
3304 4221 3496 4275 saltem
3523 4221 3857 4291 interrogare

2270 4314 2652 4384 compellitur:
2674 4313 2774 4381 Qui
2797 4314 2972 4368 unus?
2999 4322 3179 4367 utrum
3225 4312 3418 4367 Pater?
3444 4327 3514 4365 an
3565 4311 3773 4367 Filius?
3793 4328 3855 4366 aa

2271 4408 2502 4476 Spiritus
2531 4409 2783 4462 sanctus?
2807 4407 2913 4462 Sed
2941 4421 3067 4461 mox
3094 4403 3297 4460 dixeris
3319 4419 3557 4473 passum,
3596 4406 3854 4460 continua

2274 4501 2579 4571 intelligunt
2602 4499 2816 4564 Filium,
2844 4515 2999 4570 quem
3027 4499 3201 4553 solum
3227 4500 3403 4553 sciunt
3424 4501 3856 4553 contestantihus

572 4609 690 4678 ipse
721 4617 898 4662 tamen
929 4604 1276 4674 impassihilis
1301 4618 1485 4672 passus
1509 4613 1597 4659 est
1624 4619 1637 4657 :
1667 4620 1772 4658 non
1799 4605 1938 4659 alius
1961 4616 2044 4660 est
2066 4607 2166 4660 im-

2274 4592 2576 4662 Evangeliis
2626 4607 2864 4661 passum,
2919 4589 3171 4660 vigilante
3223 4591 3276 4644 iu
3329 4591 3408 4644 eis
3454 4589 3618 4644 etiam
3666 4590 3857 4645 adhoc

579 4700 870 4771 passibilis,
901 4708 954 4754 et
985 4699 1120 4751 alius
1149 4712 1354 4764 passus
1389 4706 1489 4751 est.
1521 4696 1627 4751 lste
1657 4707 1834 4752 autem
1864 4699 2167 4767 impassibi-

571 4793 662 4859 lis,
692 4793 804 4862 ipse
835 4801 920 4846 est
949 4791 1041 4844 Dii
1074 4789 1263 4852 Filius,
1295 4789 1435 4843 Deus
1464 4787 1787 4858 unigenitus,
1817 4798 1942 4843 ante
1970 4789 2165 4843 saecula

569 4898 639 4936 ex
677 4883 785 4936 Deo
817 4883 971 4936 Patre
1001 4881 1317 4936 naturaliter
1347 4888 1542 4945 natus;
1586 4885 1639 4931 et
1677 4877 1749 4932 de
1794 4888 1983 4942 matre,
2018 4888 2166 4948 post-

569 4988 737 5042 quam
764 4972 908 5026 venit
937 4970 1215 5040 plenitudo
1245 4980 1564 5038 temporum,
1584 4967 2164 5040 misericorditer,quia

573 5073 759 5136 Voluit,
793 5073 1008 5143 genitus
1057 5092 1069 5126 :
1119 5074 1236 5129 sine
1279 5087 1390 5143 quo
1432 5071 1668 5127 Trinitas
1716 5085 1986 5140 nunquam
2035 5070 2166 5137 fuit;

571 5165 852 5234 quoniam,
885 5163 1022 5218 sicut
1059 5163 1170 5232 jam
1219 5164 1470 5233 superius
1511 5164 1900 5231 enarravimus,
1934 5162 2168 5218 Trinitas

570 5264 680 5320 est,
707 5254 886 5318 Pater,
912 5263 966 5307 et
995 5254 1186 5322 Filius,
1209 5264 1266 5310 et
1294 5257 1522 5324 Spiritus
1553 5268 1770 5311 sanctus
1801 5275 1812 5308 :
1844 5270 1900 5310 et
1930 5256 2044 5311 sive
2073 5256 2170 5310 Pa-

578 5359 747 5410 trem,
777 5347 893 5401 sive
929 5346 1116 5401 Filium
1137 5387 1152 5412 ,
1181 5348 1294 5402 sive
1324 5348 1579 5416 Spiritum
1613 5359 1854 5402 sanctum
1885 5347 2170 5402 subtraxe-

575 5440 682 5504 ris,
712 5436 954 5494 Trinitas
980 5451 1102 5492 esse
1144 5453 1249 5492 non
1293 5449 1501 5507 po'est;
1534 5453 1631 5492 nec
1661 5438 1840 5501 Pater,
1869 5452 1968 5491 nec
1997 5437 2167 5491 Filius

575 5530 874 5586 secundum
919 5529 1280 5592 divinitatem,
1313 5544 1412 5584 nec
1444 5530 1674 5599 Spiritus
1705 5539 1922 5583 sanctus
1951 5539 2166 5584 creatu-

576 5623 653 5677 ris
679 5629 1168 5687 connumerantur;
1207 5635 1306 5674 nec
1340 5621 1516 5685 Pater,
1549 5635 1647 5674 nec
1680 5619 1844 5674 Filius
1867 5621 2164 5676 secundum

580 5714 938 5780 divinitatem,
966 5729 1063 5768 nec
1094 5713 1326 5780 Spiritus
1355 5722 1568 5766 sanctus
1597 5712 1664 5767 de
1691 5713 1888 5767 mundo
1919 5713 2043 5782 hoc,
2073 5725 2165 5768 aut

583 5808 650 5862 uc
677 5810 934 5864 creaturis
959 5823 1080 5865 esse
1111 5808 1488 5879 perhibentur;
1522 5807 1616 5864 sed
1645 5807 1757 5864 sola
1789 5808 2016 5865 invicem
2045 5809 2161 5864 Tri-

2271 4687 2494 4742 scientia
2537 4695 2699 4740 rectae
2747 4683 3142 4754 praedicationis
3177 4699 3193 4736 :
3236 4691 3296 4738 ut
3333 4687 3578 4751 qamvis
3607 4699 3857 4738 asserens

2272 4798 2435 4838 unum
2462 4783 2530 4837 de
2560 4781 2821 4836 Trinitate
2845 4795 3083 4849 passum,
3120 4795 3224 4832 non
3255 4778 3526 4847 adjiciam,
3559 4780 3856 4831 secundum

2271 4890 2521 4939 carnem;
2557 4874 2654 4943 ipsi
2683 4883 2861 4927 tamen
2893 4879 3039 4926 recte
3067 4870 3268 4926 dictum
3291 4910 3306 4932 ,
3332 4870 3483 4939 quasi
3517 4868 3622 4921 hoc.
3646 4871 3857 4938 ειηεεεο

2270 4968 2369 5021 rim
2394 4967 2648 5028 sentiant,
2676 4967 2718 5018 si
2747 4971 2922 5018 tamen
2951 4963 3133 5029 procul
3175 4961 3470 5028 expellatur
3497 4960 3858 5014 contentionis

2273 5061 2513 5127 affectus,
2534 5057 2778 5112 universa
2809 5072 2928 5127 qua:
2952 5055 3098 5111 audit
3125 5053 3291 5123 magis
3319 5055 3510 5107 solitus
3535 5053 3854 5125 impugnare

2273 5166 2430 5221 quain
2463 5151 2705 5205 credere.
2737 5148 2879 5204 Nihil
2913 5149 3067 5217 plane
3096 5146 3297 5201 diutius
3334 5144 3576 5213 cogitans
3625 5146 3856 5213 reperire

2273 5244 2444 5310 valui,
2477 5242 2617 5298 unde
2644 5242 2811 5310 possit
2839 5241 2955 5294 haec
2982 5238 3250 5293 sententia
3281 5235 3444 5307 (quod
3475 5250 3505 5288 a
3529 5235 3851 5305 quibusdam

2269 5333 2564 5408 jaCtitatur)
2597 5331 2942 5402 Eutychianis
2997 5331 3232 5385 favorem
3305 5327 3561 5396 prmbere.
3623 5326 3852 5380 Primum

2275 5430 2472 5500 quippe
2497 5425 2830 5480 mendacium
2847 5422 3122 5477 delirantis
3141 5417 3452 5490 Eutychetis
3474 5418 3571 5471 hoc
3596 5418 3738 5472 fuit:
3753 5417 3856 5471 uni—

2274 5521 2512 5591 genitum
2543 5518 2731 5582 Deum,
2765 5513 2979 5584 quando
3012 5513 3126 5568 fieri
3155 5513 3318 5566 homo
3337 5511 3582 5582 dignatus
3611 5521 3724 5576 est,
3756 5524 3848 5564 aut

2272 5615 2371 5668 sibi
2391 5609 2744 5682 assumpsisse
2764 5621 2979 5662 carnem
3003 5605 3071 5660 de
3094 5614 3246 5660 utero
3264 5604 3506 5674 virginali
3526 5621 3540 5669 ;
3560 5605 3852 5658 secundum

2272 5721 2398 5760 vero
2431 5720 2445 5758 :
2477 5719 2581 5757 non
2599 5717 2724 5757 esse
2753 5702 2968 5753 nuncin
2997 5697 3210 5754 Christo
3233 5696 3557 5752 substantias
3587 5697 3751 5761 duas,
3785 5699 3854 5749 di-

2270 5800 2506 5856 vinitatis
2565 5808 2619 5856 et
2676 5794 3023 5852 humanitatis
3076 5795 3172 5852 sed
3221 5810 3286 5851 ex
3337 5792 3544 5850 duabus
3571 5794 3664 5851 his
3703 5809 3852 5850 unatn
