3992 6344
235 342 327 402 SOI

1425 345 1778 405 EPISTOLAS
1819 345 1904 400 ET
1934 345 2315 407 OPUSCULA.

3411 362 3515 420 909.

228 457 425 514 factam
480 472 607 523 esse
663 459 1036 518 substantiam.
1071 463 1442 521 Retractemus
1494 466 1656 536 igitur
1707 462 1825 519 dili-
1856 463 1903 519 A
1930 463 2151 518 credere
2179 479 2340 533 quam
2364 466 2643 523 sentimus.
2675 471 3061 531 Admouendus
3090 485 3269 533 tamen
3296 478 3516 537 videtur

231 563 418 614 genter
444 559 697 620 utrasque
741 554 1058 620 sententias,
1088 564 1143 611 et
1171 558 1214 610 si
1263 560 1343 612 vel
1380 559 1471 613 uni
1498 574 1682 612 earum
1725 573 1817 613 co-

229 640 403 707 aptari
448 648 626 707 potest
671 644 767 697 ista
820 647 1093 701 sententia
1110 662 1230 715 qua
1254 664 1415 703 unutn
1454 649 1522 704 de
1556 650 1818 705 Trinitate

231 744 447 797 possunt
472 730 688 798 fatetur,
722 735 1001 792 Sollicitius
1022 737 1371 806 inquirantus.

305 840 394 896 12.
418 842 579 909 Quid,
623 860 773 915 rogo,
808 848 1018 916 proiicit
1075 852 1141 905 ad
1190 852 1491 923 negandum
1539 853 1676 909 Filio
1725 854 1818 911 Dei

234 935 466 989 materni
517 940 759 1006 corporis
804 941 1081 997 veritatem
1105 984 1120 1007 ,
1150 944 1366 1013 quando
1398 959 1533 999 unus
1557 946 1625 1002 de
1643 945 1822 1002 Triui-

235 1035 348 1082 tate
375 1042 566 1097 passus
600 1030 902 1086 asseritur?
928 1033 1144 1097 Nonne,
1186 1035 1230 1090 si
1265 1049 1405 1090 unus
1446 1037 1516 1092 de
1562 1038 1823 1094 Trinitate

235 1129 342 1188 est,
381 1138 509 1178 vere
536 1123 699 1178 Filius
723 1125 815 1179 Dei
844 1127 962 1181 est?
985 1137 1039 1182 et
1066 1129 1110 1183 si
1146 1142 1335 1197 passus
1365 1138 1470 1195 est,
1504 1131 1822 1188 vere'habet

234 1215 466 1269 materni
517 1206 760 1284 corporis
814 1217 1143 1272 veritatem?
1172 1219 1423 1290 Alioquin
1471 1221 1596 1275 tolle
1626 1237 1823 1292 corpus

233 1316 301 1357 ex
324 1313 494 1358 matre
521 1314 811 1376 sumptum,
836 1316 893 1361 et
913 1310 1181 1377 quomodo
1205 1311 1312 1378 pati
1340 1311 1510 1380 potuit
1532 1327 1658 1380 pura
1686 1314 1821 1368 divi-

233 1394 408 1448 nius?
430 1393 707 1464 Perpende
724 1397 895 1466 qualis
916 1409 1132 1455 estcaro
1153 1402 1349 1467 Marias,
1376 1401 1490 1456 sine
1511 1403 1673 1459 dubio
1704 1420 1823 1473 pas-

233 1485 404 1540 sibilis
432 1497 483 1542 et
509 1489 751 1541 mortalis
784 1504 799 1543 :
832 1497 888 1542 ut
916 1503 1044 1558 ergo
1066 1499 1213 1545 esset
1241 1505 1367 1546 caro
1396 1492 1554 1548 Verbi
1591 1496 1819 1561 passibi-

234 1574 302 1630 lis
318 1587 375 1631 et
402 1579 661 1642 mortalis,
691 1595 756 1634 ex
784 1581 871 1635 illa
900 1596 1064 1638 carne
1092 1584 1251 1639 habet
1278 1586 1540 1655 originem
1572 1604 1691 1657 qure
1724 1588 1823 1642 fuit

234 1669 506 1735 passibilis
529 1678 583 1724 et
598 1671 861 1726 mortalis.
884 1672 937 1726 In
959 1675 1105 1738 prole
1122 1675 1557 1746 igitnrrOguosce
1573 1679 1823 1734 similitu-

232 1755 642 1836 dinentgeneris
659 1774 750 1828 per
763 1761 1124 1817 testimonium
1157 1766 1418 1832 passionis
1436 1784 1447 1832 ς
1465 1776 1591 1822 etes
1604 1770 1818 1838 pugnari

1921 555 2008 608 cui
2039 555 2244 623 prolata
2292 558 2609 628 simpliciter
2637 564 2999 632 suspicionem
3027 582 3367 624 commovent
3396 587 3517 627 ver-

1924 646 2012 711 ha,
2039 663 2145 703 non
2174 650 2334 704 toties
2363 661 2457 704 aut
2504 653 2841 711 divinitatem
2888 657 3109 722 Christi,
3144 670 3235 713 aut
3266 662 3518 719 huntaui~

1925 745 2086 794 tatem
2134 742 2359 811 negari,
2392 744 2605 813 quoties
2653 761 2759 800 non
2800 746 2961 803 simul
2994 763 3130 805 sono
3159 752 3308 807 vocis
3344 769 3517 809 enun-

1924 831 2122 887 tiantur
2153 849 2167 886 :
2194 833 2343 889 Unus
2364 845 2461 901 est,
2492 838 2567 891 ait
2596 838 2907 908 Apostolus,
2936 842 3076 898 Deus
3109 843 3285 913 Pater,
3320 863 3385 901 ea:
3410 865 3510 917 quo

1923 923 2201 987 omnia;et
2230 941 2363 980 unus
2396 927 2644 983 Dominus
2670 929 2821 986 Iesus
2850 932 3089 990 Christus
3116 953 3204 1005 per
3223 954 3372 1007 quem
3402 956 3516 993 om-

1925 1012 2011 1065 nia
2041 1012 2094 1084 (1
2120 1013 2241 1069 Cor.
2266 1032 2383 1083 vrtt,
2413 1018 2492 1089 6).
2529 1020 2669 1076 Ecce
2727 1024 3013 1080 Dominum
3045 1027 3317 1084 Christum
3350 1030 3513 1098 dixit,

1929 1103 2197 1159 hominem
2229 1108 2415 1174 tacuit,
2449 1124 2547 1165 nec
2599 1121 2778 1168 tamen
2824 1115 2946 1170 ideo
2996 1131 3221 1184 negasse
3249 1122 3518 1187 putandus

1926 1204 2030 1247 est.
2060 1195 2265 1253 Rursus
2313 1199 2368 1253 in
2414 1202 2521 1256 alio
2570 1204 2686 1260 loco
2725 1206 2791 1259 ad
2839 1206 3180 1263 Timotheum
3232 1212 3514 1269 scribens:

1931 1282 2078 1339 Unus
2114 1298 2188 1341 est
2225 1290 2476 1344 mediator
2507 1292 2600 1346 Dei
2620 1302 2667 1346 et
2690 1296 2954 1349 hominum
2978 1302 3128 1350 homo
3159 1298 3393 1355 Christus
3421 1300 3515 1356 Je—

1926 1391 2013 1428 sus
2040 1376 2097 1444 (I
2131 1378 2262 1433 Tim.
2291 1396 2351 1445 tt,
2375 1380 2455 1447 5).
2492 1383 2651 1450 Ecce,
2692 1386 2964 1442 hominem
3020 1389 3184 1454 dixit,
3219 1391 3384 1446 Deum
3438 1403 3518 1449 ta-

1926 1467 2033 1519 cuit
2056 1484 2071 1531 ;
2097 1484 2202 1524 non
2234 1480 2416 1527 tamen
2448 1474 2570 1529 ideo
2589 1477 2800 1546 negavit
2826 1480 2995 1549 (tanta
3019 1482 3217 1551 quippe
3246 1484 3412 1539 virtus
3433 1495 3517 1541 est

1927 1561 2251 1615 sacramenti
2303 1564 2633 1636 ineil'abilis);
2678 1579 2731 1624 et
2784 1572 2865 1625 sic
2916 1571 2969 1625 in
3019 1587 3178 1627 unam
3231 1589 3514 1643 personam

1927 1647 2060 1703 duas
2105 1663 2326 1708 naturus
2376 1657 2721 1723 singulariter
2781 1669 2837 1715 et
2896 1662 3214 1718 mirabiliter
3261 1666 3515 1722 adunavit

1932 1741 2072 1795 Dens
2097 1742 2257 1801 homo
2279 1746 2699 1804 misericorditer
2730 1751 2921 1817 factus,
2947 1765 3003 1806 ιιι
3029 1756 3298 1810 Christum
3328 1759 3514 1814 Jesum

233 1830 404 1912 magis
429 1848 789 1919 Eutychianos
809 1865 967 1919 quam
998 1830 1187 1918 foveri,
1218 1830 1590 1923 quantlounus
1604 1830 1814 1913 ὶιέττι-
1847 1850 1894 1908 Β
1933 1830 2045 1923 sive
2078 1832 2242 1887 "em"
2274 1834 2441 1901 dicas:
2477 1836 2748 1893 "omum"
2778 1856 2993 1911 «ιυοιιυθ
3021 1843 3179 1898 εῖίηυῙ
3205 1847 3469 1917 ιηιειῖίεαε
3495 1865 3514 1915 i

233 1937 405 1991 nitate
431 1949 625 2003 passus
651 1941 931 2005 asseritur,
962 1943 1093 1998 velis
1126 1945 1266 1998 nolis
1289 1945 1529 2001 adverte.
1565 1948 1693 2003 Sine
1717 1949 1789 2003 du
1806 1981 1819 1990 -

234 2024 327 2079 bio
375 2028 518 2081 enim
574 2031 675 2084 sub
717 2030 798 2086 his
842 2032 1025 2088 verbis
1051 2034 1211 2088 etiam
1240 2037 1556 2100 prtedicator
1586 2038 1742 2092 unius
1770 2040 1822 2093 in

240 2114 458 2174 Christo
486 2120 796 2176 substantias
851 2124 1178 2179 confutatur.
1206 2126 1264 2181 Ut
1296 2128 1362 2180 sit
1393 2129 1535 2182 enim
1580 2129 1824 2185 Christus

234 2223 375 2264 unus
397 2209 466 2264 de
494 2211 780 2277 Trinitate,
808 2216 875 2267 ad
905 2214 1237 2270 divinitatem
1267 2220 1533 2286 pertinet;
1562 2229 1620 2274 ut
1640 2223 1823 2275 creda-

232 2309 321 2353 tur
338 2315 549 2369 passus,
590 2303 657 2357 ad
710 2305 1121 2362 humanitatem.
1154 2309 1271 2363 Non
1325 2324 1466 2367 esset
1515 2314 1605 2382 qui
1636 2328 1823 2381 passus

230 2400 338 2453 est,
360 2404 495 2445 unus
516 2392 583 2447 de
604 2394 1185 2462 'l'rinitate,nisi'unam
1209 2401 1427 2457 haberet
1446 2418 1567 2458 cum
1587 2406 1740 2463 Patre
1766 2419 1821 2463 et

231 2478 433 2549 Spiritu
456 2493 643 2538 saneto
660 2486 1015 2543 divinitatem.
1044 2489 1159 2545 Non
1185 2503 1331 2548 esset
1354 2510 1541 2564 passus
1565 2500 1653 2567 qui
1687 2516 1822 2556 unus

237 2584 323 2630 est
352 2574 421 2629 de
441 2574 727 2643 Trinitate,
755 2579 854 2633 nisi
880 2582 1394 2641 consubstantialem
1421 2591 1575 2643 matri
1600 2591 1822 2648 haberet

242 2661 657 2722 humanitatem.
690 2669 859 2727 Sileat
910 2687 1043 2743 ergo
1095 2676 1250 2731 unius
1297 2688 1501 2733 naturas
1526 2680 1577 2734 in
1606 2682 1821 2737 Chri~to

230 2755 573 2823 prmdicator.
610 2759 748 2815 Duas
797 2762 943 2817 enim
992 2774 1214 2820 naturas
1258 2783 1677 2839 commemorat,
1731 2774 1819 2843 qui

230 2857 394 2898 unum
421 2844 490 2899 de
530 2844 796 2905 Trinitate
826 2866 1039 2920 passum
1070 2854 1284 2911 fatetur.
1313 2860 1667 2928 Suspiciones
1694 2877 1819 2921 suas

229 2935 461 2990 inaniter
482 2938 642 3009 rodit,
666 2944 915 3014 quisquis
945 2946 1083 3003 bene
1101 2949 1240 3005 dicta
1269 2951 1398 3007 dum
1424 2956 1565 3011 male
1590 2967 1821 3015 conatur
1854 2978 1857 2981 ‘

230 3024 555 3100 intelligere,
600 3036 935 3105 calumniari,
967 3039 1167 3109 potius,
1188 3057 1347 3111 quam
1395 3046 1578 3102 doceri
1615 3052 1815 3108 studet.

231 3117 411 3174 Unum
442 3123 509 3178 de
531 3125 795 3182 Trinitate
823 3142 1037 3197 passum
1062 3132 1391 3190 Nestorianis
1419 3154 1524 3193 non
1554 3140 1819 3198 immerito

1926 1921 2038 1977 sive
2066 1923 2336 1980 hominem
2356 1928 2661 1984 confitearis
2682 1973 2697 1996 ,
2722 1931 2887 1986 Deum
2917 1950 3129 2006 quoque
3169 1938 3326 1993 simul
3358 1940 3514 1999 intel-

1926 2013 2078 2083 ligas.
2114 2016 2355 2072 Humana
2387 2030 2471 2075 est
2499 2020 2553 2075 in
2580 2021 2673 2077 illo
2702 2023 2988 2093 divinitas,
3020 2037 3074 2082 et
3096 2029 3272 2084 divina
3300 2043 3383 2087 εει
3410 2033 3512 2087 htt-

1926 2106 2175 2164 manitas.
2208 2107 2494 2178 PrOpterea
2530 2112 2621 2168 ille
2648 2116 2815 2186 magis
2845 2116 3119 2187 cujusdam
3152 2122 3509 2189 separa'iunis

1924 2208 2016 2255 aut
2040 2198 2321 2256 divisionis
2344 2204 2575 2259 seminat
2602 2206 2992 2275 suspicionem,
3022 2210 3113 2279 qui
3141 2211 3273 2267 duas
3295 2225 3512 2269 naturas

1924 2290 2083 2345 aliter
2104 2307 2208 2347 non
2238 2293 2489 2365 intelligit
2514 2336 2530 2360 ,
2563 2298 2665 2353 nisi
2712 2300 2898 2355 ambas
2944 2302 3179 2358 audierit
3225 2306 3511 2362 nominari.

1928 2381 2063 2436 Ecce
2086 2383 2387 2439 audivimus
2416 2386 2467 2439 in
2497 2387 2784 2458 Evangelio
2807 2406 2988 2447 vocem
3021 2393 3219 2450 Christi
3242 2398 3469 2454 dicentis
3495 2416 3511 2456 :

1926 2467 2084 2524 Pater
2101 2475 2268 2543 major
2296 2490 2375 2529 me
2397 2484 2472 2530 est
2503 2476 2680 2547 (Joan.
2706 2496 2798 2533 XIV
2824 2522 2840 2546 ,
2870 2481 2988 2551 28);
3021 2486 3162 2555 quod
3214 2490 3510 2546 secundum

1925 2560 2214 2619 humanam
2260 2567 2469 2622 videtur
2513 2572 2712 2628 dixisse
2760 2584 3001 2631 naturam
3044 2594 3059 2633 :
3108 2584 3346 2652 nunquid
3387 2585 3512 2643 ideo

1925 2656 2228 2721 putabimus
2258 2673 2381 2713 eum
2404 2676 2512 2715 non
2543 2664 2739 2719 habere
2765 2667 2815 2721 in
2839 2682 2899 2722 se
2924 2669 3281 2739 divinitatem,
3315 2690 3508 2733 secuno

1923 2744 2048 2799 dum
2076 2762 2234 2816 quam
2262 2751 2399 2805 dixit
2424 2753 2475 2808 in
2504 2755 2610 2810 alio
2637 2757 2755 2812 loco
2788 2776 2800 2811 :
2836 2760 2948 2830 Ego
2983 2772 3031 2815 et
3066 2762 3223 2819 Pater
3242 2784 3403 2823 unum
3423 2786 3511 2825 su-

1923 2851 2038 2891 mus
2068 2836 2249 2909 (Joau.
2286 2857 2340 2906 ι,
2372 2844 2492 2915 50)?
2539 2845 2725 2902 Nonne
2751 2852 2967 2918 quando
2994 2853 3129 2909 dixit
3161 2872 3175 2909 :
3207 2856 3368 2914 Pater
3399 2879 3510 2915 ma-

1913 2927 2007 2997 jor
2021 2947 2098 2985 me
2120 2939 2214 2997 est,
2238 2935 2425 3005 tacuit,
2445 2935 2553 3009 Ego
2572 2948 2623 2992 et
2646 2937 2805 2995 Pater
2820 2958 2981 2997 unum
2994 2960 3171 3001 sumus
3190 2950 3277 3003 ?et
3297 2954 3514 3021 quando

1922 3020 2056 3075 dixit
2085 3039 2098 3074 :
2132 3023 2245 3096 Ego
2275 3032 2321 3077 rt
2358 3026 2511 3082 (’ater
2535 3046 2699 3085 unum
2728 3049 2929 3101 sumus,
2958 3020 3510 3112 tacuit,Paterimaior

1924 3123 2004 3162 me
2027 3110 2141 3163 est?
2172 3111 2309 3168 Nihil
2360 3123 2537 3171 tamen
2584 3117 2774 3175 horum
2828 3126 3060 3193 negavit.
3089 3127 3337 3186 Dicamus
3367 3110 3500 3204 ergo

229 3209 496 3279 displicet.
516 3216 866 3275 Introducere
894 3223 1036 3277 enim
1050 3237 1292 3293 quartam
1314 3242 1594 3295 personam
1614 3234 1819 3303 volunt,
1848 3232 1898 3296 ο
1927 3200 1997 3302 cit
2028 3201 2074 3257 si
2099 3203 2580 3303 videwr’f_ﬁce"ﬁ’
2610 3209 2766 3265 pater
2792 3218 2959 3287 major
2978 3233 3058 3271 ’⁷⁸⁸
3078 3229 3188 3285 eu"
3216 3224 3377 3293 adde’
3405 3225 3508 3282 Do‘

228 3302 315 3380 cui
347 3305 609 3361 accidisse
629 3309 897 3364 assumant
938 3315 1229 3380 passiones.
1262 3316 1609 3387 Eutychianis
1636 3302 1815 3381 autem

230 3409 394 3449 unum
427 3397 494 3451 de
516 3397 782 3456 Trinita'te
806 3417 1023 3471 passum
1054 3421 1158 3461 non
1180 3419 1328 3464 recte
1348 3411 1541 3479 placet,
1567 3415 1609 3467 si
1641 3424 1815 3474 tamen

229 3485 427 3553 placet.
456 3487 561 3556 lpsi
588 3490 736 3546 enim
782 3493 916 3551 duas
965 3495 1165 3554 Christi
1210 3516 1525 3571 permanere
1572 3520 1814 3578 naturas,

228 3576 515 3634 evidenter
542 3596 737 3653 negare
765 3587 1115 3654 contendunt,
1139 3593 1332 3660 quibus
1361 3608 1456 3664 per
1480 3596 1582 3652 hoc
1610 3576 1816 3670 capitu-

230 3665 342 3721 lum
375 3669 658 3729 manifeste
681 3677 1067 3734 contradicitur
1093 3696 1109 3734 :
1148 3679 1412 3739 insinuata
1437 3702 1537 3741 una
1567 3665 1814 3745 substan-

227 3757 299 3810 tia
331 3773 425 3825 per
438 3759 542 3817 hoc
569 3764 708 3833 quod
742 3781 877 3821 unus
906 3768 975 3824 de
1002 3770 1294 3840 Trinitate;
1325 3776 1587 3834 insinuata
1604 3796 1815 3851 quoque

227 3848 331 3903 alia
364 3864 457 3920 per
480 3853 579 3908 hoc
594 3856 735 3925 quod
761 3872 948 3927 passus
964 3861 1207 3919 infertur.
1225 3864 1408 3922 Passio
1425 3848 1813 3931 enimcontme-

228 3951 435 3995 tnorata
460 3944 817 4003 testimonium
842 3958 1144 4010 estnatura:
1163 3958 1429 4022 passibilis
1451 3977 1464 4013 :
1486 3973 1671 4017 natura
1691 3976 1815 4034 pas.

225 4032 401 4087 sibilis
426 4034 691 4093 intel'ecta
707 4083 720 4105 ,
747 4042 978 4099 maxime
998 4046 1050 4100 in
1074 4047 1171 4102 illo
1185 4049 1274 4119 qui
1301 4064 1435 4104 unus
1449 4053 1517 4111 de
1530 4032 1810 4125 Trinitate,

225 4121 451 4178 duarum
476 4126 892 4185 substantiarum
928 4134 1280 4192 clarissimam
1313 4138 1487 4196 reddit
1508 4121 1810 4201 distinctio;

225 4229 375 4269 nem.
398 4215 504 4272 Sed
537 4220 759 4277 forsitan
794 4233 887 4279 aut
932 4226 1154 4281 nimiutn
1194 4232 1541 4300 suspiciosus.
1574 4246 1669 4292 aut
1695 4254 1812 4294 om-

229 4305 361 4358 nino
405 4307 587 4363 turdns
629 4312 1066 4385 auditor-aperta
1110 4317 1379 4378 locutione
1405 4323 1676 4383 desiderat
1731 4329 1810 4383 in-

225 4396 364 4451 strui
392 4414 407 4452 :
437 4399 685 4458 videlicet
730 4416 787 4459 ut
828 4402 1044 4476 quoties
1092 4411 1332 4479 conﬁteri
1362 4414 1690 4475 delectamur
1719 4430 1811 4476 aut

226 4487 396 4544 Deutn
424 4508 658 4561 passum,
685 4506 779 4551 ant
809 4514 971 4553 unum
1014 4500 1082 4555 de
1121 4503 1382 4559 Trinitate
1423 4520 1659 4575 passum,
1684 4513 1805 4579 quia

1926 3292 2092 3357 mine,
2118 3290 2230 3363 Ego
2260 3303 2308 3346 et
2337 3293 2492 3349 I’ater
2528 3314 2690 3353 unum
2729 3316 2910 3356 sums
2931 3321 2951 3371 ;
2974 3320 3042 3361 ne
3072 3308 3255 3365 Ariani
3287 3290 3395 3369 non
3422 3331 3506 3372 ar.

1924 3384 2188 3441 bitrentnr
2214 3387 2495 3457 :equalem.
2524 3391 2691 3448 Multa
2710 3408 3005 3453 occurrunt
3028 3396 3175 3455 sitnif
3193 3418 3222 3457 a
3265 3408 3354 3473 pio
3396 3417 3506 3464 stu-

1920 3477 2009 3529 dio
2033 3478 2450 3547 requirentibus.
2483 3483 2621 3538 Ecce
2669 3487 2862 3543 iterum
2892 3489 3031 3547 dicit
3070 3493 3186 3561 ipse
3224 3495 3506 3568 Salvator;

1925 3566 2035 3637 Ego
2059 3584 2122 3622 ex
2139 3585 2229 3623 ore
2253 3571 2505 3627 Altissitni
2526 3575 2729 3645 prodiei
2759 3577 2952 3648 (Eccli.
2978 3594 3125 3649 xxtv,
3146 3581 3223 3655 5),
3250 3589 3392 3656 quod
3421 3566 3506 3647 se;

1919 3659 2153 3714 cundum
2198 3662 2537 3718 divinitatem
2590 3667 2801 3725 locutus
2825 3680 2931 3726 est.
2955 3671 3207 3732 Dicamus
3233 3679 3305 3745 ei,
3337 3680 3505 3751 adde,

1920 3750 2185 3808 Domine:
2214 3753 2293 3808 Ex
2316 3763 2471 3811 utero
2497 3756 2764 3829 virginali,
2792 3763 2934 3830 quod
2964 3768 3192 3835 pertinet
3222 3773 3287 3827 ad
3312 3750 3504 3832 huma;

1918 3841 2169 3908 nitatem;
2197 3860 2264 3900 ne
2312 3854 2501 3914 putent.
2550 3848 2828 3907 Mztni'chtei
2869 3855 2951 3910 vel
3007 3857 3343 3934 Eutychiani,
3376 3868 3502 3934 quia

1920 3949 2024 3992 non
2039 3952 2096 3992 es
2122 3948 2276 3993 natus
2298 3955 2364 3994 ex
2386 3955 2566 3998 carne.
2596 3942 2775 4000 Liceat
2797 3948 2949 4004 nobis
2966 3950 3110 4006 inter
3130 3955 3357 4011 scientes
3372 3974 3503 4030 ψιθ-

1868 4070 1880 4079 .
1916 4028 2076 4083 modo
2106 4030 2389 4085 credamus
2415 4033 2732 4102 simpliciter
2754 4038 2923 4109 loqui.
2951 4038 3008 4095 In
3033 4045 3246 4100 nomine
3286 4028 3497 4106 Domini

1913 4118 2042 4174 Jesu
2063 4123 2289 4190 apostoli
2320 4122 2698 4191 baptizabant:
2731 4132 2969 4201 nunquid
3019 4136 3140 4199 quia
3184 4136 3396 4195 Patrem
3444 4154 3502 4199 et

1913 4211 2170 4281 Spiritum
2200 4224 2445 4271 sanctum
2467 4219 2735 4289 tacebant,
2762 4223 2882 4279 ideo
2910 4228 3215 4296 negabant?
3237 4240 3330 4287 aut
3378 4235 3501 4293 ideo

1924 4304 2222 4375 baptismus
2246 4309 2338 4364 ille
2364 4323 2469 4366 non
2492 4311 2722 4369 dabatur
2744 4316 2796 4369 in
2820 4319 3037 4375 nomine
3062 4321 3255 4391 Patris,
3282 4337 3333 4381 et
3360 4326 3501 4394 Filii,

1913 4406 1965 4453 et
1991 4399 2226 4468 Spiritus
2252 4402 2445 4469 sancti,
2463 4406 2584 4473 quia
2613 4406 2665 4460 in
2698 4408 2912 4464 nomine
2936 4412 3147 4469 Domini
3169 4417 3296 4471 Jesu
3322 4419 3499 4490 bapti-

1914 4500 2064 4544 zasse
2120 4492 2345 4561 apostoli
2400 4495 2788 4563 perhibentur?
2817 4500 3010 4557 Nonne
3066 4516 3287 4574 propter
3340 4510 3498 4563 unius

221 4593 277 4636 et
307 4584 462 4639 Pater
490 4587 651 4657 Deus,
677 4602 731 4645 et
754 4591 988 4660 Spiritus
1019 4606 1237 4649 sanctus
1260 4595 1420 4663 Deus,
1442 4609 1494 4654 et
1513 4600 1669 4654 simul
1701 4611 1806 4657 tota
1838 4608 1889 4670 ι)
1915 4580 2229 4635 summm“
2272 4585 2704 4642 mmm‘mim'em
2728 4628 2742 4653 ν
2773 4599 2827 4644 εί
2855 4602 3075 4660 propter
3104 4610 3265 4649 """m
3297 4612 3494 4654 "ome"

220 4676 456 4731 Trinitas
487 4680 661 4748 Dens;
688 4693 742 4737 et
773 4686 929 4740 Pater
950 4698 1089 4741 unus
1109 4689 1175 4742 de
1197 4689 1478 4755 Trinitate,
1502 4702 1556 4746 et
1577 4691 1687 4763 Spit
1703 4694 1808 4751 itus

220 4778 440 4820 sanctus
457 4784 592 4825 unus
607 4773 674 4827 de
691 4773 971 4831 Trinitate.
1000 4775 1105 4833 Sed
1132 4778 1367 4833 dicentes
1384 4780 1546 4835 Deum
1570 4799 1806 4855 passum,

220 4859 478 4915 continuo
500 4861 807 4933 inferamus,
838 4868 1133 4923 secundum
1156 4885 1392 4939 carnem,
1433 4888 1501 4928 ne
1548 4884 1641 4929 aut
1690 4887 1802 4933 tota

220 4950 456 5005 Trinitas
513 4957 816 5020 passionem
865 4962 1190 5030 suscepisse,
1227 4975 1319 5018 aut
1374 4964 1489 5034 ipse
1538 4967 1703 5023 Filius
1749 4970 1801 5025 in

217 5042 519 5097 substantia
543 5045 839 5104 divinitatis
863 5067 985 5122 qn:e
1011 5063 1095 5109 est
1124 5055 1198 5111 illi
1227 5071 1346 5111 cum
1372 5056 1530 5113 Patre
1556 5075 1801 5117 commu-

218 5131 328 5200 nis,
352 5149 541 5202 passus
573 5149 804 5207 putetur.
828 5143 893 5198 Et
918 5144 973 5199 in
1007 5145 1105 5201 hac
1132 5148 1349 5218 quidem
1381 5161 1531 5219 parte
1562 5168 1679 5208 mos
1704 5171 1800 5225 ge—

218 5228 421 5282 rendus
448 5241 530 5285 est
561 5233 870 5302 talibus;ct
917 5240 963 5294 si
1016 5241 1095 5297 sic
1137 5243 1324 5299 audire
1372 5245 1701 5313 desiderant,
1726 5253 1804 5306 sic

217 5319 381 5373 etiam
417 5337 515 5378 nos
543 5324 689 5393 loqui
720 5333 970 5385 convenit
995 5349 1009 5388 :
1039 5332 1186 5388 Unus
1214 5336 1282 5391 de
1313 5337 1607 5403 Trinitate,
1642 5342 1692 5396 id
1722 5352 1806 5399 est

216 5409 408 5482 Ftlius,
438 5429 545 5469 una
577 5431 802 5489 persona
826 5421 895 5475 de
925 5422 1092 5478 tribus
1116 5428 1376 5493 personis,
1403 5444 1592 5497 passus
1617 5443 1698 5489 est
1720 5449 1805 5490 se-

213 5501 449 5558 cundum
470 5520 711 5575 carnem,
737 5525 895 5580 quam
919 5516 1153 5583 Suscepit
1182 5532 1247 5572 ex
1278 5520 1449 5587 nobis,
1479 5532 1533 5577 ut
1553 5523 1802 5593 dignare-

213 5602 304 5647 tur
333 5596 637 5662 pa‘ssionem
669 5600 902 5658 tolerare
931 5619 1030 5673 pro
1057 5605 1231 5660 nobis.

286 5703 377 5759 15.
414 5707 687 5764 Addamus
720 5713 880 5767 verba
912 5714 1091 5769 manif.
1111 5725 1190 5771 sta
1224 5732 1289 5773 ne
1319 5733 1655 5777 occasionem
1708 5725 1804 5779 de-

209 5810 336 5853 mus
382 5796 493 5857 inte
524 5792 806 5867 pretationi
870 5806 1188 5872 malitioszn,
1245 5818 1603 5875 putemurquc
1661 5815 1801 5873 aliud

1920 4672 2211 4728 individua:
2233 4674 2511 4732 Trinitatis
2537 4680 2695 4734 etiam
2736 4682 2863 4738 rso-lo
2911 4683 3139 4738 Domino
3164 4685 3289 4741 Jesu
3318 4692 3497 4746 humi-

1917 4776 2061 4831 nato,
2095 4767 2252 4823 Pater
2276 4785 2485 4840 quoque
2525 4783 2578 4827 et
2626 4773 2857 4843 Spiritus
2896 4787 3109 4833 sanctus
3133 4779 3186 4833 in
3213 4779 3409 4841 virtute
3436 4785 3495 4841 il-

1913 4860 2015 4915 lius
2042 4863 2274 4918 nominis
2302 4865 2442 4933 quod
2470 4881 2635 4920 unum
2666 4877 2749 4923 est
2778 4883 2843 4924 ex
2868 4872 3057 4941 tribus,
3084 4875 3342 4932 nominati
3373 4893 3495 4937 esse

1910 4957 2342 5023 cognoscuntur?
2364 4955 2437 5009 Ita
2471 4957 2631 5012 etiam
2657 4960 2700 5013 si
2729 4961 2900 5016 solum
2932 4964 3261 5021 divinitatem
3294 4968 3494 5029 Chrisﬁ

1912 5048 2202 5113 nominem,
2228 5048 2337 5117 jam
2372 5051 2529 5105 simul
2578 5052 2964 5110 humanitatem
3013 5059 3309 5126 nominavi,
3332 5080 3494 5132 quam

1908 5132 2007 5193 Sibi
2049 5139 2298 5194 adunavit
2342 5155 2406 5195 ex
2438 5140 2709 5210 ,Virgine;
2739 5153 2790 5200 et
2812 5146 2855 5201 si
2886 5148 3053 5202 solam
3103 5148 3490 5211 humanitatem

1910 5232 2200 5297 nominem,
2233 5233 2392 5288 simul
2422 5235 2748 5293 divinitatem
2792 5240 3083 5307 nominavi,
3127 5243 3214 5298 cui
3243 5253 3326 5299 est
3358 5247 3491 5303 adu-

1910 5324 2303 5381 nata.Possunt
2325 5328 2408 5383 hae
2456 5329 2576 5384 dute
2604 5332 2920 5387 substantia:
2950 5335 3003 5388 in
3028 5334 3246 5390 Christo
3268 5339 3385 5393 sine
3413 5341 3490 5394 in-

1909 5418 2079 5474 vicem
2109 5419 2378 5491 loquendo
2424 5422 2679 5492 proferri,
2713 5440 2818 5480 non
2852 5438 3076 5496 possunt
3102 5429 3221 5484 sine
3260 5429 3489 5487 invicem

1907 5515 2176 5571 credendo
2204 5514 2472 5585 cognosci.

1979 5631 2067 5688 M.
2096 5631 2227 5687 Nam
2260 5646 2387 5688 ecce
2412 5631 2549 5703 apud
2575 5631 2809 5687 Miletum
2838 5629 3131 5699 majoribus
3155 5640 3279 5684 natu
3303 5631 3489 5687 Eccle-

1907 5725 2002 5779 site
2040 5724 2275 5781 salubria
2324 5724 2525 5781 monita
2574 5722 2763 5777 beatus
2808 5719 2932 5773 dum
2978 5720 3210 5776 traderet
3245 5710 3440 5777 Paulus
3471 5740 3507 5785 ε,

1909 5819 2161 5875 Attenditc
2215 5821 2404 5884 inquit,
2436 5819 2573 5874 vobis
2604 5829 2651 5872 et
2693 5815 2925 5871 universo
2968 5811 3131 5881 gregi,
3176 5811 3229 5869 in
3268 5830 3372 5883 quo
3401 5830 3484 5872 nos
