3992 6344
499 354 600 410 905

1405 337 1774 396 FULCENTII
1812 333 2156 394 FERRANDI
2197 335 2470 392 DIACONI
2507 331 2850 395 CAllTllAG.

3659 329 3776 387 9οι

502 466 727 530 Spiritus
758 471 960 514 sanctus
989 456 1244 512 constituit
1293 454 1552 522 episcopos
1597 467 1770 522 regere
1796 450 2078 504 Ecclesium
2107 451 2156 511 Δ
2184 468 2344 506 unum
2377 453 2444 507 de
2498 450 2780 514 Trinitate,
2835 445 2976 518 quod
3007 455 3110 511 est,
3159 459 3321 499 tinam
3368 457 3658 512 personam
3700 446 3772 498 de

509 556 633 618 Dei,
665 569 815 622 quam
845 549 1106 617 acquisivit
1150 564 1242 600 sua
1273 546 1521 615 sanguine
1541 544 1678 613 (Act.
1711 559 1799 606 xx,
1833 542 1952 611 28).
1986 542 2080 596 Dic

505 646 686 708 modo,
710 642 944 714 gentium
991 641 1208 705 Doc.or,
1237 648 1290 691 et
1341 634 1604 703 respOnde
1650 635 1805 688 nobis
1860 633 2078 701 aliquid,

507 738 650 807 quod
676 736 833 788 etiam
867 751 964 788 nos
997 733 1128 786 mult
1153 747 1218 784 .m
1243 727 1556 798 suspiciosis
1583 735 1832 795 oporteat
1857 740 2081 793 respon-

506 831 652 882 dere.
684 826 868 879 Dixisti
928 824 1096 878 Deum
1153 822 1444 876 Eclesiam
1490 817 1786 886 aequisisse
1827 816 2085 884 sanguine

508 935 636 983 suo;
670 934 835 986 quare
885 932 988 972 non
1035 915 1284 970 addidisti
1319 911 1547 968 Filium?
1572 909 1697 980 quid
1734 913 1777 964 si
1810 909 1948 962 alius
1981 906 2084 960 Pa-

511 1024 646 1066 trem
673 1011 862 1079 putet?
889 1009 1012 1076 quid
1037 1009 1080 1062 si
1112 1008 1248 1060 alius
1279 1005 1535 1073 Spiritum
1567 1002 1846 1056 Sanctum?
1878 1000 1998 1068 quia
2033 1006 2090 1053 et

515 1102 670 1156 l'ater
701 1102 818 1154 sine
843 1100 1004 1152 dubio
1031 1100 1167 1151 Deus
1186 1139 1199 1160 ,
1224 1109 1277 1150 et
1316 1094 1543 1163 Spiritus
1573 1103 1793 1148 sanctus
1822 1092 1962 1145 Deus
1983 1101 2084 1144 est.

517 1198 624 1248 Aut
653 1196 694 1246 si
725 1193 890 1246 Deum
924 1189 1240 1258 simpliciter
1271 1187 1583 1252 nominasti,
1617 1185 1696 1239 vel
1720 1183 1935 1254 quando
1964 1197 2085 1236 eum

513 1284 690 1335 dixisti
741 1281 1036 1348 liCQUiSlSSC
1088 1278 1377 1332 Ecclesiam
1427 1275 1685 1344 sanguine
1737 1287 1855 1336 suo,
1883 1272 2091 1326 diceres

513 1372 781 1441 quomodo
807 1370 1000 1426 habeat
1025 1369 1338 1437 sanguinem
1366 1366 1525 1431 Deus,
1552 1376 1602 1419 et
1629 1363 1877 1428 adderes,
1903 1375 2092 1416 secun-

514 1465 640 1518 dum
670 1478 924 1518 carnem:
967 1477 1033 1515 ne
1060 1462 1177 1528 quis
1209 1468 1356 1526 putet
1387 1458 1508 1527 quia
1529 1458 1691 1511 etiam
1722 1455 1978 1509 divinitas
2001 1453 2096 1506 ha-

520 1555 648 1610 bere
683 1566 774 1608 aut
801 1555 1076 1608 eﬁ'untlere
1105 1552 1412 1620 sanguinem
1444 1565 1508 1618 po
1537 1559 1638 1604 est.
1666 1547 1791 1603 Scio
1825 1546 1950 1616 quid
1975 1545 2097 1599 huic

516 1649 908 1716 percontationi
936 1648 1037 1700 Vas
1066 1645 1346 1700 electionis
1395 1644 1514 1697 sine
1563 1657 1711 1696 mora
1753 1639 2093 1709 reapondeat.

520 1742 694 1803 Nosti,
724 1758 757 1795 o
813 1742 908 1803 lili,
957 1739 1388 1808 pradicatiunem
1429 1751 1636 1798 meam;
1685 1748 1851 1803 quare
1883 1732 2098 1786 dubiam

2186 543 2356 596 tribus
2376 542 2616 609 personis
2647 557 2658 592 :
2685 537 2932 607 quoniam
2975 537 3020 590 si
3068 535 3100 589 d
3125 549 3247 600 cas,
3283 534 3398 590 Una
3423 543 3506 588 est
3534 549 3772 599 persona

2185 635 2242 688 CI
2267 633 2403 695 risti,
2451 630 2586 686 nihil
2617 630 2758 684 aliud
2788 627 2943 692 dicis,
2967 641 3122 696 quam
3153 664 3169 690 ,
3210 625 3357 679 Unus
3385 634 3468 679 est
3494 624 3774 679 Christus.

2190 723 2318 776 Etsi
2349 721 2580 785 dixeris,
2617 719 2764 774 Unus
2791 728 2870 772 est
2926 718 3084 771 Pater
3129 724 3218 768 aut
3242 714 3474 780 Spiritus
3524 727 3776 775 sanctus,

2189 816 2321 870 nihil
2346 814 2489 870 aliud
2519 814 2654 868 dicis
2674 827 2854 882 quam,
2890 810 3002 865 Una
3035 818 3118 864 est
3163 823 3389 878 persona
3447 808 3624 862 Patris
3689 817 3780 861 aut

2188 906 2416 974 Spiritus
2437 904 2630 956 sancti.
2653 903 2826 956 Potest
2845 899 3060 970 quidem
3080 912 3215 953 unus
3231 899 3392 952 etiam
3415 897 3781 952 substantiam

2189 997 2516 1067 signiﬁcare,
2542 996 2634 1049 sed
2667 995 2710 1048 si
2741 994 2909 1046 addes
2935 992 3036 1046 sub
3069 993 3250 1046 tantis:
3285 991 3560 1060 proprium
3595 992 3780 1043 mani.

2191 1085 2386 1142 festum
2410 1102 2493 1153 pte
2521 1083 2862 1148 vocabulum,
2901 1084 3040 1138 sicut
3083 1083 3298 1151 quando
3343 1083 3500 1145 dicis.
3532 1082 3783 1136 Trinitas

2195 1194 2352 1246 unus,
2377 1189 2429 1232 et
2451 1181 2705 1234 cantitin
2733 1178 3025 1242 subiufers,
3047 1178 3208 1232 Deus.
3245 1177 3494 1246 Alioquin
3519 1179 3652 1230 tolle
3687 1193 3784 1230 no-

2194 1287 2316 1326 men
2345 1271 2485 1341 quod
2544 1271 2812 1341 adiungis,
2852 1270 2940 1323 ubi
2988 1270 3285 1324 substantia
3317 1269 3655 1338 signiﬁcatur
3683 1313 3698 1334 ,
3730 1280 3785 1325 et

2193 1364 2299 1430 dic,
2334 1363 2378 1417 si
2405 1363 2571 1417 audes
2605 1379 2617 1414 :
2652 1362 2832 1424 Pater,
2887 1370 2938 1414 et
2972 1360 3138 1414 Filius
3165 1400 3181 1425 ,
3214 1371 3267 1414 et
3297 1359 3530 1426 Spiritus
3559 1370 3786 1415 sanctus

2196 1469 2334 1508 unus
2360 1463 2505 1508 sunt.
2539 1452 2669 1520 Quis
2705 1453 2848 1508 enim
2882 1468 2988 1506 non
3024 1452 3304 1516 continuo,
3339 1451 3486 1504 Unus
3517 1462 3668 1516 sunt,
3705 1467 3788 1507 se-

2196 1547 2426 1602 cundum
2481 1560 2765 1616 personam
2801 1545 3002 1599 dictum
3038 1554 3448 1612 ‘conseiuenter
3494 1545 3784 1615 intelligat,

2198 1647 2254 1692 et
2282 1636 2498 1690 Sabellii
2543 1635 2830 1704 redarguat
2862 1633 3195 1687 vanitatem?
3249 1632 3408 1687 Vides
3457 1649 3588 1700 ergo
3660 1636 3785 1703 quia

2201 1732 2414 1801 proprie
2444 1747 2580 1786 unus
2611 1730 2676 1784 ad
2734 1744 3016 1798 personam
3061 1729 3291 1794 pertinet
3347 1729 3787 1796 signiﬁcandam,

522 1831 715 1899 potasti
745 1829 1059 1884 sententiam
1093 1842 1262 1881 meam
1285 1828 1306 1877 ?
1328 1826 1444 1880 Jam
1470 1841 1570 1894 ego
1593 1824 1699 1877 dixi
1727 1840 1741 1876 :
1771 1822 1926 1874 Pater
1957 1819 2097 1873 Filio
2130 1833 2176 1892 Β
2202 1827 2443 1894 quamvis
2472 1824 2724 1893 adjuncto
2744 1821 2844 1876 sibi
2868 1819 3153 1889 cujuslibet
3182 1820 3496 1874 substantia:
3519 1822 3790 1874 vocabulo

521 1923 732 1990 proprio
756 1939 854 1974 non
888 1921 1127 1990 pepercit,
1155 1921 1243 1972 sed
1294 1935 1385 1988 pro
1433 1917 1577 1971 nobis
1619 1916 1852 1970 omnibus
1883 1914 2098 1968 tradidit

520 2017 664 2070 illum
689 2015 862 2085 (Ilum.
891 2031 1006 2079 VIII,
1034 2013 1148 2080 ΖΞ),
1173 2023 1229 2066 ut
1250 2013 1413 2067 Filius
1439 2021 1645 2065 tantum
1695 2023 1883 2079 passus
1913 2023 1942 2060 a
1972 2022 2100 2076 gen-

521 2107 662 2160 tibus
691 2105 1020 2159 crcderetur.
1049 2104 1286 2172 Jantcgo
1329 2102 1438 2156 dixi
1495 2118 1509 2155 :
1563 2100 1661 2166 Qui
1703 2115 1818 2152 cum
1842 2099 1894 2150 in
1935 2098 2100 2165 {orum

523 2197 617 2249 Dei
643 2205 789 2260 esset,
815 2212 914 2248 non
943 2195 1176 2265 rapinam
1219 2195 1494 2246 arbitratus
1525 2203 1594 2243 est
1622 2206 1728 2244 esse
1767 2204 1819 2243 se
1855 2189 2102 2252 wqttalem

523 2286 654 2352 Deo,
683 2291 770 2340 sed
821 2287 1144 2353 semetipsum
1199 2284 1494 2347 exiuanivit,
1525 2283 1744 2350 formam
1785 2281 1915 2333 serti
1970 2278 2105 2331 acci-

523 2377 687 2448 piens,
721 2377 774 2429 in
798 2375 1186 2428 similitudinem
1209 2373 1474 2427 hominum
1504 2373 1670 2442 factus
1696 2410 1712 2434 ,
1742 2378 1789 2422 et
1823 2370 1994 2422 habitu
2026 2368 2106 2420 in-

531 2478 707 2522 ventus
735 2476 789 2520 ut
821 2468 990 2519 homo.
1021 2463 1330 2516 Humiliavit
1360 2477 1433 2528 se,
1459 2462 1625 2530 {actus
1674 2460 1909 2514 obediens
1951 2473 2107 2526 usque

528 2559 596 2611 ad
639 2568 872 2619 mortem,
904 2565 1118 2608 mortem
1163 2563 1336 2606 auttm
1383 2552 1549 2606 crucis
1583 2549 1810 2622 (Philip.
1841 2565 1900 2613 ιι,
1940 2547 2105 2616 6-8),

530 2661 587 2706 ut
617 2650 671 2706 in
703 2651 932 2704 humana
960 2647 1260 2703 substantia
1306 2655 1548 2699 mortuus
1592 2644 1694 2698 rite
1747 2640 2060 2695 crederetur
2093 2657 2107 2692 :

531 2757 689 2812 quem
733 2751 908 2796 tamen
955 2749 1012 2793 ut
1039 2739 1204 2793 Deum
1236 2750 1613 2806 cognosceres,
1639 2733 1959 2788 liducialiter
1985 2731 2112 2784 alibi

537 2835 748 2888 locutus
767 2846 883 2885 sum
913 2846 928 2883 :
953 2829 1035 2883 Ea:
1061 2827 1240 2897 quibus
1272 2826 1505 2880 Christus
1561 2824 1838 2877 secundum
1882 2836 2109 2885 carnem,

535 2924 619 2994 qui
644 2931 718 2977 est
755 2937 907 2991 super
935 2919 1106 2974 omnia
1142 2917 1278 2971 Deus
1321 2913 1607 2968 benedictus
1635 2913 1687 2966 in
1712 2912 1902 2966 swcula
1932 2909 2110 2981 (Rom.

538 3031 610 3080 ts,
636 3014 714 3085 5).
741 3014 1020 3084 Cognosco
1039 3053 1055 3079 ,
1084 3017 1266 3065 sancte
1313 3007 1507 3073 Paule,
1541 3005 1835 3060 doctrinam
1879 3001 2118 3058 veritatis

540 3110 928 3179 plenissimam,
952 3120 1052 3162 nec
1081 3104 1210 3158 mihi
1237 3102 1500 3158 sententia
1533 3110 1618 3155 tua
1650 3101 1703 3156 in
1728 3099 1862 3155 libro
1886 3101 2116 3153 Actuntn

2203 1920 2370 1986 possit
2401 1917 2561 1968 etiam
2586 1913 2936 1968 substantiam
2959 1913 3283 1981 signiﬁcare.
3304 1912 3635 1980 Simpliciter
3658 1931 3790 1986 ergo

2200 2008 2500 2072 audiamus,
2527 2021 2692 2059 unum
2723 2006 2789 2059 de
2829 2005 3089 2057 Trinitate
3135 2017 3368 2070 passum,
3397 2004 3447 2057 id
3489 2013 3596 2068 est,
3625 2022 3790 2060 unam

2204 2116 2487 2169 personam
2513 2115 2579 2155 ex
2610 2099 2777 2153 tribus
2810 2098 3075 2167 personis.
3105 2095 3211 2150 Nec
3243 2098 3371 2150 mihi
3393 2098 3665 2167 quispiam
3697 2115 3792 2153 ve—

2206 2193 2553 2260 litopponere
2581 2208 2594 2243 :
2625 2189 2679 2243 Si
2703 2185 2928 2244 dicimus
2953 2203 3116 2240 unum
3141 2186 3207 2239 de
3230 2185 3516 2251 Trinitate,
3546 2189 3795 2246 dicamus

2205 2299 2368 2338 unum
2397 2282 2464 2337 de
2489 2280 2839 2348 humanitate,
2868 2282 3002 2334 sicut
3026 2279 3254 2332 dicimus
3281 2279 3466 2338 Deum.
3488 2291 3542 2333 et
3573 2298 3793 2337 rursum

2205 2375 2436 2430 dicimus
2466 2371 2763 2426 hominem.
2797 2370 2959 2424 Deum
2993 2372 3198 2440 quippe
3223 2386 3342 2424 cum
3368 2370 3619 2432 dicimus,
3648 2384 3798 2427 recte

2207 2469 2368 2522 etiam
2413 2465 2683 2520 hominem
2731 2463 2990 2528 dicimus,
3022 2465 3144 2531 quia
3174 2473 3226 2516 et
3255 2464 3392 2518 Deus
3416 2475 3470 2518 et
3503 2465 3668 2518 homo
3695 2482 3797 2520 no-

2208 2559 2354 2614 mina
2377 2556 2803 2613 substantiarum
2827 2566 2972 2610 sunt.
3000 2555 3150 2610 Unus
3183 2567 3385 2621 autem,
3409 2559 3530 2626 quia
3579 2559 3799 2628 proprie

2211 2666 2493 2722 personam
2517 2649 2813 2718 signiﬁcat;
2857 2650 3004 2704 Unus
3033 2659 3088 2704 et
3120 2665 3258 2704 unus
3281 2665 3616 2720 nequaquam
3645 2653 3799 2720 cogi-

2214 2752 2387 2796 temus
2409 2741 2611 2806 dicere,
2628 2754 2694 2794 ne
2719 2739 2850 2794 duas
2868 2739 3148 2793 videamur
3166 2755 3477 2795 asseverare
3509 2755 3800 2810 personas.

2213 2834 2338 2890 Ideo
2369 2834 2526 2903 plane
2560 2847 2726 2886 unum
2770 2831 2838 2886 de
2882 2831 3143 2887 Trinitate
3197 2831 3533 2895 conﬁtemur,
3589 2843 3647 2887 et
3697 2851 3801 2887 nun

2213 2941 2380 2982 unum
2403 2925 2471 2980 de
2496 2924 2826 2978 humanitate
2849 2939 2866 2989 ;
2889 2924 3010 2992 quia
3035 2923 3172 2976 Deus
3187 2924 3329 2977 venit
3349 2923 3414 2976 ad
3447 2933 3661 2977 uterum
3688 2923 3804 2976 Vir-

2214 3017 2372 3087 ginis,
2397 3024 2451 3070 et
2476 3015 2709 3069 adventu
2736 3028 2835 3067 suo
2882 3029 3077 3066 munus
3103 3013 3150 3066 ei
3197 3012 3426 3082 largiens
3455 3012 3804 3067 fecunditatis

2217 3109 2334 3164 sine
2358 3106 2516 3162 sorde
2562 3104 2821 3169 libidinis,
2849 3103 3133 3158 hrmanam
3155 3104 3254 3158 sibi
3279 3113 3523 3158 naturam
3554 3113 3806 3173 potenter

542 3197 906 3268 apostolorum
928 3195 1087 3250 dubia
1115 3207 1345 3262 unquam
1391 3191 1510 3247 fuit.
1536 3189 1779 3246 Intellexi
1813 3190 2001 3254 Deum,
2030 3189 2113 3257 qui

2224 3212 2384 3270 atque
2416 3197 2756 3254 ineﬁabiliter
2811 3195 3084 3259 adunavit,
3117 3205 3264 3250 tanto
3296 3196 3510 3250 vinCulo
3557 3196 3804 3260 unitatis,

541 3289 800 3359 sanguine
814 3302 912 3343 suo
926 3285 1207 3354 acquisivit
1223 3284 1518 3338 Eccles'am
1545 3298 1697 3336 suam
1717 3281 1856 3352 (Act.
1888 3296 1976 3344 ss,
2001 3278 2117 3342 281,

543 3397 647 3434 non
680 3395 799 3433 esse
830 3378 930 3433 nisi
979 3376 1249 3432 Christum
1291 3375 1474 3440 Iesum
1524 3373 1715 3428 Filium
1743 3373 1857 3436 Dei,
1890 3385 1990 3424 nec
2023 3373 2119 3423 ba-

543 3473 723 3528 buisse
775 3468 1108 3539 sanguinem,
1143 3466 1246 3520 nisi
1295 3464 1587 3519 secundum
1620 3461 1972 3517 substantiam
2003 3475 2125 3513 car-

544 3567 646 3620 nis.
675 3562 782 3619 Sed
804 3571 1021 3631 pr0pter
1045 3560 1177 3614 istos
1207 3557 1308 3613 ista
1337 3555 1446 3610 disi
1465 3595 1480 3619 ,
1512 3553 1603 3625 qui
1649 3568 1789 3608 nunc
1841 3553 2122 3606 audientes

545 3673 706 3712 unum
746 3655 813 3709 de
841 3651 1101 3707 Trinitate
1134 3663 1385 3719 passum,
1417 3646 1603 3701 dicunt
1648 3662 1662 3700 :
1723 3643 1899 3710 Adde,
1926 3659 2122 3698 secun-

545 3753 670 3806 dntn
701 3762 954 3812 carnem;
981 3744 1131 3814 quasi
1189 3743 1343 3796 aliter
1391 3739 1615 3808 intelligi
1660 3736 1881 3799 debeat,
1912 3733 2125 3790 etiamsi

546 3857 610 3910 eg
634 3865 642 3884 ν
668 3856 772 3894 non
798 3838 1026 3902 addam;
1053 3834 1136 3888 vel
1161 3833 1361 3888 addere
1396 3831 1619 3885 multum
1645 3826 2011 3884 necessarium
2033 3828 2122 3891 sit,

547 3931 688 4000 quod
733 3928 946 3983 etiamsi
979 3941 1082 3980 non
1114 3923 1362 3986 addatur,
1395 3929 1637 3992 apparet.
1668 3919 1922 3974 Libenter
1950 3928 2128 3972 tamen

549 4023 690 4091 exigi
737 4038 766 4074 a
810 4036 895 4074 me
949 4016 1127 4089 patior
1153 4015 1292 4085 quod
1320 4015 1459 4068 ultro
1492 4014 1719 4069 reddere
1739 4027 1857 4067 sum
1888 4021 2128 4079 paratus.
2171 4055 2175 4060 .

557 4113 932 4166 Incunctanter
977 4105 1180 4175 profert
1226 4105 1404 4174 lingua
1433 4103 1576 4172 quod
1618 4101 1811 4156 retinet
1840 4101 2129 4156 conscien-

554 4202 642 4254 tia.
679 4199 825 4254 Unus
874 4197 941 4252 de
990 4195 1255 4251 Trinitate
1308 4195 1472 4249 Filius
1517 4193 1612 4250 Dei
1658 4192 1906 4247 Christus
1949 4191 2130 4258 Jesus,

552 4291 748 4358 quiest
774 4301 876 4342 una
925 4301 1154 4357 persona
1207 4285 1277 4341 de
1330 4284 1499 4339 tribus
1539 4283 1805 4354 personis,
1830 4297 2021 4352 passus
2049 4292 2128 4338 est

554 4381 848 4437 secundum
875 4392 1114 4435 carnem.
1147 4375 1228 4432 'l'u
1260 4391 1387 4432 vero
1408 4375 1451 4430 si
1475 4376 1586 4445 jam
1628 4374 1806 4431 credis
1832 4391 1936 4430 non
1978 4373 2132 4429 mali-

555 4474 689 4528 tiose
719 4485 884 4525 unum
931 4467 1000 4523 de
1044 4467 1304 4522 Trinitate
1349 4479 1561 4536 passum
1591 4464 1718 4532 dici,
1752 4464 1840 4520 dic
1886 4464 2133 4519 similiter

2227 3302 2280 3348 ut
2314 3305 2537 3362 persona
2562 3288 2720 3344 Verbi
2750 3286 2901 3342 ﬁeret
2945 3301 3168 3357 persona
3209 3287 3416 3351 carnis,
3459 3295 3515 3342 et
3551 3285 3807 3354 deinceps

2225 3398 2328 3437 una
2363 3381 2516 3436 Verbi
2542 3394 2768 3449 persona
2793 3388 2937 3434 esset
2978 3387 3034 3432 rt
3077 3378 3272 3432 carnis.
3307 3377 3430 3432 Ideo
3480 3379 3660 3431 dicere
3691 3377 3808 3430 nul-

2227 3473 2436 3528 latenus
2462 3485 2752 3541 possumus
2781 3484 2944 3522 unttm
2959 3468 3026 3522 de
3053 3465 3317 3524 Trinita'e
3343 3477 3400 3522 et
3423 3482 3586 3520 unum
3614 3466 3683 3520 de
3706 3466 3807 3519 hu-

2230 3563 2506 3628 manitate,
2534 3562 2618 3616 vel
2648 3576 2812 3616 unum
2863 3558 3141 3614 Trinitatis
3165 3569 3220 3614 et
3240 3573 3403 3614 unum
3436 3557 3807 3623 humanitatis,

2227 3660 2349 3728 quia
2380 3659 2433 3712 in
2461 3656 2678 3710 Christo
2711 3654 2838 3710 .Iesu
2860 3665 3146 3722 personam
3203 3650 3483 3720 propriam
3511 3651 3808 3717 separatim

2229 3765 2336 3806 non
2357 3747 2521 3803 habet
2551 3746 2853 3800 humanitas
2876 3784 2892 3810 ,
2927 3741 3022 3798 sed
3071 3756 3300 3812 persona
3332 3741 3492 3796 Verbi
3523 3741 3615 3794 Dei
3641 3755 3674 3794 ι
3704 3754 3810 3808 quo

2229 3851 2476 3910 suscepta
2497 3848 2603 3905 est,
2631 3838 2742 3907 ipsa
2767 3836 2842 3889 illi
2867 3835 3003 3890 facta
3026 3843 3110 3889 est
3136 3833 3375 3904 propria.
3423 3833 3812 3902 Distinguimus

2228 3949 2354 4004 ergo
2369 3941 2584 3988 naturas
2605 3931 2738 3985 duas
2758 3928 2956 3984 Christi
2987 3927 3040 3982 in
3064 3927 3358 3989 vocabulis,
3387 3926 3439 3980 in
3465 3923 3678 3991 ofﬁciis,
3704 3940 3812 3978 non

2231 4029 2285 4082 in
2306 4041 2419 4096 pert
2434 4025 2580 4080 otiis.
2607 4022 2731 4079 Ideo
2760 4035 2982 4075 securus
3007 4019 3140 4074 dicit
3188 4018 3478 4087 Apostolus
3509 4033 3522 4071 :
3557 4015 3674 4070 Nos
3712 4031 3815 4069 eu-

2231 4129 2330 4173 tem
2351 4117 2689 4187 praedicamus
2711 4113 2970 4166 Christum
3009 4111 3336 4179 cruciﬁxum,
3385 4108 3580 4161 ludatis
3609 4108 3820 4176 quidem

2231 4208 2549 4265 scandalum.
2581 4205 2808 4276 gentibus
2851 4213 3023 4256 autem
3053 4200 3327 4255 stultitiam
3356 4215 3376 4263 ;
3424 4197 3546 4267 ipsis
3576 4213 3693 4250 vero
3721 4213 3822 4249 so-

2232 4297 2358 4349 catis
2379 4295 2577 4348 Juda'is
2611 4302 2656 4346 et
2687 4289 2882 4345 Crtecis
2921 4289 3185 4343 Christum
3220 4287 3314 4342 Dei
3352 4295 3585 4340 uirtutem
3617 4295 3668 4339 et
3706 4285 3821 4341 Dei

2231 4383 2534 4454 sapientiam
2559 4380 2610 4447 (1
2650 4379 2768 4434 Cor.
2822 4393 2860 4443 ι,
2889 4376 2961 4430 25
2979 4419 2996 4444 ,
3023 4376 3140 4446 24).
3173 4378 3308 4431 Ecce
3329 4375 3571 4430 Christus
3599 4377 3827 4429 cruciﬁ-

2236 4490 2335 4532 xus
2365 4477 2478 4544 ipse
2506 4484 2587 4529 est
2612 4472 2706 4528 Dt-i
2735 4473 2907 4526 virtus
2927 4480 2982 4524 et
3012 4470 3104 4524 Dei
3151 4469 3435 4538 sapientia.
3477 4469 3656 4536 Quare
3685 4481 3828 4538 ergo

555 4568 694 4622 bOIIO
739 4579 899 4620 εθιιειι
945 4561 1081 4617 Siet“
1107 4574 1226 4629 080-
1255 4561 1309 4615 Si
1353 4568 1530 4614 διηυηι
1572 4557 1782 4612 dubius
1817 4557 2014 4624 adhuc.
2043 4556 2131 4612 dic
2163 4563 2210 4623 D
2237 4581 2342 4621 non
2367 4565 2575 4619 dicatur
2607 4578 2743 4617 unus
2763 4561 2832 4616 de
2883 4560 3146 4614 Trinitate
3177 4559 3411 4644 passus?
3441 4562 3521 4614 An
3566 4557 3832 4614 Christus

557 4673 713 4712 unatn
768 4669 1050 4723 personam
1101 4653 1170 4708 de
1235 4651 1403 4706 tribus
1459 4665 1692 4719 passam,
1725 4649 1900 4715 idest,
1936 4647 2130 4704 Filium

556 4747 648 4802 Dei
683 4747 964 4801 Dominum
993 4743 1177 4799 Jesum
1212 4742 1482 4797 Christum
1531 4738 1821 4794 secundum
1867 4753 2082 4794 eaanem
2113 4754 2129 4793 :

558 4852 626 4890 ne
656 4839 697 4888 si
729 4852 884 4890 uuam
911 4848 1192 4902 personam
1237 4835 1306 4886 de
1345 4831 1514 4885 tribus
1543 4845 1750 4899 passam
1777 4830 2007 4900 proﬁteri
2037 4842 2132 4884 no-

559 4927 742 4991 lueris,
775 4934 1014 4994 quartam
1046 4923 1287 4980 conﬁteri
1313 4922 1631 4988 inveniatis;
1661 4930 1718 4978 et
1745 4926 1860 4977 sine
1888 4921 1991 4976 ulla
2017 4935 2131 4976 am-

558 5017 811 5085 biguitate
834 5017 1062 5072 Nestorii
1086 5017 1342 5086 judiceris
1360 5033 1548 5072 errore
1581 5031 1878 5085 possessus.

638 5108 724 5163 13.
751 5111 932 5164 Omnis
961 5125 1088 5179 ergo
1119 5110 1415 5165 catholicus
1438 5120 1526 5164 aut
1572 5126 1731 5165 unum
1760 5108 1826 5163 de
1872 5108 2142 5165 Trinitate'

563 5216 627 5272 pa
661 5215 775 5255 sum
800 5201 1110 5270 simpliciter
1137 5203 1317 5257 audiat
1345 5243 1357 5266 ,
1382 5202 1696 5270 simpliciter
1726 5201 1898 5266 dicat;
1930 5210 2018 5254 aut
2051 5201 2131 5256 lo-

562 5309 731 5364 quens
757 5305 913 5348 caute
938 5333 953 5356 ,
985 5309 1089 5348 non
1121 5305 1296 5348 tamen
1325 5295 1630 5359 inﬁdeliter,
1665 5309 1820 5348 uuam
1854 5308 2132 5362 personam

562 5387 631 5442 de
654 5386 822 5442 tribus
854 5401 1061 5454 passam
1093 5385 1320 5439 fateatur
1346 5403 1359 5448 ;
1388 5401 1485 5440 uec
1517 5386 1636 5441 idco
1667 5386 1966 5456 quempiam
1989 5384 2133 5454 judi-

563 5489 646 5533 cet
677 5477 1009 5542 bteteticum,
1056 5479 1145 5546 qui
1197 5493 1359 5531 unum
1396 5481 1462 5534 de
1491 5479 1751 5534 Trinitate
1785 5494 1994 5546 passum
2041 5478 2134 5531 illo

569 5583 729 5623 sensu
752 5568 898 5634 dicit,
930 5582 1038 5638 quo
1062 5569 1224 5623 etiam
1253 5568 1366 5638 ipse
1390 5585 1546 5623 unam
1573 5583 1855 5639 personam
1880 5569 1946 5622 de
1971 5569 2136 5624 tribus

569 5675 778 5728 passam
810 5662 1074 5715 veraciter
1097 5658 1250 5726 dicit;
1280 5661 1545 5731 simulque
1567 5660 1840 5716 ambulare
1871 5660 2006 5712 viam
2036 5661 2137 5714 Do-

556 5749 687 5806 mini
736 5765 1106 5823 prOperemas,
1151 5766 1336 5824 pacem
1388 5761 1659 5810 tenentes.
1691 5749 1802 5810 lloc
1831 5763 1911 5809 est
1938 5750 2134 5822 quippe

2241 4656 2334 4712 Dei
2358 4656 2526 4711 virtus
2571 4664 2626 4708 et
2656 4655 2746 4708 Dei
2779 4651 3044 4722 sapientia
3091 4667 3198 4705 non
3251 4659 3336 4705 est
3383 4667 3518 4705 unus
3545 4651 3612 4704 de
3636 4649 3833 4705 Trini-

2241 4744 2379 4799 tate‘l
2413 4744 2518 4814 Sed
2547 4743 2647 4798 hoc
2668 4742 2756 4812 qui
2785 4750 2963 4809 negat,
3006 4750 3193 4809 aperte
3241 4739 3392 4792 dicat
3427 4739 3588 4793 etiam
3613 4751 3828 4791 secun-

2240 4835 2364 4890 dum
2404 4833 2732 4889 divinitatem
2765 4833 2953 4887 Filium
2980 4843 3087 4885 non
3110 4845 3229 4886 esse
3252 4845 3412 4883 unum
3443 4829 3510 4883 de
3529 4828 3824 4882 Trinitate.

2240 4927 2295 4982 Si
2327 4937 2501 4980 autem
2526 4927 2821 4980 secundum
2848 4923 3178 4977 divinitatem
3215 4921 3463 4976 Christus
3483 4935 3618 4974 unus
3639 4932 3734 4974 est
3757 4922 3830 4978 de

2235 5017 2518 5084 Trinitate,
2551 5024 2606 5070 et
2647 5014 2937 5069 secundum
2961 5014 3292 5068 divinitatem
3321 5013 3490 5066 virtus
3521 5012 3610 5065 Dei
3647 5021 3742 5065 est
3770 5024 3830 5068 et

2235 5111 2529 5180 sapientia;
2558 5107 2805 5163 Christus
2832 5117 3006 5161 autem
3029 5106 3316 5159 cruciﬁxus
3342 5105 3508 5158 virtus
3537 5104 3625 5158 Dei
3655 5116 3750 5157 est
3771 5116 3831 5159 et

2235 5201 2495 5270 sapientia
2522 5217 2534 5264 ;
2569 5205 2713 5253 recte
2755 5198 2938 5267 utique
2967 5197 3183 5261 dicitur,
3215 5201 3338 5266 quia
3373 5211 3508 5249 unus
3536 5194 3604 5250 de
3635 5194 3827 5250 Trini-

2239 5306 2345 5350 tate
2367 5303 2450 5350 est
2477 5307 2685 5363 passus.

2311 5385 2399 5439 l6.
2444 5384 2551 5438 Nec
2593 5397 2807 5438 movere
2846 5381 3149 5453 quempiam
3197 5379 3384 5446 debet,
3429 5380 3473 5432 si
3505 5393 3626 5442 vere
3656 5376 3805 5432 hanc

2238 5477 2576 5539 sententiam,
2637 5473 2828 5527 sicuta
2877 5473 3194 5541 quibusdam
3222 5472 3448 5536 dicitur,
3507 5472 3831 5540 Eutychetis

2242 5567 2457 5636 protulit
2501 5563 2878 5633 apocrisiarius
2910 5565 2962 5616 in
2981 5562 3402 5616 Chalcedonensi
3435 5563 3683 5616 concilio.
3709 5563 3829 5615 Sa-

2242 5673 2306 5726 pe
2335 5658 2494 5711 etiam
2525 5671 2618 5723 per
2641 5655 2949 5723 ignorantes
2979 5653 3213 5722 loquitur
3237 5654 3455 5708 veritis.
3508 5654 3689 5706 Patres
3721 5669 3827 5706 su-

2243 5761 2350 5808 tetn
2378 5751 2542 5807 nostri
2574 5750 2626 5804 in
2648 5748 2875 5805 concilio
2904 5747 3086 5816 positi,
3119 5763 3333 5804 sensum
3366 5749 3657 5812 loquentis.
3717 5766 3834 5804 non
