3978 6350
189 310 291 368 905

1374 294 1736 363 EPISTOUE
1769 296 1875 358 ET"
1896 300 2272 360 OPUSCULA.

3363 310 3466 369 906

189 425 347 481 verba
378 421 804 484 considerantes,
850 435 949 476 nec
976 417 1126 477 illum
1158 429 1374 490 propter
1399 421 1536 476 hanc
1562 432 1778 475 senten-
1810 424 1854 480 Α
1883 419 2039 489 cujus
2081 435 2361 488 personam
2390 420 2750 490 signitiCantes
2781 421 3005 479 dicimus
3035 434 3198 481 unum
3238 426 3306 483 de
3350 428 3469 486 Tri-

190 516 313 573 tlam
356 514 704 583 pronuntiare
734 510 1080 576 catholicum,
1132 525 1232 565 nec
1261 513 1427 580 ipsam
1460 510 1779 565 sententiam

187 606 466 662 catholicis
499 615 628 658 tunc
661 605 903 657 inserere
934 602 1334 656 deﬁnitionibus
1364 603 1664 666 volnerum,
1717 614 1782 653 nc

188 700 496 752 viderentur
522 695 850 749 intellectum
885 694 1152 762 loquentis
1179 703 1205 729 ει
1234 692 1585 761 approbasse,
1621 705 1781 758 quam

188 791 369 847 verba.
405 788 715 843 Miraliiliter
748 794 927 841 tamen
959 784 1189 855 Spiritus
1210 770 1424 838 sanctus
1442 792 1628 853 postea
1651 782 1778 836 (ideo

188 886 267 942 les
294 882 591 944 admonuit,
622 880 783 935 etiam
813 894 909 949 per
931 878 1069 933 hanc
1098 877 1422 932 sententiam
1451 875 1653 930 revinci
1679 875 1783 929 Eu-

189 975 567 1049 tychianistas,
618 973 670 1027 in
724 987 827 1041 qua
878 971 1103 1025 duarum
1149 968 1307 1038 plena
1352 978 1433 1022 est
1474 968 1784 1037 praedicatio

189 1080 497 1126 naturarum
516 1108 532 1132 ,
574 1076 632 1121 ut
653 1079 984 1135 nequaquam
1007 1063 1190 1118 dicere
1224 1080 1235 1113 :
1270 1062 1325 1118 Si
1351 1076 1485 1114 unus
1512 1073 1594 1114 est
1623 1059 1781 1114 Chri-

188 1174 303 1219 stus
330 1165 400 1218 de
432 1161 718 1224 Triuitite,
762 1170 818 1214 et
842 1159 1077 1213 Tiinitas
1119 1158 1279 1212 unius
1321 1166 1407 1212 est
1446 1155 1780 1220 substantiae,

189 1258 433 1313 Christus
460 1262 639 1308 autem
672 1252 816 1306 Deus
845 1263 900 1305 et
932 1251 1096 1306 homo
1114 1258 1197 1305 est
1228 1266 1243 1315 ;
1294 1249 1450 1304 unius
1478 1263 1606 1318 ergo
1654 1248 1783 1302 sub-

186 1348 424 1404 stantiae.
457 1346 702 1400 Clll‘isllls
742 1344 938 1413 quippe
967 1351 1022 1397 et
1051 1358 1187 1397 unus
1219 1352 1303 1397 est
1329 1342 1398 1396 de
1421 1342 1698 1407 'l'riuitate,
1729 1352 1785 1396 et

191 1441 333 1497 Deus
363 1447 421 1494 et
451 1438 613 1492 homo
649 1444 756 1500 est,
796 1444 854 1491 et
881 1449 987 1488 non
1027 1443 1109 1489 εει
1130 1433 1288 1488 unius
1313 1433 1667 1496 substantite;
1718 1446 1787 1485 ne

190 1531 496 1587 humanitas
526 1540 760 1599 quoque,
815 1542 972 1596 quam
1006 1526 1263 1595 suscepit,
1314 1524 1786 1580 consubstantialis

191 1626 262 1678 sit
289 1620 538 1675 Trinitati
573 1636 588 1687 ;
616 1618 756 1687 quod
785 1632 918 1674 sana
943 1616 1189 1672 doctrina
1222 1616 1568 1671 condemnat.
1583 1615 1785 1670 Recor-

186 1714 314 1781 dor,
379 1712 667 1783 aliquando
706 1711 969 1779 triplicem
1030 1725 1119 1765 me
1163 1709 1496 1766 intellexisse
1543 1724 1783 1774 causam,

1886 512 2054 564 nitate
2085 523 2321 577 passum,
2345 513 2466 577 quia
2491 514 2606 580 ipse
2635 522 2836 568 tantum
2867 516 2968 572 rite
2988 520 3227 573 creditur
3252 534 3463 588 passus,

1883 600 1971 668 qui
2001 615 2122 655 cum
2167 612 2305 655 esset
2335 608 2461 655 vere
2490 616 2536 655 et
2573 606 2786 672 proprie
2818 606 2977 673 Dens,
3010 623 3132 664 vere
3159 621 3212 666 et
3253 615 3471 682 proprie

1883 692 2053 747 factus
2100 703 2183 747 est
2218 694 2395 748 homo.
2432 704 2487 749 ut
2536 710 2639 749 non
2688 698 2956 755 immerito
2987 718 3112 756 vere
3158 714 3213 759 et
3258 708 3471 776 proprie

1883 792 2054 837 mater
2075 784 2169 838 Dei
2200 785 2350 839 beata
2381 787 2542 839 Maria
2575 790 2844 843 credatur.
2871 792 2945 845 Ex
2970 794 3131 849 Maria
3154 797 3294 851 enim
3327 814 3473 854 setti-

1885 889 1978 942 per
2010 875 2218 944 virgine
2250 892 2346 929 ncc
2390 876 2637 932 divinitas
2689 882 2834 935 nasci
2867 885 3038 952 potuit
3070 888 3185 943 sine
3227 890 3472 947 humani-

1885 975 2013 1029 tate,
2048 982 2147 1019 nec
2180 966 2476 1022 humanitas
2500 970 2617 1025 sine
2643 970 2939 1030 divinitate.

1958 1060 2043 1112 i7.
2082 1060 2301 1114 Frustra
2346 1063 2657 1129 expavescit
2685 1065 2924 1136 quisquis
2953 1069 3183 1126 testimat
3238 1077 3471 1132 consub-

1884 1151 2187 1204 s'antialem
2217 1151 2485 1206 divinitati
2509 1138 2735 1209 matrem
2770 1157 3021 1223 futuram,
3056 1163 3099 1215 si
3128 1167 3389 1223 veraciter
3416 1178 3472 1223 et

1887 1241 2101 1310 proprie
2125 1242 2290 1297 Maria
2321 1252 2493 1298 mater
2537 1248 2693 1302 luerit
2739 1249 2866 1315 Dei;
2901 1250 3137 1319 profecto
3168 1257 3309 1311 enim
3346 1261 3472 1331 quia

1886 1333 2151 1387 veraciter
2188 1344 2242 1387 et
2284 1335 2497 1402 proprie
2540 1342 2816 1407 gent-rami
2867 1358 3080 1412 semper
3118 1356 3203 1401 est
3244 1353 3475 1408 consubo

1886 1423 2151 1476 stantialis
2175 1422 2264 1478 ille
2288 1424 2378 1494 qui
2406 1428 2663 1494 nascitur,
2684 1431 2890 1499 accepit
2916 1434 2982 1485 ab
3002 1447 3064 1488 ea
3086 1434 3225 1491 Deus
3251 1440 3392 1495 unde
3421 1443 3473 1498 ei

1890 1513 2039 1569 fieret
2059 1516 2554 1583 consubstantialis,
2581 1530 2635 1574 et
2657 1521 2734 1576 sic
2758 1537 2823 1577 ex
2849 1538 2911 1578 ea
2934 1529 3077 1581 nasci
3102 1528 3348 1600 dignatus
3368 1545 3470 1589 est.

1890 1607 1961 1661 lta
1989 1606 2145 1677 igitur
2176 1613 2411 1680 proprie,
2441 1615 2585 1668 sicut
2612 1618 2895 1682 veraciter,
2928 1620 3090 1675 Maria
3131 1624 3468 1683 divinitatem

1892 1700 2011 1755 Filii
2040 1704 2247 1768 genuit,
2275 1704 2369 1758 sed
2401 1705 2755 1763 incarnatam.
2785 1711 2912 1767 Sine
2968 1728 3131 1770 carne
3159 1719 3302 1771 enim
3334 1719 3474 1774 divi-

191 1821 313 1874 ηιιω
363 1805 615 1859 dubitare
663 1804 924 1871 quosdam
961 1802 1030 1857 de
1082 1802 1182 1856 hac
1228 1804 1497 1857 sententia
1545 1810 1782 1871 cogeret.
1821 1786 1860 1844 Β
1892 1792 2114 1849 nitatem
2164 1796 2546 1863 sempiternam
2595 1816 2855 1871 generare
2913 1821 3021 1861 non
3078 1821 3260 1878 posset
3318 1812 3477 1867 homo

191 1897 372 1952 Prima
401 1896 628 1963 scilicet,
658 1910 743 1961 ne,
765 1892 995 1964 quadam
1022 1893 1368 1962 separatione
1394 1892 1781 1955 intercedente,

192 1988 298 2043 alia
328 1995 475 2043 esset
502 1984 737 2041 Trinitas
763 1995 816 2040 et
844 1986 978 2039 alius
1006 1988 1096 2055 qui
1121 1998 1257 2040 unus
1285 1998 1406 2040 esse
1435 1985 1503 2040 de
1525 1984 1789 2039 Trinitate

192 2079 392 2133 dicitur
424 2120 439 2144 ,
517 2077 658 2132 sicut
710 2077 847 2132 alius
898 2085 985 2132 est
1036 2077 1214 2141 Pater,
1265 2076 1405 2130 alius
1458 2084 1545 2132 est
1597 2074 1786 2140 Filius,

193 2170 409 2239 quando
433 2171 499 2224 de
530 2169 687 2226 Patre
715 2170 881 2226 Filius
903 2183 1021 2224 esse
1052 2169 1249 2225 dicitur
1276 2185 1290 2234 ;
1344 2178 1399 2223 et
1421 2168 1524 2222 alia
1576 2167 1786 2232 civitas,

190 2261 440 2330 aliusque
488 2259 650 2314 homo
677 2258 769 2328 qui
792 2259 859 2314 de
886 2259 1106 2313 civitate
1134 2272 1258 2314 es-e
1286 2267 1555 2312 narratur.
1605 2257 1710 2313 Sed
1735 2264 1791 2309 et

197 2350 361 2405 Pater
390 2349 631 2421 quamvis
652 2349 901 2405 habendo
920 2345 1112 2403 Filium
1136 2348 1295 2403 Pater
1321 2347 1414 2415 sit,
1460 2349 1581 2416 ipso
1609 2354 1788 2399 tamen

190 2441 368 2498 Fatris
391 2442 608 2496 nomine
648 2456 753 2495 non
778 2455 838 2494 se
863 2454 984 2495 esse
1014 2438 1204 2493 Filium
1234 2446 1497 2492 monstrat
1522 2453 1535 2491 :
1594 2444 1648 2490 et
1670 2436 1791 2492 ideo

195 2533 321 2587 dum
350 2532 416 2588 de
442 2532 598 2587 Patre
642 2545 761 2586 esse
806 2531 976 2586 Filius
1019 2530 1239 2596 dicitur,
1279 2530 1418 2583 alter
1446 2542 1569 2583 esse
1608 2527 1788 2594 Pater,

189 2624 334 2678 altrr
362 2637 484 2678 esse
526 2621 693 2678 Filius
723 2622 1027 2678 intimatur.
1076 2622 1143 2677 Et
1171 2622 1360 2677 civitas
1402 2621 1676 2675 hominum
1708 2616 1813 2675 est’

193 2716 506 2777 multitudo,
536 2730 642 2771 non
672 2715 834 2771 homo
858 2732 873 2771 :
894 2723 951 2771 et
992 2714 1114 2771 ideo
1141 2714 1268 2770 dum
1299 2713 1369 2769 de
1406 2714 1622 2769 civitate
1647 2712 1794 2781 quis-

194 2806 345 2876 piam
376 2807 591 2875 dicitur,
616 2807 756 2862 alter
783 2808 899 2878 ipse
924 2822 1066 2873 esse,
1099 2807 1264 2863 altera
1286 2807 1477 2862 civitas
1498 2805 1789 2878 invenitur.

196 2899 442 2956 Trinitas
485 2913 664 2954 aufem
712 2901 889 2967 Pater,
921 2908 976 2955 et
1005 2899 1192 2966 Filius,
1222 2907 1279 2954 et
1314 2899 1549 2970 Spiritus
1575 2905 1793 2953 sanctus

186 2999 281 3043 est
301 3005 316 3055 ;
340 2989 461 3043 ideo
484 3004 704 3044 securus
727 2989 862 3044 dicis
887 3008 900 3043 :
926 2989 1095 3045 Filius
1125 3002 1263 3044 unus
1287 2999 1369 3044 est
1396 2989 1467 3045 de
1491 2988 1790 3053 Trinitate;

192 3096 301 3137 nec
353 3090 533 3151 potest
559 3097 680 3138 esse
708 3083 847 3138 alius
879 3082 1083 3150 Filius,
1112 3093 1168 3139 et
1214 3085 1315 3138 alia
1359 3082 1619 3147 Trinitas,
1666 3086 1792 3152 quia

1890 1884 2153 1940 mortalis.
2179 1885 2317 1952 Quid
2351 1898 2548 1956 autem,
2579 1896 2799 1961 proprie
2828 1898 3050 1965 genuit?
3085 1897 3361 1957 Manifeste
3384 1918 3477 1975 ge-

1890 1974 2027 2038 nuit,
2056 1979 2482 2035 contestantibus
2516 1983 2684 2051 signis
2712 1994 2766 2039 et
2795 1986 3079 2044 virtutibus
3119 1989 3286 2046 Deum
3334 1974 3474 2059 esse,

1889 2065 1977 2133 qui
2021 2081 2085 2121 ex
2134 2067 2355 2124 homine
2398 2072 2658 2127 nascitur.
2698 2074 2836 2142 Quid
2878 2087 2984 2144 est,
3017 2081 3228 2150 proprie
3257 2087 3477 2153 genuit?

1892 2155 2006 2225 Ipsa
2044 2158 2093 2213 ei
2133 2161 2411 2215 materiam
2443 2164 2621 2220 carnis
2650 2167 2943 2223 secundum
2976 2183 3137 2239 quam
3164 2185 3476 2243 generatur,

1890 2259 2149 2317 operante
2175 2252 2389 2321 quidem
2414 2252 2615 2323 Spiritu
2647 2268 2856 2324 sancto,
2881 2268 3247 2317 verumtamen
3274 2278 3339 2319 ex
3360 2268 3481 2322 suis

1891 2339 2188 2404 visceribus
2218 2342 2428 2408 tribuit,
2471 2355 2526 2399 et
2573 2346 2695 2401 ideo
2725 2363 2882 2418 quem
2929 2353 3010 2405 sic
3039 2353 3188 2407 nasci
3219 2358 3478 2423 oportuit,

1889 2431 2052 2486 etiam
2105 2434 2322 2503 proprie
2361 2436 2733 2509 genuitzquia
2764 2440 2818 2495 in
2850 2441 3078 2499 humana
3120 2458 3246 2500 eum
3290 2456 3478 2505 natura

1890 2523 2095 2592 genuit,
2127 2540 2285 2595 quam
2326 2529 2474 2583 nullo
2508 2530 2787 2587 dubitante
2826 2536 3038 2604 proprie
3076 2540 3278 2607 genuit.
3324 2540 3480 2609 Quis~

1892 2616 2013 2686 quis
2040 2624 2219 2673 autem
2245 2630 2399 2689 putat
2424 2631 2514 2677 aut
2541 2623 2672 2680 dicit
2693 2640 2758 2680 ex
2780 2641 2885 2681 una
2913 2629 3208 2685 substantia
3237 2640 3481 2702 generari

1892 2706 2199 2764 nullatenus
2229 2712 2470 2781 potuisse
2498 2714 2825 2771 substantias
2855 2718 3009 2790 duas,
3040 2724 3306 2779 veraciter
3329 2726 3479 2795 d'cit,

1893 2803 1937 2856 si
1980 2805 2268 2872 separatim
2308 2818 2591 2875 generatas
2618 2802 2867 2866 audierit.
2914 2813 3066 2872 Nunc
3110 2832 3242 2873 vero
3275 2819 3326 2875 in
3359 2836 3475 2878 ma-

1894 2911 1998 2964 gno
2030 2897 2120 2952 illo
2147 2908 2198 2953 et
2232 2897 2459 2955 mirabili
2490 2916 2854 2973 sacramento,
2901 2908 3043 2976 quod
3080 2911 3479 2969 manifestatum

1894 2996 1979 3042 est
2024 2988 2075 3043 in
2105 3003 2290 3056 carne,
2320 2991 2502 3048 divina
2533 2996 2833 3052 substantia
2863 3003 3161 3057 secundum
3194 3004 3479 3061 humanam

1899 3078 2250 3136 substantiam
2303 3085 2519 3153 proprie
2566 3094 2687 3140 nata
2737 3098 2850 3156 est;
2889 3092 3018 3161 quia
3054 3109 3165 3149 non
3194 3098 3483 3166 separatim

192 3175 318 3227 ιίυε
364 3172 504 3228 ymo
554 3174 698 3228 "una
743 3182 828 3228 εει
868 3174 1127 3229 Trinitas,
1173 3174 1421 3230 Secunda
1452 3189 1584 3230 vero
1629 3188 1791 3229 causa
1820 3153 1867 3218 C
1901 3177 2023 3224 nata
2050 3181 2167 3237 est,
2199 3187 2299 3227 nec
2331 3172 2716 3231 humanitatem
2759 3153 2976 3250 proprie
3006 3195 3181 3239 natatn
3223 3153 3323 3242 sibi
3354 3188 3481 3244 divi-

198 3267 548 3325 dubitationis
601 3270 835 3336 videtur,
891 3271 1201 3328 nolentibus
1248 3271 1454 3338 dicere,
1511 3288 1676 3327 unum
1726 3272 1795 3328 de

199 3356 466 3413 Triuitate
507 3374 746 3429 passum,
781 3376 850 3415 ne
876 3361 1171 3417 divinitatis
1199 3362 1500 3418 substantia
1530 3363 1644 3419 fieri
1675 3379 1796 3433 pas-

200 3449 377 3505 sibilis
404 3450 668 3505 videatur.
713 3451 817 3506 Sed
864 3452 967 3507 hoc
1013 3452 1346 3523 impossibile
1390 3464 1445 3509 et
1482 3454 1704 3510 auribus
1742 3464 1797 3510 et

202 3540 481 3596 mentibus
508 3540 790 3597 catholicis
825 3541 898 3597 ita
927 3558 1143 3613 semper
1171 3557 1412 3613 apparet,
1447 3557 1503 3599 ut
1532 3546 1797 3615 suspicari

206 3633 315 3687 hoc
345 3633 563 3688 malitiae
606 3635 779 3702 potius
806 3650 875 3704 qu
897 3650 966 3688 im
1009 3636 1235 3690 cautela:
1264 3636 1333 3690 sit
1361 3653 1373 3688 :
1400 3637 1632 3691 maxime
1660 3650 1795 3705 quo-

202 3726 351 3781 niam
382 3727 508 3781 dnm
539 3742 679 3781 unus
710 3728 777 3783 de
806 3728 1069 3783 'l't-initate
1099 3730 1298 3785 dicitur
1324 3745 1545 3801 passus,
1576 3740 1632 3787 et
1674 3731 1793 3787 Tri-

200 3820 346 3872 nitas
373 3833 726 3888 personarum
759 3819 922 3875 habet
950 3821 1421 3890 significationem,
1457 3823 1623 3878 cuivis
1644 3822 1800 3877 facile

203 3917 429 3977 apparet
462 3917 682 3978 propter
724 3925 881 3964 unam
927 3924 1210 3979 personant
1247 3912 1408 3967 Verbi
1454 3912 1803 3979 impassibilis

208 3996 499 4072 carnisque
525 4002 796 4070 passibilis
829 4018 993 4058 unum
1038 4004 1106 4060 de
1135 4006 1400 4061 Trinitate
1433 4022 1646 4075 passum
1679 4021 1802 4077 pro-

206 4094 464 4150 nuntiari.
503 4092 685 4149 Tertia
718 4111 845 4150 vero
876 4096 1230 4152 dubitationis
1273 4106 1352 4152 est
1400 4113 1581 4163 causa,
1613 4113 1681 4154 ne
1716 4098 1799 4153 di-

202 4189 448 4243 centibus
471 4207 484 4243 :
504 4188 657 4244 Unus
688 4190 757 4243 de
784 4188 1047 4245 Trinitate
1079 4206 1289 4260 passus,
1340 4193 1625 4262 inquisitor
1648 4207 1803 4247 acer-

201 4284 380 4341 rimus
412 4285 551 4339 dicat
579 4302 594 4340 :
619 4286 754 4352 Quid
789 4286 960 4339 unus?
988 4298 1042 4340 et
1070 4288 1523 4354 respondentibus
1556 4306 1567 4342 :
1595 4286 1765 4341 Filius
1784 4331 1796 4352 ,

206 4376 403 4431 iterum
436 4376 579 4431 dicat
604 4395 616 4429 :
644 4378 781 4447 Ergo
810 4378 853 4431 si
888 4393 1023 4433 unus
1066 4387 1147 4432 est
1196 4378 1361 4433 Filius
1411 4378 1480 4434 de
1521 4380 1802 4442 Triuitate,

201 4468 292 4523 vel
329 4482 463 4521 unus
492 4477 573 4522 est
601 4468 751 4522 Trini
782 4470 905 4531 ταῖς,
932 4468 1162 4523 filiorum
1192 4482 1275 4523 est
1296 4470 1551 4533 Trinitas,
1583 4471 1806 4525 autTri-

1902 3260 2038 3315 nitas
2066 3261 2320 3318 adunavit
2344 3282 2354 3316 :
2381 3266 2474 3319 sed
2505 3265 2790 3322 adunando
2816 3285 2934 3325 eam
2985 3272 3086 3327 sibi
3118 3279 3334 3347 proprie
3363 3290 3483 3336 nata

1896 3362 2001 3408 est.
2032 3352 2213 3408 Dicam
2240 3353 2415 3411 adhuc
2438 3356 2650 3424 planius
2673 3372 2769 3427 pro
2790 3370 2946 3429 captu
2975 3363 3297 3423 inﬁrmitatis
3326 3384 3483 3441 mea,

1900 3446 1941 3501 si
1972 3459 2244 3501 removeat
2275 3447 2418 3503 Deus
2451 3449 2696 3504 veritatis
2737 3453 2985 3508 tenebras
3034 3455 3279 3512 falsitatis
3306 3475 3335 3514 a
3369 3462 3485 3519 luce

1901 3538 2058 3609 hujus
2087 3540 2485 3611 disputationis.
2524 3543 2747 3612 Proprie
2777 3554 2858 3600 est
2904 3557 3025 3600 nata
3057 3547 3124 3603 de
3170 3550 3326 3607 Patre
3357 3553 3487 3610 divi-

1902 3630 2043 3685 nitas
2086 3645 2213 3699 pura
2237 3674 2250 3695 ,
2284 3632 2503 3700 proprie
2528 3642 2616 3688 est
2646 3643 2767 3689 nata
2797 3635 2866 3690 de
2895 3649 3066 3693 matre
3097 3640 3282 3696 eadem
3315 3644 3487 3700 incar-

1903 3731 2024 3778 nata
2056 3723 2331 3778 divinitas.
2356 3725 2421 3779 Et
2445 3724 2547 3780 hoc
2568 3725 2731 3781 distat
2755 3727 2893 3784 inter
2920 3730 3076 3785 unius
3101 3732 3219 3788 Filii
3244 3734 3337 3792 Dei
3359 3737 3488 3792 duas

1904 3814 2308 3885 generationes,
2340 3815 2484 3885 quod
2534 3818 2587 3871 in
2634 3816 2812 3873 divina
2840 3826 3186 3890 generatione
3225 3826 3364 3882 nulla
3396 3827 3488 3885 fuit

1906 3908 2212 3963 humanitas
2237 3924 2252 3962 :
2279 3909 2332 3963 in
2361 3910 2591 3964 humana
2619 3913 2969 3979 generatione
3003 3912 3231 3970 adunata
3269 3918 3366 3973 fuit
3395 3920 3489 3975 hu-

1905 4001 2148 4056 manitati
2200 4003 2419 4072 proprie
2448 4005 2688 4059 nascenti
2720 4005 2988 4062 divinitas.
3021 4009 3077 4063 Si
3108 4012 3249 4065 enim
3278 4013 3487 4083 dixero,

1906 4095 1989 4149 vel
2019 4094 2201 4150 dicere
2232 4096 2452 4150 voluero
2477 4112 2491 4149 :
2513 4096 2675 4150 Maria
2724 4112 2937 4169 semper
2966 4100 3116 4170 virgo
3155 4104 3370 4173 proprie
3399 4122 3490 4177 ge-

1908 4186 2023 4240 nuit
2064 4186 2470 4252 humanitatem,
2518 4203 2622 4242 non
2673 4190 2885 4258 proprie
2927 4194 3107 4261 genuit
3137 4193 3489 4267 divinitatem,

1912 4277 2182 4331 videbitur
2208 4277 2306 4331 sub
2327 4277 2505 4345 aliquo
2533 4278 2692 4333 modo
2714 4280 2988 4336 hominem
3016 4300 3202 4350 purutn
3225 4289 3491 4357 genuisse,

1911 4382 2067 4436 quem
2103 4368 2252 4421 nullo
2301 4368 2460 4421 modo
2491 4368 2564 4422 ita
2596 4372 2797 4438 genuit.
2845 4374 2966 4440 quia
3014 4374 3245 4429 Verbum
3275 4393 3490 4435 carnem

1913 4456 2107 4511 factum
2161 4458 2381 4527 proprie
2429 4462 2631 4527 genuit.
2677 4461 2841 4516 liccte
2869 4479 3015 4533 ergo,
3058 4476 3312 4533 quant-int
3354 4472 3490 4523 arbi-

202 4559 393 4614 riitatis
417 4572 500 4615 est
524 4561 708 4615 Filius.
737 4563 1203 4629 Respondentibus
1231 4580 1243 4615 :
1272 4563 1327 4616 ο.
1347 4577 1433 4630 ns,
1457 4562 1634 4617 dicat:
1660 4564 1793 4631 Quot

1914 4555 2046 4609 tror,
2106 4549 2331 4602 dit-imus
2377 4560 2429 4602 et
2480 4549 2799 4604 conlitetnur
2832 4568 2844 4602 :
2877 4552 3038 4605 Maria
3094 4558 3351 4609 veraciter
3413 4572 3492 4615 est

198 4655 371 4709 modo
400 4665 481 4709 est
510 4656 771 4725 quipiam
805 4670 940 4711 unus
972 4656 1111 4710 Deus
1140 4658 1205 4709 de
1238 4656 1519 4721 Trinitate,
1548 4672 1671 4712 cum
1702 4672 1805 4713 non

194 4749 276 4801 sit
306 4762 443 4801 unus
478 4747 637 4810 Deus.
670 4747 770 4802 nisi
800 4747 1072 4802 Trinitas?
1113 4747 1247 4801 lluic
1276 4757 1453 4803 autem
1486 4749 1807 4805 dubitatioui

198 4838 369 4891 facile
401 4840 726 4905 occurritur,
777 4841 821 4892 si
862 4838 991 4909 quid
1022 4840 1092 4893 sit
1119 4836 1354 4894 Trinitas
1384 4839 1803 4895 consideremus.

199 4928 445 4982 Trinitas
472 4932 612 4984 enim
644 4930 807 5001 (quod
832 4946 975 5001 saepe
1003 4929 1289 4985 dicendum
1319 4930 1425 4999 est)
1456 4946 1804 5000 personarum

190 5028 294 5071 est
321 5019 578 5074 'l'rinitas.
606 5019 741 5085 Quid
776 5034 904 5089 ergo
932 5018 1188 5083 Trinitas,
1238 5019 1338 5073 nisi
1381 5030 1492 5075 tres
1519 5022 1807 5090 personari

192 5111 342 5171 Quae
369 5119 491 5163 sunt
523 5117 631 5162 tres
674 5123 941 5177 personae,
976 5111 1078 5165 nisi
1111 5111 1289 5175 Peter,
1337 5110 1505 5165 Filius
1537 5121 1590 5166 et
1632 5112 1804 5181 Spiri-

202 5205 294 5251 lus
339 5203 589 5254 sanctus?
623 5202 677 5258 ln
724 5202 824 5255 hac
868 5218 998 5271 ergo
1045 5200 1335 5267 Trinitatc,
1375 5218 1545 5272 neque
1577 5203 1803 5260 Patresb

196 5290 438 5351 invenis,
488 5307 659 5358 neiue
693 5290 857 5346 Filios
906 5304 1035 5357 trt-s,
1086 5311 1260 5363 neque
1308 5296 1541 5361 Spiritus
1589 5306 1807 5352 sanctos

196 5392 318 5437 [res
352 5390 440 5435 :et
485 5395 766 5464 propterea
810 5398 1033 5437 securus
1074 5382 1205 5437 dicis
1233 5403 1245 5437 :
1274 5386 1445 5438 Unum
1496 5385 1687 5439 Filium
1738 5389 1803 5438 de

196 5473 486 5537 Trittitate,
520 5474 641 5543 quia
676 5490 781 5528 non
811 5487 892 5529 est
925 5476 977 5529 in
1007 5476 1269 5530 Trinitate
1302 5477 1466 5531 Filius
1498 5477 1599 5530 nisi
1635 5495 1799 5542 unus;

276 5700 304 5730 ο
335 5689 427 5745 Hic
454 5691 961 5761 subinteiiigendum
1005 5695 1191 5761 potius,
1234 5704 1292 5749 nt
1329 5709 1513 5762 supra,
1562 5713 1707 5752 num.
1741 5698 1795 5752 2.

280 5762 629 5833 διεεειιιιιιηι
661 5765 889 5817 suadere
927 5765 1174 5818 v.dcntur
1198 5777 1298 5820 tres
1334 5765 1513 5821 l’atres
1545 5784 1661 5841 qua:
1686 5780 1795 5825 sta-

570 5857 839 5915 PATRDL.
879 5856 1127 5917 LXVII.

1915 4650 2083 4694 mater
2113 4641 2205 4695 Dei
2237 4640 2393 4695 Chris
2423 4642 2459 4707 i,
2490 4650 2545 4695 ut
2576 4656 2679 4695 non
2722 4654 2865 4697 esset
2895 4646 3129 4711 suSpicio
3174 4650 3491 4715 phantasia}.

1914 4731 2080 4786 Recte
2108 4736 2266 4787 etiam
2292 4732 2609 4788 conﬁtemur
2629 4752 2642 4788 :
2663 4734 2822 4789 Maria
2848 4737 3060 4804 proprie
3090 4746 3259 4793 muter
3288 4750 3370 4795 est
3403 4744 3493 4798 Dei

1912 4827 2134 4891 Christi,
2167 4839 2221 4881 ιιι
2252 4829 2556 4883 nullatenus
2600 4829 2867 4884 hominem
2902 4846 3111 4898 purum,
3145 4832 3233 4903 qui
3262 4851 3355 4901 pro
3384 4852 3495 4893 me-

1910 4918 2031 4973 ritis
2058 4934 2281 4988 operum
2310 4920 2575 4976 bonorum
2600 4930 2784 4989 postea
2816 4923 3199 4990 provelterctur
3224 4928 3275 4981 in
3305 4928 3493 4997 Deum,

1915 5013 1996 5068 vel
2032 5015 2449 5082 superveniente
2498 5016 2550 5068 in
2593 5029 2651 5069 se
2685 5014 2819 5068 Filio
2867 5016 2979 5079 Dei,
3014 5019 3192 5073 vorari
3235 5032 3327 5076 aut
3358 5024 3495 5079 effici

1914 5103 2174 5172 inciperet
2209 5105 2370 5172 Deus,
2398 5106 2491 5159 Sed
2529 5106 2694 5161 Deum
2726 5107 2843 5161 sine
2874 5108 3045 5173 initio,
3075 5127 3139 5166 ex
3170 5123 3317 5167 ρειιο
3350 5117 3497 5171 initiu

1916 5197 2186 5252 hoanetn
2214 5199 2406 5251 factum
2432 5202 2743 5269 concepisse
2769 5210 2823 5255 et
2844 5204 3090 5271 genuisse
3117 5208 3385 5265 credatur.
3414 5212 3495 5265 ln-

1913 5286 2082 5339 veniri
2114 5298 2285 5355 potest
2320 5288 2472 5355 plane
2502 5289 2635 5343 alios
2661 5296 2987 5347 cunvett'ens
3016 5296 3224 5361 modus,
3254 5316 3358 5369 quo
3384 5304 3497 5357 sine

1912 5379 2167 5433 seandalo
2216 5380 2326 5434 ltn-c
2374 5384 2637 5436 sententia
2686 5385 3005 5453 proferatur,
3038 5389 3080 5441 si
3114 5389 3181 5441 ita
3211 5394 3494 5460 unusquis-

1913 5486 2015 5539 que
2046 5472 2182 5527 dicat
2212 5491 2222 5529 :
2252 5473 2409 5527 “mia
2460 5480 2673 5546 proprie
2713 5489 2885 5533 mater
2919 5480 3008 5533 Dei
3052 5479 3269 5547 Christi,
3302 5492 3355 5536 ut
3384 5483 3494 5537 sin-

1914 5692 2007 5751 tim
2063 5707 2381 5769 sequuntur,
2434 5715 2593 5768 neque
2643 5698 2807 5753 Fift'os
2857 5714 3005 5765 rans,
3066 5716 3224 5769 neque
3280 5701 3497 5771 Spiritus

1912 5780 2111 5823 εαητιοε
2141 5784 2292 5823 τιιειι.

3196 5863 3271 5921 29
