3978 6350
513 325 638 383 ’907
1470 323 1835 380 FL'LGiLNTU
1876 323 2221 379 FlleRAbDl
2268 325 2538 382 DIACONI
2581 329 2927 384 CAii'll-IAG.
3763 340 3869 387 {ita}

539 446 724 515 gulare
757 443 858 498 hoc
889 441 1122 497 caelestis
1154 440 1483 507 operationis
1524 441 1847 494 beneﬁcium
1895 433 1998 493 non
2049 440 2126 492 vi»
2158 441 2202 497 Α
2233 441 2456 506 caverit,
2509 441 2958 498 Chalcedonensis
3004 441 3221 498 decreta
3279 445 3527 513 concilii,
3587 455 3644 500 et
3714 466 3866 518 paper

538 539 729 592 deatur
771 549 1054 591 commune
1103 549 1224 588 cum
1255 534 1488 588 cmteris.
1525 533 1640 602 Ipse
1688 535 1827 588 enim
1877 533 2128 589 Salvator
2234 533 2428 588 Leonis
2465 535 2743 602 epistolam
2785 536 2935 606 sequi
2975 551 3034 590 se
3086 537 3137 590 in
3189 536 3445 591 omnibus
3504 539 3860 606 ιιι-(ιιίιι-ειυιι.

539 631 591 684 lu
624 627 910 697 Evangelia
937 625 1305 680 nuntiantibus
1333 626 1433 679 sibi
1461 643 1474 678 :
1503 624 1632 678 Ecce
1657 633 1813 678 mater
1843 635 1926 678 tua
1947 636 1992 679 et
2021 627 2130 693 fra-
2233 623 2689 694 Superadjiciens,
2726 643 2820 694 per
2842 628 3274 683 incarnationem
3307 626 3431 680 Filii
3464 629 3566 683 Dei
3600 647 3716 683 non
3747 649 3864 687 ere-

536 732 633 772 tres
663 721 736 771 tui
773 720 898 787 foris
917 728 1052 772 stant
1076 717 1604 787 quarrentestc:Qua:
1625 727 1716 779 est,
1750 717 1936 785 inquit,
1969 727 2128 770 mater
2232 717 2370 770 visse
2421 715 2762 781 Trinitatem,
2799 732 2898 771 nec
2939 726 3185 786 quartum
3239 717 3496 772 Trinitati
3551 724 3860 778 accessisse

540 826 670 878 mea,
697 822 782 863 aut
806 812 892 880 qui
922 819 1040 863 sunt
1073 813 1256 878 fratres
1287 809 1424 862 mei?
1450 807 1514 860 Et
1547 809 1816 861 extendens
1847 825 2051 860 manum
2077 810 2127 860 in
2234 822 2546 876 personam;
2579 807 2699 876 quia
2725 807 3022 862 divinitatis
3062 817 3115 862 et
3147 810 3506 864 humanitatis
3545 813 3598 865 in
3639 811 3857 866 (ἷιπξμω

540 899 837 966 discipulos,
893 904 1014 954 ait:
1041 900 1173 952 Ecce
1222 909 1381 952 mater
1429 916 1538 952 mea
1587 909 1633 952 et
1675 904 1860 969 fratres
1909 900 2021 951 mei.
2060 896 2127 952 Et
2232 900 2584 968 singulariter
2614 900 2911 966 permansit
2939 899 3050 967 ipsa
3085 913 3346 967 persona;
3381 903 3532 969 quod
3570 901 3857 955 Nesmrius

540 993 704 1044 omnis
731 993 821 1061 qui
844 992 967 1062 facit
995 993 1307 1044 voluntatem
1337 989 1510 1044 Patris
1543 991 1639 1043 mei
1664 991 1750 1059 qui
1778 991 1827 1041 iu
1858 989 1995 1042 artis
2033 1000 2123 1055 est,
2233 980 2367 1043 duos
2399 990 2742 1043 introducens
2775 988 2914 1042 ﬁlius
2942 1000 3124 1057 negat,
3159 998 3219 1042 ut
3247 990 3446 1044 merito
3465 990 3589 1059 jam
3619 1005 3858 1046 sectato-

536 1082 621 1135 liic
648 1099 787 1136 metu
812 1082 971 1152 frater
1002 1091 1049 1135 et
1077 1097 1243 1146 soror,
1285 1090 1332 1134 et
1363 1092 1523 1132 mater
1560 1090 1633 1132 est
1660 1077 1872 1148 (Matth.
1907 1093 1999 1137 sit,
2035 1077 2129 1130 47-
2234 1082 2378 1135 ribus
2409 1082 2526 1150 ejus
2559 1081 2734 1136 ﬁdelis
2762 1083 3017 1136 catholici
3053 1083 3231 1152 lingua
3262 1084 3637 1152 reSpondeus,
3672 1086 3740 1137 ad
3771 1102 3828 1139 re

543 1175 656 1244 5’0).
701 1178 888 1232 Umnis
938 1191 1065 1246 ergo
1119 1175 1317 1230 faciens
1374 1175 1708 1228 voluntatem
1763 1173 1934 1226 Patris
1989 1172 2125 1241 ejus,
2233 1173 2551 1229 movendam
2592 1175 3030 1242 quaternitatem,
3071 1175 3214 1230 dicat
3256 1192 3422 1230 unum
3473 1176 3550 1231 de
3586 1178 3853 1232 Trinitate

481 1247 484 1256 ’
542 1281 714 1326 :nater
757 1280 839 1326 est
868 1271 1007 1340 ejus.
1041 1269 1144 1324 Sed
1176 1269 1338 1322 Maria
1388 1269 1510 1322 ideo
1557 1267 1768 1336 proprie
1819 1277 1993 1320 mater
2021 1273 2124 1330 est,
2233 1280 2474 1333 passum;
2508 1280 2664 1334 quem
2698 1274 2876 1319 tamen
2912 1267 3148 1320 insinuet
3174 1268 3470 1322 secundum
3504 1269 3850 1323 divinitatem

541 1365 660 1431 quia
691 1363 961 1416 nascendo
1002 1361 1068 1416 de
1098 1375 1159 1413 ea
1190 1359 1483 1415 secundmn
1515 1373 1728 1413 carnem
1761 1357 1926 1411 iactus
1957 1367 2037 1410 est
2069 1357 2126 1408 ﬁ-
2232 1372 2349 1411 esse
2380 1374 2544 1412 unum
2569 1357 2635 1411 de
2658 1358 2941 1424 Trinitate,
2969 1360 3264 1414 secundum
3291 1361 3696 1416 humanitatem
3727 1380 3851 1418 vero

547 1458 648 1508 lius
679 1455 813 1523 cjns.
848 1454 1027 1508 Multa:
1067 1454 1316 1506 mulieres
1347 1452 1514 1505 Deum
1548 1452 1794 1504 timentes
1826 1449 2128 1518 parturiunt
2233 1465 2467 1517 passum.
2499 1451 2750 1505 Dicturus
2779 1467 2910 1521 ergo
2941 1469 3106 1506 unum
3139 1453 3206 1507 de
3234 1454 3503 1509 Trinitate
3538 1455 3848 1525 Christum,

546 1551 710 1603 Deum
741 1547 1014 1602 Christum
1042 1558 1241 1610 mente,
1268 1562 1372 1601 non
1403 1562 1564 1600 carne
1590 1563 1605 1600 :
1631 1547 1740 1599 sola
1768 1556 1942 1600 autem
1966 1547 2126 1600 Maria
2235 1544 2378 1610 prius
2421 1545 2518 1596 iSta
2574 1559 2690 1607 que
2719 1544 2952 1599 diximus
2985 1545 3157 1609 dicat;
3195 1545 3428 1600 maxime
3458 1548 3687 1615 quando
3720 1565 3847 1601 ceu-

542 1643 708 1696 Denm
755 1642 1025 1696 Christum
1076 1643 1284 1708 peperit
1328 1642 1486 1694 etiam
1538 1656 1729 1704 carne;
1782 1649 1836 1694 et
1868 1643 1986 1694 ideo
2016 1640 2128 1693 sola
2242 1631 2629 1685 ll‘adit'enlibtts
2673 1645 2760 1685 aut
2805 1635 2944 1688 male
3003 1636 3400 1702 δυεῐνὶετιηιὶδυε
3461 1637 3740 1705 Immittit:
3800 1651 3848 1692 ct

542 1736 754 1802 ptoprie
786 1744 955 1787 mater
981 1744 1066 1787 est
1101 1733 1212 1798 Dei,
1244 1735 1367 1802 quia
1399 1734 1539 1786 nu'la
1589 1735 1690 1787 alia
1735 1735 1810 1786 sic.
1839 1743 2007 1786 mater
2047 1742 2129 1784 est
2233 1725 2396 1777 alium
2427 1739 2532 1778 noli
2565 1723 2819 1793 ωὐὶῐῖοὶιι,
2865 1727 2957 1793 qui
2990 1739 3110 1779 eum
3154 1726 3298 1779 malo
3337 1741 3502 1780 sensu
3539 1728 3670 1780 lftlia
3703 1742 3847 1796 puta!

546 1829 656 1880 Dei.
698 1829 887 1879 Beatus
929 1827 1220 1894 Apostolus
1259 1827 1385 1881 dum
1420 1827 1671 1880 Romanis
1703 1829 1978 1890 scriberet,
2014 1826 2117 1880 ait:

2274 1825 2524 1870 isti-uere.
2559 1815 2694 1869 Nolo
2723 1816 3132 1883 praedicatorem
3167 1817 3329 1871 Verbi
3362 1818 3480 1883 Dei,
3531 1821 3845 1874 testimoitia

542 1919 600 1972 Si
637 1919 769 1970 [Petis
802 1933 894 1981 pro
926 1919 1091 1982 nobis,
1123 1919 1234 1984 quis
1266 1934 1440 1971 con'ra
1467 1921 1595 1970 nos?
1618 1919 1719 1984 Qui
1742 1919 1891 1970 etiam
1924 1919 2113 1986 proprii

2275 1919 2440 1964 tntum
2472 1912 2817 1965 conscientiae
2851 1927 2962 1965 sure
3009 1925 3129 1965 esse
3157 1919 3468 1966 contentum
3499 1929 3512 1964 :
3545 1915 3846 1978 [πόσει-τε

541 1999 683 2055 Filio
716 2021 813 2058 non
844 2009 1086 2075 pepercit,
1114 2010 1201 2060 sed
1231 2025 1322 2073 pro
1353 2011 1491 2061 nobis
1522 2010 1750 2061 omnibus
1774 2009 1986 2060 tradidit
2016 2025 2130 2060 eum
2234 2010 2458 2056 conetur
2498 2003 2564 2056 ad
2597 2017 2689 2057 cor
2717 2003 2946 2056 aliorum
2968 2045 2982 2067 ,
3015 2003 3154 2070 quod
3186 2012 3330 2057 recte
3359 2018 3421 2057 ac
3451 2003 3695 2057 ﬁdeliter
3727 2022 3844 2058 sett-

541 2091 719 2158 (llont.
756 2110 863 2157 vni,
889 2095 1002 2163 .39.).
1039 2095 1186 2150 Dicat
1218 2113 1345 2166 ergo
1374 2098 1503 2152 mihi
1533 2100 1749 2167 aliquis,
1783 2111 1957 2151 utrum
2001 2113 2122 2168 pro-
2236 2098 2364 2161 tiat;
2410 2112 2507 2151 nec
2548 2097 2780 2168 pigritia,
2816 2111 2912 2150 nec
2944 2095 3191 2164 superbia
3225 2105 3532 2160 revocetur,
3574 2107 3840 2166 tan-tuam

457 2229 467 2236 .
545 2186 689 2251 prius
724 2186 892 2240 Filius
921 2187 1013 2242 Dei
1046 2189 1240 2254 Patris,
1282 2189 1394 2258 ipse
1427 2199 1508 2243 cst
1539 2191 1781 2258 protirius
1825 2191 1964 2245 illius
2006 2190 2126 2243 Vir~
2237 2190 2509 2244 inculcatis
2560 2205 2670 2243 rem
2704 2190 2942 2252 dubiam,
2968 2189 3142 2242 donec
3173 2190 3316 2243 omni
3357 2199 3541 2242 careat
3569 2191 3843 2258 ambigui-

540 2278 676 2346 ginis
725 2280 933 2345 matris,
967 2297 1034 2334 an
1091 2281 1226 2335 forte
1276 2298 1378 2335 non
1426 2283 1608 2337 habuit
1658 2284 1821 2337 Maria
1855 2284 2128 2352 proprium
2235 2291 2362 2335 tate.
2399 2282 2479 2337 Sit
2527 2281 2903 2350 multiloquus,
2936 2292 3194 2353 qu_antum
3227 2283 3526 2335 necessitas
3570 2283 3842 2353 coegerit,

541 2372 732 2436 tilium,
785 2387 943 2440 quem
1001 2374 1142 2428 ltcns
1173 2372 1332 2427 habet
1378 2376 1647 2442 proin-ium
1683 2374 1913 2428 Filium?
1943 2374 2048 2429 Sed
2079 2385 2132 2430 et
2237 2374 2363 2426 dum
2399 2383 2574 2427 tamen
2604 2375 2833 2428 obscura
2879 2347 3140 2428 brevitate
3177 2374 3444 2426 neminem
3480 2374 3841 2428 scandalizet.

541 2462 700 2516 Maria
728 2461 888 2517 habet
923 2465 1196 2532 [imprium
1230 2464 1562 2534 ﬁlium,quia
1595 2465 1802 2534 genuit,
1837 2465 2130 2535 nouadop-
2232 2465 2492 2522 Similiter
2521 2465 2765 2520 dicturus
2807 2465 3018 2519 beatam
3065 2466 3284 2517 Mariam
3338 2479 3462 2518 vere
3512 2473 3568 2519 et
3617 2467 3839 2532 proprie

539 2557 668 2610 Lavit
698 2573 711 2609 :
739 2569 796 2612 et
843 2557 988 2611 illum
1023 2558 1188 2613 habet
1230 2559 1501 2628 proprium
1535 2559 1731 2625 ﬁlium,
1778 2575 1936 2629 quem
1973 2559 2130 2615 habet
2238 2557 2404 2610 Dt-um
2429 2561 2701 2627 geuu'ssc,
2734 2557 2880 2623 prius
2912 2557 2998 2609 illa
3035 2555 3212 2609 omnia
3255 2555 3544 2621 conﬁtens,
3577 2556 3838 2609 divinita-

544 2649 686 2721 Dgeus
745 2651 1018 2721 pr0prium
1075 2653 1287 2718 Filium,
1322 2654 1444 2720 quia
1501 2656 1635 2708 duos
1667 2653 1806 2708 ﬁlios
1858 2669 2128 2724 nunquam
2235 2660 2341 2704 tem
2385 2647 2502 2702 Filii
2556 2648 2645 2701 Dei
2685 2647 2793 2716 jam
2840 2646 2905 2700 de
2939 2648 3096 2700 Patre
3129 2655 3330 2711 natam,
3382 2661 3478 2700 nec
3528 2645 3708 2714 nasci,
3742 2665 3838 2702 nec

540 2742 675 2797 ﬁdes
713 2743 975 2797 catholica
1020 2744 1296 2813 praedicat.
1341 2743 1527 2798 Restat
1557 2759 1684 2812 ergo
1713 2755 1767 2799 ut
1793 2745 1836 2801 si
1865 2746 2004 2801 Deus
2034 2746 2128 2801 Dei
2238 2741 2455 2808 proprie
2487 2740 2632 2792 nasci
2664 2748 2868 2792 asserat
2919 2737 3187 2806 potuisse,
3239 2738 3340 2792 nisi
3390 2752 3611 2792 carnem
3665 2742 3840 2793 nostri

540 2833 789 2901 proprius
835 2833 1024 2906 Filius,
1059 2836 1173 2904 ipsc
1217 2845 1301 2889 est
1328 2837 1487 2890 etiam
1520 2837 1708 2890 matris
1739 2836 1971 2906 Virginis
2001 2850 2127 2906 pro-
2213 2831 2525 2900 generis-ct
2557 2831 2748 2884 anima:
2782 2829 3061 2884 rationalis
3094 2830 3467 2895 substantiam,
3519 2830 3572 2883 id
3605 2843 3696 2885 εει
3731 2833 3838 2900 ple-

539 2925 686 2992 pritts
739 2925 909 2992 ﬁlius,
960 2927 1176 2995 proprie
1205 2943 1327 2983 eum
1360 2929 1628 2996 genuerit.
1679 2929 1929 2997 Alioquin
1963 2929 2008 2984 si
2039 2930 2126 2984 illa
2232 2937 2358 2974 num
2394 2921 2688 2985 hominem,
2729 2921 3057 2990 suscepisset
3081 2938 3093 2974 :
3120 2935 3294 2988 neque
3325 2920 3536 2973 initium
3562 2921 3840 2976 divinitati

538 3016 751 3084 proprie
797 3031 901 3071 non
934 3019 1201 3086 genuerit,
1249 3034 1350 3073 nec
1395 3019 1484 3072 ille
1533 3021 1782 3088 proprius
1832 3030 1912 3074 est
1964 3022 2124 3076 ﬁlius,
2233 3027 2328 3081 per
2352 3011 2683 3067 nativitatem
2713 3014 3058 3082 temporalem
3093 3013 3277 3067 datum
3309 3011 3496 3077 fuisse,
3529 3013 3628 3067 sed
3661 3019 3838 3074 carni,

540 3102 788 3174 Proprius
819 3117 901 3163 est
929 3119 1108 3163 autem
1142 3109 1311 3175 ﬁlius;
1341 3125 1472 3180 ergo
1514 3111 1601 3164 illa
1652 3110 1868 3180 prOprie
1896 3114 2124 3182 genuit:
2231 3102 2384 3172 cujus
2431 3103 2638 3157 initium
2688 3105 2772 3158 vel
2804 3104 3082 3172 conceptio
3113 3118 3218 3157 non
3259 3102 3359 3157 l'uit
3405 3103 3510 3157 nisi
3559 3108 3837 3172 susceptio

507 3263 516 3268 _
539 3208 908 3254 verumtamen
923 3203 1217 3258 secundum
1235 3201 1639 3270 humanitatem,
1657 3205 1945 3260 secundum
1966 3221 2078 3275 qua;

2272 3196 2546 3251 ivinitatis.
2579 3197 2731 3248 Prius
2765 3195 2925 3250 etiam
2963 3194 3284 3250 conﬁteatur
3329 3210 3428 3252 nec
3456 3210 3522 3250 ea
3553 3212 3678 3266 quae
3713 3211 3835 3252 sunt

538 3290 710 3358 potuit
738 3290 878 3344 Deus
910 3295 1078 3346 nasci.
2230 3290 2548 3353 divinitatis,
2603 3302 2759 3358 posse
2803 3289 2870 3342 ab
2905 3289 3262 3355 humanitate,
3299 3303 3398 3344 nec
3438 3305 3504 3345 ea
3551 3307 3678 3359 quae
3711 3307 3833 3345 sunt

607 3381 694 3435 18.
722 3382 978 3451 Superest
1006 3400 1167 3451 nunc,
1216 3387 1271 3440 in
1307 3388 1653 3443 conclusione
1690 3390 1847 3460 hujus
1895 3391 2123 3444 volumi-
2231 3388 2602 3450 humanitatis,
2635 3401 2790 3455 posse
2819 3401 2847 3437 a
2882 3385 3162 3440 divinitate
3202 3384 3400 3440 CbriSti
3429 3389 3707 3456 separari;
3739 3389 3831 3441 sed

537 3476 641 3541 nis,
675 3476 878 3531 eisdem
910 3477 1116 3533 duabus
1147 3481 1431 3536 sententiis
1457 3481 1524 3536 de
1554 3483 1747 3551 quibus
1778 3485 1916 3538 inter
1939 3500 1996 3539 se
2019 3484 2127 3538 dis-
2229 3481 2344 3534 sive
2383 3479 2512 3533 illud
2566 3478 2705 3545 quod
2757 3477 3050 3530 secundum
3107 3477 3438 3530 divinitatem
3464 3519 3480 3541 ,
3531 3479 3648 3532 sive
3695 3476 3830 3531 iliud

535 3565 834 3634 putantium
871 3567 1090 3623 iratrum
1128 3570 1332 3638 prolixa
1366 3574 1424 3624 ﬁt
1469 3572 1764 3636 altercatio,
1801 3589 1865 3627 ne
1896 3589 1997 3642 qua
2037 3590 2117 3629 re-
2229 3571 2368 3640 quod
2399 3570 2688 3624 secundum
2734 3568 3120 3623 humanitatem
3152 3569 3379 3631 dietum,
3409 3554 3662 3637 gestum,
3701 3571 3828 3624 tole—

537 3674 756 3713 tnanere
800 3658 883 3714 vel
936 3661 1249 3729 suspiciosis
1308 3661 1553 3717 videatur
1611 3665 1951 3734 ambiguitas,
1997 3665 2125 3718 dare
2231 3671 2480 3714 ratutnve
2504 3669 2604 3723 est,
2630 3659 2840 3725 utrique
2875 3657 3187 3711 SttlJSlnniia‘.
3220 3659 3335 3724 ejus
3363 3673 3484 3712 esse
3515 3673 3827 3714 commune.

536 3751 820 3818 quamdam
854 3751 974 3805 ﬁdei
1008 3754 1265 3822 regulam,
1297 3769 1398 3825 qua
1445 3755 1778 3826 pra-cedente
1811 3759 2124 3828 simplicitas
2231 3753 2461 3821 Propter
2490 3767 2647 3806 uuam
2694 3751 2853 3820 (quod
2885 3766 3029 3818 εει-βο
3068 3767 3172 3804 non
3213 3751 3352 3820 piget
3383 3752 3687 3823 inCUlCitre)
3718 3770 3826 3822 μετ·

538 3843 866 3912 loquentium
911 3848 1306 3914 manifestetur,
1337 3861 1392 3904 et
1419 3849 1746 3905 audientium
1789 3862 2125 3905 retnovtatur
2231 3860 2464 3905 Smtﬂm.
2521 3857 2677 3910 quam
2736 3843 2986 3909 ιιττιιάῖοειι
3052 3851 3209 3894 “Clit!
3280 3842 3400 3895 ίῖιῖοῖ
3468 3842 3824 3910 ωπάῐεειωη

536 3935 872 3992 “armatum,
922 3939 1171 3993 metm-us
1211 3956 1340 4009 ergo
1371 3958 1534 3994 unum
1588 3943 1653 3995 de
1695 3944 1958 3997 Trium“;
2001 3961 2120 4011 pus-
2228 3935 2473 4004 quamvis
2501 3935 2728 3999 noverit,
2764 3933 3055 3987 secundum
3093 3933 3480 3987 humanitatem
3513 3935 3582 3988 de
3608 3936 3824 3989 visceri-

535 4044 674 4093 sum,
712 4030 858 4098 prius
890 4039 1101 4085 asserat
1129 4031 1510 4102 omnipotentis
1546 4034 1634 4087 Dei
1670 4049 1824 4087 unam
1875 4036 2122 4090 substan-
2230 4030 2329 4084 bus
2359 4028 2544 4082 matris
2578 4029 2791 4097 proprie
2836 4037 3011 4081 natam
3045 4027 3208 4081 fuisse
3255 4028 3639 4095 divinitatem,
3678 4047 3823 4084 secu-

537 4121 686 4178 tiam.
721 4128 832 4173 tres
857 4135 978 4174 esse
1007 4136 1266 4188 personas
1292 4141 1301 4172 :
1327 4139 1394 4175 ex
1423 4122 1616 4189 quibus
1650 4139 1752 4176 una
1777 4140 2033 4193 persona,
2069 4128 2121 4182 id
2229 4138 2320 4178 rus
2362 4131 2538 4176 tamen
2569 4121 2694 4175 dcit
2723 4139 2735 4173 :
2766 4123 2922 4174 Maria
2959 4121 3120 4173 Deum
3157 4123 3371 4188 proprie
3421 4124 3644 4189 genuit;
3683 4124 3823 4175 illum

539 4218 619 4258 est
652 4207 838 4272 Filius,
875 4207 1014 4262 Deus
1045 4226 1388 4277 permanens,
1423 4211 1582 4264 homo
1628 4213 1828 4276 laetus,
1867 4226 1920 4269 et
1970 4230 2122 4274 natus
2227 4216 2430 4283 genuit,
2455 4213 2543 4282 qui
2567 4216 2641 4267 sic
2676 4214 2836 4266 homo
2869 4211 3129 4277 creditur,
3165 4225 3218 4263 ut
3253 4211 3393 4265 Deus
3427 4229 3538 4265 non
3573 4226 3822 4284 negetur.

513 4283 592 4352 ἐι
625 4314 813 4367 passus
848 4301 945 4364 sit;
979 4317 1148 4371 neque
1195 4303 1350 4358 Patre
1381 4319 1552 4374 neque
1585 4290 1784 4374 Spiritu
1817 4320 2002 4362 sant'lo
2032 4325 2124 4375 pa-
2231 4306 2321 4359 Ille
2375 4312 2552 4357 autent
2601 4303 2688 4370 qtti
2737 4301 2831 4354 bas
2878 4301 3082 4355 dubitat
3131 4303 3367 4370 proferre
3415 4308 3743 4372 sententias,
3785 4308 3822 4360 si

537 4391 670 4446 riter
699 4393 1008 4457 iucarnato,
1041 4398 1286 4462 quamvis
1333 4411 1466 4465 opus
1511 4408 1705 4452 nostrae
1739 4399 2121 4469 redemptionis
2229 4405 2419 4450 Cuncti!
2451 4413 2571 4464 qua:
2603 4395 2774 4449 50'0"!
2808 4395 2904 4448 5³11)
2935 4394 3192 4448 hiricii“)
3242 4395 3410 4450 lali‘l‘c
3457 4411 3625 4450 St‘nsu
3663 4400 3818 4450 ωεὶυὶ-

535 4495 645 4541 tota
679 4486 838 4540 fuerit
866 4485 1099 4540 Trinitas
1126 4498 1364 4556 operata.
1399 4488 1485 4544 Sic
1531 4503 1705 4545 autem
1741 4507 1953 4560 passum
2002 4511 2120 4550 esse
2233 4487 2382 4540 l'estis
2415 4487 2783 4555 absolutisque
2814 4487 3154 4539 sermonibus
3197 4487 3422 4538 audierit
3453 4490 3712 4554 relutari,
3741 4506 3818 4542 ca-

537 4578 730 4632 Filiunt
780 4577 1031 4642 fateatur,
1079 4590 1134 4633 ut
1183 4579 1411 4634 credens
1462 4580 1719 4651 intelligat
1749 4599 1852 4638 non
1887 4587 2119 4653 potuisse
2155 4576 2200 4635 D
2231 4589 2345 4633 reat
2369 4579 2787 4648 suspicionibus,
2812 4579 3608 4643 omittatcnntentiones,etde
3633 4595 3833 4636 (χρίει-υ

515 4688 654 4747 eum
688 4672 794 4741 pati
827 4672 876 4725 in
909 4673 1019 4739 ipsa
1048 4673 1366 4737 substantia,
1399 4687 1498 4742 qua
1539 4675 1696 4740 Dous,
1730 4684 1784 4729 et
1812 4694 1928 4731 eum
1964 4679 2120 4735 Patre
2230 4688 2392 4726 unum
2422 4671 2489 4726 de
2515 4671 2777 4726 Triuitate
2819 4687 3055 4741 passum,
3100 4673 3181 4726 vel
3221 4671 3439 4726 Mariam
3473 4675 3698 4742 proprie
3725 4692 3836 4728 tua-

533 4776 586 4815 et
627 4779 746 4816 eum
806 4763 1006 4832 Spiritu
1057 4774 1242 4819 sancto
1295 4781 1432 4819 unus
1473 4765 1610 4820 Deus
1641 4777 1744 4833 est,
1796 4769 1885 4822 Sed
1934 4769 1983 4823 in
2033 4771 2120 4826 illa
2232 4774 2366 4818 lrcm
2397 4765 2491 4818 Dei
2524 4779 2643 4820 esse
2676 4766 2751 4819 sic
2791 4766 3082 4836 accipiens,
3130 4766 3398 4835 quomodo
3439 4766 3648 4821 dicitur
3681 4785 3712 4822 ει
3745 4786 3831 4823 ca-

534 4868 689 4916 quam
717 4853 833 4905 sine
860 4853 1017 4907 Patre
1045 4863 1096 4907 et
1126 4853 1327 4922 Spiritu
1352 4866 1539 4909 sancto
1567 4859 1803 4925 suscepit
1831 4875 1894 4911 ex
1925 4870 2114 4916 matre.
2203 4857 2446 4911 -tholicis
2466 4902 2479 4926 ,
2512 4858 2719 4911 etiamsi
2758 4859 2916 4912 aliter
2948 4860 3044 4912 hoc
3083 4857 3350 4912 afﬁrmare
3383 4859 3632 4914 nitantur
3663 4863 3835 4916 hatre—

533 4941 636 4995 Sed
670 4943 788 4996 ideo
809 4943 1140 4998 divinitatem
1174 4944 1294 4999 Filii
1321 4956 1467 5000 recte
1495 4962 1656 5017 posse
1686 4963 1713 5000 a
1749 4947 1992 5003 ﬁdelibus
2015 4950 2124 5006 dici
2233 4951 2346 5016 tici,
2378 4949 2691 5005 doctoribus
2734 4952 3049 5006 orthodoxis
3081 4965 3236 5007 aures
3257 4951 3537 5022 simplices
3565 4955 3832 5024 praebeat.

535 5048 743 5100 passam
777 5034 957 5099 fuisse,
981 5035 1102 5104 quia
1133 5036 1299 5104 ipsius
1331 5049 1412 5092 est
1442 5053 1568 5092 caro
1594 5056 1713 5109 quae
1746 5053 1900 5107 passa
1933 5051 2033 5105 est,
2068 5050 2118 5095 et
2805 5107 2839 5119 η

534 5125 598 5178 ad
633 5125 748 5192 ejus
780 5140 1059 5193 personam
1107 5131 1336 5196 pertinet
1365 5145 1522 5198 quam
1554 5105 1674 5185 cum
1720 5105 1876 5186 Patre
1906 5141 1960 5187 et
1999 5133 2120 5201 Spi—
2804 5106 3131 5160 EPISTULA
3173 5105 3256 5160 IV-

513 5219 636 5281 _l'iltl
670 5225 854 5270 sancto
902 5233 1006 5271 non
1039 5219 1276 5274 creditur
1316 5222 1512 5276 habere
1557 5239 1918 5279 communem.
1965 5225 2116 5280 Post-
2611 5236 2677 5274 AD
2717 5236 2992 5274 tLUGtrrtt'u
3034 5235 3426 5276 PRESBYTERL‘M.

532 5322 689 5374 quam
718 5323 845 5361 vero
876 5316 929 5362 et
959 5308 1124 5362 Deum
1161 5309 1252 5363 Dei
1299 5311 1490 5366 Filium
1538 5329 1786 5381 passum,
1821 5326 1876 5370 et
1909 5331 2013 5370 non
2065 5321 2116 5371 in

628 5346 689 5360 IIII
726 5346 845 5361 πυιυ
876 5346 929 5362 μιν
962 5346 1124 5362 unus"
1161 5346 1252 5363 νυι
1301 5346 1490 5366 [Inuu-
1538 5346 1786 5381 lI-Iaaulll,
1821 5346 1876 5370 τι
1910 5346 2013 5370 IIUII
2067 5346 2116 5371 Ill

628 5400 806 5421 ἒμζιηι-
850 5397 957 5421 2..--
1013 5398 1312 5421 _-..-.:I.:I.-__
1362 5402 1384 5421 Ω
1421 5414 1498 5421 -.η
1524 5419 1548 5421 ,γ
1712 5407 1724 5421 ι
1783 5407 1794 5421 l
1986 5410 2016 5421 α.
2065 5419 2072 5421 ξ

2251 5346 2569 5406 Πεέεδεηιία
2597 5351 2895 5421 Trinitatis,
2941 5367 2987 5406 et
3028 5354 3090 5408 de
3126 5354 3323 5407 duabus
3356 5353 3550 5410 Christi
3576 5360 3803 5411 naturis.

530 5399 809 5452 divinitate
850 5399 961 5468 ipsa
1013 5399 1326 5475 passibilem
1362 5402 1578 5470 factum,
1633 5407 1726 5459 sed
1783 5407 2113 5465 humanitate
2195 5436 2202 5444 κ

531 5507 650 5556 quae
684 5487 944 5558 passibilis
975 5489 1169 5555 fuerat,
1203 5493 1531 5548 intellexerit
1563 5513 1806 5564 passum;
1856 5502 2102 5554 conﬁtea-

2304 5487 2355 5539 1.
2393 5486 2615 5540 Domino
2657 5487 2963 5542 beatissimo
3010 5488 3160 5542 fratri
3211 5488 3470 5559 Eugippio
3499 5493 3824 5565 presbytero

533 5591 616 5632 tor
659 5580 1008 5635 nihilominus
1040 5582 1206 5651 ipsius
1245 5587 1399 5639 unius
1446 5585 1562 5639 Filii
1597 5587 1686 5641 Dei
1736 5587 1947 5642 Domini
1990 5591 2104 5646 Jest;

1855 5589 1947 5642 ,ini
1990 5591 2115 5646 J05“
2233 5575 2533 5631 Ferrandus
2562 5579 2808 5648 exiguus,
2839 5581 2889 5633 in
2917 5579 3141 5636 Domino
3177 5581 3426 5636 salutem.

531 5674 730 5730 Clu-isti
787 5676 917 5730 duas
947 5691 1067 5732 esse
1120 5685 1356 5741 naturas,
1405 5682 1488 5735 vel
1522 5681 1863 5738 substantias.
1900 5683 1962 5738 Et
1994 5702 2113 5740 cum
2297 5691 2933 5758 Charissime,considera
2951 5695 3135 5764 quales
3156 5697 3509 5754 babcatvires
3529 5696 3596 5754 ab
3619 5701 3829 5759 Ariano

535 5767 740 5830 plenius
771 5766 882 5822 haec
909 5784 1007 5837 pro
1033 5770 1249 5826 modulo
1278 5773 1472 5840 ingenii
1499 5774 1577 5829 vel
1611 5775 1806 5843 eloquii
1836 5779 1916 5834 sui
1942 5779 2115 5833 incul-
2226 5789 2418 5842 comite
2448 5804 2616 5852 nuper
2643 5791 2908 5856 proposita
2933 5793 3173 5856 quaestio.
3205 5792 3309 5846 Sed
3331 5794 3479 5861 prius
3508 5794 3712 5864 quibus
3746 5798 3823 5850 in-
