3992 6344
156 410 271 466 909

1349 415 1704 471 EPISTULAS
1745 417 1827 470 ET
1861 413 2241 473 OPUSCULA.

3351 413 3453 478 9-ῐο

158 537 248 579 ter
267 539 327 579 se
354 525 633 580 sententiis
656 526 737 581 vel
751 524 1084 595 dogmatibus
1109 530 1631 588 Arianieteatholiei
1656 535 1755 588 (Η-
1787 544 1832 594 Α
1863 535 2150 589 humanam
2201 534 2554 590 substantiam
2599 549 2705 588 non
2750 535 3032 590 habentem
3077 535 3453 594 subsistentem

160 615 362 680 ferant,
381 609 762 670 deliberemus.
784 616 968 670 Ariani
995 619 1174 673 volunt
1197 620 1523 678 individuam
1537 623 1765 677 Trinita-

157 719 271 761 tem
289 705 607 776 praedicare,
621 708 759 760 sicut
773 706 1066 773 Scriptura:
1083 708 1374 777 praedicant
1389 727 1551 765 unum
1567 712 1760 767 Deum.

157 796 426 851 Catholici
459 810 586 850 vero
621 805 905 872 praecepta
927 795 1060 866 legis
1095 799 1385 856 salubriter
1433 802 1712 859 audientes
1747 823 1760 857 :

157 892 324 955 Audi,
374 889 562 955 Israel,
596 889 733 944 Deus
761 901 899 955 tuus,
936 889 1072 944 Deus
1100 909 1231 948 unus
1260 904 1334 947 est
1363 893 1545 965 (Deut.
1578 911 1649 960 Vl,
1680 897 1763 964 4),

160 997 234 1036 ne
263 981 545 1070 videantur
570 981 672 1035 sub
695 983 854 1035 unius
885 982 977 1036 Dei
1014 983 1273 1052 religione
1303 983 1463 1039 ﬁdem
1487 985 1764 1045 Trinitatis

160 1073 480 1139 excludere,
515 1081 625 1126 tres
656 1087 913 1141 personas
931 1074 1090 1128 unius
1116 1074 1432 1131 substantiae
1463 1076 1760 1145 pradican-

162 1172 269 1228 tes,
300 1164 469 1233 ipsam
503 1163 823 1218 Trinitatem
856 1181 1016 1217 unum
1047 1165 1216 1220 Deum
1248 1166 1569 1236 simpliciter
1597 1169 1764 1221 couti—

141 1263 389 1322 tentur;
419 1263 473 1309 et
502 1253 569 1308 de
592 1256 739 1307 omni
763 1266 944 1308 sancta
977 1256 1238 1312 Trinitate
1259 1261 1534 1327 sapienter
1561 1259 1762 1314 dictum

161 1347 470 1416 intelligunt
513 1348 715 1410 :Audi,
753 1344 936 1411 Israel,
976 1348 1110 1402 Deus
1133 1358 1269 1413 tuus,
1305 1350 1444 1405 Deus
1489 1369 1624 1408 unus
1667 1363 1758 1407 est.

161 1441 373 1504 Ariani,
409 1439 582 1494 Patris
613 1449 667 1496 et
697 1440 813 1494 Filii
833 1449 886 1495 et
915 1440 1147 1509 Spiritus
1170 1445 1337 1498 sancti
1373 1454 1481 1498 tres
1507 1445 1750 1501 substan-

163 1531 270 1584 tias
285 1531 670 1600 praidicant,et
687 1530 808 1585 ideo
831 1546 1015 1586 eorum
1038 1543 1353 1599 potestatem
1373 1535 1640 1603 dividunt,
1657 1537 1767 1593 uni-

162 1629 330 1675 tatem
361 1623 552 1685 vitant,
584 1622 1000 1676 immensitatem
1041 1623 1306 1690 minuunt,
1339 1636 1392 1680 et
1422 1642 1516 1693 per
1550 1642 1763 1683 errores

163 1711 358 1780 majori
392 1711 533 1766 Patri
574 1713 837 1766 minorem
890 1713 1084 1768 Filium
1129 1715 1459 1784 subjiciunt;
1492 1716 1760 1771 minorem

162 1813 348 1857 autem
378 1803 512 1856 Filio
534 1802 788 1871 Spiritum
812 1813 1054 1858 sanctum
1078 1805 1279 1858 dicunt.
1303 1807 1568 1860 Catholici
1587 1823 1614 1860 e
1631 1822 1760 1861 eon-

165 1895 330 1948 trario
363 1893 531 1948 Deum
575 1894 811 1961 Patrem,

164 1996 437 2052 sanctum,
484 2002 550 2040 ne
573 1995 682 2040 tres
715 1988 852 2042 Deos
880 1989 1130 2057 gentibus
1167 1990 1418 2044 inducere
1450 1992 1758 2057 videantur,

165 2078 324 2132 unius
347 2092 468 2132 esse
493 2079 650 2147 houoi
668 2078 734 2143 is,
764 2079 966 2148 gloria},
992 2081 1391 2148 magnitudinis,
1417 2084 1758 2153 mternitatis,

166 2167 478 2236 divinitatis,
515 2167 858 2236 aequalitatis,
893 2169 1147 2224 essentia:
1185 2170 1544 2234 confitentur;
1578 2181 1631 2225 et
1664 2188 1758 2224 ne-

163 2260 298 2314 mini
345 2261 577 2316 alterum
608 2277 922 2331 praeponere
968 2263 1264 2330 cupientes,
1297 2265 1364 2317 de
1394 2264 1547 2319 Patre
1581 2275 1761 2319 tamen

165 2352 360 2406 Filium
407 2362 610 2418 natum,
663 2352 731 2406 de
772 2352 929 2407 Patre
974 2362 1026 2408 et
1057 2353 1189 2407 Filio
1231 2354 1485 2422 Spiritum
1518 2363 1759 2410 sanetum

169 2441 466 2509 procedere
489 2443 748 2496 sentiunt.

235 2554 294 2609 2.
315 2554 545 2610 Arianos
561 2556 608 2610 si
629 2557 964 2627 interrogare
988 2557 1222 2613 volueris
1244 2559 1384 2614 unde
1406 2559 1475 2614 sit
1494 2559 1684 2626 Filius,
1704 2563 1767 2616 ti-

168 2657 320 2701 ment
344 2647 545 2714 dicere,
579 2648 645 2704 de
676 2649 848 2704 Patris
886 2651 1118 2705 essentia
1152 2669 1164 2702 :
1199 2667 1266 2706 ne
1293 2652 1561 2722 gignentis
1589 2663 1644 2708 et
1671 2670 1762 2724 ge-

166 2737 266 2791 niti
295 2737 548 2804 probetur
567 2753 671 2793 una
695 2739 976 2807 divinitas,
1008 2749 1062 2795 et
1086 2741 1431 2796 conﬁrmetur
1460 2743 1758 2812 inqualitas.

166 2827 385 2884 Timent
421 2845 606 2884 rursus
634 2846 697 2885 ex
729 2831 896 2886 nihilo
925 2841 1110 2886 natum
1160 2832 1349 2888 Filium
1404 2835 1661 2904 proﬁteri,
1697 2853 1763 2891 ne

165 2921 395 2976 Creator
425 2923 688 2991 accipiens
711 2923 969 2992 originem
996 2925 1227 2979 similem
1255 2927 1542 2991 creaturis,
1577 2928 1760 2997 unige-

166 3012 266 3066 niti
325 3013 597 3082 privilegio
630 3016 920 3084 spoliatos,
969 3018 1155 3086 perdat
1202 3018 1429 3086 gloriam
1479 3022 1758 3074 creaturis.

173 3105 406 3161 Aliunde
436 3121 565 3162 vero
595 3107 786 3162 Filium
829 3119 1032 3172 natum,
1061 3109 1114 3162 id
1138 3119 1242 3174 est,
1267 3126 1330 3164 ex
1363 3111 1537 3180 aliqua
1583 3112 1766 3182 subja-

165 3203 326 3250 route
354 3200 604 3262 materia,
633 3199 797 3251 multo
821 3198 1050 3265 amplius
1073 3199 1264 3253 timent
1299 3210 1575 3267 astruere;
1601 3217 1666 3256 ne
1687 3202 1760 3256 vi-

166 3288 358 3342 deatur
385 3288 640 3357 quaelibet
673 3304 762 3343 res
787 3301 913 3344 ante
940 3306 1062 3344 eum
1093 3291 1280 3362 fuisse,
1314 3307 1410 3360 per
1426 3308 1584 3362 quem
1615 3297 1750 3349 facta
1784 3278 1829 3338 (ἶ
1860 3307 2064 3374 quidem
2087 3317 2203 3361 sunt
2235 3309 2426 3376 multi),
2455 3312 2597 3365 nobis
2620 3323 2784 3368 tamen
2809 3278 2940 3370 unus

165 3388 294 3432 διιιιι
340 3379 547 3432 omnia.
597 3379 814 3434 Talibus
869 3382 1143 3436 erroribus
1194 3383 1524 3452 reSpondent
1571 3386 1758 3439 catho—

169 3471 258 3526 lici
288 3489 302 3526 :
335 3469 554 3526 Credite
580 3474 703 3539 quia
753 3481 910 3526 natus
950 3482 1031 3527 est
1072 3475 1140 3529 de
1173 3476 1346 3530 Patris
1389 3476 1621 3531 essentia
1653 3495 1666 3530 :
1711 3477 1756 3530 si

169 3564 398 3632 negatis,
444 3562 608 3616 dicite
639 3565 778 3619 unde
816 3565 902 3619 sit.
937 3564 1128 3620 Dicunt
1169 3567 1330 3621 etiam
1374 3569 1634 3624 minorem
1668 3570 1756 3623 Fi-

169 3657 326 3722 lium,
368 3657 490 3726 quia
521 3666 719 3726 negant
767 3672 888 3712 esse
917 3660 1199 3727 aequalem.
1237 3661 1495 3716 Catholici
1522 3676 1651 3717 vero
1679 3663 1757 3717 di-

165 3759 305 3803 cunt
333 3763 454 3802 eum
478 3749 773 3804 secundum
799 3751 1130 3805 dixinitatem
1161 3754 1439 3822 aequalem,
1463 3753 1756 3809 secundum

171 3842 556 3896 humanitatem
586 3851 762 3897 autem
797 3841 1080 3897 minorem.
1109 3842 1408 3912 [Equaiitas
1430 3843 1547 3913 ejus
1568 3859 1758 3900 secun-

165 3933 299 3987 dum
323 3934 653 3990 divinitatem
683 3951 786 3989 non
816 3934 976 3990 habet
1004 3937 1232 4001 initium;
1267 3947 1634 3993 verumtamen
1660 3955 1760 3994 nec

169 4024 447 4091 aequalitas
461 4037 776 4095 competens
796 4026 1086 4094 divinitati,
1108 4042 1204 4081 IILC
1222 4028 1505 4082 minoratio
1523 4044 1757 4100 congrua

168 4115 316 4168 carni
351 4114 511 4169 habet
551 4119 729 4171 linem.
761 4117 890 4173 Sive
918 4134 1047 4187 ergo
1075 4119 1370 4173 secundmn
1412 4134 1628 4175 carnem
1661 4124 1760 4177 mi-

169 4223 292 4271 nor,
315 4210 607 4263 secundum
631 4211 966 4266 divinitatem
1006 4213 1214 4267 dicatur
1243 4214 1484 4283 aequalis,
1507 4214 1649 4270 idem
1674 4229 1756 4272 at-

166 4314 273 4368 que
305 4316 439 4353 unus
467 4314 550 4356 est
579 4302 851 4369 Christus,
885 4321 1010 4360 vere
1041 4307 1204 4362 Filius
1237 4308 1354 4375 Dei,
1383 4319 1438 4364 et
1467 4319 1592 4364 vere
1619 4307 1800 4366 ﬁlius‘

169 4391 421 4444 hominis.
442 4391 687 4463 Equalis
709 4396 851 4449 enim
877 4411 1231 4464 perseverans
1253 4399 1418 4454 factus
1441 4411 1523 4454 est
1549 4403 1754 4457 minor:

167 4482 344 4536 minor
364 4482 554 4548 faetus,
585 4489 876 4554 permansit
897 4489 1132 4556 aequalis.
1166 4492 1230 4542 Et
1257 4491 1374 4544 ideo
1394 4499 1533 4544 totus
1560 4491 1754 4558 minor,

167 4581 310 4626 totus
338 4575 560 4643 :equalis
585 4594 594 4627 :
625 4578 746 4646 quia
766 4589 1010 4632 servatur
1032 4579 1082 4632 in
1106 4594 1172 4634 eo
1201 4591 1425 4648 utraque
1456 4591 1667 4648 natura,
1701 4593 1757 4637 et

1868 637 2286 696 manentemth
2305 641 2608 695 personam,
2625 627 2676 680 in
2696 628 2950 682 unitatem
2967 642 3116 682 suam
3134 632 3455 700 suscipiens,

1867 718 1932 772 ad
1961 733 2020 772 se
2049 718 2251 774 faceret
2280 719 2550 788 pertinere
2577 735 2592 784 ;
2627 718 2882 789 ﬁeretque
2921 721 3173 791 deinceps
3203 722 3454 779 humani-

1870 822 1950 865 tas
1979 810 2069 864 illa
2099 811 2276 864 divina
2325 827 2444 881 qum
2502 812 2592 866 Dei
2640 812 2912 880 cmpisset,
2945 827 3012 867 ex
3047 829 3153 882 quo
3197 829 3317 870 esse
3349 827 3456 871 cm-

1868 903 2070 970 pisset,
2123 902 2322 957 habere
2376 918 2657 973 personam
2694 923 2706 956 :
2739 904 2990 958 divinitas
3044 905 3130 959 illa
3186 905 3454 974 humana,

1867 998 2117 1064 quoniam
2169 999 2268 1051 sibi
2303 999 2353 1051 in
2384 997 2643 1052 unitatem
2697 1011 2940 1066 persona:
2970 999 3234 1055 veraciter
3271 1003 3459 1055 huma-

1869 1104 1991 1142 nam
2016 1089 2183 1144 voluit
2216 1091 2452 1146 adunare
2481 1099 2744 1144 naturam.

1937 1201 1990 1254 Il.
2019 1201 2252 1255 Dicimus
2281 1216 2430 1271 ergo,
2459 1201 2610 1256 Unus
2631 1213 2710 1256 est
2735 1202 3002 1269 Chrisms,
3025 1220 3162 1259 unus
3188 1214 3270 1259 est
3296 1205 3457 1271 Deus,

1869 1293 2203 1362 hominisque
2236 1295 2373 1348 ﬁlius
2407 1311 2421 1359 ;
2468 1295 2520 1350 id
2552 1306 2652 1358 est,
2687 1314 2787 1350 una
2820 1308 2901 1352 est
2930 1298 3126 1352 Christi
3165 1299 3255 1354 Dei
3288 1300 3459 1354 homi-

1867 1383 2055 1452 nisque
2109 1398 2335 1450 persona
2380 1402 2394 1437 :
2444 1400 2550 1439 non
2609 1397 2783 1442 tamen
2833 1389 3060 1442 dicimus
3119 1406 3277 1445 unam
3334 1407 3459 1446 esse

1864 1472 2062 1529 Christi
2108 1476 2198 1530 Dei
2232 1475 2571 1547 hominisque
2593 1487 2856 1533 naturam.
2895 1482 3292 1538 Concordantes
3334 1500 3456 1538 cum

1866 1563 2122 1630 Apostolo
2171 1565 2385 1620 volente
2428 1567 2658 1636 probare
2689 1570 2949 1624 unitatem
2983 1587 3267 1640 personas:
3316 1573 3454 1628 Nam

1865 1657 1916 1708 in
1968 1672 2085 1724 quo,
2139 1656 2311 1724 inquit
2361 1657 2652 1714 Corinthiis
2677 1701 2692 1726 ,
2731 1661 2868 1729 quod
2897 1661 3101 1727 donavi,
3127 1663 3171 1715 si
3203 1665 3327 1733 quid
3358 1664 3456 1717 do-

1865 1747 2002 1813 navi,
2037 1757 2244 1817 prapttr
2273 1763 2362 1802 vos
2406 1748 2459 1802 in
2503 1766 2722 1819 persona
2766 1750 2956 1804 Christi
2987 1751 3076 1820 (II
3105 1751 3223 1807 Cor.
3254 1771 3308 1818 tt,
3339 1754 3454 1822 10).

1864 1840 2114 1908 Nunquid
2159 1857 2265 1896 non
2312 1843 2504 1897 melius
2539 1836 2798 1913 personas
2828 1845 3054 1912 diceret,
3105 1847 3148 1900 si
3205 1848 3366 1902 vellet
3404 1848 3457 1901 in

849 1895 1266 2006 "fu‘f‘uhf‘Fm;
1302 1898 1462 1952 Deum
1488 1897 1752 2006 ἕωωυω
1789 1905 1833 1962 Β
1863 1931 2077 1987 Christo
2101 1937 2233 1989 duas
2260 1935 2562 2006 signiﬁcare
2588 1937 2948 1992 substantias?
2974 1937 3292 1993 Evidentem
3308 1940 3458 1994 simi-

1866 2023 1985 2078 liter
2022 2026 2283 2081 adhibens
2332 2027 2688 2082 diﬁ‘erentiant
2735 2030 3154 2086 Sili)~l3ﬂii:il'ﬂln
3186 2031 3314 2087 dicit
3352 2032 3458 2086 alio

1866 2118 1981 2172 loco
2015 2135 2029 2171 :
2066 2119 2175 2172 Etsi
2201 2123 2483 2190 cruciﬁxus
2515 2133 2614 2188 est,
2644 2139 2706 2176 ex.
2730 2125 3024 2192 inﬁrmitate
3053 2129 3331 2196 cruciﬁxus
3360 2141 3455 2191 est,

1863 2208 1953 2261 sed
1982 2209 2100 2261 vivit
2127 2225 2189 2262 ex
2216 2211 2396 2264 uirtute
2419 2208 2516 2264 Dei
2556 2209 2646 2280 (11
2669 2212 2790 2266 Cor.
2825 2231 2938 2278 xm,
2973 2216 3047 2283 4).
3075 2216 3320 2287 Nunquid
3351 2235 3456 2274 non

1865 2298 1978 2366 ipse
2017 2300 2306 2357 cruciﬁxus
2333 2313 2418 2358 est
2447 2305 2536 2372 qui
2580 2305 2753 2359 vivit?
2781 2316 2833 2359 et
2871 2316 3045 2362 tamen
3077 2310 3165 2379 qui
3196 2325 3260 2365 ex
3305 2302 3456 2364 iuiir-

1866 2389 2052 2446 initate
2095 2392 2386 2450 cruciﬁxus
2417 2403 2520 2459 est,
2545 2411 2612 2450 ex
2646 2398 2838 2452 virtute
2879 2397 2972 2453 Dei
3010 2401 3156 2454 vivit.
3193 2401 3343 2460 Unde
3388 2403 3454 2459 ad

1869 2496 2108 2536 amorem
2159 2483 2794 2556 commendatiOnemque
2847 2504 3094 2556 personae
3145 2493 3324 2559 unius,
3375 2495 3455 2548 sic

1867 2587 2006 2626 unus
2043 2573 2294 2629 Christus
2320 2577 2664 2646 praedicatur,
2688 2590 2741 2634 ut
2775 2573 3062 2651 aliquando
3091 2600 3194 2639 una
3223 2587 3340 2654 ejus
3371 2589 3454 2645 vi-i

1868 2663 2096 2716 humana
2121 2668 2310 2720 natura
2344 2668 2423 2722 vel
2447 2667 2625 2722 diiina
2655 2683 3126 2740 commemoretur,
3156 2688 3210 2731 et
3231 2686 3455 2748 utraque

1867 2761 2043 2807 tamen
2089 2753 2419 2826 intelligatur
2460 2775 2474 2811 :
2519 2761 2768 2828 quoniam
2825 2762 2962 2818 inest
3007 2765 3206 2834 unitas,
3262 2778 3319 2823 ut
3365 2771 3454 2840 qui

1869 2858 2025 2897 unam
2055 2848 2317 2911 nominet,
2341 2849 2527 2904 ambas
2554 2851 2839 2920 signiﬁcet.
2876 2853 3102 2924 Propter
3126 2859 3270 2927 quod
3313 2861 3454 2930 Apo-

1867 2936 2037 2990 stolus
2062 2938 2230 2992 solam
2262 2938 2661 3024 humanitatem“
2679 2943 2864 3014 tangit,
2904 2944 2969 3000 ad
3001 2945 3339 3005 Timotheum
3367 2955 3452 3019 di-

1865 3040 1994 3082 cens
2025 3047 2035 3082 :
2069 3029 2214 3084 Unus
2235 3044 2306 3085 est
2336 3031 2494 3098 Deus,
2530 3031 2662 3090 unus
2693 3038 2940 3094 mediator
2970 3037 3063 3094 Dei
3089 3053 3134 3095 et
3164 3032 3450 3109 hominum,

1868 3125 2017 3176 homo
2049 3125 2284 3180 Christus
2310 3127 2463 3182 Iesus
2486 3127 2540 3200 (Ι
2572 3130 2705 3186 Tim.
2729 3147 2785 3201 ιι,
2814 3132 2892 3205 5).
2919 3133 2993 3189 De
3021 3135 3298 3194 divinitate
3329 3137 3454 3193 dicit

1869 3219 1933 3271 ad
1981 3217 2288 3273 Corinzhios
2322 3237 2336 3272 :
2370 3220 2508 3275 Nam
2557 3224 2651 3276 eisi
2693 3233 2810 3277 sunt
2839 3229 2927 3294 qui
2957 3228 3197 3284 dicantur
3246 3231 3317 3284 dii
3363 3235 3455 3301 (τί-ο

2969 3315 3106 3372 Deus
3129 3336 3191 3372 ea:
3213 3338 3314 3391 quo
3339 3341 3450 3376 om-

1861 3400 1971 3462 nia,
2005 3409 2050 3451 et
2076 3417 2206 3453 unus
2238 3399 2488 3457 Dominus
2519 3403 2668 3458 Jesus
2708 3403 2944 3461 Christus
2966 3425 3055 3478 per
3081 3427 3228 3479 quem
3277 3416 3450 3466 omnia

1862 3489 1912 3560 (Ι
1949 3489 2067 3545 Cor.
2096 3508 2210 3561 Vili,
2233 3494 2310 3562 5).
2331 3523 2400 3534 ——
2431 3495 2630 3551 Desunt
2661 3500 2882 3568 reliqua.

2431 3666 2761 3726 EPISTULA
2807 3665 2867 3726 ν.
2920 3695 2922 3698 ν

1924 3843 1989 3880 ΑΙ)
2017 3840 2256 3881 SEVERO“
2288 3839 2674 3882 εειιοιΑετιοωι
2704 3840 3385 3887 οοηςτΑΝτιικυροιιτΑιιυιι.

1867 3983 2016 4051 Quod
2042 3981 2286 4035 Dominus
2319 3990 2485 4036 noster
2512 3981 2666 4037 Jesus
2694 3979 3013 4038 C/tn'stus‘sit
3039 4001 3171 4038 unus
3192 3987 3260 4042 de
3277 3997 3448 4042 sancta

2357 4056 2404 4106 et
2431 4054 2693 4108 individua
2722 4054 2989 4110 Trinitate.

1939 4225 1986 4280 i.
2021 4227 2331 4298 Magnorum
2367 4229 2603 4283 virorum
2638 4227 2764 4283 mihi
2812 4231 3080 4300 negotium
3111 4233 3322 4287 conaris
3355 4234 3451 4286 aii-

1859 4317 2104 4386 jungere,
2130 4329 2348 4386 propter
2368 4334 2461 4373 nos
2483 4320 2570 4388 qui
2597 4319 2759 4373 Deum
2781 4331 3020 4374 nostrum
3044 4311 3224 4376 Iesum
3251 4334 3447 4392 negant

1866 4425 2027 4462 unum
2055 4424 2177 4464 esse
2203 4411 2270 4464 tie
2300 4420 2481 4464 sancta
2505 4421 2555 4465 et
2585 4411 2857 4465 individua
2879 4413 3160 4478 Triuitate,
3185 4414 3309 4483 quid
3330 4431 3448 4468 sen-

1869 4501 1996 4554 tiam
2025 4501 2326 4556 delcctatus
2353 4503 2557 4557 audire.
2591 4503 2694 4559 Sed
2725 4504 2852 4570 hoc,
2879 4504 3071 4569 fateor,
3118 4504 3314 4574 ingenii
3345 4509 3448 4559 mei

1870 4592 2128 4660 pusillitas
2141 4604 2226 4649 aut
2251 4595 2332 4646 vix
2349 4595 2508 4662 valet,
2525 4604 2614 4647 aut
2632 4609 2907 4649 assumere
2921 4597 3255 4649 omninonou
3269 4597 3447 4650 audet.

163 4680 325 4733 quam
369 4666 583 4731 habuit,
615 4679 669 4723 et
697 4685 852 4737 quam
894 4672 1185 4740 assumpsit
1209 4686 1273 4726 ex
1304 4683 1495 4726 matre.
1545 4674 1756 4744 Alioqui

1867 4692 1993 4760 Quis
2009 4693 2149 4748 enim
2164 4707 2285 4762 ego,
2305 4701 2394 4745 aut
2409 4691 2581 4760 qualis
2597 4707 2720 4760 ego,
2737 4693 2820 4745 cui
2838 4691 3074 4745 liccatde
3097 4688 3273 4744 dubiis
3290 4689 3449 4745 rebus

162 4757 207 4811 si
255 4771 356 4810 una
401 4759 454 4812 in
493 4759 704 4814 Christo
759 4773 810 4815 et
851 4777 1080 4831 persona
1134 4765 1390 4818 existeret
1434 4775 1487 4819 et
1541 4777 1745 4832 natura,

162 4863 268 4902 non
294 4859 477 4917 posset
497 4866 631 4906 unus
657 4851 903 4907 Christus
929 4854 1016 4907 uni
1045 4852 1187 4909 Patri
1209 4864 1266 4909 et
1293 4854 1467 4909 minor
1488 4865 1541 4910 et
1571 4863 1746 4926 mqua-

163 4938 226 4993 lis
250 4939 378 4994 dici.

227 5051 281 5105 5.
312 5051 547 5108 Dicimus
582 5053 742 5107 etiam
774 5053 843 5109 de
879 5053 1094 5110 Christo
1145 5055 1282 5124 quod
1317 5070 1443 5112 vere
1486 5065 1620 5110 unus
1665 5071 1744 5112 est

155 5148 426 5202 Christus.
457 5148 799 5218 Sapientibus
844 5159 1022 5203 tatnen
1075 5150 1365 5216 mentibus,
1412 5150 1622 5217 quoties
1655 5166 1748 5202 au-

156 5242 342 5303 diunt,
388 5239 534 5293 Unus
588 5249 672 5292 cst
721 5237 999 5305 Christus,
1041 5241 1276 5309 engitare
1317 5242 1564 5293 convenit
1617 5253 1748 5307 quu-

155 5329 318 5382 utodu
351 5332 419 5384 sit
447 5343 623 5396 unus;
659 5343 835 5386 utrum
868 5332 1310 5384 unamhabeutlo
1341 5345 1648 5399 personam,
1682 5347 1747 5383 an

155 5439 316 5475 unam
352 5435 620 5477 naturam.
653 5423 706 5478 Si
741 5439 844 5476 non
887 5433 1060 5490 potest
1085 5423 1188 5474 dici
1215 5438 1370 5475 uuam
1413 5421 1614 5475 habere
1648 5437 1742 5473 ua~

156 5528 327 5568 turam
355 5531 510 5585 quem
543 5517 843 5584 suscepisse
861 5517 1083 5568 alteram
1104 5515 1348 5576 dicimus,
1370 5523 1547 5582 potest
1568 5530 1746 5567 tamen

155 5606 260 5660 dici
280 5621 436 5660 unam
460 5609 656 5662 habere
677 5623 980 5676 personam,
998 5608 1245 5676 (muniam
1265 5621 1494 5674 persona
1511 5607 1594 5658 illa
1617 5621 1750 5658 scm-

154 5714 251 5764 per
281 5713 502 5754 manens
533 5710 748 5755 natura:
785 5716 1001 5770 semper
1033 5700 1299 5754 manentis
1342 5699 1410 5751 ita
1442 5697 1746 5752 mirabilem

152 5805 338 5862 postea
367 5803 607 5848 natumut
660 5794 770 5848 sine
805 5809 1028 5864 persona
1061 5792 1358 5846 voluntarie
1405 5794 1657 5858 susvejit,
1689 5802 1746 5844 ιιι

1861 4794 2114 4839 statutam
2148 4785 2388 4852 proferre
2410 4783 2752 4849 sententiam,
2789 4797 3066 4851 novosque
3094 4796 3371 4838 sermones
3396 4783 3446 4836 iu

1859 4874 2139 4930 electionis
2167 4875 2507 4941 auctoritate,
2536 4879 2712 4928 'utruni
2743 4873 2938 4940 suscipi
2971 4870 3224 4940 debeant,
3260 4889 3446 4929 recen-

1859 4966 2081 5019 tioribus
2109 4965 2333 5020 deﬁuire
2365 4965 2733 5034 temporibus?
2779 4965 2987 5020 Utinam
3024 4961 3151 5019 mihi
3186 4965 3287 5020 ﬁde
3317 4966 3446 5022 siut-

1858 5057 2001 5123 piiei,
2049 5070 2205 5124 quini
2238 5057 2496 5110 Catholica
2540 5071 2638 5125 per
2667 5057 2973 5110 universmu
3008 5057 3260 5110 mundum
3290 5058 3446 5113 docet

1855 5147 2111 5211 Ecclesia,
2146 5149 2222 5202 sic
2250 5147 2410 5200 donet
2446 5147 2581 5202 Deus
2606 5163 2723 5202 esse
2753 5157 3086 5216 contentum,
3122 5160 3178 5202 ut
3200 5153 3366 5214 tunui,
3401 5153 3442 5203 si

1857 5241 1966 5293 lie:i
1997 5245 2188 5306 poteSI,
2226 5241 2378 5308 hujus
2410 5240 2530 5293 vita:
2561 5240 2881 5294 miserabilis
2927 5250 3167 5310 tempore
3210 5243 3438 5296 orationi
3491 5290 3502 5302 κ

1853 5348 1900 5384 et
1947 5330 2168 5400 jejuniis
2218 5347 2430 5390 vat-aus,
2479 5331 2722 5400 plhgatn
2771 5347 2890 5384 cum
2943 5332 3146 5400 pusillis
3194 5332 3445 5386 fratribus

1857 5439 1990 5477 tue.s
2036 5425 2226 5477 dcliCta
2264 5425 2424 5476 multa
2469 5433 2521 5476 et
2556 5424 2757 5492 gravia,
2809 5424 2923 5478 sive
2973 5439 3090 5492 quae
3130 5423 3240 5492 jatu
3290 5425 3445 5477 doli-o

1857 5515 2162 5581 conuuissa,
2191 5513 2304 5568 sive
2334 5529 2453 5581 qua:
2484 5514 2658 5568 adhuc
2687 5530 2852 5584 cogor
2872 5530 2936 5569 ex
2958 5514 3132 5568 carnis
3160 5512 3443 5580 fragilitate

1858 5607 2232 5662 committere!
2291 5607 2506 5659 Beatum
2563 5622 2648 5660 me
2695 5605 2930 5674 proiecto
2974 5617 3098 5658 tunc
3143 5604 3440 5670 mstitnabo,

1858 5701 2068 5768 quando
2097 5703 2298 5769 positus
2330 5701 2380 5754 itt
2413 5700 2630 5753 silentio
2659 5698 2986 5761 monasterii,
3020 5697 3165 5750 illum
3197 5697 3438 5750 versico-

1861 5791 1966 5848 lum
1998 5793 2184 5861 psalmi
2231 5809 2320 5862 per
2368 5802 2632 5847 momenta
2682 5800 3009 5845 cantavero:
3064 5788 3184 5842 Dixi
3209 5805 3225 5842 :
3255 5789 3442 5844 Custo-
