3978 6350
167 409 284 468 915

1346 392 1704 456 El’lSTOLrE
1749 390 1836 446 ET
1866 389 2244 446 OPUSCULA.

3353 386 3452 444 914

164 531 271 594 sit;
305 537 360 584 ut
389 535 442 582 et
471 533 654 578 natura
687 519 1009 590 susceptrix,
1040 531 1090 576 et
1120 529 1304 575 natura
1330 525 1607 586 suscepta,
1644 515 1760 568 sine

1878 507 2032 562 habet
2064 507 2486 569 humanitatem;
2521 518 2616 561 nec
2656 518 2883 574 persona
2933 503 3026 558 filii
3070 500 3300 558 hominis
3337 517 3457 572 quae

167 623 283 676 ulla
313 617 629 675 confusione
658 615 997 670 ineffabiliter
1024 614 1292 674 adunata,
1332 611 1488 667 unius
1517 609 1767 664 credere-

170 721 264 768 tur
283 727 402 769 esse
429 724 670 781 persona:
693 725 707 774 ;
729 707 858 762 dum
889 706 1046 776 cujus
1075 716 1156 761 est
1178 704 1457 768 divinitas,
1488 702 1654 772 ipsius
1685 709 1768 754 est

173 805 514 868 humanitas;
538 811 594 858 et
623 801 777 869 cujus
808 807 892 856 est
921 799 1247 872 humanitas,
1278 796 1444 867 ipsius
1473 793 1721 850 divinitas
1751 810 1764 846 :

172 906 234 953 et
263 898 386 953 licet
434 894 537 949 alia
578 892 855 948 sitdivina
894 900 1102 956 natura,
1153 890 1256 943 alia
1301 887 1370 942 sit
1400 885 1630 940 humana
1675 899 1769 937 na-

174 1000 331 1054 tura,
365 1001 471 1042 non
501 985 572 1040 sit
605 996 781 1038 tamen
814 982 952 1037 alius
980 981 1258 1044 Christus,
1290 979 1444 1047 cujus
1473 986 1553 1032 est
1585 976 1768 1030 divina

180 1091 392 1144 natura,
425 1086 482 1132 ct
507 1077 645 1131 alius
672 1073 944 1138 Christus,
975 1073 1130 1140 cujus
1158 1081 1250 1126 est-
1271 1069 1505 1124 humana
1547 1076 1764 1131 natura;

179 1171 278 1226 sed
310 1170 452 1225 idem
482 1170 552 1224 sit
581 1183 716 1221 unus
746 1166 1014 1231 Christus,
1045 1164 1198 1233 cujus
1224 1172 1308 1218 est
1335 1162 1568 1217 humana
1599 1167 1656 1214 et
1681 1157 1765 1213 di-

179 1264 304 1318 vina
330 1271 539 1316 natura.
568 1260 754 1328 Neque
780 1259 924 1314 enim
955 1259 1036 1311 sic
1060 1256 1112 1311 in
1138 1255 1374 1321 Christo,
1405 1254 1539 1307 sicut
1565 1251 1616 1306 in
1646 1265 1768 1320 pro-

179 1353 364 1421 phetis
409 1349 725 1405 inhabitavit
785 1347 878 1402 Dei
922 1346 1187 1411 Verbum,
1235 1345 1334 1400 sed
1369 1344 1592 1398 Verbum
1649 1358 1768 1395 caro

181 1446 381 1515 factum
413 1452 511 1510 est,
542 1453 595 1495 ut
626 1441 872 1495 habitaret
899 1442 950 1494 in
979 1441 1122 1494 nobis
1147 1438 1328 1510 (Joan.
1361 1455 1401 1502 ι,
1431 1436 1541 1506 Μ).
1568 1437 1665 1490 ilic
1689 1443 1773 1489 est

184 1536 450 1591 Dominus
480 1534 638 1590 Jesns
661 1531 930 1588 Christus.
956 1532 1033 1588 De
1054 1532 1201 1586 nullo
1224 1531 1455 1601 denique
1486 1528 1766 1598 propheta,

180 1627 430 1696 quamvis
470 1641 536 1680 ex
585 1639 814 1695 persona
859 1624 956 1679 Dei
1005 1625 1170 1679 multa
1216 1625 1410 1693 saepius
1463 1624 1770 1693 loquantur,

182 1718 463 1786 Scriptura
506 1727 690 1772 saneta
731 1717 970 1772 narravit
1013 1717 1157 1788 quod
1203 1725 1348 1773 esset
1394 1730 1557 1782 super
1593 1714 1771 1772 omnia

185 1808 352 1865 Deus.
401 1809 478 1864 De
507 1807 722 1864 Christo
763 1817 941 1863 autem
979 1808 1299 1864 flducialiter
1341 1806 1629 1878 Apostolus
1657 1805 1770 1860 cla-

1875 599 2150 654 nobiscum
2186 597 2343 651 habet
2388 594 2797 660 humanitatem,
2829 593 3098 648 mediator
3136 600 3327 646 noster
3353 599 3456 658 est,

1872 691 1993 759 quia
2022 705 2126 743 non
2160 689 2316 744 habet
2343 703 2462 742 cum
2495 688 2603 743 Deo
2624 687 2978 742 divinitatem.
3012 685 3247 740 Proinde
3266 684 3310 738 si
3336 698 3455 738 cum

1873 779 2223 850 baptizamnr,
2258 777 2411 834 illam
2442 779 2812 834 tantummodo
2838 791 3123 848 personam
3155 791 3278 841 qua
3300 775 3460 829 habet

1871 890 1993 929 cum
2021 874 2131 928 Deo
2169 872 2526 938 divinitatem,
2557 872 2920 935 nominamus,
2964 877 3015 925 et
3045 868 3315 939 quomodo
3340 866 3458 920 sine

1870 968 2170 1022 mediatore
2208 966 2656 1021 rcconciliamur?
2699 965 2883 1020 Restat
2929 979 3058 1034 ergo
3111 970 3167 1016 ut
3197 962 3241 1015 si
3289 961 3460 1014 nomi-

1872 1067 1998 1112 nato
2028 1059 2078 1111 in
2111 1057 2433 1128 baptismate
2464 1057 2598 1110 Filio
2620 1056 2970 1112 mediatorem
3002 1053 3283 1108 nominare
3310 1051 3460 1104 volu—

1874 1166 2010 1217 mus,
2043 1149 2217 1218 ipsum
2260 1149 2452 1204 Filium
2505 1164 2611 1203 non
2651 1147 2985 1213 dividamus;
3036 1145 3131 1200 sed
3173 1145 3314 1197 hunc
3341 1157 3461 1196 esse

1876 1245 2061 1312 Deum,
2097 1262 2253 1314 quem
2285 1247 2553 1301 hominem
2585 1246 2909 1302 confitentes
2930 1287 2946 1311 ,
2994 1247 3277 1315 negatores
3303 1240 3461 1298 utrius

1871 1351 2118 1406 personae
2145 1339 2411 1393 veraciter
2450 1338 2857 1393 confundamus.
2899 1335 3150 1405 Alioquin
3192 1333 3461 1404 quomodo

1873 1443 2058 1484 verum
2091 1430 2229 1494 erit,
2263 1431 2386 1498 quia
2418 1430 2723 1500 quicunque
2753 1428 2805 1483 in
2852 1427 3067 1483 Christo
3097 1426 3454 1495 baptiz'unur,

1875 1521 1927 1575 in
1957 1533 2130 1593 morte
2160 1521 2325 1589 ipsius
2358 1521 2692 1588 baptizamur
2734 1520 2910 1589 (Rom.
2950 1535 3023 1584 vt,
3056 1517 3132 1586 5),
3177 1517 3219 1571 si
3249 1516 3460 1586 quando

1873 1609 2066 1665 Filium
2098 1612 2148 1665 in
2181 1611 2499 1680 baptismate
2545 1611 2902 1676 nominamus,
2950 1621 3055 1664 non
3086 1622 3244 1663 unam
3278 1621 3458 1675 perso-

1874 1719 1997 1758 nam
2021 1695 2121 1758 Dei
2163 1703 2500 1774 hominisque
2525 1745 2539 1770 ,
2569 1704 2662 1758 sed
2695 1717 2974 1773 personam
3006 1702 3173 1756 solam
3217 1699 3335 1755 Filii
3369 1700 3459 1754 D’ei

1874 1795 1992 1854 sine
2041 1809 2268 1864 persona
2315 1795 2408 1849 filii
2456 1795 2689 1850 hominis
2731 1797 3102 1858 nominamus;
3155 1793 3368 1863 quando
3416 1792 3460 1846 si

182 1913 298 1957 mat
327 1919 340 1956 :
380 1901 462 1956 Ea:
487 1903 671 1972 quibus
713 1913 788 1957 est
828 1901 1065 1956 Christus
1094 1902 1374 1957 secundum
1402 1916 1607 1954 carnem
1628 1938 1642 1965 ,
1685 1897 1770 1968 qui
1801 1881 1850 1943 B
1881 1902 2007 1943 vere
2049 1888 2274 1942 fuissent
2322 1888 2441 1942 dua:
2475 1903 2717 1958 persona:
2743 1929 2757 1953 ,
2817 1888 2885 1943 ad
2932 1886 3460 1943 commemorandam

181 2005 258 2050 est
292 2011 446 2066 super
471 1996 645 2049 omnia
690 1994 824 2050 Deus
865 1996 1157 2051 benedictus
1186 1996 1240 2050 in
1265 1996 1457 2050 saecula
1489 1994 1665 2065 (Rom.
1693 2007 1770 2058 lx,

182 2087 265 2155 5).
298 2089 354 2143 Si
383 2089 504 2158 quis
534 2091 677 2144 enim
708 2090 983 2161 negaverit
1011 2089 1284 2147 Christum
1313 2090 1407 2147 Dei
1437 2090 1774 2158 hominisque

181 2179 351 2233 filium
395 2196 554 2234 unam
600 2182 799 2238 habere
824 2197 1132 2252 personam,
1174 2185 1312 2240 duos
1338 2184 1593 2255 praedicat
1622 2184 1774 2240 Chri-

181 2280 336 2336 stos;
366 2279 422 2326 et
460 2273 504 2326 si
531 2272 727 2341 duplex
762 2274 1071 2330 adorandus
1101 2275 1184 2329 vel
1217 2275 1475 2330 colendus
1504 2285 1587 2331 est
1615 2274 1774 2330 Chri-

181 2369 305 2416 stus
325 2402 342 2427 ,
383 2376 488 2415 non
519 2361 860 2430 Trinitatem,
892 2365 988 2420 sed
1018 2368 1431 2436 quaternitatem
1470 2366 1681 2422 adorat.
1714 2365 1774 2423 Si

182 2452 309 2522 quis
335 2454 550 2510 -iterum
599 2470 758 2512 unam
797 2457 997 2513 Christi
1047 2459 1180 2515 dicit
1225 2474 1346 2516 esse
1390 2469 1670 2527 naturam,
1719 2470 1776 2517 et

147 2537 150 2540 ’
183 2545 431 2614 quamvis
461 2561 582 2601 eum
614 2562 677 2603 ex
709 2549 914 2604 duabus
947 2564 1144 2620 negare
1179 2566 1286 2606 non
1315 2550 1530 2618 audeat,
1558 2550 1612 2605 in
1637 2553 1771 2606 dua-

183 2636 292 2691 bus
315 2644 492 2692 tamen
539 2640 850 2695 substantiis
884 2641 1129 2697 confiteri
1157 2651 1372 2698 veretur
1404 2653 1496 2698 aut
1532 2643 1770 2710 dubitat,

184 2725 283 2779 hic
325 2735 416 2780 aut
447 2729 604 2783 unius
634 2740 841 2785 natum
884 2731 1255 2802 abolitionem,
1288 2743 1380 2787 aut
1426 2742 1774 2803 utrarumque

182 2827 462 2872 asseverat
507 2818 900 2901 confusionem.
935 2821 1050 2877 Nisi
1080 2823 1222 2878 enim
1266 2823 1334 2879 de
1374 2824 1584 2880 duabus
1613 2841 1770 2881 unam

182 2909 347 2964 simul
379 2911 682 2978 abstulerit,
705 2923 796 2968 aut
820 2926 1072 2986 utrasque
1091 2914 1418 2984 confuderit,
1453 2932 1609 2972 unam
1641 2925 1776 2989 quo-

183 2999 352 3055 modo
373 3000 632 3070 przedicet
660 3019 766 3058 non
798 3005 1030 3062 habebit.

253 3111 318 3167 4.
351 3111 457 3167 llos
486 3113 883 3185 Scripturarum
917 3119 1259 3190 testimoniis,
1297 3131 1354 3177 ut
1380 3124 1621 3193 epistola:
1653 3138 1772 3179 mo-

180 3204 290 3260 dus
331 3214 595 3273 teneatur,
633 3209 868 3266 breviter
917 3213 1232 3282 refutantes,
1266 3216 1428 3272 verba
1478 3217 1772 3274 Salvatoris

181 3300 358 3352 nostri
396 3301 642 3368 primitus
668 3303 1094 3376 consideremus,
1125 3307 1316 3376 quibus
1340 3307 1500 3362 fixam
1531 3307 1770 3379 regulam

180 3389 365 3447 divini
411 3393 750 3462 baptismatis
793 3397 1046 3466 tradens,
1093 3399 1197 3456 hoc
1244 3403 1506 3473 apostolis
1546 3404 1658 3459 suis
1685 3403 1770 3459 di-

180 3497 323 3539 cens
351 3493 376 3521 ⁴¹
412 3501 423 3538 :
455 3483 558 3551 Ite,
583 3487 835 3555 baptizate
864 3506 1038 3545 omnes
1067 3502 1236 3562 gentes
1259 3494 1312 3547 in
1347 3495 1550 3550 nomine
1575 3495 1771 3564 Patris,

181 3584 230 3629 et
262 3574 414 3639 Filii,
462 3585 509 3630 et
540 3577 771 3646 Spiritus
806 3581 974 3634 sancti
1012 3581 1227 3652 (Matth.
1280 3601 1471 3651 xxvnt,
1503 3585 1613 3658 19).
1645 3587 1772 3644 illos

181 3666 334 3722 enim
361 3666 452 3736 qui
485 3679 668 3737 putant
713 3669 984 3728 Christum
1031 3689 1189 3728 unam
1222 3689 1326 3730 non
1360 3676 1559 3732 habere
1591 3679 1774 3747 perso-

181 3773 338 3824 nam,
371 3759 646 3832 interrogo
677 3779 690 3815 :
740 3762 1027 3819 Nominato
1058 3767 1112 3821 in
1153 3767 1474 3835 baptismate
1502 3769 1638 3826 Filio
1663 3813 1678 3837 ,
1727 3774 1774 3826 si

184 3864 301 3904 non
329 3858 413 3903 est
453 3865 556 3904 una
592 3851 688 3906 Dei
716 3853 1059 3927 hominisque
1089 3871 1317 3926 persona
1341 3899 1356 3925 ,
1396 3875 1516 3930 quas
1545 3875 1774 3930 persona

184 3942 536 3997 nominatur?
565 3943 618 4000 Si
668 3945 944 4016 dixerint,
994 3949 1118 4005 Filii
1166 3951 1300 4018 Dei,
1345 3968 1444 4009 nec
1473 3953 1617 4009 hunc
1655 3969 1774 4012 esse

182 4031 516 4115 confitentur
545 4037 709 4093 ﬁlium
742 4038 998 4108 hominis,
1051 4059 1208 4113 quem
1255 4046 1452 4103 Filium
1483 4048 1614 4116 Dei;
1644 4065 1774 4122 ergo

185 4123 368 4177 omnis
393 4137 420 4177 a
452 4129 871 4212 regenerationis
894 4144 1234 4189 sacramento
1261 4138 1430 4206 gratia
1457 4141 1772 4198 mediatoris

184 4214 451 4272 aufertur.
492 4217 639 4300 Unus
669 4234 740 4276 est
771 4225 903 4277 enim
928 4266 945 4293 ,
983 4226 1124 4282 sicut
1155 4228 1286 4284 dicit
1309 4233 1622 4300 Apostolus,
1663 4252 1772 4290 mc-

186 4307 364 4360 diator
384 4307 481 4362 Dei
500 4298 847 4382 et‘hominum,
866 4316 1014 4370 homo
1037 4318 1269 4374 Christus
1294 4298 1445 4378 Iesus
1469 4323 1522 4395 (Ι
1549 4325 1684 4380 Tim.
1711 4343 1769 4397 ιι,

188 4400 275 4466 5).
316 4398 444 4453 Etsi
476 4402 642 4471 (quod
681 4405 842 4477 absit)
869 4411 1142 4484 nominato
1174 4411 1226 4467 in
1257 4414 1583 4484 baptismate
1611 4417 1770 4485 Filio,

186 4490 309 4543 sola
341 4489 458 4545 Filii
501 4493 591 4548 Dei
625 4510 855 4566 persona
898 4501 1237 4570 nominatur,
1291 4511 1347 4559 et
1390 4519 1616 4573 persona
1650 4506 1772 4562 Filii

186 4579 288 4636 Dei
323 4581 550 4638 hominis
580 4601 685 4642 non
727 4602 1197 4660 commemoratur,
1231 4595 1498 4654 mediator
1538 4615 1642 4654 non
1670 4615 1772 4655 no-
1805 4597 1852 4654 1)

184 4675 446 4728 minatur.
481 4677 547 4732 Et
568 4681 838 4748 quomodo
865 4687 982 4739 sine
1025 4687 1322 4743 mediatore
1348 4688 1506 4746 Pater
1531 4692 1775 4747 reconci-

182 4765 395 4819 liatur?
421 4779 514 4823 aut
538 4772 580 4824 si
619 4769 758 4827 forte
787 4789 894 4828 non
925 4779 1330 4845 reconciliatur,
1362 4790 1418 4835 ut
1445 4781 1569 4850 quid
1601 4783 1771 4852 bapti-

180 4872 344 4912 smus
372 4858 560 4915 datur?
585 4862 642 4920 Si
674 4878 849 4920 autem
877 4870 1271 4937 reconciliatur,
1304 4887 1402 4942 per
1423 4874 1774 4929 mediatorem

179 4943 594 5009 reconciliatur:
629 4956 686 5012 Si
718 4971 816 5026 per
845 4961 1196 5016 mediatorem
1229 4964 1628 5031 reconciliatur,
1664 4979 1778 5019 tne-

175 5043 371 5098 diator
397 5043 497 5099 iste
523 5061 629 5101 non
656 5059 738 5103 est
781 5060 985 5106 tantum
1037 5053 1199 5118 Deus,
1231 5069 1404 5124 neque
1435 5063 1636 5110 tantum
1681 5058 1776 5110 ho-

178 5149 306 5200 nio,
349 5134 444 5191 sed
476 5137 616 5193 Deus
641 5142 834 5210 homo;
870 5153 926 5197 ut
950 5144 1141 5216 jungat
1170 5149 1464 5215 hominem,
1493 5149 1696 5204 habens
1721 5149 1775 5204 in

179 5242 298 5281 una
329 5229 620 5302 eademque
658 5247 891 5303 persona
922 5252 1042 5292 cum
1075 5239 1184 5294 Deo
1225 5241 1558 5297 divinitatem
1588 5284 1603 5309 ,
1651 5258 1772 5297 cum

177 5318 499 5376 horninibus
527 5323 914 5384 humanitatem
938 5369 954 5395 ,
1003 5340 1059 5387 et
1105 5344 1320 5400 propter
1355 5334 1456 5389 hoc
1490 5333 1771 5390 mediator.

175 5413 327 5468 Nam
367 5417 410 5468 si
439 5418 576 5472 alzer
613 5419 775 5477 fuerit
804 5422 964 5488 Deus,
998 5425 1135 5479 alter
1166 5427 1362 5494 homo;
1394 5411 1442 5480 id
1472 5436 1575 5492 est,
1616 5429 1773 5484 aliam

175 5519 474 5576 personam
503 5509 747 5568 habuerit
770 5515 910 5570 Deus
934 5517 1199 5584 Christue,
1230 5518 1387 5574 aliam
1420 5521 1580 5577 homo
1610 5521 1771 5576 Chri-

169 5610 339 5663 stus;
369 5615 467 5656 nec
495 5619 718 5672 persona
750 5607 838 5663 illa
882 5610 1081 5666 Christi
1127 5628 1246 5682 qua:
1296 5615 1455 5670 habet
1499 5632 1624 5672 cum
1663 5619 1770 5674 Deo

171 5689 542 5761 divinitatem,
573 5696 834 5756 mediator
859 5710 1044 5759 noster
1070 5711 1171 5771 est,
1204 5705 1325 5775 quia
1355 5719 1458 5762 non
1486 5708 1762 5765 nobiscum

260 5813 283 5839 "
318 5803 455 5876 Lege
488 5810 635 5864 dixit.

1877 1989 2106 2034 mortem
2137 1979 2334 2035 Christi
2381 1981 2431 2034 in
2464 1996 2564 2049 qua
2597 1996 2695 2035 nos
2737 1981 2994 2050 baptizari
3029 1980 3185 2034 docet
3234 1981 3461 2047 Aposto-

1877 2069 1960 2125 lus
1986 2111 2001 2134 ,
2047 2085 2276 2137 persona
2321 2071 2415 2124 filii
2449 2071 2678 2127 hominis
2710 2070 3121 2126 commemorari
3162 2069 3461 2124 debuerat?

1875 2161 2182 2217 Secundum
2212 2161 2481 2218 hominem
2513 2163 2653 2217 enim
2686 2162 2820 2218 mori
2856 2163 3026 2233 potuit
3060 2161 3324 2218 Christus.
3355 2159 3461 2214 Sed

1876 2252 1922 2305 si
1956 2251 2047 2306 ille
2074 2253 2163 2322 qui
2193 2266 2475 2322 personam
2501 2269 2661 2308 unam
2689 2268 2884 2323 negare
2905 2262 3128 2308 conatur
3149 2254 3199 2306 in
3223 2251 3460 2312 Christo.

1878 2359 1945 2397 ne
1963 2343 2218 2398 excludat
2245 2344 2630 2399 incarnationis
2651 2361 2681 2398 a
2705 2344 3027 2414 baptismate
3048 2352 3462 2405 sacramentum,

1877 2434 2151 2491 nominato
2176 2434 2314 2490 Filio
2344 2450 2629 2505 personam
2665 2436 2759 2489 filii
2799 2433 3032 2488 hominis
3061 2441 3338 2486 asseverat
3369 2444 3464 2483 no-

1877 2524 2105 2589 minati;
2141 2539 2244 2578 non
2290 2540 2420 2594 ergo
2464 2525 2514 2579 in
2548 2525 2702 2580 unito
2733 2524 3016 2580 Trinitatis
3050 2520 3266 2576 nomine
3293 2521 3462 2590 bapti.

1879 2630 2086 2672 zamus.
2118 2616 2300 2685 Neque
2331 2615 2472 2672 enim
2505 2616 2740 2672 Trinitas
2792 2623 2964 2684 potest
3009 2613 3116 2669 dici
3144 2655 3158 2679 ,
3200 2611 3290 2666 ubi
3325 2611 3463 2664 Deus

1880 2707 1977 2762 Dei
2008 2707 2176 2762 Filius
2200 2722 2306 2762 non
2338 2709 2664 2773 nominatur,
2688 2707 2730 2761 si
2761 2721 2987 2776 persona
3009 2713 3211 2758 tantum
3246 2701 3340 2756 filii
3372 2701 3462 2757 ho-

1878 2797 2036 2853 minis
2073 2799 2390 2852 inculcatur.

1949 2887 2003 2942 5.
2035 2886 2104 2943 Ut
2133 2902 2262 2956 ergo
2291 2886 2531 2942 Trinitas
2563 2897 2670 2941 tota
2700 2889 2750 2942 in
2785 2887 3104 2956 baptismate
3135 2887 3460 2953 nominetur,

1877 2987 1934 3033 et
1971 2977 2283 3034 mediatoris
2323 2978 2492 3050 gratia
2513 2994 2630 3034 non
2663 2979 2902 3041 sileatur,
2946 2990 2999 3033 et
3031 2979 3219 3033 mortis
3263 2977 3462 3030 Christi

1876 3071 2322 3130 commemoratio
2364 3082 2688 3141 renovetur,
2741 3088 2902 3128 unam
2966 3071 3212 3128 Christus
3265 3072 3463 3126 habere

1877 3177 2165 3232 personam
2193 3164 2460 3219 veraciter
2488 3171 2845 3233 agnoscatur;
2894 3173 2951 3217 ut
2982 3164 3257 3218 nominato
3285 3161 3338 3215 in
3357 3162 3460 3216 'ba-

1797 3246 1845 3312 C
1876 3258 2129 3328 ptismate
2155 3255 2314 3322 Filio,
2356 3256 2472 3312 haec
2502 3273 2603 3312 una
2637 3271 2865 3326 persona
2896 3259 3158 3312 nominari
3201 3257 3464 3322 intelliga-

1879 3358 1966 3404 tur
2010 3347 2078 3404 de
2124 3364 2227 3420 qua
2268 3347 2402 3403 dicit
2430 3349 2589 3405 etiam
2619 3349 2813 3406 Paulus
2843 3366 2934 3405 vas
2963 3350 3244 3406 electionis
3275 3368 3286 3403 :
3320 3349 3460 3409 Nam

1875 3449 1924 3495 et
1949 3457 2041 3513 ego
2064 3442 2202 3511 quod
2223 3440 2430 3505 donavi,
2461 3444 2506 3495 si
2531 3441 2658 3511 quid
2680 3443 2861 3494 donavi
2896 3455 3105 3513 propter
3128 3458 3234 3510 vos,
3261 3443 3311 3495 in
3351 3457 3463 3508 per-

1876 3548 2004 3587 sona
2031 3530 2222 3586 Christi
2251 3530 2340 3602 (II
2359 3530 2480 3585 Cor.
2513 3548 2575 3595 ιι,
2606 3532 2714 3602 10).
2743 3534 2873 3599 Quze
2904 3546 3130 3601 persona
3165 3542 3332 3586 totum
3369 3531 3463 3584 ha-

1880 3621 2014 3677 bens
2042 3622 2185 3692 quod
2217 3632 2299 3676 est
2331 3621 2448 3683 Dei.
2483 3629 2651 3677 totum
2684 3623 2885 3678 habens
2916 3622 3059 3691 quod
3094 3633 3175 3678 est
3203 3623 3458 3688 hominis,

1877 3715 2142 3769 veraciter
2169 3707 2300 3768 dicit
2331 3715 2471 3782 quod
2512 3715 2748 3770 Joannes
2773 3715 3100 3784 evangelista
3126 3729 3458 3770 commemo-

1877 3814 1961 3859 rat
1995 3822 2006 3858 :
2043 3802 2208 3858 Nemo
2228 3805 2451 3859 ascendit
2473 3807 2524 3858 in
2558 3808 2759 3873 malum,
2788 3807 2886 3861 nisi
2905 3808 2993 3875 qui
3023 3807 3088 3860 de
3112 3806 3236 3861 caelo
3257 3807 3464 3860 descen-

1879 3895 1952 3960 dit
1979 3939 1994 3962 ,
2045 3897 2184 3965 ﬁlius
2221 3896 2438 3949 hominis
2463 3937 2479 3960 ,
2523 3899 2611 3964 qui
2652 3907 2724 3951 est
2755 3898 2805 3950 in
2836 3899 2962 3951 caelo
2999 3897 3179 3968 (Joan.
3228 3913 3282 3951 In
3306 3939 3319 3960 ,
3353 3897 3460 3965 l3).

1876 3984 2160 4052 Quomodo
2187 3986 2330 4039 enim
2365 4000 2523 4040 nemo
2548 3987 2788 4042 ascendit
2819 3988 2871 4041 in
2897 3989 3114 4052 caelum,
3148 3989 3246 4042 nisi
3281 3989 3367 4058 qui
3397 3991 3464 4043 do

1875 4077 2018 4132 ccelo
2047 4076 2366 4142 descendit,
2411 4076 2455 4131 si
2485 4092 2590 4132 non
2625 4087 2706 4132 est
2732 4094 2831 4132 una
2867 4078 3062 4134 Christi
3091 4092 3342 4148 persona,
3372 4078 3463 4146 qui

1875 4167 2159 4223 descendit
2187 4176 2240 4222 et
2279 4169 2562 4222 ascendit?
2597 4170 2782 4224 Nonne
2807 4171 2852 4225 si
2881 4171 3013 4226 duas
3045 4172 3246 4227 habere
3275 4187 3462 4242 perso-

1877 4274 1972 4314 nas
1998 4266 2229 4327 putetur,
2262 4259 2360 4313 alia
2393 4261 2495 4315 erit
2528 4261 2644 4316 sine
2689 4260 2852 4317 dubio
2882 4277 3106 4331 persona
3135 4264 3462 4332 susceptrix,

1877 4349 1976 4403 alia
2010 4364 2238 4419 persona
2285 4353 2575 4420 suscepta?
2620 4352 2723 4407 alia
2767 4369 2886 4422 quae
2912 4363 2995 4409 est
3047 4355 3116 4409 de
3148 4354 3257 4410 Deo
3304 4354 3462 4411 Patre

1875 4451 2019 4507 nata,
2051 4441 2152 4495 alia
2184 4456 2302 4510 qua:
2330 4450 2410 4519 est
2431 4442 2524 4497 Dei
2553 4443 2711 4509 Filio,
2744 4445 2955 4514 quando
2981 4445 3245 4500 iucarnari
3274 4446 3461 4511 voluit,

1878 4532 2144 4586 adunata?
2177 4534 2308 4586 Etsi
2343 4534 2414 4587 ita
2442 4543 2542 4599 est,
2567 4539 2866 4605 suseeptrix
2900 4552 3127 4605 persona
3159 4537 3463 4601 descendit,

1880 4635 1938 4678 ut
1964 4623 2283 4678 ascenderet
2314 4639 2542 4694 persona
2579 4638 2860 4696 suscepta;
2888 4642 2938 4681 et
2963 4628 3070 4696 jam
3098 4629 3288 4681 falsum
3313 4629 3414 4681 erit
3450 4646 3463 4682 :

1885 4713 2050 4768 Nemo
2083 4716 2308 4768 ascendit
2344 4716 2397 4769 in
2429 4717 2640 4783 cretum,
2676 4719 2777 4769 nisi
2815 4720 2899 4786 qui
2932 4720 2994 4772 de
3025 4722 3150 4772 caelo
3178 4721 3456 4773 descendit.

1882 4805 2166 4860 Descendit
2189 4807 2329 4861 enim
2361 4823 2588 4876 persona
2615 4809 2735 4862 Filii
2768 4809 2861 4864 Dei
2891 4820 2945 4864 et
2971 4809 3214 4866 ascendit
3242 4828 3465 4879 persona

1884 4894 2132 4962 hominis,
2161 4914 2223 4952 ac
2253 4900 2331 4952 sic
2355 4915 2459 4952 non
2491 4899 2582 4954 illa
2615 4917 2730 4970 qua:
2758 4901 3036 4956 descendit
3059 4903 3320 4958 ascendit.
3359 4905 3467 4961 lloc

1880 4986 2170 5042 secundum
2209 4991 2524 5054 pravitatem
2573 4992 2728 5046 mala:
2755 4991 3122 5062 intelligentia:
3147 5009 3332 5048 eorum
3378 4998 3466 5066 qui

1880 5077 2152 5145 duplicant
2184 5079 2456 5134 Christum
2484 5123 2497 5145 ,
2542 5081 2848 5150 disputandi
2886 5087 3180 5140 necessitas
3206 5089 3468 5156 compulit

1881 5165 2045 5237 loiui.
2087 5166 2354 5224 Cancrum
2382 5170 2504 5226 idco
2528 5190 2653 5228 vere
2684 5191 2843 5230 nemo
2881 5178 3124 5232 ascendit
3162 5179 3216 5233 in
3249 5182 3465 5245 caelum,

1882 5261 1984 5314 nisi
2010 5261 2098 5330 qui
2127 5263 2191 5315 de
2214 5263 2354 5318 cmlo
2384 5265 2683 5331 descendit,
2713 5269 2836 5338 quia
2880 5287 2982 5324 una
3016 5279 3099 5326 est
3127 5273 3466 5328 ascendentis

1881 5349 2369 5422 descendentisque
2393 5370 2645 5423 persona.
2684 5360 2976 5414 secundum
3009 5371 3246 5415 naturam
3275 5361 3468 5416 divini-

1885 5441 2008 5494 tatis
2052 5442 2338 5498 inrliuante
2367 5448 2711 5504 miseratione
2740 5451 3079 5507 descendens
3106 5495 3120 5518 ,
3169 5452 3465 5507 secundum

1881 5539 2126 5587 naturam
2183 5533 2530 5594 humanitatis
2597 5554 2720 5595 eum
2788 5553 2986 5609 tropaeo
3049 5541 3466 5596 immortalitatis

1882 5626 2093 5678 asccnd.
2115 5641 2199 5680 ns.
2232 5629 2363 5683 lluic
2385 5631 2528 5684 enim
2564 5633 2637 5685 rei
2673 5632 3029 5687 testimonium
3062 5634 3196 5687 dans
3225 5632 3464 5704 gentium

1879 5716 2073 5773 Doctor
2094 5763 2106 5784 ,
2137 5729 2320 5789 aperte
2351 5724 2499 5794 ponit
2530 5741 2541 5776 :
2577 5724 2674 5792 Qui
2704 5725 2994 5788 descendit,
3045 5728 3151 5794 ipse
3195 5737 3267 5780 est
3298 5735 3344 5781 et
3384 5725 3464 5790 qui
