3978 6350
502 332 608 395 9l5

1426 330 1785 387 FULGENTII
1831 325 2177 382 FliliilANDl
2224 324 2493 381 DIACONI
2524 324 2874 382 CARTIIAG.

3682 319 3797 375 9H3

503 419 732 501 ascendit
771 444 985 516 (Ephes.
1035 459 1105 509 tv,
1142 442 1227 511 10)
1264 460 1275 493 :
1311 442 1425 517 ipse
1456 442 1630 511 plane.
1685 456 1787 495 non
1827 438 1992 502 alius;
2032 444 2085 492 et
2112 439 2164 495 Α
2194 445 2293 500 ret,
2323 436 2424 499 Qui
2457 454 2536 491 me
2570 437 2742 501 videt;
2766 436 2879 507 jam
2906 438 3052 491 visus
3094 435 3147 488 in
3190 449 3374 500 carne,
3406 432 3573 488 videri
3606 433 3797 489 adhuc

506 534 553 591 si
579 550 685 589 non
725 534 891 599 alius,
926 548 1027 587 una
1082 548 1332 602 prorsus,
1376 533 1564 588 eadem
1613 530 2089 601 inseparabilisque

509 639 755 693 persona,
784 623 852 678 de
878 638 982 693 qua
1028 632 1170 678 recte
1194 623 1392 678 dicitur
1423 640 1438 676 :
1475 622 1640 676 Nemo
1662 622 1891 677 ascendit
1917 622 1969 674 in
1994 636 2090 675 cae-

504 717 637 781 lum,
657 715 759 769 nisi
778 716 865 781 qui
886 718 948 768 de
967 715 1096 770 casto
1117 716 1373 769 descendit
1404 713 1584 784 (Joan.
1618 729 1695 777 ttt,
1730 714 1819 783 15)
1844 730 1858 778 ;
1886 723 1939 767 et
1970 728 2091 782 pro-

508 817 629 877 pter
659 821 818 876 quam
847 807 1016 862 tardis
1060 808 1330 863 mentibus
1373 806 1744 861 inculcandam
1790 804 2093 859 rectissime

2190 528 2377 582 volens
2430 528 2484 582 in
2511 526 2791 583 divinitate
2811 569 2827 593 ,
2875 527 2970 583 sed
3000 528 3206 588 diceret
3244 526 3419 594 potius
3441 565 3456 588 ,
3502 524 3607 592 Qui
3639 525 3792 579 videt

2190 619 2356 675 Deum
2385 635 2589 688 meum,
2620 620 2765 674 videt
2808 635 3092 689 personam
3126 618 3221 674 Dei
3253 619 3381 674 mei.
3411 618 3548 686 Quid
3576 628 3660 673 est
3696 635 3794 673 au-

2192 719 2299 767 tem
2345 710 2527 766 dicere
2563 711 2763 765 videnti
2812 726 2895 777 se,
2929 710 3034 775 Qui
3061 711 3196 764 videt
3245 726 3323 764 me
3355 752 3370 776 ,
3420 709 3523 763 nisi
3552 708 3742 765 dicere
3775 727 3790 763 :

2195 800 2306 870 Ego
2334 814 2451 855 sum
2478 801 2566 870 qui
2594 800 2801 867 videor,
2831 814 2930 871 ego
2959 800 3051 869 qui
3085 815 3191 854 non
3216 798 3446 854 videor?
3474 799 3540 854 Et
3572 800 3667 870 qui
3704 816 3792 856 me

514 906 851 968 sequeretur,
899 895 1070 952 Filius
1095 897 1315 952 hominis
1344 899 1529 968 quiest
1562 898 1615 951 in
1644 897 1787 951 caelo.
1823 896 1923 950 Hic
1949 897 2091 950 enim
2190 891 2301 959 jam
2333 891 2465 946 foris
2493 891 2779 947 carnaliter
2809 891 2973 956 videt,
3003 891 3048 946 si
3080 891 3224 945 videt
3268 890 3412 945 intus
3439 890 3795 959 Spiritaliter,

510 1005 695 1061 quer
727 1007 741 1043 :
766 991 811 1046 si
837 1006 940 1046 non
965 999 1050 1046 est
1075 1004 1174 1044 una
1204 990 1295 1045 Dei
1324 988 1662 1058 hominisque
1686 1001 1935 1056 persona,
1962 1001 2095 1056 quo-

513 1083 675 1137 modo
705 1081 838 1138 dicit
865 1098 879 1135 :
912 1081 1083 1136 Filius
1113 1082 1333 1135 hominis
1371 1081 1458 1150 qui
1487 1089 1557 1134 est
1584 1081 1638 1132 in
1678 1079 1836 1141 ctelo,
1880 1076 2098 1147 quando

512 1173 689 1228 adhuc
734 1173 961 1228 necdum
1014 1187 1203 1241 passus
1248 1172 1566 1242 loquebatur
1612 1171 1663 1224 in
1692 1168 1924 1224 sarculo?
1965 1168 2099 1234 Quo-

513 1264 677 1320 modo
705 1273 809 1326 est,
841 1264 1058 1333 inquam
1086 1305 1101 1328 ,
1151 1263 1423 1333 quomodo
1453 1271 1539 1319 est
1582 1263 1632 1316 in
1662 1262 1800 1317 coelo
1831 1262 1970 1315 ﬁlius
2000 1260 2099 1315 bo-

516 1355 677 1408 minis
704 1362 828 1408 ante
859 1363 1086 1408 mortem
1117 1355 1315 1419 crucis,
1345 1362 1469 1408 ante
1495 1352 1720 1425 gloriam
1753 1352 2103 1407 resurrectio-

520 1446 603 1498 nis
628 1485 644 1511 ,
695 1452 818 1499 ante
849 1444 1181 1512 triumphum
1210 1445 1559 1507 ascensionis,
1592 1444 1693 1498 nisi
1725 1444 1849 1512 quia
1879 1442 2105 1497 adhmsit

518 1531 585 1586 ad
619 1532 876 1587 unitatem
904 1547 1144 1600 persona:
1166 1533 1300 1588 Filio
1325 1533 1439 1597 Dei,
1470 1534 1559 1600 qui
1584 1548 1852 1602 nunquam
1884 1534 2106 1589 recessit

525 1638 593 1681 ex
631 1625 801 1689 cado;
831 1635 885 1680 et
916 1626 1036 1679 idco
1062 1635 1141 1679 est
1175 1626 1315 1680 ﬁlius
1347 1625 1575 1680 hominis
1602 1626 1651 1679 in
1683 1625 1844 1689 caelo,
1872 1627 1993 1693 quia
2034 1624 2104 1679 ibi

526 1724 613 1770 est
640 1730 855 1784 semper
881 1715 1045 1771 Filius
1079 1717 1192 1781 Dei,
1237 1718 1326 1786 qui
1358 1715 1530 1771 factus
1559 1724 1642 1772 est
1671 1716 1811 1771 ﬁlius
1834 1716 2109 1772 hominist

2200 997 2307 1035 non
2334 982 2588 1046 alterum,
2617 981 2713 1037 sed
2741 996 2865 1046 me;
2899 980 2987 1035 hic
3019 980 3259 1049 profecto
3284 981 3371 1049 qui
3402 981 3481 1035 sic
3505 982 3652 1035 videt
3683 996 3795 1047 me,

2198 1072 2346 1128 videt
2372 1081 2428 1129 et
2455 1073 2693 1129 Patrem.
2718 1073 2785 1127 Et
2806 1084 3025 1127 secutus
3055 1074 3269 1127 statim:
3305 1072 3416 1142 Ego
3446 1074 3501 1126 in
3536 1072 3727 1139 Patre,
3750 1084 3800 1127 et

2204 1164 2365 1219 Pater
2390 1167 2446 1220 in
2478 1182 2556 1221 me
2581 1164 2776 1235 (Ibid.,
2801 1166 2914 1235 10).
2948 1165 3176 1232 Quando
3204 1165 3405 1222 diceret
3431 1180 3562 1219 caro
3594 1176 3799 1220 morta-

2204 1257 2288 1321 lis,
2331 1256 2439 1327 Ego
2468 1257 2520 1311 in
2551 1256 2726 1320 Patre,
2767 1266 2813 1310 et
2854 1255 3014 1311 Pater
3059 1258 3112 1310 in
3138 1273 3234 1321 me,
3292 1257 3391 1310 nisi
3426 1257 3541 1327 ipse
3575 1267 3800 1327 propter

2204 1350 2467 1404 unitatem
2506 1362 2750 1417 personze
2779 1358 2923 1403 esset
2953 1347 3095 1403 Deus
3122 1348 3462 1413 immortalis,
3492 1350 3582 1417 qui
3616 1349 3800 1403 cruci-

2209 1440 2451 1509 ﬁgendus
2486 1439 2661 1494 fuerat
2708 1439 2869 1494 homo
2920 1438 3200 1493 mortalis?
3257 1438 3392 1493 Audi
3439 1454 3564 1493 eum
3621 1439 3803 1493 adhuc

2210 1529 2366 1583 unius
2398 1544 2518 1583 esse
2553 1529 2837 1584 veritatem
2886 1542 3130 1597 personae
3176 1527 3351 1582 modis
3393 1526 3634 1596 pluribus
3668 1528 3806 1581 alle-

2209 1629 2451 1690 gantem.
2497 1618 2630 1674 Cum
2682 1620 3036 1688 interrogaret
3082 1617 3373 1685 discipulos
3409 1631 3541 1670 suos
3582 1635 3597 1669 :
3637 1616 3803 1683 Quem

2211 1727 2314 1774 me,
2346 1710 2536 1780 inquit,
2568 1712 2743 1763 dicunt
2766 1710 2994 1763 homines
3021 1724 3126 1761 esse
3149 1708 3313 1774 ﬁlium
3336 1706 3804 1777 hominisﬂlatth.

523 1806 716 1864 Mirum
748 1807 944 1876 quippe
972 1851 984 1872 ,
1038 1809 1231 1862 mirum
1260 1852 1274 1876 ,
1323 1808 1426 1862 nisi
1458 1809 1809 1877 intelligatur,
1860 1817 2100 1878 apparet.
2134 1808 2180 1867 Β
2210 1818 2322 1867 xvr,
2352 1803 2478 1871 15)?
2522 1801 2652 1857 Post
2680 1801 2964 1871 opiniones
2994 1798 3189 1853 multas
3218 1808 3273 1853 et
3317 1798 3489 1852 varias
3517 1798 3803 1852 hominum

525 1895 786 1959 Dominus
814 1896 944 1952 dicit
976 1916 990 1950 :
1019 1897 1187 1953 Nemo
1214 1900 1444 1952 ascendit
1474 1900 1527 1953 in
1555 1899 1758 1965 caelum,
1799 1900 1900 1952 nisi
1927 1900 2015 1970 qui
2046 1902 2109 1955 de

525 1986 652 2039 creto
713 1986 1005 2053 descendit;
1045 1996 1099 2042 et
1126 1988 1275 2058 quasi
1318 1989 1667 2059 interrogaret
1698 1989 1935 2058 aliquis:
1980 1989 2111 2057 Quis

529 2084 614 2131 est
645 2077 783 2131 iste?
828 2079 1106 2133 confestim
1137 2080 1253 2133 sine
1292 2080 1622 2135 dubitatione
1666 2082 1981 2150 respondit:
2015 2079 2112 2134 Fi-

528 2167 631 2235 lius
661 2168 880 2224 hominis
908 2171 995 2240 qui
1016 2181 1087 2226 est
1109 2172 1162 2225 in
1194 2173 1340 2228 (telo.
1377 2173 1421 2227 Ο
1449 2173 1673 2230 Domine
1700 2174 1849 2239 Jesu,
1883 2175 1937 2229 lu
1963 2177 2111 2243 prin-

539 2261 626 2328 pio
659 2262 915 2329 Verbum,
962 2272 1017 2317 et
1049 2264 1279 2319 Verbum
1310 2267 1448 2334 apud
1482 2266 1673 2333 Deum,
1703 2278 1757 2321 et
1796 2266 1937 2322 Deus
1979 2266 2111 2322 Ver-

531 2352 690 2418 bum;
728 2367 905 2409 nonne
929 2364 1213 2425 antequam
1238 2340 1616 2421 descenderes,
1645 2364 1702 2411 et
1736 2357 1965 2412 Verbum
1989 2372 2116 2413 caro

532 2443 692 2498 ﬁeres
720 2452 774 2498 et
804 2443 1074 2501 habitares
1108 2447 1159 2500 in
1192 2446 1366 2516 nobis,
1411 2447 1552 2502 Deus
1584 2457 1788 2504 tantum
1821 2450 1988 2516 fuisti,
2019 2450 2118 2505 Pa-

532 2535 604 2595 tri
628 2545 683 2591 et
709 2535 927 2607 Spiritui
958 2551 1145 2595 saneto
1192 2540 1689 2609 consubstantialis,
1724 2552 1884 2613 atque
1928 2559 2034 2597 una
2064 2545 2116 2600 in

536 2627 801 2691 Trinitate
828 2632 1091 2699 persona?
1129 2632 1408 2699 Quomodo
1444 2649 1571 2703 ergo
1618 2649 1759 2689 nunc
1789 2635 1870 2690 ais
1902 2653 1915 2688 :
1951 2635 2118 2690 Nemo

534 2719 762 2775 ascendit
783 2721 838 2774 in
862 2723 1067 2790 cretum,
1108 2725 1211 2777 nisi
1234 2726 1323 2793 qui
1351 2726 1414 2779 de
1444 2726 1571 2780 creto
1600 2727 1893 2790 descendit;
1930 2736 1984 2781 et
2011 2737 2118 2783 sta-

540 2812 633 2864 tim
663 2825 948 2880 personam
970 2813 1346 2870 descendentis
1369 2817 1644 2871 insinuans
1671 2818 1932 2885 sequeris,
1952 2815 2123 2872 Filius

536 2900 760 2957 hominis
798 2904 887 2972 qui
915 2914 989 2958 est
1018 2906 1069 2958 in
1115 2906 1240 2961 ctelo
1264 2906 1289 2955 ?
1335 2907 1615 2973 Quomodo
1657 2907 1940 2964 descendit
1982 2909 2123 2964 filius

537 2991 795 3058 hominis,
825 3002 1108 3065 antequam
1142 3005 1195 3050 tu
1230 2998 1383 3053 fieres
1413 3000 1552 3052 ﬁlius
1581 2999 1832 3065 hominis,
1866 3000 1966 3054 nisi
1990 3015 2123 3069 quo-

537 3084 683 3139 niam
712 3092 765 3139 tu
795 3085 883 3155 qui
910 3100 1031 3140 eras
1060 3087 1127 3141 ab
1155 3088 1304 3143 initio
1335 3088 1502 3143 Filius
1528 3091 1645 3155 Dei,
1677 3101 1731 3144 tu
1755 3090 1899 3145 Deus
1929 3090 2118 3161 unige-

2212 1895 2406 1965 quibus
2437 1894 2525 1948 alii
2556 1895 2726 1949 Ellam
2747 1936 2761 1959 ,
2793 1893 2880 1947 alii
2910 1892 3194 1948 Jeretuiatn
3222 1933 3238 1956 ,
3286 1891 3372 1945 alii
3405 1890 3669 1945 Joannem
3707 1891 3807 1943 Ba-

2216 1985 2441 2056 ptistam
2467 2028 2481 2051 ,
2534 1985 2623 2039 alii
2658 1999 2819 2039 unum
2852 1998 2919 2038 ex
2967 1981 3236 2052 prophetis
3282 1982 3641 2050 opinabantur
3683 1992 3809 2033 esse

2215 2077 2486 2133 Christum
2534 2076 2665 2141 Dei,
2712 2075 2995 2130 Dominum
3026 2074 3435 2142 pr0phetarum,
3467 2072 3809 2139 distinguere

2216 2184 2275 2225 se
2298 2168 2562 2223 Dominus
2594 2182 2621 2220 a
2656 2165 2870 2221 famulis
2903 2165 3110 2231 volens,
3148 2178 3412 2231 unumque
3442 2177 3502 2216 se
3530 2160 3809 2215 Christum

2218 2262 2493 2316 inculcare
2526 2258 2831 2313 videntibus
2862 2258 3082 2325 cupiens
3110 2274 3123 2309 :
3163 2255 3266 2309 Vos
3300 2266 3491 2319 autem,
3519 2255 3633 2319 ait,
3657 2271 3809 2325 quem

2218 2369 2298 2406 me
2337 2369 2441 2407 esse
2467 2351 2635 2405 dicitis
2665 2349 2854 2422 (Ibid.,
2886 2348 3017 2419 15)?
3045 2348 3339 2417 Respondit
3379 2348 3573 2401 Petrus
3604 2364 3617 2399 :
3644 2346 3731 2399 Tu
3759 2363 3809 2399 es

2219 2444 2451 2499 Christus
2481 2441 2655 2495 Filius
2700 2441 2794 2493 Dei
2831 2442 2927 2493 vivi
2957 2438 3114 2510 (Ibid.
3141 2484 3155 2507 ,
3203 2438 3314 2507 ib).
3347 2438 3445 2492 llic
3470 2438 3514 2491 si
3545 2453 3650 2491 una
3680 2452 3807 2507 per-

2220 2549 2352 2589 sona
2386 2535 2505 2589 Filii
2554 2533 2648 2589 Dei
2679 2541 2733 2589 et
2773 2534 2864 2587 lilii
2894 2533 3122 2586 Imminis
3153 2546 3257 2585 non
3290 2531 3502 2592 fuisset,
3536 2530 3809 2599 quomodo

2221 2626 2406 2682 beatus
2437 2626 2625 2681 Petrus
2668 2626 2973 2695 appellattte
3001 2640 3059 2679 se
3087 2623 3301 2680 Christo
3342 2624 3504 2678 ﬁlium
3536 2624 3803 2685 hominis,

2221 2720 2367 2774 velut
2410 2718 2807 2773 contradiceret
2854 2717 3121 2772 adderet:
3169 2716 3245 2769 Tu
3277 2733 3328 2770 es
3371 2715 3609 2769 Christus
3637 2712 3813 2769 Filius

2226 2810 2321 2864 Dei
2345 2811 2484 2865 vivi?
2507 2809 2755 2867 Christus
2782 2810 2908 2866 dicit
2953 2829 2964 2865 :
3008 2826 3087 2863 me
3113 2810 3279 2879 filium
3305 2806 3526 2861 hominis
3564 2820 3585 2859 :
3623 2806 3813 2859 Petrus

2223 2901 2385 2969 dicit,
2418 2901 2500 2955 Tu
2530 2919 2581 2957 es
2611 2900 2782 2956 Filius
2824 2899 2921 2955 Dei
2959 2902 3079 2955 vivi.
3110 2900 3165 2955 Si
3204 2915 3310 2955 non
3356 2905 3441 2954 est
3483 2912 3583 2951 una
3612 2896 3816 2952 Christi

2227 3010 2476 3063 persona,
2510 2997 2578 3053 de
2604 2996 2709 3051 alio
2756 2996 2947 3051 Petrus
2975 2996 3357 3065 interrogatur,
3389 2991 3552 3046 alium
3586 2989 3814 3045 conﬁte-

2228 3097 2331 3141 tur.
2364 3086 2747 3158 lnterrogatur,
2782 3086 2945 3153 Quem
2967 3102 3045 3139 me
3069 3101 3177 3141 esse
3195 3085 3370 3137 dicunt
3393 3084 3622 3137 hantinss
3644 3084 3817 3152 ﬁlium

538 3175 704 3243 nitus,
741 3184 794 3230 tu
825 3191 929 3231 una
975 3179 1027 3232 in
1070 3179 1328 3237 Trinitate
1359 3196 1587 3250 persona
1606 3226 1620 3249 ,
1669 3181 1841 3238 factus
1872 3198 1931 3239 es
1982 3184 2123 3239 ﬁlius
2149 3166 2197 3232 C
2232 3179 2488 3234 hominis?
2511 3187 2567 3234 et
2587 3177 2874 3248 respondet
2902 3196 2913 3232 :
2939 3177 3018 3231 Tu
3044 3193 3093 3230 es
3116 3176 3352 3232 Christus
3374 3174 3545 3230 Filius
3574 3174 3673 3228 Dei
3693 3175 3816 3227 rivi.

541 3270 805 3337 hominis;
850 3280 907 3327 et
933 3272 1014 3329 sic
1044 3273 1212 3331 factus
1242 3290 1301 3331 es
1346 3276 1486 3332 ﬁlius
1515 3277 1766 3344 hominis,
1799 3286 1855 3332 ut
1885 3291 1990 3332 non
2036 3278 2118 3329 al-

540 3371 656 3431 tera
683 3371 828 3418 esset
859 3378 1087 3434 persona
1120 3374 1231 3435 tua,
1260 3368 1426 3423 altera
1455 3368 1545 3421 ﬁlii
1570 3368 1841 3423 hominis?

518 3530 529 3538 .
611 3451 667 3507 6.
703 3452 829 3509 Herc
859 3455 1089 3525 denique
1120 3471 1222 3511 una
1253 3457 1682 3525 commendatur,
1726 3458 1939 3527 quando
1985 3457 2123 3520 Pha-

540 3541 681 3609 risaei
712 3545 1118 3618 interrogantur
1142 3563 1173 3603 a
1202 3547 1417 3605 Christo
1450 3566 1465 3603 :
1499 3550 1634 3617 Quid
1662 3552 1799 3605 vobis
1825 3550 2027 3603 videtur
2060 3550 2124 3603 de

541 3630 788 3695 Christo?
814 3638 964 3710 cujus
987 3637 1128 3703 ﬁlius
1157 3648 1231 3692 est
1254 3638 1470 3711 (Matth.
1506 3655 1638 3705 χχιι,
1662 3640 1789 3708 42)?
1814 3639 1879 3693 Et
1909 3654 2125 3707 reSpon-

540 3724 812 3792 dentibus,
844 3725 1033 3794 David,
1064 3728 1193 3784 dicit
1218 3729 1375 3785 .lesus
1406 3749 1417 3782 :
1449 3730 1716 3795 Quomodo
1732 3744 1852 3799 ergo
1877 3729 2043 3783 David
2075 3731 2127 3783 in

541 3816 726 3888 spiritu
755 3828 898 3872 vocat
936 3835 1052 3872 eum
1092 3818 1401 3889 Dominum,
1436 3823 1607 3877 dicens
1644 3839 1662 3876 :
1696 3823 1841 3876 Dixit
1879 3822 2127 3875 Dominus

544 3909 766 3965 Domino
809 3928 938 3977 meo,
974 3913 1109 3968 Sede
1138 3917 1205 3968 ad
1236 3916 1495 3969 dexteram
1526 3932 1710 3983 meam,
1748 3918 1909 3969 donec
1940 3930 2127 3983 ponam

544 4000 777 4073 inimicos
803 4013 914 4057 tuos
943 4003 1220 4059 scabellum
1262 4007 1444 4072 pedum
1471 4016 1671 4060 tuorum
1704 4006 1878 4077 (Psal.
1905 4022 2014 4071 Ctx,
2040 4007 2130 4075 i)?

548 4091 716 4155 David
743 4095 883 4148 enim
916 4101 1071 4150 vocat
1102 4110 1221 4150 eum
1256 4096 1560 4162 Dominum,
1599 4106 1653 4152 et
1694 4097 1961 4166 quomodo
1991 4098 2130 4152 filius

545 4183 662 4251 ejus
688 4185 806 4238 est?
847 4185 945 4241 Ubi
992 4186 1246 4243 Pbaristci
1275 4188 1489 4257 quidem
1520 4190 1750 4247 convicti
1789 4198 1913 4243 sunt
1952 4199 2005 4245 et
2032 4190 2131 4242 hu-

547 4274 766 4342 tniliati;
799 4278 894 4332 sed
928 4293 1023 4333 nos
1064 4288 1264 4347 tamen,
1297 4283 1339 4335 si
1367 4283 1451 4351 pie
1480 4297 1809 4352 quaeramus,
1842 4284 2127 4339 admoniti.

545 4367 722 4434 Quare
750 4369 889 4425 enim
917 4370 1054 4424 ﬁlius
1099 4370 1271 4426 David
1317 4373 1582 4428 Dominus
1613 4375 1812 4437 David,
1868 4376 1971 4430 nisi
2005 4376 2129 4441 quia

551 4460 810 4515 Dominus
861 4460 1025 4523 David
1060 4462 1173 4531 ipse
1214 4462 1390 4520 factus
1442 4473 1525 4519 est
1570 4465 1712 4519 ﬁlius
1764 4466 1960 4519 David?
1995 4465 2125 4522 Nam

547 4553 790 4623 profecto
826 4554 870 4611 si
903 4569 1007 4617 non
1038 4565 1184 4611 esset
1210 4571 1313 4611 una
1343 4556 1541 4612 Christi
1583 4572 1834 4625 persona,
1871 4574 1974 4611 non
2005 4574 2121 4627 pm-
2160 4541 2213 4599 Β

546 4656 629 4700 set
655 4661 775 4700 esse
805 4646 947 4701 ﬁlius
992 4645 1187 4711 David,
1216 4648 1474 4703 Dominus
1523 4649 1711 4703 David.
1762 4647 1867 4703 Sed
1905 4648 2024 4703 ideo
2054 4658 2134 4703 est

548 4736 693 4807 ﬁlius
728 4736 895 4791 David
923 4780 938 4804 ,
980 4736 1240 4792 Dominus
1273 4738 1459 4803 David,
1489 4741 1615 4808 quia
1647 4754 1931 4807 personam
1974 4756 2130 4809 quam

550 4827 707 4881 habet
737 4828 995 4882 Dominus
1020 4829 1206 4893 David,
1238 4831 1404 4898 ipsum
1438 4829 1599 4884 habet
1624 4832 1763 4883 ﬁlius
1794 4830 1979 4883 David.
2011 4832 2134 4885 llaec

549 4933 652 4971 una
678 4932 927 4987 persona,
959 4921 1246 4988 postulanti
1278 4920 1522 4989 Philippo
1551 4930 1604 4975 et
1624 4921 1821 4976 dicenti
1853 4940 1863 4973 :
1894 4921 2129 4987 Domine,

548 5010 758 5063 ostende
790 5010 934 5065 nobis
963 5009 1195 5078 Patrem,
1228 5024 1272 5067 et
1304 5015 1485 5084 sufﬁcit
1515 5014 1691 5079 nobis;
1723 5015 1913 5078 Tanto,
1944 5015 2133 5080 inquit,

549 5112 778 5171 tempore
821 5104 1073 5165 vobiscum
1115 5121 1230 5160 sum
1255 5148 1268 5172 ,
1305 5116 1351 5160 et
1381 5123 1482 5159 non
1520 5108 1823 5177 cognovistis
1858 5108 1972 5161 me?
2000 5106 2132 5160 Phi-

548 5195 705 5265 lippe,
728 5196 818 5263 qui
834 5211 912 5250 me
937 5196 1091 5261 videt,
1117 5198 1250 5250 videt
1279 5206 1325 5250 et
1356 5196 1583 5251 Patrem.
1619 5198 1885 5265 Quomodo
1907 5208 1963 5250 tu
1986 5199 2134 5262 dicis,

552 5287 774 5340 Ostende
790 5287 934 5341 nobis
963 5286 1167 5343 Patrem
1182 5286 1361 5358 (Joan.
1388 5305 1497 5354 xw,
1515 5288 1570 5352 8,
1594 5290 1687 5359 9)?
1708 5290 1840 5345 Cum
1859 5290 2001 5345 enim
2019 5290 2138 5343 Phi-

550 5377 722 5446 lippus
746 5392 850 5433 non
877 5379 1083 5435 videret
1101 5381 1271 5435 oculis
1292 5382 1595 5436 carnalibus
1614 5382 1711 5435 nisi
1740 5383 2006 5436 hominem
2038 5386 2127 5452 qui

550 5472 887 5542 loquebatur,
931 5474 1132 5530 audivit
1178 5476 1278 5529 sibi
1312 5490 1403 5529 ore
1443 5475 1675 5531 hominis
1717 5476 1819 5530 dici
1855 5493 1868 5529 :
1907 5479 2008 5542 Qui
2051 5496 2129 5532 me

547 5566 701 5629 videt,
725 5565 860 5619 videt
883 5576 931 5620 et
957 5565 1184 5621 Patrem.
1208 5567 1383 5634 Quare
1410 5566 1534 5631 hoc,
1562 5567 1660 5621 nisi
1683 5566 1802 5635 quia
1828 5568 1942 5634 ipse
1969 5568 2129 5623 homo

546 5666 633 5723 est
655 5656 817 5723 Deus,
849 5674 1005 5727 quem
1036 5662 1124 5727 qui
1158 5660 1323 5722 videt,
1349 5657 1494 5712 videt
1520 5667 1573 5712 et
1598 5658 1850 5714 Patrem?
1880 5661 2127 5729 Alioquin

550 5748 597 5821 si
628 5764 731 5803 non
760 5760 902 5805 esset
926 5767 1028 5805 una
1064 5748 1154 5806 Dei
1190 5750 1527 5819 hominisque
1565 5765 1816 5817 persona,
1849 5769 1953 5806 non
1988 5754 2130 5808 ιιὶςοο

2226 3270 2333 3326 Sed
2378 3272 2422 3326 si
2471 3270 2663 3326 beatus
2697 3271 2885 3326 Petrus
2921 3286 3188 3341 nunquam
3237 3269 3518 3324 meruisset
3570 3266 3820 3337 magistri

2226 3380 2477 3422 sermone
2507 3366 2734 3435 laudari,
2768 3366 2869 3420 nisi
2903 3366 3074 3435 ipsum
3102 3361 3461 3425 conﬁteretur
3487 3360 3557 3415 de
3582 3375 3694 3430 quo
3738 3358 3818 3413 in-

2229 3458 2599 3530 terrogabatur
2620 3503 2635 3527 ,
2684 3474 2714 3512 a
2744 3472 2850 3528 quo
2882 3458 2932 3513 ei
2959 3457 3183 3520 diceret,
3217 3455 3327 3522 Tu,
3356 3469 3385 3508 a
3411 3467 3518 3521 quo
3547 3452 3817 3517 audierat,

2229 3551 2310 3606 Me
2330 3591 2343 3615 ,
2384 3551 2500 3619 ipse
2528 3561 2609 3606 est
2638 3551 2777 3605 ﬁlius
2808 3550 3039 3605 hominis
3063 3592 3079 3618 ,
3129 3547 3218 3613 qui
3246 3557 3328 3601 est
3368 3545 3534 3599 Filius
3568 3544 3666 3598 Dei
3691 3543 3815 3599 vivi.

2229 3640 2306 3695 De
2343 3654 2448 3709 quo
2477 3639 2673 3694 Paulus
2702 3639 2767 3693 ad
2811 3638 3061 3693 Hebraeos
3108 3636 3371 3701 scribens,
3419 3642 3474 3687 ut
3502 3635 3665 3687 unius
3696 3649 3813 3687 eum

2240 3749 2483 3804 persona:
2511 3749 2726 3803 semper
2748 3734 3017 3797 ostendat,
3044 3732 3115 3785 ita
3145 3730 3217 3784 ait
3247 3744 3262 3783 :
3290 3727 3443 3783 Jesus
3458 3726 3694 3781 Christus
3714 3726 3824 3780 heri

2231 3835 2277 3880 et
2299 3826 2469 3893 hodie,
2502 3827 2611 3897 ipse
2632 3834 2705 3879 est
2731 3837 2776 3878 et
2805 3825 2858 3878 in
2882 3824 3070 3878 saecula
3095 3820 3278 3894 (Hebr.
3311 3835 3434 3881 xm,
3459 3816 3538 3885 8).
3578 3817 3681 3873 Ubi
3710 3818 3817 3883 ipse

2234 3920 2375 3989 quod
2407 3918 2574 3975 semel
2626 3919 2843 3988 posuit,
2894 3918 3055 3971 etiam
3088 3925 3168 3971 ter
3198 3912 3417 3981 intelligi
3450 3912 3644 3977 voluit,
3704 3920 3813 3962 tan.

2235 4026 2393 4081 quam
2425 4011 2627 4066 diceret
2659 4027 2670 4062 :
2702 4009 2853 4063 Jesus
2880 4006 3117 4062 Christus
3160 4008 3267 4074 ipse
3302 4005 3445 4068 heri,
3491 4005 3599 4073 ipse
3645 4001 3816 4059 hodie,

2196 4147 2213 4155 -
2233 4105 2342 4173 ipse
2360 4113 2409 4156 et
2439 4105 2491 4155 in
2517 4103 2707 4156 swcula
2731 4117 2750 4154 :
2772 4102 2905 4166 heri,
2934 4108 3214 4170 antequam
3249 4096 3516 4165 acciperet
3567 4110 3817 4159 carnem;

2238 4197 2427 4263 hodie,
2458 4195 2858 4265 quando,juxta
2901 4192 3207 4246 vaticinium
3237 4190 3483 4245 Ieremia:
3517 4189 3819 4257 prephctaz,

2238 4288 2339 4343 llic
2370 4290 2503 4343 Deus
2532 4300 2718 4352 noster,
2749 4297 2795 4340 et
2818 4303 2918 4341 non
2945 4284 3281 4339 azstimabitur
3305 4284 3441 4335 alius
3462 4283 3659 4351 absque
3683 4283 3776 4334 illo
3801 4296 3818 4332 :

2237 4383 2323 4451 qui
2349 4382 2537 4436 invenit
2564 4395 2763 4435 onmem
2807 4381 2941 4432 viam
2967 4378 3216 4441 scientitc,
3243 4388 3292 4429 et
3330 4376 3471 4428 dedit
3502 4391 3619 4427 eam
3660 4373 3821 4427 Iacob

2241 4491 2398 4543 puero
2422 4490 2537 4541 suo,
2569 4484 2615 4527 et
2644 4472 2809 4527 Israel
2839 4474 3025 4525 dilecto
3054 4488 3167 4524 suo.
3205 4468 3326 4522 Post
3358 4469 3464 4521 [nec
3494 4470 3545 4519 in
3575 4470 3731 4520 terris
3758 4470 3824 4519 ti-

2240 4584 2329 4621 sus
2354 4577 2467 4633 est,
2513 4578 2559 4620 et
2596 4583 2711 4619 cum
2761 4565 3047 4618 hominibus
3091 4572 3410 4617 conversatus
3448 4569 3523 4612 est
3559 4558 3714 4626 (δαν.
3750 4576 3827 4623 tu,

2241 4657 2475 4729 56-58).
2504 4658 2629 4714 Sive
2667 4659 2847 4723 modo,
2880 4656 3092 4726 quando
3122 4657 3270 4710 sedet
3299 4655 3363 4709 ad
3412 4653 3694 4709 dexteram
3733 4655 3826 4707 Ρι-

2240 4750 2339 4804 tris
2372 4750 2424 4803 in
2452 4751 2671 4811 smcula,
2700 4750 2813 4803 sive
2839 4749 3054 4816 quando
3082 4747 3327 4816 judicare
3356 4754 3614 4799 venturus
3638 4756 3726 4798 est
3754 4748 3829 4795 vi-

2240 4852 2337 4892 vos
2374 4848 2428 4892 et
2480 4849 2720 4891 mortuos
2766 4837 2940 4904 (sicut
2984 4836 3160 4890 omnis
3209 4834 3442 4889 Ecclesia
3485 4832 3538 4887 in
3576 4835 3829 4905 symbolo

2240 4928 2569 4999 conﬁtetur),
2598 4943 2813 4995 semper
2844 4928 2979 4995 ipse,
3012 4940 3275 4994 nunquam
3305 4924 3460 4977 alius.

2315 5023 2368 5075 ‘7.
2399 5020 2630 5073 Carnem
2676 5019 2870 5085 quippe
2900 5016 3263 5086 suscipiendo,
3298 5024 3514 5068 naturas
3544 5013 3830 5073 adunavit.

2244 5125 2348 5163 non
2395 5124 2675 5178 personam
2708 5108 3022 5180 duplicavit.
3072 5107 3299 5160 Naturas
3331 5107 3487 5174 plane
3526 5104 3830 5167 adunavit,

2242 5200 2359 5253 sine
2389 5198 2705 5253 confusione
2750 5206 3146 5266 permanentes,
3178 5206 3231 5250 et
3260 5196 3311 5247 in
3347 5194 3543 5249 szecula
3576 5210 3829 5262 perman-

2242 5304 2415 5344 suras.
2446 5290 2535 5343 Sic
2564 5290 2705 5343 enim
2731 5288 3002 5352 adunavit,
3032 5297 3090 5341 ut
3121 5300 3218 5341 nec
3258 5286 3518 5340 divinitas
3545 5287 3597 5338 in
3635 5286 3832 5340 huma-

2242 5380 2460 5434 nitatem
2492 5390 2806 5445 mutaretur,
2834 5394 2932 5433 nec
2964 5379 3262 5432 humanitas
3284 5392 3311 5429 a
3331 5378 3614 5432 divinitate
3642 5380 3834 5433 absor-

2240 5471 2480 5538 beretur,
2514 5472 2607 5525 sed
2646 5481 2872 5539 utraque
2896 5480 3083 5523 natura
3112 5469 3397 5523 incolumis
3422 5470 3702 5523 custodita
3726 5471 3834 5525 suis

2240 5566 2432 5619 ofﬁciis
2465 5573 2725 5630 uteretur,
2752 5564 2864 5619 suis
2892 5564 3142 5632 operibus
3170 5571 3569 5633 agnosceretur,
3604 5563 3729 5617 suis
3752 5577 3835 5615 ηο-

2240 5658 2474 5712 minibus
2520 5666 2829 5721 vocaretur,
2887 5663 3257 5711 verumtamen
3306 5654 3550 5721 personis
3597 5656 3837 5723 propriis

2241 5768 2343 5805 non
2379 5752 2814 5813 distingueretur.
2861 5749 2974 5803 Non
3005 5748 3082 5803 sic
3111 5747 3253 5801 enim
3283 5746 3529 5800 adunatm
3558 5757 3691 5800 sunt
3724 5747 3837 5801 dua:
