3958 6358
257 403 357 463 917

1419 399 1774 456 EPISTOLAB
1816 400 1901 455 ET
1941 399 2201 457 Ol’USCU
2215 401 2322 459 LA.

3428 409 3532 467 918

257 517 572 574 substantia:
594 557 611 584 ,
651 512 832 572 divina
869 515 1072 570 scilicet
1097 523 1147 569 et
1177 513 1428 578 humana,
1463 525 1518 568 ut
1553 516 1706 570 ﬁeret
1731 530 1830 570 una
1861 516 1911 575 A
1941 517 2171 570 tactum?
2203 533 2360 586 quam
2395 515 2675 572 videndam
2710 519 3066 589 promiserunt
3108 522 3304 592 angeli,
3348 523 3532 579 dicen-

272 609 603 674 subktantia;
635 607 730 663 sed
759 616 815 662 ut
843 617 985 662 esset
1009 607 1167 661 unius
1198 621 1458 672 personae,
1486 615 1645 676 atque
1674 623 1739 660 ex
1764 609 1842 662 eis

257 702 414 755 unius
443 710 655 770 semper
685 700 942 756 existeret
969 698 1234 753 Christus.
1270 698 1421 753 Absit
1451 699 1594 752 enim
1630 705 1688 752 ut
1715 698 1838 752 dum

255 808 418 848 unam
440 794 582 863 cogit
603 793 802 848 veritas
828 791 1121 862 praidicare
1154 807 1460 862 personam,
1490 793 1623 848 duas
1645 793 1841 847 audea-

250 898 374 939 mus
395 897 593 955 negare
623 893 857 938 naturas.
886 883 940 938 Si
970 884 1111 939 enim
1135 892 1344 939 creator
1373 883 1546 940 factus
1576 893 1660 938 est
1690 899 1840 939 crea-

254 987 397 1046 tura,
442 977 488 1032 si
516 976 750 1032 Verbum
779 977 974 1032 lactum
1007 987 1091 1032 est
1118 991 1264 1043 caro,
1290 978 1336 1031 si
1370 974 1509 1032 Dens
1544 977 1731 1031 habitu
1758 978 1841 1030 in-

250 1079 444 1126 ventus
468 1079 549 1124 est
582 1078 642 1124 ut
667 1069 861 1132 homo;
887 1084 987 1124 nec
1007 1078 1220 1124 creator
1249 1071 1444 1134 creari,
1475 1085 1575 1124 nec
1600 1069 1834 1125 Verbum

247 1177 379 1220 caro
401 1162 535 1227 ﬁeri,
559 1176 658 1234 nec
673 1161 810 1216 Deus
831 1174 951 1215 esse
972 1161 1133 1214 homo
1149 1161 1320 1230 potuit
1339 1160 1455 1216 sine
1482 1161 1706 1215 alterius
1729 1176 1838 1216 sus-

246 1256 499 1326 ceptione
520 1262 744 1308 naturae.
765 1254 887 1308 Etsi
905 1254 1073 1308 altera
1089 1265 1171 1308 est
1199 1263 1385 1308 natura
1417 1261 1692 1322 suscepta,
1710 1253 1829 1308 dute

246 1357 375 1402 sunt
394 1346 633 1417 proiecto
657 1355 885 1408 natura),
906 1360 1011 1399 non
1031 1361 1156 1413 una.
1176 1345 1282 1400 Sed
1311 1346 1355 1399 si
1376 1360 1441 1399 ex
1461 1345 1671 1400 duabus
1695 1345 1832 1399 facta

245 1454 372 1496 esse
401 1439 660 1496 asseritur
688 1453 812 1504 una,
843 1452 962 1506 quae
985 1438 1122 1492 facta
1156 1438 1226 1491 sit
1250 1437 1408 1493 debet
1440 1438 1680 1506 primitus
1708 1438 1835 1492 dici.

246 1531 507 1601 Quamvis
531 1532 673 1586 enim
706 1547 767 1584 ex
799 1530 1005 1584 duabus
1027 1530 1342 1584 substantiis
1388 1544 1487 1583 una
1528 1530 1700 1600 aliqua
1748 1531 1833 1584 vix

245 1607 568 1677 valeat-ﬁeri
594 1622 710 1675 sine
730 1621 1008 1675 ambarum
1038 1622 1352 1676 Cunl'usione
1382 1633 1467 1675 aut
1502 1625 1656 1677 unius
1706 1623 1835 1678 abo-

246 1715 470 1784 litione,
499 1724 676 1769 tamen
709 1717 916 1783 quoties
945 1731 1009 1770 ex
1050 1715 1255 1770 duobus
1298 1715 1355 1769 ﬁt
1402 1716 1597 1785 aliquid
1647 1733 1828 1783 unum,

243 1822 386 1863 nova
425 1821 512 1863 res
551 1808 638 1872 ﬁt;
679 1817 733 1861 et
782 1807 825 1861 si
882 1821 1015 1860 nova
1056 1821 1143 1862 res
1185 1808 1260 1871 lit,
1304 1823 1496 1864 novum
1533 1811 1833 1864 necessario

1949 617 2061 661 tes:
2098 607 2188 661 Sic
2228 609 2418 674 veniet,
2467 611 2891 674 quemadmodum
2936 628 3052 664 eum
3095 613 3290 668 vidistis
3333 625 3532 668 euntem

1942 699 1995 752 in
2029 699 2206 753 caelum
2231 698 2366 772 (Act.
2401 718 2436 766 ι,
2476 701 2597 770 ll)?
2628 701 2733 756 Sed
2764 703 2806 754 si
2841 703 3092 769 visibilis,
3147 705 3272 774 quid
3319 706 3532 761 volebat

1944 791 2200 847 dilectore
2230 808 2325 846 suo
2352 794 2402 846 in
2436 793 2611 848 futuro
2642 794 3007 861 manifestare,
3035 797 3250 866 quando
3281 797 3526 851 dicebat:

1944 884 2011 938 Et
2039 903 2129 955 ego
2155 887 2365 957 diligant
2394 903 2528 952 eum,
2563 896 2608 939 et
2630 888 2963 956 manifestabo
2989 888 3035 941 ei
3065 904 3141 941 me
3166 887 3526 959 ipsum(Joan.

1948 991 2058 1043 xw,
2091 974 2221 1044 2|),
2257 976 2364 1044 jam
2405 975 2776 1031 manifestatus
2821 977 3113 1032 secundum
3144 979 3396 1032 carnem?
3427 978 3530 1032 Aut

1943 1081 2038 1121 cur
2065 1069 2133 1121 ita
2161 1068 2352 1122 clamat
2383 1069 2726 1138 Evangelinm
2755 1089 2767 1122 :
2798 1069 2962 1123 Nemo
3002 1070 3138 1122 novit
3167 1068 3387 1136 Filium,
3431 1073 3531 1124 nisi

1943 1156 2102 1210 Pater
2130 1158 2338 1229 (Matth.
2373 1176 2449 1225 χι,
2483 1158 2610 1231 27)?
2654 1160 2781 1216 Siue
2819 1159 2983 1215 dubio
3027 1159 3170 1215 enim
3213 1160 3352 1230 quod
3383 1160 3530 1216 vide-

1943 1266 2061 1305 mus
2083 1255 2355 1318 novimus;
2390 1262 2445 1309 et
2475 1268 2633 1308 nemo
2673 1263 2850 1324 potest
2891 1253 3071 1308 dicere
3099 1268 3205 1308 non
3249 1253 3528 1322 subiacere

1942 1345 2166 1412 notioni,
2192 1361 2350 1415 quem
2383 1347 2662 1416 subjacere
2692 1346 2968 1402 confessus
3003 1345 3162 1401 fuerit
3187 1345 3396 1400 visioni.

2010 1435 2061 1488 8.
2100 1436 2272 1490 Movet
2296 1437 2488 1504 adhuc,
2515 1439 2765 1508 quoniam
2808 1439 2852 1491 si
2882 1453 2984 1491 una
3023 1445 3105 1492 est
3146 1447 3332 1493 natura
3379 1437 3531 1491 Chri-

1938 1525 2027 1588 sti,
2061 1537 2150 1580 aut
2181 1527 2372 1597 ubique
2401 1528 2588 1584 diffusa
2621 1538 2722 1594 est,
2749 1539 2840 1583 aut
2869 1529 3053 1584 localis
3084 1549 3098 1582 :
3124 1530 3168 1584 si
3210 1531 3404 1599 ubique
3432 1530 3530 1583 dif-

1941 1617 2077 1677 fusa,
2112 1633 2276 1686 quare
2311 1621 2471 1674 verba
2503 1621 2730 1691 symboli
2754 1621 2831 1676 sic
2863 1623 3192 1677 recitaturis:
3230 1623 3399 1675 Tertia
3446 1624 3527 1677 die

1938 1723 1969 1757 a
1999 1709 2208 1761 mortuis
2233 1713 2529 1775 resurrexit,
2560 1711 2785 1764 ascendit
2814 1713 2865 1764 in
2896 1714 3066 1778 ca‘los,
3098 1714 3232 1766 sedet
3262 1713 3331 1764 ad
3357 1714 3532 1767 dexte-

1944 1815 2053 1850 ram
2080 1797 2293 1853 Patris?
2321 1801 2417 1867 Qui
2449 1802 2789 1872 respondebit
2815 1803 2964 1867 mihi,
3007 1805 3052 1856 si
3103 1803 3298 1872 ubique
3340 1803 3530 1860 diﬁusa

247 1906 458 1952 naturae
486 1912 678 1952 nomen
707 1897 987 1952 existendo
1016 1899 1222 1953 novitcr
1247 1899 1433 1953 sumit.
1466 1900 1624 1956 Verbi
1648 1902 1838 1970 gratia,
1871 1891 1920 1951 B
1948 1899 2027 1943 εει
2058 1903 2244 1945 "illum
2276 1891 2494 1961 Chiis”.
2526 1897 2794 1965 ‘lllomOdO
2843 1897 3086 1951 ascendit
3132 1897 3185 1950 ῖιι
3233 1896 3434 1951 0091057
3484 1897 3530 1952 εί

243 1989 348 2044 alia
379 1997 461 2044 est
499 1989 550 2043 in
591 1988 744 2044 nobis
775 1999 963 2042 natura
1014 1987 1231 2053 animm,
1281 1989 1390 2042 alia
1432 1990 1673 2057 corporis
1707 2009 1718 2042 :
1750 1991 1838 2045 illa

244 2079 527 2150 spiritalis,
557 2079 657 2134 ista
696 2089 942 2144 terrena;
987 2080 1074 2133 illa
1105 2079 1420 2148 invisibilis,
1457 2080 1556 2134 ista
1589 2081 1838 2136 visibilis.

246 2175 321 2230 Et
343 2173 466 2243 quia
495 2187 559 2228 ex
606 2171 691 2224 his
720 2171 925 2225 duabus
960 2186 1061 2224 una
1090 2179 1172 2224 est
1213 2169 1347 2224 facta
1397 2179 1608 2238 natura,
1639 2187 1834 2226 novum

245 2274 453 2318 natura:
476 2275 668 2317 nomen
696 2260 915 2330 indepta
945 2271 1047 2326 est,
1080 2271 1136 2314 ut
1166 2260 1439 2315 diceretur
1469 2262 1650 2316 homo.
1672 2261 1840 2331 Sepa-

246 2356 408 2412 ratim
465 2353 608 2409 enim
653 2351 846 2409 dicitur
893 2355 1100 2420 anima,
1153 2356 1438 2424 separatim
1480 2370 1704 2426 corpus;
1747 2371 1848 2409 nec

245 2454 424 2510 anima
471 2462 648 2524 potest
694 2449 990 2518 nuncupari
1035 2464 1253 2519 corpus,
1287 2465 1387 2504 nec
1430 2466 1628 2520 corpus
1656 2460 1834 2521 potest

245 2545 540 2614 nuncupari
567 2545 767 2611 anima,
791 2543 948 2596 simul
976 2551 1154 2596 autem
1187 2557 1382 2609 corpus
1408 2551 1460 2596 et
1482 2543 1658 2597 anima
1688 2553 1832 2600 recte

243 2646 577 2707 nuncupatur
602 2636 786 2690 homo.
811 2634 922 2690 Nec
951 2645 1143 2688 natura
1175 2634 1366 2688 animae
1396 2641 1482 2688 est
1505 2643 1695 2689 natura
1713 2651 1832 2692 cor-

242 2729 412 2799 poris,
447 2744 546 2784 nec
573 2738 758 2782 natura
801 2726 1041 2794 corporis
1069 2735 1151 2780 est
1180 2734 1368 2779 natura
1397 2725 1628 2791 animae;
1670 2727 1830 2782 simul

241 2831 420 2877 autem
460 2828 712 2876 constans
747 2835 813 2876 ex
856 2827 1043 2873 natura
1083 2819 1323 2888 corporis
1362 2828 1417 2874 et
1453 2819 1645 2874 animae
1669 2859 1684 2885 ,
1727 2835 1828 2873 una

241 2923 325 2968 est
365 2923 550 2968 natura
592 2913 844 2967 humana.
877 2910 1110 2966 Proinde
1138 2911 1183 2964 si
1213 2910 1389 2965 divina
1426 2920 1616 2966 natura
1645 2920 1699 2966 et
1729 2911 1832 2964 hu-

241 3017 402 3058 mana
434 3012 622 3058 natura
678 3002 1065 3058 confirmantur
1118 3016 1274 3056 unam
1324 3001 1514 3057 fecisse
1565 3011 1828 3067 naturam,

240 3093 544 3148 inveniatur
571 3093 730 3149 etiam
755 3109 913 3162 quam
939 3101 1211 3158 naturam,
1243 3108 1362 3163 qua:
1391 3109 1490 3148 nec
1519 3094 1697 3148 divina
1737 3109 1831 3164 ap-

240 3187 491 3256 pelletur,
521 3202 619 3243 nec
651 3187 915 3253 humana;
947 3188 1041 3243 sed
1067 3188 1207 3243 sicut
1235 3202 1400 3251 nova,
1437 3188 1507 3242 ita
1555 3203 1697 3243 novo
1729 3203 1829 3243 no-

1952 1980 2145 2052 ubique
2176 1983 2362 2039 diffusa
2395 1995 2510 2050 est,
2541 1988 2810 2056 quomodo
2841 1989 3144 2057 specialiter
3186 1989 3256 2044 de
3296 2004 3358 2044 ea
3398 1988 3531 2044 dici-

1953 2083 2034 2128 tur
2067 2090 2079 2125 :
2116 2075 2269 2132 Sedet
2298 2079 2366 2131 ad
2405 2080 2662 2132 dexteram
2707 2079 2918 2133 Patris?
2959 2081 3064 2135 Sed
3113 2080 3156 2136 si
3203 2080 3385 2136 localis
3423 2089 3526 2146 est,

1950 2176 2095 2221 certe
2121 2168 2380 2236 sapientia
2416 2169 2534 2228 Dei.
2563 2187 2680 2241 quae
2705 2183 2785 2226 est
2813 2169 3059 2227 Christus
3090 2170 3142 2238 (Ι
3168 2170 3287 2226 Cor.
3337 2188 3374 2236 ι,
3409 2171 3528 2240 2i),

1949 2259 2150 2331 attingit
2179 2278 2210 2314 a
2234 2261 2334 2330 ﬁne
2360 2279 2517 2333 usque
2545 2265 2612 2317 ad
2633 2265 2788 2332 finem
2815 2267 3042 2334 fortiter,
3089 2275 3135 2320 et
3165 2266 3390 2335 disponit
3417 2281 3546 2336 oms

1951 2352 2044 2405 nia
2063 2355 2283 2409 suaviter
2311 2355 2464 2426 (Sap.
2498 2372 2613 2422 vui,
2647 2358 2724 2426 l).
2759 2357 2824 2411 Et
2856 2359 2943 2411 ubi
2975 2367 3054 2412 cst
3084 2360 3225 2428 quod
3273 2359 3530 2414 recedens

1949 2434 1976 2497 a
2009 2445 2282 2516 discipulis
2306 2449 2416 2502 suis
2445 2449 2735 2504 secundum
2769 2453 3102 2518 praesentiam
3153 2451 3352 2520 carnis,
3398 2451 3530 2505 Ecce

1951 2550 2064 2604 ego,
2088 2534 2182 2600 ait,
2216 2537 2467 2591 vobiscum
2499 2554 2609 2591 sum
2642 2555 2796 2610 usque
2827 2540 2895 2592 ad
2917 2543 3400 2596 consummationem
3429 2557 3529 2595 sa:-

1949 2628 2987 2701 culi(Matth.xxt'tti,‘20)?Erubescamus
3017 2649 3144 2705 ergo
3170 2634 3301 2688 duas
3336 2649 3529 2705 negare

1949 2729 2186 2788 naturas,
2219 2731 2276 2776 ut
2303 2723 2354 2777 in
2387 2739 2493 2778 uno
2524 2721 2739 2779 Christo
2771 2734 3024 2794 appareat
3060 2741 3180 2795 quae
3227 2734 3414 2780 natura
3463 2729 3528 2782 sit

1947 2813 2165 2880 tequalis
2195 2813 2359 2881 Patri,
2391 2831 2507 2885 qua:
2537 2817 2709 2871 minor
2739 2816 2928 2878 Patre;
2963 2831 3080 2886 qua:
3104 2818 3389 2886 passibilis,
3410 2834 3529 2888 qua:

1947 2902 2317 2972 impassibilis;
2352 2922 2471 2977 qua:
2505 2908 2748 2972 visibilis,
2777 2924 2896 2976 qua:
2923 2909 3236 2975 invisibilis;
3271 2926 3388 2978 qua:
3412 2909 3528 2964 ubi-

1945 3008 2047 3058 que
2076 2993 2286 3062 diﬁ'usa,
2320 3012 2439 3066 qua:
2467 2998 2685 3064 localis;
2716 2999 2840 3054 dum
2873 3011 3049 3054 tamen
3080 3015 3216 3055 unus
3262 3002 3330 3054 sit
3371 3001 3528 3056 Chri-

1945 3093 2079 3149 stus,
2112 3095 2165 3139 et
2193 3087 2413 3156 azqualis
2441 3097 2493 3142 et
2525 3089 2718 3150 minor,
2747 3099 2800 3144 et
2832 3089 3181 3158 impassibilis
3216 3099 3269 3145 et
3304 3091 3528 3161 passibi-

1945 3175 2032 3242 lis,
2065 3185 2118 3231 et
2140 3178 2415 3233 invisibilis
2447 3186 2501 3234 et
2531 3180 2775 3245 visibilis,
2801 3189 2853 3234 et
2884 3180 3078 3250 ubique
3105 3180 3328 3236 diﬁ'usus
3349 3189 3404 3236 et
3447 3182 3526 3235 lo-

240 3278 388 3333 miue
417 3278 948 3347 nmcupauﬁultus
979 3279 1139 3348 plane
1167 3279 1564 3349 tergiversator,
1595 3287 1648 3334 ει
1672 3281 1826 3335 unius
1851 3261 1898 3323 C
1935 3267 2066 3322 calis
2095 3285 2106 3320 :
2141 3277 2281 3324 totus
2307 3271 2560 3340 azqualis,
2611 3287 2714 3326 non
2760 3280 2926 3326 totum
2959 3272 3214 3342 mqualis?
3261 3282 3402 3328 totus
3430 3275 3527 3328 mi-

239 3380 451 3426 naturze
471 3373 842 3426 contentiosus
868 3383 1138 3437 assertor,
1168 3373 1220 3426 in
1264 3371 1422 3441 hujus
1451 3374 1680 3428 articulo
1707 3390 1831 3444 pro-

239 3461 547 3532 positionis,
579 3471 788 3518 natura:
815 3479 973 3534 quam
1004 3479 1068 3519 ex
1097 3463 1304 3519 duabus
1332 3481 1489 3521 unam
1521 3466 1698 3538 ﬁngit,
1730 3484 1829 3523 no-

237 3569 367 3609 vum
397 3569 588 3609 nomen
619 3565 872 3624 apponat,
902 3565 956 3610 et
986 3571 1103 3610 eam
1140 3557 1411 3612 Christum
1457 3559 1564 3613 dici
1607 3574 1830 3627 respon-

237 3651 398 3715 deat;
430 3649 551 3717 quia
579 3646 821 3703 Christus
861 3664 1054 3703 nomen
1103 3649 1266 3704 ofﬁcii
1306 3659 1412 3715 est,
1453 3666 1560 3705 non
1601 3662 1824 3709 naturae.

237 3741 328 3798 Ab
356 3743 604 3797 unctione
633 3741 776 3796 enim
804 3740 1079 3806 Christus;
1125 3741 1305 3796 unctio
1344 3758 1475 3797 vero
1518 3744 1828 3812 temporalis

235 3833 653 3902 dispensationis
677 3833 956 3898 indicium,
989 3850 1095 3888 non
1121 3833 1436 3888 substantia:
1470 3834 1676 3888 videtur
1705 3849 1829 3890 esse

237 3926 580 3981 vocabulum.
625 3927 718 3982 llle
754 3927 900 3983 enim
941 3927 1029 3996 qui
1070 3942 1134 3980 ex
1175 3926 1382 3981 duabus
1423 3926 1614 3980 factam
1656 3926 1828 3980 credit

235 4033 401 4083 unam
433 4020 603 4088 (sape
626 4017 791 4089 dico),
824 4018 967 4073 dicat
991 4033 1147 4088 quam
1176 4035 1360 4072 unam.
1398 4018 1498 4072 lsta
1531 4019 1672 4073 enim
1699 4033 1821 4083 una,

238 4125 342 4165 nec
371 4111 550 4165 divina
578 4110 686 4165 dici
708 4109 922 4180 poterit,
950 4125 1050 4165 nec
1079 4110 1306 4163 humana
1337 4149 1352 4172 ,
1383 4108 1476 4164 sed
1507 4123 1826 4178 quocunque

238 4201 347 4255 alio
374 4202 626 4256 nomine:
660 4199 805 4271 quod
836 4214 1028 4254 nomen
1051 4199 1095 4253 si
1126 4200 1246 4268 quis
1293 4199 1584 4264 invenerit,
1620 4209 1824 4254 natum

238 4292 397 4348 unius
456 4301 695 4348 assertor
725 4291 1088 4347 tolerabiliter
1127 4293 1250 4344 erit.
1297 4291 1408 4361 Ego
1449 4301 1625 4346 tamen
1671 4293 1825 4346 valde

239 4394 421 4442 ωειυο
451 4385 609 4440 unius
638 4394 840 4439 ualurte
871 4383 1256 4453 professionem
1294 4383 1628 4437 conﬁdenter
1673 4398 1825 4438 assu-

239 4492 422 4544 mere,
455 4478 708 4547 quoniam
749 4479 795 4531 si
835 4491 938 4529 una
977 4484 1060 4530 est
1102 4485 1290 4530 natura
1330 4475 1552 4541 Christi,
1586 4485 1676 4530 aut
1715 4486 1824 4531 tota

237 4570 346 4624 erit
391 4569 612 4638 aequalis
668 4568 828 4634 Patri,
882 4576 972 4621 aut
1017 4576 1124 4621 tota
1178 4566 1336 4621 Patre
1384 4569 1579 4621 minor.
1627 4567 1682 4622 Si
1715 4576 1821 4623 tota

1937 3375 2054 3426 nor,
2089 3376 2192 3415 non
2217 3371 2382 3416 totum
2417 3363 2623 3428 minor;
2657 3374 2795 3418 totus
2820 3365 3122 3430 invisibilis,
3155 3365 3524 3434 impassibilis,

1940 3462 2136 3530 ubique
2167 3455 2405 3525 dilfusus,
2440 3457 2532 3512 sed
2563 3472 2666 3510 non
2710 3466 2900 3512 totum.
2950 3458 3043 3512 llic
3081 3474 3210 3514 vero
3251 3459 3294 3513 si
3343 3461 3524 3530 requi-

1932 3569 2050 3619 ras,
2083 3551 2210 3622 quid
2256 3560 2337 3605 est
2381 3560 2548 3604 totum
2583 3548 2865 3604 Christus?
2906 3550 3201 3619 respondeo
3235 3568 3250 3606 ;
3285 3550 3516 3606 Verbmn

1936 3642 2055 3709 Dei,
2087 3641 2261 3695 anima
2295 3638 2570 3693 rationalis
2624 3647 2676 3693 et
2731 3654 2877 3693 caro.
2925 3639 3049 3694 Sive
3093 3639 3234 3693 enim
3278 3638 3517 3694 Verbum

1935 3734 2104 3799 dicas,
2141 3741 2287 3787 totus
2317 3741 2400 3786 est
2421 3730 2691 3797 Christus,
2720 3732 2813 3787 sed
2846 3748 2950 3788 non
2982 3742 3183 3797 totum,
3228 3733 3328 3787 nisi
3372 3733 3521 3787 adhi-

1934 3826 2062 3882 beas
2090 3825 2321 3878 animam
2354 3823 2665 3878 rationalem
2698 3831 2752 3878 et
2780 3839 2995 3894 corpus.
3026 3824 3147 3879 Sive
3169 3825 3398 3878 animam
3429 3841 3515 3877 ra-

1938 3919 2187 3973 tionalem
2219 3918 2384 3979 dicas,
2412 3925 2554 3971 totus
2601 3926 2682 3971 est
2711 3916 2987 3983 Christus,
3036 3918 3128 3972 sed
3171 3934 3274 3972 non
3319 3925 3519 3981 totum.

1932 4013 2030 4067 nisi
2063 4011 2318 4066 adhibeas
2352 4010 2583 4064 Verbum
2609 4019 2660 4064 et
2690 4025 2924 4065 carnem.
2953 4010 3076 4066 Sive
3105 4026 3318 4064 carnem
3345 4010 3512 4075 dicas,

1934 4113 2075 4158 totus
2123 4112 2207 4158 est
2256 4101 2520 4168 Christus,
2572 4101 2667 4155 St'd
2714 4117 2817 4156 non
2865 4110 3056 4165 totum,
3111 4102 3213 4156 nisi
3260 4102 3518 4157 adhibeas

1931 4194 2164 4250 Verbum
2193 4202 2247 4248 et
2271 4193 2504 4248 animam
2537 4192 2871 4247 rationalem.
2918 4192 3082 4247 Tutus
3111 4208 3237 4262 ergo
3274 4192 3516 4247 Christus

1931 4285 2128 4355 ubique
2153 4293 2236 4339 est
2260 4285 2553 4339 secundum
2588 4283 2845 4348 Verbum,
2878 4284 2970 4338 sed
2995 4299 3097 4338 non
3131 4295 3296 4338 totum
3324 4283 3518 4353 ubique

1929 4389 2042 4444 est;
2077 4380 2196 4448 quia
2223 4393 2326 4430 non
2357 4385 2441 4431 est
2470 4377 2664 4446 ubique
2712 4377 2887 4430 anima
2933 4377 3207 4430 rationalis
3256 4384 3310 4430 et
3367 4393 3515 4439 cara,

1931 4489 2052 4525 cum
2080 4472 2270 4541 quibus
2302 4479 2380 4523 est
2414 4477 2600 4524 totum.
2634 4469 2801 4524 Totus
2848 4468 3092 4524 Christus
3134 4471 3269 4537 apud
3319 4469 3517 4521 inferos

1931 4561 2028 4615 fuit
2057 4561 2352 4615 secundum
2387 4560 2615 4613 animam
2655 4561 2965 4613 rationalem
2994 4603 3007 4627 ,
3054 4560 3146 4613 sed
3183 4575 3285 4610 non
3321 4569 3510 4624 totum,

238 4661 485 4730 aequalis,
509 4661 801 4717 secundum
822 4674 980 4730 quam
1008 4659 1187 4714 dicit:
1223 4659 1379 4713 Pater
1421 4661 1591 4731 major
1628 4677 1705 4715 me
1753 4670 1823 4714 est
1854 4639 1902 4698 Ι)
1928 4656 2049 4724 quia
2080 4669 2204 4710 caro
2251 4654 2321 4708 ibi
2367 4668 2471 4706 non
2520 4653 2635 4717 luit,
2683 4666 2804 4705 cum
2835 4668 2936 4721 qua
2994 4661 3074 4704 est
3120 4659 3308 4703 totum.
3350 4651 3518 4704 Tutus

240 4751 423 4822 (Joan.
450 4767 558 4816 xxv,
582 4752 710 4823 28)?
731 4753 775 4806 si
807 4761 919 4806 tota
941 4752 1120 4806 minor
1145 4749 1438 4805 secundum
1466 4765 1624 4818 quam
1655 4751 1782 4805 dicit
1807 4769 1818 4802 :

239 4841 356 4913 Ego
393 4851 440 4896 et
479 4841 638 4896 Pater
678 4859 834 4896 unum
871 4858 1044 4896 sumus
1089 4839 1267 4910 (Joan.
1305 4857 1366 4907 ι,
1405 4839 1535 4911 50)?
1574 4844 1681 4896 Aut
1721 4842 1824 4896 im-

237 4935 555 5005 passibilis,
601 4943 693 4989 aut
742 4935 1028 5004 passibilis.
1089 4934 1144 4990 Si
1191 4933 1578 5003 impassibilis,
1632 4949 1824 4989 secun-

236 5027 369 5080 dum
405 5041 562 5095 quam
590 5026 783 5080 dicitur
812 5024 1056 5080 Christus
1098 5039 1319 5094 passus,
1372 5034 1612 5078 mortuus
1634 5061 1664 5089 ,ι
1703 5041 1825 5080 cru-

235 5116 463 5171 ciﬁxus?
510 5117 553 5170 si
603 5116 896 5186 passibilis,
952 5124 1043 5170 aut
1079 5116 1322 5171 Christus
1360 5115 1468 5182 jam
1527 5131 1686 5170 unam
1730 5132 1822 5171 na-

235 5220 416 5265 turam
470 5223 575 5263 non
631 5209 849 5262 habebit
904 5224 1025 5262 cum
1082 5208 1271 5274 Patre,
1323 5216 1376 5262 ut
1430 5218 1736 5277 scgregetur
1790 5225 1820 5263 a

234 5300 579 5372 passionibus
607 5300 723 5370 cius
754 5299 894 5356 Deus
921 5300 1113 5367 Pater;
1143 5309 1228 5356 aut
1259 5301 1302 5356 si
1340 5301 1453 5356 hanc
1495 5314 1594 5353 una
1633 5313 1818 5355 natura

233 5407 397 5462 quam
430 5392 587 5447 habet
629 5408 748 5447 cum
790 5392 948 5448 Patre
991 5409 1358 5462 communem,
1395 5393 1664 5464 passibiiis
1696 5396 1817 5458 erit,

239 5484 401 5540 Pater
442 5501 653 5555 quoque
697 5485 960 5554 passibilis
985 5487 1105 5552 erit,
1157 5495 1210 5542 et
1253 5487 1361 5557 jam
1416 5502 1521 5542 non
1571 5487 1818 5542 catholici

233 5573 564 5638 Christiani,
593 5575 686 5630 sed
725 5576 956 5631 haeretici
1004 5576 1372 5646 gloriabuntur
1419 5577 1818 5648 Patripassiani.

236 5667 396 5724 Addo
418 5667 592 5722 adhuc
617 5685 629 5721 :
655 5669 697 5721 si
729 5684 831 5722 una
863 5678 947 5722 est
970 5679 1155 5722 natura
1188 5667 1386 5722 Christi
1428 5679 1517 5722 aut
1543 5670 1822 5725 invisibilis

235 5758 514 5822 asseritur,
539 5767 628 5812 aut
654 5760 911 5824 visibilis;
945 5758 986 5812 si
1026 5759 1334 5824 invisibilis,
1375 5778 1530 5830 quam
1576 5765 1825 5819 viderunt

231 5851 331 5921 qui
363 5851 782 5908 cruciﬁxerunt?
814 5842 968 5919 quam
1004 5851 1246 5906 videruat
1285 5858 1507 5918 apostoli
1551 5874 1714 5925 usq-:c
1757 5860 1819 5912 ad

1930 4747 2175 4801 Christus
2205 4746 2257 4799 in
2290 4745 2539 4813 sepulcro
2571 4743 2980 4796 fuit-secundum
3016 4758 3252 4807 carnem,
3285 4742 3376 4796 sed
3409 4758 3512 4794 non

1931 4846 2118 4903 totum,
2153 4837 2272 4906 quia
2305 4836 2479 4889 anima
2514 4833 2785 4888 rationalis
2830 4834 2898 4887 ibi
2945 4848 3048 4887 non
3092 4833 3221 4901 l'uit,
3256 4848 3376 4886 cum
3407 4849 3506 4901 qua

1929 4937 2011 4982 est
2039 4938 2204 4982 totum
2237 4946 2247 4979 :
2285 4926 2513 4981 Verbum
2547 4936 2721 4980 tamen
2778 4925 2866 4978 Dei
2917 4938 2970 4979 et
3024 4940 3142 4977 cum
3194 4926 3369 4978 anima
3421 4941 3515 4978 sua

1930 5027 2068 5096 apud
2103 5026 2322 5091 inferos,
2352 5034 2405 5080 et
2435 5042 2553 5079 cum
2577 5040 2735 5078 carne
2763 5038 2857 5077 sua
2892 5023 2940 5076 in
2965 5023 3210 5089 sepulcro
3242 5022 3337 5076 fuit
3357 5065 3370 5089 ,
3393 5023 3514 5092 quia

1931 5119 2242 5172 naturaliter
2299 5117 2494 5185 ubique
2534 5116 2818 5182 dilTusum,
2862 5130 2959 5170 nec
3016 5115 3205 5168 animae
3256 5131 3368 5170 sua:
3418 5130 3515 5169 nec

1929 5209 2074 5262 carni
2103 5224 2215 5262 sua:
2245 5205 2533 5277 aliquando
2563 5193 2753 5260 deluit;
2778 5207 2901 5260 Sive
2933 5206 3091 5276 igitur
3125 5205 3377 5273 Verbum,
3399 5208 3513 5262 sive

1929 5300 2103 5353 anima
2136 5299 2430 5364 ratio:salis,
2459 5301 2568 5354 sive
2614 5313 2739 5353 caro
2775 5301 3139 5369 signiﬁcetur,
3174 5311 3314 5354 lotus
3359 5299 3514 5353 Chri-

1929 5403 2042 5447 stus
2068 5393 2414 5462 signilicatur,
2450 5392 2543 5446 sed
2598 5408 2702 5450 non
2758 5402 2945 5448 totum.
2988 5391 3172 5462 Neque
3217 5393 3356 5446 enim
3409 5392 3514 5445 erit

1930 5495 2122 5553 totum,
2157 5485 2258 5541 nisi
2287 5487 2441 5540 simul
2475 5485 2726 5552 Verbum,
2760 5489 2932 5539 anima
2961 5486 3238 5538 rationalis
3281 5493 3334 5536 et
3363 5499 3506 5537 caro.

1928 5581 2102 5647 Quare
2124 5588 2301 5633 autem
2339 5579 2568 5633 Verbum
2601 5589 2741 5634 totus
2765 5579 3026 5641 Christus,
3063 5588 3115 5631 et
3145 5579 3317 5630 anima
3350 5577 3511 5629 ratio-

1930 5673 2065 5726 nalis
2094 5683 2234 5726 totus
2260 5672 2524 5735 Christus,
2558 5683 2612 5727 et
2642 5688 2766 5730 caro
2799 5682 2937 5725 totus
2967 5668 3234 5734 Christus,
3263 5670 3360 5723 nisi
3388 5671 3507 5735 quia

1929 5781 2030 5818 una
2062 5778 2139 5820 est
2167 5765 2351 5832 Verbi,
2397 5767 2588 5820 animm
2620 5767 2892 5821 rationalis
2939 5764 3219 5833 carnisque
3253 5763 3510 5833 persona?

1929 5857 2100 5918 Quare
2133 5860 2322 5911 iterum
2361 5858 2590 5914 Verbum
2623 5861 2736 5916 sine
2764 5859 2936 5915 anima
2968 5858 3209 5913 rationali
3253 5866 3303 5913 et
3353 5868 3512 5908 carne
