3958 6358
502 336 604 393 913

1397 327 1761 385 FULGliNTil
1796 319 2136 379 FEl‘tltANDl
2180 314 2449 371 DIACONI
2492 315 2837 372 CARTHAG.
3665 316 3759 373 339

503 465 609 504 non
632 456 799 505 totum
820 446 1063 505 Christus
1089 462 1103 511 ;
1131 455 1222 498 aut
1244 446 1422 499 anima
1448 444 1721 497 rationalis
1750 452 1803 497 et
1830 456 1957 495 caro
1971 440 2085 493 sine
2113 433 2157 489 Λ
2192 430 2310 485 Prin
2338 448 2398 488 us
2432 433 2620 487 modus
2646 440 2749 498 est,
2785 446 2851 485 ne
2878 429 2998 483 ideo
3028 428 3284 484 Dominus
3327 429 3485 487 Iesus
3526 431 3758 491 Christus

511 541 685 598 Verbo
710 555 816 595 non
849 548 1018 595 totum
1045 535 1322 602 Christus,
1356 536 1456 590 nisi
1483 538 1605 605 quia
1636 536 1740 589 alia
1778 545 1859 590 est
1902 533 2084 601 Verbi,

506 634 610 689 alia
638 631 912 689 rationalis
938 630 1131 685 animae
1156 630 1443 699 carnisque
1485 630 1708 683 natura?
1751 628 1840 683 illa
1884 626 2085 693 divina,

2188 540 2321 579 unus
2352 539 2473 581 esse
2500 526 2569 581 de
2592 535 2774 579 sancta
2800 533 2853 580 et
2883 523 3155 579 individua
3199 525 3464 585 Trinitate
3491 534 3757 600 praedicari

2190 632 2424 693 putetur,
2458 632 2514 674 ut
2543 621 2679 675 alius
2710 622 2845 691 ipse,
2876 620 2979 674 alia
3009 620 3245 678 Trinitas
3264 622 3334 680 de
3359 639 3631 712 qua.unus
3650 644 3762 689 esse

507 726 615 783 is“,
638 726 904 781 humana?
935 723 1023 779 ma
1067 724 1330 792 simplex,
1372 724 1470 778 ista
1500 722 1827 793 composita?
1855 739 1975 778 cum
2006 706 2089 777 u.’
2191 712 2402 777 dicitur,
2436 713 2768 768 inculcetur:
2800 712 2942 766 velut
2971 726 3092 768 cum
3124 714 3191 771 de
3232 714 3393 771 Patre
3417 706 3539 775 esse
3580 719 3759 777 Filium

506 834 629 874 men
652 833 752 872 una
778 817 891 887 ipsa
924 815 1126 871 Christi
1159 831 1406 885 persona,
1440 830 1558 885 quae
1588 815 1748 877 duas,
1776 814 2007 869 divinam
2037 826 2089 868 et

2192 807 2481 867 credimus.
2514 805 2652 860 alius
2679 812 2762 860 est
2783 805 2968 874 procul
3000 804 3166 860 dubio
3191 806 3388 876 Filius,
3433 811 3572 867 alius
3618 813 3763 869 Pater

509 916 816 977 humanam,
853 912 902 967 id
936 921 1018 967 est
1046 911 1344 981 simplicem
1391 918 1446 964 ct
1488 908 2092 979 compositam,videtur
2191 898 2262 953 de
2281 905 2499 967 αυσεει
2527 895 2724 961 Filius;
2755 904 2846 950 θυι
2873 897 3108 967 quando:
3141 898 3290 953 verbi
3330 902 3523 971 gratia.
3551 903 3620 960 de
3646 907 3765 961 Citi-

506 1007 746 1063 adunare
775 1006 1126 1071 substantias,
1151 1020 1255 1059 non
1285 1004 1691 1077 sitcomposita,
1739 1001 1834 1057 sed
1877 1004 1927 1057 in
1979 1005 2091 1058 sin-

508 1097 643 1166 gulis
673 1096 934 1167 simplex,
966 1108 1015 1151 et
1050 1096 1102 1150 in
1157 1096 1395 1159 utristjue
1433 1093 1697 1162 simplex;
1737 1103 1791 1148 et
1842 1092 1913 1147 ita
1962 1094 2090 1147 sim-

510 1189 655 1256 pler,
696 1190 835 1241 sicut
862 1187 959 1240 fuit
989 1194 1275 1254 antequam
1307 1184 1358 1237 in
1408 1198 1501 1237 sua
1546 1184 1748 1237 unitate
1795 1183 2096 1252 susciperet

511 1279 801 1332 humanam
835 1287 1111 1342 naturam;
1141 1285 1197 1329 ut
1231 1273 1451 1329 haberet
1476 1273 1733 1343 deinceps
1766 1272 2095 1328 substantias

508 1368 664 1434 duas,
694 1382 852 1421 unam
886 1367 1048 1436 (sicut
1090 1363 1348 1436 diximus)
1395 1363 1712 1433 simplicem,
1760 1364 1916 1417 aliam
1967 1378 2097 1419 vero

509 1459 882 1528 comltositam.

578 1572 633 1627 9.
664 1572 771 1628 Sed
802 1572 928 1642 quid
954 1572 1063 1641 jam
1088 1572 1326 1642 pluribus
1372 1572 1755 1627 immorantur?
1803 1572 1879 1629 De
1916 1573 2093 1628 incar-

514 1666 731 1720 natione
756 1664 957 1719 Christi
987 1663 1101 1718 hmc
1130 1672 1213 1718 est
1242 1662 1373 1719 ﬁdes
1404 1678 1524 1719 mea
1550 1704 1564 1728 ,
1595 1679 1691 1733 per
1717 1680 1874 1735 quam
1904 1664 2094 1732 fateor,

514 1772 583 1812 ex
620 1757 834 1811 duabus
853 1764 909 1811 et
946 1756 1001 1810 in
1029 1755 1235 1810 duabus
1275 1754 1587 1810 substantiis
1618 1770 1776 1810 unam
1821 1755 2094 1811 Christum

2196 998 2303 1043 tate
2330 988 2444 1055 illa,
2473 989 2589 1043 sive
2631 988 2724 1042 illa
2763 1001 2883 1042 esse
2931 988 3163 1058 aliquem
3191 989 3518 1059 indicemus;
3560 994 3612 1049 in
3660 1005 3766 1049 tan-

2196 1088 2307 1132 tum
2336 1078 2473 1141 alius
2498 1089 2581 1133 est
2624 1078 2759 1150 ipse,
2791 1080 2890 1134 alia
2920 1080 3143 1146 civitas;
3192 1091 3249 1135 ttt
3287 1083 3405 1139 sine
3441 1084 3532 1139 illo
3566 1099 3767 1143 maneat

2196 1172 2385 1228 civitas
2413 1172 2553 1228 sicut
2573 1172 2668 1227 fuit
2694 1187 2813 1226 cum
2844 1171 2965 1239 illo,
2996 1175 3239 1243 quamvis
3271 1176 3384 1244 ipse
3409 1178 3559 1234 solus
3579 1180 3680 1235 dici
3699 1186 3768 1237 ς’-

2198 1263 2332 1318 vitas
2362 1273 2609 1332 nequeat.
2646 1263 2739 1318 Hic
2766 1279 2895 1318 vero
2939 1279 3131 1319 sensus
3171 1268 3339 1335 magis
3392 1268 3498 1324 illis
3548 1271 3767 1339 proﬁcit,

2198 1355 2285 1424 qui
2317 1368 2623 1425 supponere
2656 1354 2845 1408 volunt
2884 1367 3129 1425 quartam
3160 1355 3405 1413 Trinitati
3437 1373 3737 1428 persona.

2271 1463 2359 1519 10.
2401 1463 2682 1519 Secundus
2708 1464 2902 1520 modus
2924 1474 3026 1519 est.
3057 1465 3311 1524 Fortasse
3348 1467 3608 1525 Dominus
3626 1471 3770 1527 Jesus

2199 1556 2466 1622 Christus,
2499 1570 2637 1616 unus
2659 1570 2782 1611 esse
2805 1555 2874 1611 de
2901 1567 3085 1612 sancta
3116 1567 3173 1613 et
3217 1558 3493 1615 individua
3522 1561 3771 1618 Trinitate

2201 1646 2567 1703 fraudulenter
2594 1647 2897 1711 intimetur;
2926 1658 3146 1718 propter
3174 1648 3275 1704 hoc
3305 1650 3552 1707 videlicet
3585 1661 3642 1706 ut
3670 1667 3769 1708 nou

2204 1739 2322 1809 ejus
2342 1738 2666 1803 humanitas,
2705 1753 2865 1809 quam
2894 1741 3237 1809 suscipiendo
3266 1742 3319 1796 in
3363 1744 3625 1800 unitatem
3655 1760 3777 1814 per-

510 1844 710 1902 habere
739 1859 1047 1915 personam.
1070 1844 1180 1900 Nec
1208 1853 1388 1901 movet
1420 1845 1691 1916 quomodo
1718 1847 1954 1915 potuerit
1994 1846 2092 1899 ha-

2200 1846 2346 1887 sonte
2369 1845 2481 1886 sua:
2510 1829 2692 1887 vocari
2719 1832 2884 1902 coepit
2924 1831 3182 1889 Dominus
3210 1834 3368 1890 Jesus
3391 1835 3657 1903 Christus,
3684 1838 3774 1894 sed

508 1936 640 1993 here
666 1936 801 1993 duas
827 1950 932 1991 una
958 1935 1156 1991 Christi
1189 1949 1417 2004 persona
1466 1943 1706 1995 naturas.
1747 1950 1869 1990 cum
1910 1935 2095 1991 videa—

510 2040 633 2081 mus
652 2024 953 2080 divinitatis
974 2038 1135 2079 unam
1165 2023 1518 2080 substantiam
1545 2034 1655 2079 tres
1680 2023 1879 2080 habere
1906 2038 2094 2094 perso-

509 2129 627 2170 nas.
656 2114 712 2171 Si
735 2115 879 2171 enim
909 2112 1041 2169 mihi
1062 2114 1205 2169 dicat
1241 2114 1431 2183 aliquis
1460 2131 1472 2168 :
1503 2114 1559 2168 ln
1606 2113 1824 2169 Christo
1870 2113 2097 2170 ostende

509 2206 645 2274 mihi,
669 2206 962 2263 secundum
991 2220 1273 2262 numerum
1303 2215 1635 2269 naturarum,
1662 2220 1945 2261 numerum
1971 2220 2095 2274 per-

506 2266 791 2365 sonarum;
853 2295 1191 2366 respondebo
1252 2295 1552 2365 intrepidus
1602 2266 1631 2351 τ⁷
1661 2295 1901 2352 Ostende
1964 2266 2097 2352 inihi

506 2390 670 2447 etiam
702 2397 757 2444 tu
786 2389 841 2444 in
867 2387 1066 2444 deitate
1095 2388 1390 2443 secundum
1422 2401 1701 2442 numerum
1723 2401 2093 2457 personarum,

509 2492 791 2533 numerum
823 2487 1163 2533 naturarum.
1193 2475 1249 2533 Si
1278 2477 1423 2532 enim
1474 2490 1579 2531 non
1632 2484 1811 2545 potest
1854 2490 1976 2533 esse
2002 2493 2097 2531 na-

510 2582 630 2627 tura
659 2572 779 2629 sine
802 2585 1060 2641 persona,
1090 2584 1191 2627 nec
1221 2583 1450 2640 persona
1482 2578 1661 2639 potest
1686 2584 1806 2625 esse
1841 2569 1959 2625 sine
2002 2585 2097 2624 na-

506 2676 649 2725 tura.
676 2664 783 2721 Sed
810 2665 855 2720 si
882 2664 1076 2721 dicitur
1103 2664 1156 2720 in
1188 2663 1448 2722 Trinitate
1473 2680 1664 2722 omnes
1695 2674 1804 2723 tres
1837 2680 2096 2736 personas

508 2772 667 2813 uuam
698 2756 895 2813 habere
920 2766 1192 2820 naturam,
1221 2757 1344 2827 quia
1372 2756 1463 2812 illa
1494 2773 1599 2813 una
1636 2767 1826 2813 natura
1856 2759 2094 2813 omnium

506 2850 667 2905 trium
690 2857 772 2904 est
794 2862 1142 2918 personarum
1171 2866 1183 2901 :
1214 2848 1285 2903 ita
1308 2863 1407 2919 ego
1426 2847 1478 2903 in
1505 2849 1719 2905 Christo
1743 2849 1916 2904 dicam
1930 2858 2096 2905 utras-

505 2954 611 3009 que
636 2948 855 2994 naturas
879 2953 1039 2994 unam
1066 2938 1265 2995 habere
1290 2954 1572 3009 personam
1598 2984 1614 3010 ,
1643 2942 1762 3012 quia
1810 2940 1899 2995 illa
1932 2942 2095 3011 signi-

505 3032 672 3086 ﬁcans
701 3028 935 3087 existere
956 3030 1235 3101 cujusque,
1264 3037 1349 3086 est
1376 3046 1494 3100 qum
1522 3030 1684 3096 alium
1712 3030 1995 3102 distinguit
2024 3030 2094 3085 ab

505 3122 630 3177 alio.
663 3118 817 3176 Unde
845 3121 948 3177 rite
976 3134 1329 3191 personarum
1353 3122 1579 3179 duarum
1613 3122 1666 3176 in
1695 3119 1914 3177 Christo
1944 3122 2091 3177 vide-

2200 1923 2454 1979 divinitas
2482 1924 2602 1993 ejus
2630 1932 2849 1993 propter
2869 1939 3030 1993 quam
3067 1926 3327 1981 asseritur
3368 1942 3505 1982 unus
3546 1943 3671 1985 esse
3716 1930 3775 1986 de

2200 2023 2384 2070 sancta
2417 2024 2473 2070 et
2498 2013 2766 2069 individua
2793 2014 3076 2082 Trinitate,
3103 2017 3423 2088 praedicetur
3447 2034 3571 2075 esse
3607 2019 3775 2091 passi-

2201 2104 2344 2172 bilis,
2373 2106 2583 2175 quoties
2604 2104 2862 2161 Dominus
2881 2105 3038 2161 Jesus
3068 2121 3259 2181 passus;
3281 2123 3378 2178 pro
3405 2109 3583 2165 salute
3610 2110 3775 2165 homi-

2201 2210 2330 2250 num
2355 2210 2458 2250 non
2488 2202 2710 2251 tacetur.
2739 2195 2839 2252 llic
2860 2211 2988 2252 vero
3016 2212 3205 2254 sensus
3241 2208 3331 2254 aut
3373 2200 3608 2256 Arianos
3637 2201 3778 2271 juvat

2200 2288 2267 2343 ad
2291 2287 2725 2344 deteriorandam
2781 2288 2903 2344 Filii
2951 2290 3302 2359 divinitatem,
3335 2301 3426 2348 aut
3468 2294 3630 2349 unius
3670 2304 3777 2349 tam

2205 2387 2315 2434 tum
2338 2380 2391 2434 in
2413 2394 2479 2435 eo
2508 2389 2718 2435 natura:
2742 2381 3010 2436 interserit
3036 2382 3367 2452 opinionem,
3396 2384 3523 2438 dum
3556 2383 3780 2439 duarum

2202 2483 2551 2538 personarum
2598 2472 2751 2526 timet
2810 2470 3085 2528 incurrere
3138 2473 3521 2541 suspicionem.
3568 2474 3781 2532 Tertius

2198 2560 2375 2616 adhuc
2392 2560 2580 2616 modus
2606 2571 2710 2630 εει,
2736 2574 2802 2615 ne
2824 2560 3158 2619 ﬁrmantibus
3178 2570 3202 2600 ¹¹
3218 2563 3374 2619 nobis
3397 2564 3684 2621 Dominum
3695 2566 3781 2622 Je-

2199 2666 2316 2706 sum
2344 2652 2616 2709 Christum
2645 2666 2807 2707 unum
2840 2665 2962 2706 esse
2981 2652 3050 2707 de
3081 2663 3267 2708 sancta
3296 2664 3351 2708 et
3377 2653 3647 2710 individua
3668 2655 3784 2712 Tri-

2198 2745 2386 2809 nitate,
2445 2743 2726 2799 confestim
2784 2756 2815 2797 a
2867 2744 3022 2799 nobis
3077 2756 3375 2813 quaeratur,
3422 2745 3563 2810 Quid
3616 2747 3784 2804 unus?

2196 2833 2362 2890 Verbi
2392 2833 2535 2888 enim
2562 2834 2757 2903 gratia,
2796 2834 2844 2889 si
2890 2832 3114 2890 voluero
3153 2834 3353 2904 dicere,
3385 2834 3608 2892 Gabriel
3651 2853 3784 2895 unus

2196 2940 2281 2985 est
2308 2942 2374 2983 ex
2405 2928 2608 2998 angelis
2629 2926 2761 2995 Dei,
2792 2927 3175 2998 interrogatus,
3202 2928 3340 2995 Quid
3365 2929 3540 2984 unus?
3564 2944 3786 3003 respon-

2194 3022 2319 3089 deo,
2355 3021 2624 3096 Angelus,
2664 3020 2791 3090 quia
2816 3020 2925 3087 jam
2973 3018 3098 3074 illos
3141 3034 3331 3078 omnes
3373 3022 3599 3093 angelos
3649 3024 3785 3081 dixi.

2194 3113 2300 3168 Aut
2326 3111 2372 3165 si
2405 3113 2597 3165 iterum
2626 3109 2875 3165 similiter
2898 3108 3105 3180 loquar,
3139 3110 3462 3180 Ephesinam
3488 3112 3788 3171 Ecclesiam

506 3222 654 3266 retur
677 3208 940 3281 quispiam
957 3224 1246 3281 exsurgere
1276 3210 1613 3279 praedicator,
1639 3212 1683 3266 si
1707 3212 1847 3267 Deus
1867 3210 1959 3268 ille
1979 3227 2087 3267 non
2114 3198 2163 3263 C
2196 3218 2356 3259 unam
2388 3216 2513 3258 esse
2534 3201 2604 3256 de
2628 3208 2833 3271 septem
2867 3203 3118 3259 Ecclesiis
3139 3204 3205 3258 ad
3226 3217 3361 3274 quas
3382 3202 3626 3261 Joannes
3647 3208 3789 3262 scri-

507 3303 694 3359 fuisset
714 3302 899 3369 homo,
927 3311 1020 3358 aut
1047 3302 1210 3358 homo
1235 3304 1325 3359 ille
1356 3319 1461 3358 non
1506 3305 1693 3361 luisset
1725 3305 1883 3368 Deus,
1922 3306 2087 3361 aliuttt

2200 3296 2271 3351 bit
2299 3294 2610 3365 apostolus,
2661 3295 3050 3366 interrogatus,
3095 3294 3233 3363 Quid
3281 3295 3482 3350 unam?
3526 3311 3655 3352 mox
3706 3313 3793 3354 re.

505 3395 571 3451 ab
606 3394 714 3451 alio
758 3408 857 3449 sua
903 3394 1265 3463 distinguente
1310 3408 1538 3463 persona
1572 3411 1588 3449 :
1620 3394 1747 3450 dum
1794 3393 2089 3450 secundum
2190 3389 2454 3461 spondeo,
2484 3388 2808 3456 Ecclesiam,
2845 3388 2970 3458 quia
2993 3389 3103 3457 jam
3138 3388 3256 3444 illas
3284 3398 3491 3457 septem
3516 3386 3794 3446 Ecclesia:

506 3485 800 3556 superioris
846 3484 1176 3540 intellectum
1231 3484 1580 3552 deﬁnitionis,
1629 3485 1952 3555 proprietate
2009 3485 2089 3540 in-
2193 3482 2326 3537 dixi.
2364 3479 2491 3537 Pari
2522 3482 2735 3536 ratione
2768 3481 2814 3536 si
2846 3479 3090 3535 homines
3120 3489 3229 3535 tres
3260 3480 3556 3535 accessisse
3583 3482 3796 3549 aliquo,

505 3579 937 3636 communicabili
965 3580 1044 3635 sic
1072 3594 1234 3634 unum
1275 3577 1544 3634 Christum
1586 3593 1869 3648 personam
1899 3575 2093 3633 divini-
2194 3583 2285 3629 aut
2314 3574 2603 3629 recessisse
2622 3572 2837 3627 aliunde
2856 3571 3197 3641 pronuntiem
3216 3610 3234 3638 ,
3257 3586 3378 3627 cum
3403 3572 3617 3639 dixero,
3644 3572 3797 3629 Unus

505 3673 628 3728 tatis
652 3671 977 3742 signiﬁcaret
1003 3669 1255 3736 existere,
1289 3678 1348 3724 ut
1382 3684 1506 3725 eum
1548 3668 1615 3724 ab
1645 3668 1749 3725 alio
1778 3669 1866 3739 qui
1895 3669 1947 3723 in
1989 3670 2090 3725 hu~
2196 3681 2262 3723 ex
2290 3666 2373 3721 his
2399 3665 2547 3721 venit
2572 3663 2638 3719 ad
2677 3677 2797 3734 me,
2832 3665 3227 3735 interrogatus,
3256 3662 3394 3730 Quid
3435 3664 3624 3718 unus!
3674 3678 3798 3717 mox

508 3762 769 3818 inanitate
805 3759 1106 3816 credendus
1152 3759 1347 3825 fuerat,
1379 3770 1675 3830 separaret.
1709 3759 2091 3815 Verumtamen
2195 3756 2518 3829 respondeo,
2551 3754 2756 3823 Homo,
2786 3753 3037 3824 quoniam
3066 3753 3186 3809 illos
3215 3763 3322 3809 tres
3360 3752 3614 3809 homines
3653 3752 3799 3808 disi.

508 3852 647 3913 absit
677 3851 834 3907 hoca
861 3850 1105 3907 ﬁdelibus
1133 3852 1435 3917 mentibus,
1478 3851 1638 3922 longe
1664 3842 2093 3908 ﬁataChristia-
2194 3850 2329 3907 Cum
2377 3863 2507 3905 vero
2562 3848 2885 3913 dixerimus,
2937 3846 3217 3901 Dominum
3268 3844 3453 3901 Iesum
3512 3844 3801 3902 Christum

509 3941 594 3999 uis
619 3940 1088 4013 disputationibus.
1119 3943 1349 3998 Proinde
1393 3944 1467 3999 illi
1512 3959 1648 4012 quos
1676 3958 1871 4014 negare
1900 3943 2095 3999 asserit
2197 3956 2362 3997 unum
2389 3954 2511 3996 esse
2539 3940 2606 3994 de
2632 3947 2817 3993 sancta
2842 3949 2897 3993 et
2918 3937 3192 3992 individua
3225 3936 3488 3992 Trinitate
3507 3978 3523 4002 ,
3558 3939 3803 3993 interro-

509 4035 795 4090 Dontinum
825 4043 1069 4090 nostrum
1119 4034 1302 4091 Jesum
1333 4035 1603 4091 Christum
1651 4050 1818 4089 unum
1863 4049 1985 4096 esse
2025 4036 2094 4089 de
2196 4037 2326 4106 gati,
2369 4032 2508 4100 Quid
2531 4029 2834 4086 unuslnon
2864 4044 3151 4100 possumus
3176 4028 3385 4093 dicere,
3424 4045 3562 4084 unus
3612 4029 3804 4098 Deus,

506 4135 690 4183 sancta
716 4136 772 4183 et
811 4127 1082 4182 individua
1109 4125 1392 4194 Trinitate,
1436 4129 1482 4182 si
1532 4127 1768 4183 fatentur
1809 4128 2092 4182 Dominum
2196 4127 2319 4198 quia
2348 4126 2584 4181 Trinitas
2607 4125 2695 4180 illa
2721 4138 2827 4179 non
2867 4134 2949 4178 est
2978 4123 3240 4186 Deorum;
3274 4135 3373 4176 nec
3402 4121 3683 4191 permittit
3714 4138 3807 4178 ra-

509 4227 747 4273 nostrum
776 4219 957 4274 .lesum
988 4218 1260 4275 Christum
1293 4219 1458 4275 Deum
1486 4234 1627 4285 esse,
1652 4220 1747 4276 Dei
1775 4220 1993 4286 Filium,
2017 4220 2097 4275 fa-
2198 4220 2277 4273 tio
2309 4226 2366 4272 ut
2389 4218 2632 4272 dicamus
2666 4234 2678 4270 :
2714 4215 2973 4270 Dominus
3002 4213 3160 4270 Jesus
3198 4213 3443 4268 Christus
3472 4229 3620 4269 unus
3660 4214 3806 4270 Det:

506 4319 650 4365 ctum
687 4309 918 4365 hominis
948 4310 1141 4379 ﬁlium;
1166 4322 1221 4366 et
1250 4311 1371 4367 ideo
1395 4313 1670 4366 nominato
1700 4312 1928 4367 Domino
1957 4312 2094 4369 ~Jesu
2196 4317 2278 4364 est
2300 4307 2367 4363 de
2395 4315 2581 4361 sancta
2611 4314 2666 4360 et
2687 4305 2957 4360 individua
2981 4303 3281 4368 Trinitate;
3312 4302 3408 4357 sed
3438 4302 3685 4359 dicimus
3708 4320 3807 4374 po-

506 4401 722 4457 Christo
751 4416 855 4457 non
889 4403 1160 4459 hominem
1189 4418 1403 4474 purum,
1446 4404 1542 4459 sed
1577 4404 1811 4458 divinam
1852 4405 2011 4459 simul
2041 4415 2096 4460 et
2199 4401 2307 4457 tius
2339 4399 2507 4458 :Tota
2538 4400 2773 4455 Trinitas
2801 4411 2938 4451 unus
2968 4396 3133 4451 Deus.
3162 4396 3427 4453 Similiter
3448 4396 3808 4466 interrogati,

506 4497 795 4552 humanam
824 4496 1175 4550 substantiam
1221 4496 1513 4561 nominari;
1559 4497 1602 4550 si
1654 4496 1884 4552 fatentur
1925 4496 2091 4552 Deum
2200 4490 2337 4558 Quid
2361 4487 2772 4559 unus?quando
2798 4484 3027 4541 dicimus
3066 4485 3347 4540 Dominum
3399 4485 3593 4540 losum
3646 4485 3811 4541 Chri-

505 4590 844 4655 Trinitatem,
881 4588 1090 4644 Patrem
1116 4604 1258 4658 esse,
1290 4599 1343 4644 et
1372 4588 1584 4655 Filium,
1608 4598 1661 4645 et
1690 4589 1946 4659 Spiritum
1970 4604 2094 4643 san-
2121 4567 2171 4627 Ῐ)
2198 4590 2339 4637 stum
2370 4595 2536 4636 unum
2588 4594 2711 4635 esse
2747 4578 2818 4635 de
2867 4588 3052 4633 sancta
3084 4588 3140 4634 et
3187 4578 3459 4633 individua
3503 4579 3809 4645 Trinitate,

505 4692 681 4749 ctum;
711 4693 765 4737 et
796 4683 937 4737 hunc
981 4682 1173 4737 Filium
1223 4684 1343 4737 sine
1380 4696 1486 4752 quo
1532 4681 1767 4735 Trinitas
1820 4697 2091 4751 nunquam
2198 4690 2305 4731 non
2339 4687 2624 4743 possumus
2644 4671 2992 4742 respondere,
3021 4671 3221 4738 Filius,
3266 4672 3389 4742 quia
3421 4671 3678 4728 Trinitas
3718 4674 3810 4729 illa

506 4774 627 4840 fuit,
654 4785 710 4830 et
732 4791 837 4844 quo
863 4789 1079 4831 carnem
1107 4776 1434 4843 suscipiente
1465 4775 1662 4829 mansit
1696 4774 1960 4840 Trinitas;
1985 4774 2090 4829 sic-
2198 4782 2306 4822 non
2342 4776 2426 4821 est
2454 4765 2720 4829 ﬁliorum;
2752 4780 2889 4818 unus
2918 4764 3061 4818 enim
3091 4764 3144 4817 itt
3177 4762 3442 4819 Trinitate
3488 4774 3578 4819 est
3607 4765 3811 4821 Filius.

507 4878 561 4920 ttt
593 4880 808 4937 semper
836 4877 918 4921 est
961 4866 1219 4933 Trinitas,
1251 4881 1313 4920 cx
1348 4864 1498 4920 initio
1545 4865 1931 4920 incarnationis
1957 4880 2089 4931 suze,

2200 4858 2267 4913 Et
2295 4858 2340 4913 si
2385 4857 2580 4911 dicitur
2608 4857 2678 4909 ita
2710 4854 2815 4910 dici
2848 4871 2863 4907 :
2893 4854 3146 4909 Dominus
3170 4852 3327 4908 Iesus
3351 4853 3639 4920 Christus,
3670 4870 3815 4910 unus

506 4958 680 5026 ipsum
720 4972 841 5012 esse
880 4957 1185 5025 intelligunt
1228 4958 1507 5011 Dominum
1547 4956 1730 5012 Iesum
1770 4956 2043 5012 Christum
2074 4974 2088 5011 :
2196 4960 2279 5005 est
2306 4950 2374 5005 de
2402 4957 2586 5002 sancta
2614 4955 2668 5003 et
2698 4945 2968 5001 individua
2998 4944 3297 5008 Trinitate,
3328 4953 3590 5015 tanquam
3624 4945 3678 5001 si
3725 4946 3817 4999 di-

508 5048 629 5116 quitl
658 5048 722 5101 ad
757 5061 876 5114 nos,
907 5046 1234 5117 quibuslibet
1256 5047 1432 5101 Verbis
1464 5056 1663 5101 rectam
1704 5046 1999 5116 praedicent
2030 5046 2092 5099 ﬁ~
2195 5051 2370 5107 catur,
2405 5055 2507 5094 una
2536 5052 2786 5108 persona,
2819 5036 3122 5091 rectissime
3150 5037 3251 5092 hoc
3279 5037 3515 5103 dicitur;
3547 5037 3657 5093 sed
3677 5051 3816 5093 ωηο

511 5137 665 5194 dem?
698 5137 995 5193 Videndum
1026 5141 1203 5208 potius
1225 5154 1345 5193 reor
1382 5148 1434 5193 et
1468 5139 1914 5193 considerandum
1964 5136 2091 5191 dili-
2199 5131 2537 5187 venientibus
2564 5129 2747 5195 modo,
2790 5129 2834 5182 si
2870 5127 2972 5182 hoc
3002 5128 3074 5182 ita
3100 5127 3336 5194 videtur,
3369 5142 3479 5181 una
3514 5142 3763 5195 persona
3788 5126 3817 5166 ι

509 5223 739 5301 gentius,
789 5244 885 5284 cur
920 5230 1175 5284 Dominus
1205 5230 1358 5284 Jesus
1403 5229 1648 5285 Christus
1690 5244 1829 5284 unus
1874 5242 1995 5283 esse
2024 5228 2093 5282 de
2196 5243 2355 5296 quam
2400 5239 2537 5279 unus
2582 5224 2807 5289 dicitur,
2849 5238 2917 5277 ne
2967 5236 3151 5290 parum
3202 5221 3668 5291 intelligentibus,
3722 5232 3820 5275 aut

507 5332 688 5378 sancta
733 5333 785 5379 et
835 5322 1111 5377 individua
1152 5322 1412 5377 Trinitate
1439 5323 1600 5377 nimis
1627 5332 1783 5379 caute
1814 5337 1844 5377 a
1874 5322 2093 5393 quibus-
2198 5322 2335 5375 male
2391 5316 2787 5386 suspicantibus
2844 5314 3154 5369 scandalum
3202 5327 3549 5383 procuretur.
3598 5314 3821 5383 Quibus

506 5414 629 5470 dant
661 5425 901 5485 negetur.
927 5413 1126 5469 Tribus
1154 5414 1297 5469 enim
1330 5413 1524 5481 modis,
1556 5424 1811 5482 quantum
1840 5426 1957 5466 mea
1989 5409 2093 5465 fert
2199 5427 2326 5481 ergo
2371 5410 2544 5465 modis
2574 5410 2691 5463 haec
2736 5406 3004 5463 sententia
3052 5405 3120 5459 ah
3170 5403 3465 5475 aliquantis
3503 5403 3818 5459 refellenda

504 5508 704 5576 opinio.
730 5506 1011 5561 sementim
1039 5505 1199 5576 hujus
1229 5516 1475 5576 suspecta
1506 5504 1746 5559 redditur
1773 5502 2089 5574 propositio.
2198 5508 2277 5563 vel
2310 5505 2547 5562 cavenda
2566 5503 2859 5573 judicetur,
2883 5498 3202 5570 simpliciter
3228 5498 3346 5554 dixi
3372 5516 3385 5553 :
3411 5508 3686 5555 ceterum
3712 5508 3820 5566 ego

578 5720 602 5748 °
628 5716 812 5780 Forte,
840 5715 1226 5787 afﬁrmantibus.
1258 5714 1364 5787 Sed
1408 5710 1538 5764 nihil
1583 5718 1731 5764 muto
1766 5727 1775 5761 :
1811 5709 1935 5779 quia
1969 5724 2089 5763 mox
2269 5705 2296 5743 ι’
2331 5704 2425 5759 llic
2456 5701 2667 5757 videtur
2696 5700 2908 5768 deesse,
2942 5699 3131 5770 potius.

502 5788 656 5852 initio
679 5789 704 5855 ἓ
726 5788 787 5842 H
819 5789 983 5844 Vetbﬂ
1011 5788 1219 5852 ﬁrmare
1246 5786 1408 5841 utitur
1441 5791 1644 5837 auctor.
