3958 6358
248 329 345 384 99.!

1420 324 1777 383 EPISTULA:
1822 326 1904 378 ET
1947 326 2327 384 OPEISCL'LA.

3426 337 3530 393 €23

249 462 346 503 nec
374 444 678 502 volentibus
734 462 835 502 nec
893 444 1196 501 nolentibus
1249 444 1431 501 dicere
1481 444 1776 499 contrailixi
1812 459 1825 495 :
1864 441 1914 500 Α
2010 444 2177 499 Valde
2237 444 2498 499 maximas
2555 460 2672 500 sum
2726 461 2914 515 passus
2971 448 3266 517 angustis,
3316 452 3525 519 quando

242 537 370 611 quia
398 536 529 593 nihil
552 552 582 591 a
608 551 695 592 me
715 547 919 592 certum
946 552 1104 606 posse
1134 535 1380 603 deliniri,
1425 537 1477 590 in
1533 536 1689 603 hujus
1721 534 1830 601 epi-

241 630 396 687 stola!
418 630 591 698 capite
609 628 719 699 jam
754 630 1002 698 praedixi.

266 754 269 757 λ
315 724 407 779 Η.
431 718 695 780 Castorum
720 722 763 775 si
787 733 931 775 certa
956 722 1020 775 ad
1041 737 1137 774 nos
1166 721 1436 774 mandavit
1460 720 1641 787 Opinio
1658 718 1825 787 (quod

138 800 152 809 ’
246 817 462 871 ﬁrmare
492 815 610 868 ideo
633 814 843 877 dubito,
873 815 990 881 quia
1019 812 1144 867 nihi‘
1172 813 1365 867 exinde
1397 812 1504 865 tuis
1533 811 1725 865 litteris
1752 812 1832 862 in~

242 910 485 963 limatum
513 920 619 960 non
650 905 881 959 inaniter
903 905 1126 975 cogito),
1159 906 1326 957 miror
1351 902 1621 973 quomodo
1656 902 1707 954 hi
1738 903 1826 969 qui

244 1000 525 1054 Dominum
574 1007 814 1051 nostrum
858 996 1042 1051 Jesum
1093 997 1365 1050 Christum
1413 1006 1607 1062 negant
1661 1009 1825 1048 unum

238 1105 363 1145 esse
387 1090 454 1144 de
482 1103 668 1143 sancta
698 1098 752 1142 et
792 1086 1375 1150 individuaTrinitate,
1421 1084 1665 1139 conﬁteri
1703 1100 1824 1137 eum

239 1182 489 1236 dicantur
515 1196 678 1234 unum
704 1195 825 1234 esse
855 1194 917 1233 ex
952 1189 1137 1233 sancta
1168 1188 1221 1233 et
1244 1177 1512 1231 individua
1539 1176 1824 1230 Trinitate.

236 1274 374 1342 Quid
421 1272 608 1326 harum
642 1272 1064 1342 propositionum
1094 1271 1397 1325 dim-rentia
1428 1270 1699 1333 moliatur,
1732 1285 1827 1322 au-

234 1367 353 1421 dire
377 1380 659 1435 cupe:em;
709 1367 752 1418 si
808 1366 1014 1429 liceret,
1050 1373 1343 1433 praesentes
1390 1365 1821 1433 interrogarem:

235 1459 428 1514 vellem
457 1459 659 1523 dicere,
684 1458 727 1511 si
752 1459 971 1511 daretur
998 1471 1302 1512 sermonem
1345 1456 1462 1510 sine
1490 1456 1668 1509 studio
1692 1470 1823 1509 cou-

234 1552 494 1605 tentionis
524 1534 783 1605 inserere.
817 1551 870 1606 Si
901 1550 1043 1604 enim
1067 1548 1327 1604 dicendus
1355 1558 1434 1603 est
1458 1563 1595 1602 unus
1619 1564 1683 1603 ex
1707 1548 1827 1602 Tri-

235 1645 400 1699 nitate
432 1643 695 1698 Dominus
749 1641 906 1697 Jesus
957 1642 1233 1706 Christus,
1289 1651 1507 1709 prepler
1564 1641 1820 1694 unitatcm

232 1749 480 1804 personae
513 1737 697 1805 utique
721 1734 981 1790 dicendus
1009 1744 1112 1799 est,
1136 1745 1193 1787 ut
1223 1735 1537 1788 oetendatur
1563 1732 1686 1802 quia
1735 1734 1823 1786 ille

1938 539 2132 604 su-ipta
2170 552 2345 592 vestra
2374 542 2728 609 suscepimus,
2762 544 2915 610 cujus
2948 545 3362 612 perturbationis
3390 547 3525 599 indi-

1936 629 2077 681 cium
2110 631 2263 698 longa
2309 633 2642 686 taciturnitas
2674 634 2721 686 ﬁt
2752 644 2788 687 t.
2836 636 2964 689 Nam
2993 638 3036 689 si
3070 639 3411 692 considerare
3438 639 3526 691 di-

1935 724 2169 790 gnemini
2200 740 2354 792 (ruam
2396 723 2621 778 festinus
2669 740 2788 779 esse
2814 728 3015 782 soleam
3057 743 3268 798 semper
3298 728 3365 782 ad
3391 728 3525 783 obe-

1934 814 2184 868 diendum
2222 815 2554 884 jussionibus
2600 820 2819 887 vestris,
2853 836 2956 874 non
3011 821 3201 874 minori
3250 821 3522 876 devotioni

1934 907 2297 974 reSponsiunis
2338 907 2495 975 hujus
2545 909 2864 976 deputaliitis
2916 926 3117 966 moras.
3160 911 3335 979 Quare
3377 913 3519 967 enim

1932 997 2021 1050 diu
2050 996 2265 1053 sill-rem
2289 1038 2304 1060 ,
2338 1000 2438 1053 nisi
2475 1000 2816 1068 trepidatum,
2853 1016 2955 1055 non
3009 1004 3295 1057 veritatem
3342 1003 3523 1058 dicere

1931 1088 1996 1142 de
2038 1090 2337 1158 quaestione
2390 1105 2559 1158 nuper
2615 1102 2838 1159 exorta,
2871 1093 3151 1148 silentibus
3206 1094 3301 1148 scd
3346 1095 3522 1148 adhuc

1932 1182 2198 1235 Africanis
2236 1183 2512 1249 Ecclesiis,
2536 1194 2660 1237 ante
2680 1196 2887 1253 tempus
2912 1187 3149 1253 proferre
3174 1202 3477 1241 sermonem
3499 1188 3521 1240 τ

1932 1272 2257 1340 Simpliciter
2288 1281 2462 1327 tamen
2482 1316 2494 1337 ,
2516 1275 2870 1343 compellente
2888 1276 3132 1343 jussione
3157 1287 3353 1342 vestra,
3375 1279 3517 1345 quod

1930 1368 2197 1421 credimus
2255 1370 2537 1437 loquimur,
2574 1380 2629 1421 ut
2667 1370 2803 1423 scire
2836 1370 3126 1438 dignemini
3171 1372 3293 1439 quia
3341 1371 3522 1425 vobis-

1928 1474 2046 1513 Cum
2080 1460 2263 1525 corde,
2296 1462 2571 1514 vobiscum
2606 1461 2728 1527 lide,
2762 1462 3030 1515 vobiscum
3081 1462 3373 1515 secundum
3425 1460 3520 1513 bo-

1930 1564 2050 1602 nam
2082 1565 2263 1617 spem,
2299 1550 2571 1604 vobiscum
2624 1551 2675 1603 in
2725 1550 2986 1604 charitate
3040 1566 3144 1604 non
3186 1552 3327 1605 licta.
3360 1551 3517 1615 Qum-

1928 1658 2139 1713 cunque
2168 1644 2309 1698 enim
2335 1644 2625 1713 sapienter,
2658 1646 2910 1707 breviter,
2941 1646 3205 1700 veraciter
3238 1643 3516 1711 inlimatis,

1928 1736 2116 1790 eadem
2148 1737 2442 1799 credimus,
2469 1737 2655 1791 eadem
2689 1738 2982 1802 sentimus,
3014 1736 3200 1789 eadem
3226 1734 3512 1799 loquimur.

232 1829 375 1887 Deus
401 1830 708 1901 unigenitus
738 1829 852 1898 ipse
879 1828 1050 1884 factus
1076 1836 1159 1883 est
1187 1828 1368 1882 homo.
1400 1828 1506 1882 Cur
1549 1841 1653 1881 non
1693 1842 1820 1895 ergo
1851 1818 1899 1878 Β
1997 1826 2053 1880 2.
2090 1827 2275 1883 Verbis
2296 1828 2607 1895 apostolicis
2634 1829 2887 1885 suadeam
2920 1828 3195 1881 ministros
3219 1826 3364 1881 sedis
3386 1840 3517 1895 apo.

229 1923 443 1979 dicatur
468 1924 654 1988 etiam,
685 1919 752 1976 de
785 1921 1081 1985 Triuitate,
1115 1930 1175 1975 ut
1212 1920 1526 1975 ostendatur
1573 1918 1823 1973 similiter

230 2015 505 2082 pertinere
559 2013 627 2067 ad
671 2012 964 2069 essentiam
1012 2010 1312 2077 Trinitatis,
1368 2010 1492 2079 quia
1545 2020 1819 2076 assumpta

228 2107 413 2161 servili
438 2108 605 2161 forma
636 2106 1015 2162 contumeliam
1048 2102 1267 2174 pertulit
1296 2100 1649 2157 mortis?Sed
1682 2099 1728 2155 si
1756 2114 1822 2156 eo

229 2212 400 2252 sensu
444 2212 548 2253 non
577 2198 775 2254 dicitur
805 2212 943 2251 unus
972 2211 1093 2251 esse
1135 2194 1202 2250 de
1253 2206 1438 2249 saneta
1466 2203 1520 2249 et
1546 2192 1821 2248 individua

228 2289 514 2356 Trinitate,
564 2290 659 2345 sed
714 2305 780 2344 ex
826 2299 1009 2343 sancta
1054 2288 1317 2343 Trinitate
1351 2287 1606 2341 Dominus
1660 2286 1819 2341 Jesus

228 2380 499 2443 Christus,
528 2390 586 2434 ut
609 2360 945 2437 ostendatur.
973 2379 1104 2434 nihil
1144 2380 1458 2433 substantiae
1495 2392 1617 2432 cum
1643 2376 1817 2431 Trini-

233 2482 347 2530 tate
394 2474 596 2529 habere
642 2488 967 2529 commune:
995 2474 1138 2528 sicut
1191 2472 1312 2528 ideo
1354 2485 1453 2525 nos
1492 2470 1722 2524 dicimus
1751 2484 1815 2523 ex

227 2565 364 2633 Deo,
389 2574 575 2621 etnon
605 2569 672 2620 de
701 2565 831 2633 Deo,
876 2566 1003 2635 quia
1045 2565 1150 2619 alia
1205 2574 1289 2619 est
1339 2571 1543 2628 nostra,
1588 2562 1692 2616 alia
1724 2561 1816 2615 Dei

227 2655 526 2712 substantia
551 2656 739 2729 (omne
762 2656 906 2711 enim
946 2656 1091 2726 quod
1126 2655 1195 2710 de
1219 2656 1398 2723 aliquo
1424 2654 1619 2722 fuerit,
1655 2656 1816 2709 etiam

226 2758 289 2805 ut
311 2764 378 2806 ex
406 2750 599 2806 eodem
619 2752 804 2822 aliquo
832 2752 901 2807 sit
934 2766 1156 2807 necesse
1176 2759 1293 2815 est;
1320 2766 1424 2805 non
1457 2760 1631 2805 tamen
1655 2766 1815 2806 omne

225 2841 369 2912 quod
397 2836 463 2897 ex
485 2842 665 2914 aliquo
693 2845 821 2909 erit,
849 2845 1107 2898 continuo
1134 2844 1296 2897 etiam
1327 2842 1395 2898 de
1426 2843 1615 2898 eodem
1633 2843 1816 2913 aliquo

225 2945 348 2988 esse
375 2940 549 3001 potest
578 2949 594 2987 :
626 2932 764 2987 sicut
789 2934 966 2989 omnia
998 2948 1065 2989 ex
1096 2933 1227 3000 Deo,
1254 2949 1355 2988 non
1381 2942 1558 2987 tamen
1591 2932 1658 2987 de
1683 2932 1811 2997 Deo;

224 3025 419 3083 Filium
452 3043 577 3083 vero
607 3028 960 3099 unigenitum,
1008 3037 1064 3083 et
1101 3027 1169 3082 de
1211 3028 1319 3082 Deo
1344 3042 1399 3081 et
1425 3042 1487 3080 ex
1539 3025 1647 3079 Di-o
1691 3039 1812 3080 esse

223 3119 526 3174 rectissime
562 3119 925 3190 conﬁtemur);
969 3119 1116 3173 videt
1172 3119 1339 3172 etiam
1388 3116 1670 3185 prudentia
1716 3130 1809 3169 ve-

1924 1922 2125 1978 stolicae
2154 1923 2451 1994 gloriosos:
2485 1922 2660 1990 State,
2686 1936 2730 1977 et
2758 1932 2922 1977 tenete
2952 1922 3252 1974 traditiones
3275 1934 3404 1987 quas
3437 1918 3518 1971 di-

1924 2013 2231 2085 dicistis(ll
2278 2013 2458 2068 Thess.
2494 2012 2697 2082 ",14).
2743 2014 2859 2068 Non
2910 2012 3126 2082 expedit
3170 2011 3513 2078 antiquorum

1925 2107 2142 2162 Patrum
2174 2109 2264 2177 qui
2292 2105 2719 2164 Chalcedonensi
2750 2121 3041 2162 noscuntur
3064 2104 3370 2160 interfuisse
3390 2117 3517 2158 cons

1922 2200 2045 2255 ciliu
2071 2200 2359 2269 vituperari
2405 2200 2847 2256 deliberationem
2871 2242 2884 2264 ,
2913 2200 3187 2255 retractari
3218 2196 3515 2266 judicium.

1923 2296 2117 2348 mutari
2173 2295 2495 2349 sententiam
2542 2308 2658 2348 :ne
2708 2293 2949 2363 synodus
2995 2288 3339 2353 venerabilis,
3372 2284 3513 2354 apud

1921 2402 2109 2442 omnes
2140 2387 2406 2442 Ecclesias
2430 2387 2661 2442 Orientis
2682 2396 2736 2441 et
2762 2385 3066 2440 Occidentis
3092 2399 3187 2452 per
3208 2397 3382 2437 annos
3403 2392 3512 2435 tam

1922 2479 2185 2549 plurimos
2212 2477 2330 2531 sine
2359 2478 2538 2548 aliqua
2582 2476 2913 2531 dubitatione
2944 2474 3171 2537 ﬁrmata,
3208 2471 3397 2539 perdat
3419 2482 3514 2520 suo

1922 2569 2033 2623 bito
2064 2568 2414 2622 reverentiam
2447 2582 2633 2632 suam;
2668 2581 2767 2621 nec
2809 2570 2978 2635 possit
3020 2565 3073 2617 in
3113 2560 3514 2616 deﬁnitionibus

1922 2659 2044 2714 ﬁdei
2078 2660 2241 2713 robur
2269 2658 2562 2713 inﬂexibile
2591 2657 2885 2719 custodire,
2917 2656 2962 2710 si
3004 2655 3229 2721 cmperit
3250 2668 3313 2706 ex
3338 2651 3512 2719 aliqua

1921 2761 2073 2821 parte
2096 2752 2297 2820 fragilis
2324 2760 2415 2804 aut
2440 2750 2860 2820 reprehensione
2885 2750 3041 2817 digna
3065 2747 3330 2803 convinci.
3350 2744 3512 2812 Quid-

1919 2843 2048 2910 quid
2097 2842 2262 2897 semel
2310 2842 2560 2896 statuitur
2609 2843 2661 2898 in
2708 2842 2939 2896 concilio
2991 2849 3046 2894 et
3091 2838 3509 2909 congregatione

1918 2945 2225 2991 sanctorum
2252 2935 2489 2999 Patrum,
2520 2946 2830 3005 perpetuam
2858 2933 3018 2989 debet
3048 2934 3293 2987 obtinere
3310 2929 3514 3001 jugiter

1922 3024 2245 3082 firmitatem.
2292 3027 2405 3093 Qua
2460 3028 2604 3082 enim
2654 3026 2832 3081 fronte
2886 3026 3269 3079 cantabimus:
3306 3024 3512 3090 Quanta

1920 3120 2228 3187 audivimus,
2253 3128 2302 3172 et
2328 3120 2656 3189 cognovimus
2686 3134 2774 3185 ea,
2806 3128 2853 3170 et
2882 3128 3052 3186 patres
3080 3117 3241 3170 nostri
3265 3130 3513 3168 narrare-

222 3222 567 3281 stra,purum
590 3212 660 3267 ab
685 3213 766 3267 his
793 3213 1066 3269 hominem
1099 3210 1379 3282 praedicari
1404 3210 1687 3265 Dominum
1721 3208 1801 3263 Je-
1840 3198 1885 3259 C
1919 3219 2038 3264 runt
2059 3210 2203 3264 nobis
2244 3207 2360 3280 (Ps.
2390 3226 2593 3274 uxvn,
2626 3210 2713 3279 5);
2744 3209 2789 3262 si
2814 3210 3023 3279 quoties
3053 3208 3215 3271 libet,
3252 3208 3412 3262 toties
3452 3207 3513 3260 li-

222 3320 346 3362 sum
374 3304 677 3373 Christum;
705 3317 761 3363 et
787 3305 1012 3367 omnino
1039 3305 1185 3361 hunc
1227 3320 1444 3361 sensum
1471 3346 1487 3372 ,
1521 3304 1623 3359 nisi
1672 3302 1813 3358 forte

221 3394 419 3450 melius
446 3407 537 3451 aut
565 3399 738 3466 aptius
769 3406 1088 3467 exponetur,
1114 3396 1625 3467 periculosissimum
1667 3394 1817 3464 judi-

222 3487 360 3541 cari.
407 3486 559 3544 Unde
598 3488 971 3544 desistendum
1001 3504 1031 3544 a
1070 3488 1512 3543 contentionibus
1538 3502 1684 3553 reor,
1716 3501 1812 3541 ex-

158 3644 169 3647 _
219 3579 577 3648 spectandum
637 3582 815 3648 potius
871 3580 1226 3650 persuadens,
1278 3581 1648 3650 patienterque
1679 3579 1817 3634 hanc

219 3669 617 3725 dubitationem
649 3671 945 3735 ferendam,
990 3672 1164 3727 donec
1208 3671 1528 3725 universalis
1561 3669 1818 3724 Ecclesiae

218 3760 547 3815 auctoritate
572 3752 657 3815 vel
685 3762 1063 3829 pronuntietur
1088 3759 1454 3828 suscipienda,
1498 3758 1581 3813 vel
1621 3756 1816 3827 proda-

222 3860 312 3905 tur
339 3851 663 3921 abjicieuda.
697 3853 882 3922 Neque
934 3853 1082 3907 enim
1142 3851 1277 3906 ﬁdes
1325 3866 1474 3918 vera,
1507 3851 1550 3903 si
1598 3850 1669 3903 de
1718 3849 1818 3903 hac

220 3950 495 4002 sententia
528 3954 793 4012 taceatur,
821 3946 998 4001 minus
1037 3944 1442 4015 praedicabitur;
1465 3950 1559 3997 aut
1594 3942 1691 3996 nisi
1724 3958 1818 4010 per

222 4039 365 4093 hanc
384 4039 710 4095 sententiam
736 4037 1037 4105 roboretnr,
1088 4037 1266 4091 minus
1308 4036 1459 4090 ﬁrma
1488 4033 1819 4089 existimabi-

220 4139 354 4185 tar:
387 4130 769 4195 cum,etiamsi
829 4130 899 4183 ita
954 4138 1119 4193 esset,
1168 4127 1321 4197 sequi
1376 4142 1475 4181 uos
1519 4124 1817 4195 apostolica

219 4223 390 4276 verba
441 4222 558 4291 plus
602 4221 846 4287 deceret,
877 4222 966 4275 ubi
1002 4220 1155 4275 nobis
1177 4220 1412 4275 dicitur:
1453 4218 1816 4272 Verumtamen

219 4314 277 4367 in
304 4313 438 4382 quod
454 4314 793 4383 pervenimus,
824 4314 878 4366 in
906 4329 963 4367 eo
989 4313 1345 4377 ambulemus;
1373 4318 1455 4378 et,
1484 4310 1543 4367 Si
1565 4312 1691 4381 quid
1718 4310 1817 4362 ali-

218 4408 521 4476 tersapt'tt's,
553 4407 648 4461 hoc
693 4423 893 4477 quoque
940 4406 1078 4460 vobis
1127 4407 1265 4460 Deus
1294 4404 1530 4458 reuelabit
1580 4402 1813 4473 (Philip.

216 4513 303 4566 tu,
340 4498 429 4564 16,
464 4499 573 4570 15).
604 4500 686 4554 Ad
712 4501 811 4553 hoc
843 4501 1206 4569 pervenimus,
1245 4500 1388 4553 scire
1415 4498 1697 4553 Dominum
1723 4497 1810 4552 Je-

1919 3314 2006 3360 cet
2045 3319 2234 3359 eorum
2277 3303 2490 3359 decreta
2521 3302 2866 3357 rescindere?
2896 3303 2997 3357 Per
3026 3302 3145 3357 illos
3174 3300 3512 3370 sapientis-i-

1919 3413 2038 3453 mos
2071 3397 2282 3467 judices
2325 3396 2566 3452 Ecclesia
2596 3394 2857 3450 catholica
2899 3395 3038 3450 dixit
3064 3396 3204 3464 quod
3251 3395 3510 3449 catholica

1922 3489 2160 3544 Ecclesia
2197 3488 2512 3551 custodiret,
2543 3488 2631 3543 vel
2670 3488 2846 3557 potius
2874 3486 3012 3555 quod
3039 3502 3207 3556 usque
3237 3501 3379 3540 nunc
3417 3500 3512 3540 cu-

1920 3581 2141 3637 stodivit
2172 3597 2189 3637 :
2223 3596 2320 3637 cur
2350 3581 2625 3637 hodiernis
2657 3596 2803 3636 nunc
2831 3582 3022 3635 iterum
3054 3578 3513 3649 disputationibus

1920 3674 2142 3730 minime
2194 3683 2320 3729 tunc
2377 3675 2715 3745 reprobatam
2769 3673 3123 3741 reprobamus
3178 3672 3511 3741 epistolam?

1920 3765 2067 3822 Fons
2130 3776 2213 3822 est
2278 3768 2558 3835 signatus,
2611 3766 2878 3822 catholica
2939 3765 3221 3831 Ecclesia,
3275 3765 3513 3820 Iacobus

1920 3874 2049 3913 vero
2105 3859 2378 3928 apostolus
2430 3861 2627 3913 clamat
2675 3875 2690 3915 :
2746 3856 3001 3927 Nunquid
3053 3857 3169 3927 [ons
3222 3856 3285 3910 de
3330 3858 3510 3910 eodem

1921 3950 2173 4019 foramine
2225 3960 2424 4003 emanat
2475 3950 2677 4003 dulcem
2724 3960 2773 4003 et
2820 3965 3050 4002 amaram
3099 3963 3286 4017 aquam
3345 3948 3362 4011 (
3386 3945 3502 4000 Jac.

1921 4057 2011 4107 ιιι,
2053 4042 2108 4095 Η
2140 4041 2192 4110 )?
2245 4041 2299 4097 Si
2355 4040 2526 4096 dulcis
2567 4056 2701 4112 aqua
2750 4041 2984 4095 manavit
3039 4041 3105 4093 ad
3159 4038 3511 4108 proferendus

1922 4132 2044 4187 ﬁdei
2107 4132 2446 4187 deﬁnitiones
2497 4148 2562 4188 ex
2611 4148 2707 4187 ore
2748 4131 3089 4202 pristinorum
3140 4131 3506 4196 sacerdotum,

1922 4224 2189 4295 quomodo
2239 4226 2355 4280 ﬁeri
2408 4226 2579 4294 putuit
2622 4236 2679 4279 ut
2721 4240 2786 4279 ex
2833 4239 2927 4280 ore
2977 4239 3183 4286 eorum,
3215 4239 3322 4278 non
3372 4223 3508 4279 alio-

1922 4331 2061 4383 rum,
2090 4316 2239 4386 quasi
2282 4331 2347 4371 ex
2399 4330 2583 4371 eorum
2637 4315 2898 4371 foramine
2946 4322 3189 4370 manaret
3236 4316 3287 4369 in
3339 4329 3507 4382 nego-

1921 4410 1996 4463 tio
2028 4408 2347 4463 venerabilis
2380 4407 2480 4462 lbte
2510 4409 2746 4477 episcopi
2773 4450 2789 4475 ,
2822 4423 2927 4461 non
2985 4408 3157 4461 dulcis
3204 4421 3374 4473 aqua,
3409 4404 3506 4459 sed

1922 4501 2155 4555 amarior
2182 4499 2339 4554 felle?
2367 4498 2498 4553 Cum
2547 4500 2739 4555 timore
2777 4514 2840 4554 ac
2869 4509 3101 4553 tremore
3126 4499 3265 4558 dico,
3293 4496 3388 4551 sed
3422 4504 3505 4549 ta-

215 4604 340 4644 sum
371 4559 643 4644 Christum
669 4605 739 4643 ex
770 4559 978 4643 duabus
1000 4597 1160 4659 atque
1186 4559 1236 4642 in
1260 4588 1467 4641 duabus
1496 4586 1812 4641 substantiis
1841 4559 1893 4620 D
1922 4608 2041 4646 men
2069 4593 2190 4645 dico
2223 4610 2233 4640 :
2269 4591 2324 4645 Si
2355 4599 2481 4644 tunc
2512 4592 2565 4645 in
2600 4591 2840 4659 quolibet
2877 4592 3093 4659 negotio
3123 4587 3419 4657 proiiinavit
3441 4587 3505 4641 ﬁo

216 4682 304 4735 vel
338 4682 566 4745 naturis,
602 4696 761 4735 unam
796 4681 994 4734 habere
1025 4692 1331 4747 persiinam.
1363 4678 1477 4733 Hoc
1511 4689 1809 4741 teneamus,

215 4771 323 4826 hoc
352 4773 651 4842 sapiamus,
683 4774 785 4826 hoc
808 4770 1192 4840 praedicemus;
1225 4780 1281 4825 ct
1302 4771 1347 4824 si
1371 4771 1616 4839 qumdam
1644 4772 1807 4825 verba

206 4866 399 4919 minus
439 4873 594 4917 caute
636 4864 992 4934 proferamus,
1027 4872 1117 4915 aut
1149 4864 1266 4930 plus
1299 4862 1434 4915 forte
1482 4860 1697 4915 solliciti
1732 4870 1812 4916 ta-

212 4971 457 5021 ceamus,
492 4957 633 5010 velut
665 4956 708 5010 si
739 4957 864 5026 quid
892 4956 1047 5011 alltcl'
1093 4969 1425 5024 saperemus,
1466 4954 1567 5010 hoc
1596 4971 1810 5026 quoque

215 5048 361 5101 Deus
392 5047 547 5101 nobis
580 5049 859 5103 revelabit.

774 5163 1109 5217 EPISTULA
1149 5162 1232 5219 Vl.

247 5270 318 5308 AD
349 5267 616 5309 PELAGIUI
655 5272 722 5310 ΕΤ
761 5272 1059 5311 ΑΝΑτοιιωι
1101 5270 1353 5311 piscosos
1399 5270 1544 5310 URBlS
1574 5270 1752 5311 [101113.

204 5366 324 5421 Pro
359 5368 573 5435 epistola
612 5368 719 5422 lbra
745 5371 968 5437 episcom'
996 5370 1260 5434 Edesseni,
1306 5374 1534 5440 adeoque
1572 5388 1664 5439 pro
1709 5373 1804 5424 tri-

284 5441 379 5561 bzs
392 5441 660 5563 lotapitulis
686 5441 889 5494 concilii
914 5441 1339 5497 Chalcedonensis
1363 5460 1380 5496 .'
1406 5447 1648 5496 adversus
1678 5446 1807 5497 Ace-

284 5528 317 5563 υ
357 5527 389 5562 a
445 5527 488 5563 s.

282 5527 349 5581 pn
357 5527 488 5563 atas.

286 5607 338 5661 1.
374 5606 612 5664 Dominis
656 5609 977 5664 beatissimis
1006 5616 1061 5663 et
1087 5606 1303 5663 devotis
1335 5608 1610 5677 obsequiis
1643 5623 1807 5663 vene-

192 5697 455 5755 rabiliter
486 5701 892 5767 prosequendis,
927 5700 1127 5754 sanctis
1154 5698 1406 5754 fratribus
1436 5709 1490 5754 et
1518 5702 1804 5758 condiaco-

192 5789 321 5861 nis,
352 5788 568 5861 Pelagio
596 5800 650 5847 et
677 5791 927 5848 Anatolio
956 5790 1260 5847 Ferrandus
1286 5791 1534 5858 exiguus.

1921 4684 2130 4739 delibus
2160 4699 2399 4737 amarum
2434 4692 2646 4752 gustum
2676 4680 3128 4736 Chalcedonensis
3156 4678 3366 4731 cencili
3390 4678 3506 4731 lau-

1920 4777 2115 4831 dabilis
2143 4776 2452 4844 disputatio,
2486 4776 2672 4831 demus
2713 4788 2903 4827 manus
2932 4770 3226 4833 hmreticis,
3256 4779 3314 4823 ut
3345 4770 3513 4833 liceat

1920 4869 1999 4924 eis
2025 4869 2271 4923 salutaris
2296 4868 2520 4922 antidmi
2553 4866 2817 4934 potionem
2847 4866 2995 4935 quasi
3031 4861 3362 4919 mortiferam
3395 4862 3509 4916 cri-

1922 4961 2149 5026 minari,
2180 4961 2333 5014 nobis
2384 4958 2741 5029 prmbentihus
2789 4958 3125 5012 occasionem
3152 4996 3165 5019 ,
3205 4974 3223 5007 ι
3261 4955 3385 5007 dum
3445 4955 3497 5006 in

1920 5054 2095 5107 verbis
2127 5068 2297 5123 pugna
2328 5064 2438 5117 est,
2471 5054 2596 5106 dum
2645 5050 2713 5105 de
2762 5048 3085 5104 novitatibus
3133 5046 3355 5115 qumstio
3382 5053 3503 5108 est,

1916 5146 2038 5197 dum
2067 5142 2132 5196 de
2163 5144 2425 5210 ambiguis
2448 5142 2659 5196 occasio
2681 5155 2783 5208 (ιε’,
2808 5144 2932 5195 dum
2959 5140 3025 5195 de
3045 5140 3261 5195 auribus
3282 5139 3511 5206 querela,

1914 5244 2017 5299 est,
2046 5234 2170 5287 dum
2201 5235 2269 5289 de
2296 5234 2488 5289 studi-s
2530 5244 2802 5287 certamen
2831 5241 2934 5296 est,
2968 5233 3093 5286 dum
3137 5230 3205 5285 de
3233 5244 3513 5295 consensu,

1915 5328 2203 5382 difficultas
2232 5336 2334 5381 est.
2374 5346 2394 5379 ι
2430 5326 2557 5393 Qua:
2587 5326 2771 5393 verba,
2798 5342 2902 5379 non
2945 5340 3081 5389 mea,
3109 5323 3201 5378 sed
3233 5323 3370 5378 beati
3402 5322 3494 5375 lli-

1915 5420 1930 5473 l
1953 5420 2051 5487 arii,
2082 5420 2134 5473 in
2158 5419 2394 5473 secundo
2422 5422 2556 5474 libro
2578 5418 3012 5487 contineriquem
3040 5418 3103 5469 ad
3124 5416 3508 5471 Constantium.

1916 5511 2295 5579 imper-"iorem
2337 5512 2547 5575 scribit,
2575 5511 2844 5566 beatitudo
2873 5520 3047 5563 vestra
3076 5508 3285 5577 plenius
3323 5506 3507 5577 novit,

1912 5606 2236 5675 Perpendite
2266 5621 2413 5675 ergo,
2442 5605 2657 5669 fratres,
2687 5607 2822 5660 inter
2849 5617 2981 5672 quos
3002 5600 3249 5668 scopulos
3278 5596 3513 5669 ﬂuctuet,

1912 5698 2065 5751 navis
2116 5697 2432 5763 evangelica:
2467 5694 2879 5763 prtudicationis.
2925 5688 3129 5743 Clamat
3160 5689 3361 5743 Isaias:
3403 5684 3501 5738 Vix

1912 5790 1990 5842 his
2020 5793 2105 5857 qui
2130 5796 2328 5857 ponunt
2348 5788 2573 5840 tenebras
2600 5788 2761 5840 lucem
2787 5784 2917 5853 (lsu.
2956 5797 3008 5846 v,
3036 5782 3164 5851 '10);
3201 5790 3253 5835 ct
3281 5792 3375 5833 nos
3398 5791 3497 5854 att;
