3958 6358
486 372 590 428 9'23

1403 334 1771 432 FULcsNru
1814 368 2160 428 FERRANDI
2205 369 2475 426 DlACUNl
2512 370 2858 430 cxnrnsc.

3652 381 3761 440 924

476 496 662 551 demus
693 511 937 552 asserere
976 496 1097 564 quia
1147 502 1328 563 patres
1372 492 1543 548 nostri
1590 491 1841 546 tenebras
1887 490 2058 545 lucem
2088 486 2137 545 A
2168 487 2468 543 ntunicasse
2494 491 2828 560 significavit.
2855 490 2909 546 Si
2942 492 3246 547 merebatur
3273 508 3368 564 pro
3396 494 3537 551 beati
3565 498 3756 568 Cyrilli

476 602 598 640 esse
627 588 914 652 dixerunt,
952 586 1165 654 quando
1205 584 1485 654 epistolam
1520 583 1765 638 Nestorio
1796 582 2057 637 faventem

474 679 729 735 damnare
760 680 1070 743 noluerunt,
1107 680 1216 732 imo
1245 680 1405 733 etiam
1436 680 1708 747 suscipere
1737 678 2063 733 voluerunt?

475 770 687 837 Ergone
716 770 955 839 patribus
1006 774 1202 825 nostris
1234 771 1569 839 coaptabitur
1612 769 1919 838 prophetica
1951 785 2062 823 ma-

476 861 728 915 ledictio:
768 861 858 914 Va:
894 862 973 914 Itis
1018 863 1105 929 qui
1153 872 1345 930 ponunt
1392 862 1618 915 tenebras
1650 862 1848 914 lucem?
1877 862 2061 915 Nonne

473 947 570 1015 ipsi
604 949 816 1003 fuerunt.
840 950 977 1004 sicut
1004 952 1286 1004 luminaria
1336 951 1387 1004 in
1436 952 1656 1015 mundo,
1688 934 1906 1004 verbum
1935 952 2060 1006 vita:

472 1040 831 1108 continentes,
858 1056 1086 1110 quorum
1135 1042 1264 1096 ﬁdes
1314 1042 1565 1109 imposuit
1614 1042 1879 1097 silentium
1936 1059 2060 1110 per-

448 1130 635 1186 :fidis?
699 1132 892 1201 quibus
955 1144 1100 1187 recte
1163 1134 1503 1188 credentibus
1579 1135 1754 1188 omnis
1830 1134 2059 1188 credidit

471 1223 700 1279 mundus
723 1226 747 1277 ‘l

446 1318 453 1351 ί
540 1316 593 1369 5.
622 1317 700 1367 An
743 1315 975 1370 dicitur:
1004 1318 1146 1370 Bene
1175 1318 1542 1385 crediderunt,
1573 1319 1665 1373 sed
1701 1319 1802 1373 Iba:
1830 1335 2056 1375 venera-

471 1404 597 1457 bilis
623 1406 903 1473 epistolam
937 1407 1073 1461 male
1104 1411 1493 1477 susceperunt?
1525 1410 1576 1463 in
1601 1423 1695 1462 Sua
1721 1411 2059 1466 confessione

471 1511 688 1550 veraces
728 1496 977 1562 fuerunt,
1011 1500 1108 1552 sed
1139 1499 1312 1553 fallaci
1354 1500 1679 1556 confessioni
1715 1504 2059 1571 prmbuerunt

471 1586 736 1639 incautam
782 1590 1230 1643 consensionem?
1258 1592 1387 1656 Quis
1420 1593 1555 1645 ferat
1602 1600 1871 1647 tortuosas
1899 1596 2061 1648 inuti-

470 1676 596 1729 lium
627 1679 981 1744 qumstionum
1027 1683 1433 1736 contentiones?
1465 1684 1520 1738 Si
1570 1700 1689 1753 pars
1731 1685 2060 1767 aliqua.dis-

470 1770 627 1835 plicet
657 1771 708 1822 in
739 1772 967 1825 concilio
1017 1773 1471 1837 Chalcedonensi,
1504 1791 1623 1830 eum
1670 1779 1910 1845 periculo
1950 1779 2058 1832 dis-

2170 578 2556 647 vituperatione
2574 582 2807 650 culpam,
2831 582 3135 639 merebatur
3161 600 3257 654 pro
3279 595 3580 643 restaurata
3604 604 3756 645 com-

2168 672 2422 725 munione
2451 687 2555 725 non
2582 672 2857 727 minimam
2888 675 3136 742 gratiam.
3163 675 3231 730 Ut
3251 678 3422 731 sancti
3454 677 3638 749 Cyrilli
3668 694 3757 735 ca-

2166 764 2333 831 pitula
2366 778 2582 833 propter
2627 765 3031 833 ambiguitatem
3058 776 3111 821 et
3139 768 3424 823 locutionis
3455 770 3754 827 obscurita-

2166 862 2294 914 tem,
2331 868 2450 906 cum
2483 853 2849 907 Orientalibus
2891 858 3156 925 episcopis
3188 873 3373 926 parum
3403 860 3759 931 intelligendo

2165 952 2424 1020 culparet,
2452 952 2696 1007 humana!
2727 952 2821 1006 fuit
2852 954 3213 1010 infirmitatis:
3246 966 3303 1009 ut
3325 957 3467 1012 dicta
3492 975 3586 1013 sua
3617 960 3757 1017 bene

2166 1042 2531 1111 interpretanti
2563 1042 2771 1098 facilius
2794 1045 3039 1100 crederet
3062 1060 3124 1100 ac
3155 1047 3507 1104 libentissime
3527 1066 3758 1106 consen-

2165 1133 2307 1198 tiret,
2341 1134 2561 1187 omnino
2583 1135 2929 1190 sacerdotalis
2960 1137 3132 1191 fuerat
3161 1136 3466 1207 cbaritatis,
3498 1143 3617 1196 sine
3649 1143 3756 1198 ullo

2164 1226 2446 1294 dispendio
2478 1227 2735 1281 veritatis.
2772 1228 2880 1282 Cur
2910 1230 3192 1297 epistolam
3228 1247 3325 1286 nos
3351 1230 3752 1303 danmaremus,

2166 1318 2253 1371 ubi
2285 1328 2532 1387 tanquam
2561 1318 2849 1387 praeterita,
2879 1331 3003 1374 sunt
3034 1332 3258 1391 utraque
3304 1336 3515 1378 narrata
3550 1342 3645 1395 per
3689 1328 3756 1380 il-

2164 1409 2264 1462 lius
2294 1411 2464 1463 sancti
2497 1410 2687 1479 Cyrilli
2723 1411 2910 1466 ﬁdeles
2940 1412 3443 1481 interpretationes?
3468 1417 3602 1487 Ipse,
3638 1419 3759 1485 ipse

2164 1510 2379 1553 sanctus
2406 1499 2633 1569 Cyrillus
2681 1516 2787 1555 non
2836 1504 3130 1557 venerabili
3184 1504 3304 1569 Iba),
3358 1508 3444 1559 sed
3500 1509 3755 1576 pluribus

2164 1590 2528 1644 Orientalibus
2551 1592 2820 1659 episcopis
2844 1594 3055 1648 auferre
3084 1597 3389 1649 scandalum
3412 1599 3556 1651 mala:
3590 1599 3753 1652 intul-

2166 1683 2395 1749 ligentiae
2420 1683 2756 1750 properavit,
2785 1683 2917 1737 bene
2945 1685 3350 1754 interpretando
3371 1689 3594 1757 capitula
3616 1704 3755 1744 sua:

2162 1782 2219 1826 et
2250 1788 2346 1827 nos
2375 1788 2472 1841 pro
2502 1772 2710 1841 injuriis
2730 1774 2866 1840 ejus,
2896 1774 3130 1830 historim
3158 1778 3320 1832 modo
3354 1780 3478 1846 quid
3516 1778 3761 1850 conlige.

469 1862 701 1926 plicendi
752 1871 920 1916 totum
975 1866 1168 1932 placet.
1219 1866 1321 1920 Vas
1361 1868 1643 1923 electionis
1688 1871 2056 1925 sanctissimus
2089 1877 2137 1937 Β
2168 1873 2627 1931 ι’θῐθκροηθηιειη
2670 1865 3087 1933 reprobaremus
3117 1869 3431 1937 epistolam?
3460 1871 3515 1927 Si
3543 1885 3760 1927 comra-

470 1953 662 2007 l‘aulus
690 1954 969 2009 manifeste
1001 1959 1279 2024 proﬁtetur
1311 1976 1324 2011 :
1360 1959 1618 2013 Modicum
1642 1962 1874 2030 fermenti
1896 1971 2054 2016 totam

469 2060 688 2097 massam
718 2047 993 2115 corrumpit
1022 2046 1073 2114 (Ι
1105 2048 1223 2102 Cor.
1256 2064 1309 2114 v,
1337 2049 1413 2119 li).
1450 2051 1505 2105 Si
1538 2052 1588 2105 in
1612 2052 1701 2104 illa
1730 2067 1902 2105 massa
1935 2067 2058 2105 san-

469 2146 671 2190 ctarmn
697 2138 1089 2203 deﬁnitionum,
1119 2141 1202 2194 vel
1227 2142 1401 2211 exigui
1432 2141 1683 2197 fermenti
1712 2146 2055 2210 potestacida

469 2227 779 2282 commixtio
809 2230 1072 2296 reperiri,
1102 2240 1213 2285 tota
1261 2245 1430 2286 massa
1477 2232 1805 2302 judicabitur
1854 2237 2053 2302 noxia;

470 2319 546 2373 vel
569 2328 735 2383 certe,
760 2329 818 2373 ut
847 2337 1039 2391 magna
1070 2332 1445 2389 extenuemus,
1478 2326 1679 2380 inutilis
1718 2327 1782 2379 ad
1811 2326 2056 2382 efﬁcien-

469 2412 590 2465 dum
626 2428 839 2480 panem,
876 2414 964 2482 qui
988 2416 1269 2471 conﬁrmat
1298 2432 1391 2470 cor
1431 2419 1685 2475 hominis.
1710 2421 1849 2487 Quid
1896 2422 2057 2490 igitur

468 2504 666 2571 profuit
709 2507 830 2574 quia
863 2507 933 2560 ibi
963 2507 1258 2575 Nestorius,
1288 2510 1355 2561 ibi
1404 2510 1673 2579 Eutyches
1703 2512 2058 2567 anathemati-

468 2594 691 2647 zantur?
722 2596 885 2661 Ecce,
914 2597 1258 2654 damnatores
1281 2601 1513 2654 Nestorii
1546 2612 1599 2655 et
1628 2603 1936 2671 Eutychetis
1972 2618 2058 2658 re-

469 2687 675 2753 cepisse
720 2687 1004 2755 culpantur
1053 2690 1333 2757 epistolam
1359 2733 1374 2757 ,
1407 2692 1753 2761 blasphemiis
1786 2694 2053 2748 faventem

468 2776 716 2839 Nestorii,
738 2779 818 2832 vel
850 2780 1136 2849 ambiguis,
1167 2784 1247 2836 vel
1297 2784 1611 2839 manifestis.
1644 2786 1782 2851 Quid
1828 2787 2057 2853 utique?

468 2868 519 2923 Si
545 2870 847 2924 nescientes
869 2870 1218 2936 admiserunt,
1240 2873 1548 2942 ignorantiae
1572 2884 1773 2942 notam,
1797 2878 1941 2947 quod
1962 2878 2057 2932 ab-

465 2957 555 3019 sit,
590 2956 878 3011 incurrisse
902 2958 1244 3025 videbuntur,
1279 2968 1337 3014 ut
1361 2975 1547 3016 eorum
1582 2966 1795 3032 penitus
1824 2980 2054 3022 evacue-

468 3061 554 3102 tur
580 3050 871 3104 auctoritas
899 3091 914 3115 ,
944 3050 990 3105 si
1019 3066 1147 3105 vero
1193 3054 1451 3121 scientes,
1482 3056 1623 3109 aliud
1668 3056 1895 3113 fortasse
1926 3042 2053 3113 sen-

466 3154 669 3210 serunt,
697 3144 841 3199 aliud
871 3155 993 3199 sunt
1042 3145 1344 3201 interlocuti
1365 3188 1380 3214 ,
1412 3148 1645 3204 ﬁctionis
1694 3151 1917 3206 crimine
1948 3166 2052 3207 non

2163 1957 2241 2011 ria
2272 1971 2417 2011 verae
2445 1957 2568 2011 ﬁdei
2594 1959 2793 2026 regulis
2837 1960 2889 2012 in
2915 1959 3007 2012 illa
3040 1961 3263 2029 epistola
3288 1965 3613 2019 venerabilis
3640 1966 3759 2019 lbas

2161 2047 2446 2115 episcopus
2491 2047 2700 2102 locutus
2731 2047 2895 2103 fuisse
2941 2050 3204 2113 ﬁrmatur,
3238 2061 3457 2122 propter
3484 2055 3758 2123 aliquanta

2163 2140 2244 2194 vel
2276 2138 2557 2209 ambigua,
2600 2141 2687 2195 vel
2718 2141 2945 2196 obscura
2976 2157 3095 2212 qum
3141 2142 3338 2198 faciunt
3388 2146 3491 2200 hoc
3542 2148 3757 2214 videri,

2163 2242 2343 2286 nostra
2373 2231 2533 2286 debet
2555 2246 2676 2287 esse
2702 2234 2970 2288 sententia
3002 2235 3212 2300 melior,
3255 2235 3373 2304 quia
3423 2250 3526 2290 nos
3558 2253 3627 2291 ex
3660 2253 3756 2292 ore

2162 2323 2277 2392 ejus
2305 2325 2395 2392 qui
2423 2323 2645 2378 dictavit
2666 2326 2950 2394 epistolam
2975 2340 3192 2386 sensum
3224 2327 3488 2381 valuimus
3531 2329 3760 2382 investi-

2161 2430 2290 2485 gare
2315 2416 2620 2471 verborum.
2645 2417 2927 2473 Postremo
2948 2434 3114 2486 quare
3137 2428 3444 2487 putaremus
3470 2422 3758 2490 epistolam

2160 2508 2341 2562 favere
2374 2507 2639 2575 Nestorio,
2672 2508 2823 2578 cujus
2853 2518 3060 2573 auctor,
3091 2510 3243 2563 nobis
3270 2511 3645 2579 prtesentibus,
3671 2512 3757 2580 ju-

2161 2601 2433 2667 bentibus,
2469 2602 2843 2668 audientibus,
2876 2615 3011 2656 voce
3060 2601 3176 2654 viva
3228 2602 3447 2657 minime
3495 2602 3756 2657 dubitavit

2162 2694 2615 2749 anathematizare
2645 2695 2977 2759 Nestorium,
3004 2694 3307 2763 suscipiens
3358 2706 3557 2749 tomum
3602 2710 3757 2764 papa:

2161 2789 2377 2855 Leonis,
2412 2799 2466 2843 et
2496 2788 2890 2842 confessionem
2935 2802 3077 2843 vera:
3130 2787 3252 2842 ﬁdei
3302 2788 3579 2842 nobiscum
3608 2788 3759 2861 sub.

2160 2879 2443 2933 scribendo
2473 2878 2839 2933 conﬁrmans?
2870 2878 2997 2932 llaec
3024 2878 3320 2944 audientes,
3349 2880 3507 2949 quale
3534 2893 3760 2949 reSpon-

2160 2982 2278 3021 sum
2329 2968 2507 3022 daturi
2556 2983 2742 3022 sumus
2782 2976 2860 3022 tot
2900 2968 3111 3040 inclytis
3150 2970 3451 3024 rectoribus
3488 2981 3545 3024 et
3583 2972 3760 3037 magi.

2160 3060 2286 3114 stris
2326 3060 2731 3115 Ecetesiarum?
2770 3060 3049 3129 Praecipue
3086 3074 3207 3116 cum
3238 3076 3331 3117 rex
3349 3062 3529 3131 justus
3554 3064 3761 3120 sederit

2164 3151 2216 3205 in
2250 3151 2482 3206 throno?

467 3235 755 3300 carebunt;
789 3236 1102 3291 resistentes
1122 3252 1251 3291 vero
1278 3253 1463 3293 eorum
1493 3240 1852 3310 dogmatibus,
1883 3244 2051 3296 multo
2077 3246 2124 3308 ο
2226 3246 2279 3299 5.
2313 3245 2629 3313 Cavcamus,
2660 3243 2879 3312 fratres,
2904 3245 3125 3301 insidias
3147 3246 3367 3301 diaboli.
3393 3244 3452 3301 Si
3480 3246 3752 3304 nefandus

464 3324 690 3391 amplius
717 3325 1025 3380 insultando
1042 3328 1385 3384 clamabunt:
1412 3329 1550 3385 Ecce
1571 3342 1890 3401 congregata
1913 3334 2052 3402 apud

466 3416 799 3471 Chalcedona
826 3418 1083 3488 synodus,
1109 3420 1276 3473 sidera
1300 3429 1323 3456 ⁸
1356 3436 1604 3491 magnum
1632 3423 1841 3492 pondus
1872 3436 2055 3479 aucto-

466 3510 636 3566 ritatis
666 3512 886 3565 minime
923 3512 1195 3579 dubitatis,
1242 3528 1349 3568 uno
1398 3525 1556 3584 atque
1582 3516 1773 3571 eodem
1808 3525 2054 3587 tempore

466 3599 767 3656 Nestorium
797 3604 1090 3668 damnavit,
1116 3615 1169 3658 et
1190 3605 1419 3660 Nestorii
1442 3605 1470 3643 ι)
1497 3609 1768 3662 revocavit
1787 3623 2049 3679 errorem,

465 3693 734 3762 recipiens
785 3696 1066 3764 epistolam
1110 3696 1231 3752 ﬁdei
1280 3698 1554 3753 catholicae
1581 3703 1803 3757 omnino
1842 3714 2056 3757 contra-

466 3783 634 3849 riam;
689 3785 827 3839 sicut
880 3786 1040 3841 modo
1076 3787 1276 3844 sentire
1328 3791 1607 3857 cmpistis,
1657 3792 2053 3864 intelligentes,

465 3876 709 3941 quamvis
737 3891 881 3943 sero,
902 3893 1060 3947 quam
1096 3880 1190 3933 toti
1218 3879 1292 3933 illi
1314 3882 1553 3950 episcopi
1578 3884 1865 3939 noluerunt
1898 3886 2055 3941 intel-

465 3965 629 4032 lgere
670 3967 972 4026 veritatem.
999 3968 1317 4038 Plangamus
1345 3981 1400 4026 et
1441 3988 1674 4039 oremus,
1700 3986 1758 4030 ut
1785 3979 1891 4031 cito
1934 3980 2056 4033 talis

466 4070 613 4109 error
641 4058 867 4113 abolitus
899 4068 1159 4127 transeat,
1194 4063 1503 4131 repudiatus
1529 4077 1831 4134 evanescat,
1859 4079 1911 4123 et
1936 4085 2055 4137 per—

466 4154 625 4214 petuo
656 4149 871 4203 silentio
913 4150 1222 4217 sepeliatur.
1267 4154 1459 4208 Totum
1511 4158 1795 4211 concilium
1831 4159 2054 4214 Chalce-

466 4240 723 4307 donense,
750 4256 869 4296 cum
924 4253 1009 4297 est
1054 4252 1222 4300 totum
1274 4248 1562 4301 concilium
1591 4246 2050 4320 Chalcedonense,

466 4344 651 4384 verum
683 4341 766 4386 est
799 4350 813 4386 :
850 4334 990 4387 nulla
1033 4350 1157 4403 pars
1186 4337 1331 4391 illius
1362 4338 1519 4394 habet
1550 4341 1711 4395 ullam
1759 4344 2052 4411 reprehen—

466 4423 702 4489 sionem;
734 4424 991 4495 quidquid
1020 4426 1093 4480 ibi
1124 4428 1348 4495 dictum,
1372 4440 1603 4500 gestum,
1629 4433 1921 4502 judicatum
1957 4452 2056 4490 no-

466 4514 637 4568 vimus
662 4524 824 4583 atque
874 4516 1141 4572 ﬁrmatum
1168 4560 1182 4583 ,
1223 4523 1393 4576 sancti
1442 4524 1670 4592 Spiritus
1712 4536 1930 4593 opt-rata
1972 4538 2056 4583 est

433 4560 450 4644 Ξ

429 4688 782 4767 memoriam
814 4708 1107 4776 repentinis
1137 4712 1654 4766 contradictionibus
1703 4714 2051 4781 infamamus,

464 4810 585 4849 tum
614 4796 867 4851 Salomon
920 4800 1111 4867 plenus
1153 4802 1359 4870 Spiritu
1403 4815 1591 4857 sancto
1620 4808 1903 4862 manifeste
1931 4822 2055 4875 pro-

466 4888 670 4942 nuntiet
698 4906 710 4939 :
744 4889 993 4945 Memoria
1011 4896 1146 4962 justi
1176 4911 1289 4948 cum
1317 4899 1553 4950 laudibus
1582 4898 1763 4967 (Prov.
1798 4917 1851 4965 ι,
1878 4900 1937 4967 7)
1960 4902 1985 4953 ?

536 4981 589 5035 4.
620 4981 756 5048 Quid
796 4986 838 5037 si
874 4988 1222 5053 procedentes
1253 5004 1282 5042 e
1313 4992 1531 5044 tumulis
1562 4993 1705 5057 suis,
1730 5007 1911 5045 coram
1946 4993 2053 5047 Deo

464 5070 548 5124 eui
576 5071 783 5137 vivunt,
812 5075 951 5141 apud
1002 5092 1159 5144 quem
1212 5079 1441 5133 ﬁdeliter
1480 5083 1838 5149 requiescunt,
1868 5081 1921 5136 in
1952 5098 2049 5136 no-

469 5161 684 5214 tissima
729 5165 1125 5221 resurrectione
1154 5168 1335 5222 dicant
1364 5170 1461 5224 viri
1494 5172 1723 5242 religiosi
1760 5192 1771 5227 :
1804 5174 1913 5228 Cur
1941 5176 2052 5244 epi-

464 5253 654 5306 stolam
687 5260 1013 5323 reprobastis
1037 5298 1051 5322 ,
1086 5259 1236 5328 cujus
1275 5263 1590 5318 catholicam
1622 5281 1744 5320 esse
1767 5268 2052 5323 dictionem

465 5345 752 5409 sensimus,
776 5346 1027 5412 diximus,
1056 5349 1429 5421 indicavimus,
1456 5365 1507 5410 et
1529 5355 1789 5425 judicium
1812 5371 2051 5416 nostrum

466 5435 853 5491 subscribendo
878 5439 1243 5498 ﬁrmavimus?
1272 5444 1352 5499 An
1403 5448 1525 5516 quia
1557 5452 1880 5505 venerabilis
1911 5453 2050 5519 lbas,

467 5530 846 5587 Alexandrinm
876 5535 1135 5591 Ecclesia:
1168 5541 1473 5606 pontiﬁcem
1504 5555 1743 5598 sanctum
1786 5544 2045 5615 Cyrillum

469 5628 815 5693 vituperavit?
844 5628 947 5683 Sed
985 5630 1124 5686 idem
1153 5642 1340 5687 sancto
1367 5630 1571 5704 Cyrillo
1603 5645 1782 5705 postea
1816 5654 1873 5695 se
1904 5655 2051 5696 com-

540 5790 565 5855 ξι
598 5783 815 5855 V_’itletnr
840 5786 1120 5855 legendum
1155 5791 1237 5844 cui
1265 5791 1407 5845 dare.

537 5848 565 5889 ι’
596 5853 771 5909 Codex
806 5848 1157 5917 Ατὶίριτιιυηδὶδ
1207 5864 1457 5916 reireiarit

2161 3349 2313 3390 error
2334 3336 2563 3390 Nestorii
2590 3337 2757 3391 latere
2800 3344 3015 3406 putatur
3044 3339 3095 3391 in
3130 3339 3231 3391 hac
3258 3338 3483 3407 epistola
3530 3353 3760 3394 venera-

2160 3426 2281 3481 bilis
2319 3427 2421 3481 lbze
2450 3428 2728 3497 episcopi,
2759 3443 2920 3498 quam
2968 3428 3156 3484 Patres
3212 3439 3555 3499 receperunt,
3578 3446 3763 3501 neque

2158 3522 2367 3592 magnis
2388 3536 2563 3591 neque
2595 3524 2835 3591 parvulis
2877 3533 3035 3580 nocet
3066 3543 3078 3578 :
3108 3539 3261 3579 error
3290 3530 3487 3597 quippe
3516 3525 3761 3584 Nestorii

2156 3615 2371 3685 publice
2402 3615 2686 3669 damnatus
2729 3623 2815 3670 est
2864 3617 2925 3685 in,
2956 3617 3379 3673 Chalcedonensi
3408 3619 3663 3672 concilio.
3699 3620 3761 3676 Si

2157 3708 2479 3777 vituperatio
2500 3708 2852 3763 sanctissimae
2881 3710 3267 3764 recordationis
3298 3708 3485 3781 Cyrilli
3519 3712 3762 3765 seanda-

2160 3801 2269 3854 lum
2295 3810 2495 3867 movet,
2531 3808 2591 3853 ut
2619 3799 2904 3868 abjiciatur
2925 3801 3151 3869 epistola
3194 3817 3350 3870 quam
3379 3802 3567 3857 Patres
3596 3819 3761 3857 rece-

2160 3901 2375 3961 perunt,
2404 3891 2650 3945 laudatus
2670 3901 2749 3945 est
2773 3891 2864 3957 ibi,
2888 3893 3218 3961 multumque
3240 3893 3516 3956 laudatus;
3540 3894 3762 3961 quando

2157 3983 2274 4049 ejus
2301 3982 2565 4036 dictorum
2598 3997 2817 4037 suorum
2850 3983 3224 4051 interpretatio
3252 3984 3546 4038 removisse
3574 3983 3759 4038 ﬁrma-

2159 4088 2244 4129 tur
2264 4075 2498 4128 sinistrm
2523 4075 2845 4143 suspicionis
2866 4074 3237 4143 offensionem,
3255 4076 3609 4129 reconciliatis
3636 4078 3760 4145 paci

2156 4168 2273 4235 ejus
2308 4166 2669 4220 Orientalibus
2701 4166 2969 4235 episcopis
2996 4183 3008 4217 :
3042 4166 3097 4219 in
3128 4181 3230 4234 qua
3261 4182 3391 4235 pace
3433 4183 3623 4236 omnes
3652 4170 3759 4224 sibi

2156 4258 2611 4311 communicantes
2635 4257 2833 4326 pariter
2857 4257 3213 4322 dormierunt,
3238 4267 3292 4311 et
3314 4258 3449 4313 hanc
3467 4261 3756 4327 epistolam

2156 4350 2283 4403 talia
2312 4348 2637 4402 referentem
2684 4363 2751 4402 ne
2800 4348 2988 4402 leviter
3035 4348 3351 4417 eulpandam
3387 4360 3409 4385 ⁶
3442 4365 3561 4405 esse
3588 4352 3771 4408 (ἤιε-ί

2155 4450 2299 4497 runt.
2334 4442 2518 4495 Merito
2546 4455 2673 4495 tunc
2706 4454 2967 4509 praisente
3000 4440 3265 4495 Marciano
3297 4441 3621 4510 imperatore
3654 4460 3741 4500 re—

2155 4535 2364 4604 ligioso,
2397 4532 2708 4587 sacerdotes
2739 4546 2925 4586 omnes
2950 4534 3040 4601 qui
3066 4534 3347 4587 concilium
3382 4536 3528 4603 pacis
3554 4538 3755 4589 menti-

425 4607 748 4679 fineffabilis
775 4619 829 4664 et
866 4624 1071 4667 secreta
1126 4616 1385 4681 potentia.
1439 4618 1617 4682 Quare
1662 4626 1739 4672 tot
1784 4620 2047 4687 justorum
2077 4634 2129 4693 Β
2155 4627 2253 4682 bus
2284 4627 2519 4695 paciﬁcis
2573 4626 2880 4680 inchoatum
2922 4626 3322 4680 deﬁnitionibus
3362 4628 3756 4683 ecclesiasticm

2160 4722 2305 4788 pacis
2335 4718 2780 4773 convenientibus
2823 4718 3100 4784 finierunt,
3138 4719 3190 4773 in
3219 4733 3347 4787 pace
3372 4719 3601 4773 fraterna
3660 4737 3754 4776 re-

2157 4810 2371 4864 dierunt
2402 4809 2469 4862 ad
2500 4823 2714 4863 suarum
2759 4809 2993 4878 plebium
3027 4810 3166 4875 loca,
3193 4810 3307 4864 sine
3336 4809 3486 4873 odio,
3516 4810 3638 4865 sine
3670 4814 3756 4866 in-

2157 4906 2321 4970 vidia,
2367 4906 2484 4960 sine
2524 4908 2890 4969 contentione,
2921 4906 3236 4971 concordes,
3267 4907 3568 4969 unanimes.
3592 4921 3753 4962 como

2158 5014 2322 5052 mune
2373 4999 2740 5053 testimonium
2793 5000 3160 5068 perbibentes.
3205 4999 3279 5053 lbi
3312 4999 3407 5053 fuit
3454 5000 3506 5053 in
3558 5000 3755 5069 legatis

2159 5093 2268 5146 suis
2318 5092 2475 5146 sedes
2506 5092 2830 5159 apostolica,
2864 5093 3147 5160 primatum
3192 5102 3379 5146 tenens
3428 5092 3755 5148 universalis

2162 5184 2445 5249 Ecclesiae;
2473 5184 2545 5238 ibi
2567 5182 2791 5237 aliarum
2814 5184 3193 5238 venerabilium
3212 5183 3415 5239 sedium
3441 5184 3752 5253 pontiﬁces,

2160 5277 2324 5330 astuti
2366 5283 2424 5330 ut
2469 5284 2787 5343 serpentes,
2828 5276 3096 5345 simplices
3125 5287 3183 5333 ut
3236 5278 3530 5341 columb:e;
3568 5277 3645 5332 ibi
3678 5294 3750 5333 ex

2162 5367 2458 5421 minoribus
2480 5366 2788 5421 civitatibus
2820 5367 3007 5436 ingens
3056 5368 3210 5421 turba
3241 5378 3535 5438 pastorum,
3567 5369 3750 5424 domi.

2163 5458 2268 5511 uici
2315 5458 2492 5526 gregis
2512 5458 2696 5512 caulas
2718 5458 2976 5527 pastorali
3031 5458 3392 5514 sollicitudine
3438 5460 3748 5529 gubernan-

2163 5550 2312 5602 liutn.
2342 5548 2509 5603 Nemo
2538 5548 2607 5603 ibi
2639 5549 2909 5603 damnavit
2932 5550 3161 5618 aliquem
3187 5553 3487 5608 nolentibus
3507 5557 3747 5619 caeteris,

2160 5658 2318 5697 nemo
2361 5642 2591 5697 absolvit
2634 5644 2942 5699 nolentibus
2986 5647 3233 5711 caeteris;
3262 5662 3449 5705 omnes
3483 5648 3584 5705 sibi
3614 5663 3751 5705 con-

2232 5810 2252 5833 t
2289 5799 2472 5867 Forte,
2503 5817 2565 5856 ne
2595 5802 2765 5855 leritcr
2796 5817 2990 5865 conum
3015 5806 3148 5873 culp.
