3958 6358
266 336 371 395 925

1442 345 1802 404 EPISTOLJE
1841 348 1927 404 ET
1967 348 2347 407 OPUSCULA.
2414 324 2423 331 ’
2457 316 2472 331 ’

3437 346 3539 402 9‘26

263 453 596 523 sentientes,
628 454 965 513 et-Doctoris
1010 457 1246 530 gentium
1295 458 1456 514 verba
1498 460 1724 517 libenter
1752 463 1850 515 im-
1880 462 2041 523 Atur
2072 465 2279 519 irritum
2326 463 2502 520 facere
2549 464 2689 533 quod
2740 476 3097 532 prcecessores
3150 477 3277 519 suos
3311 465 3542 535 gessisse

263 548 492 617 plentes,
530 548 848 604 obedierunt
889 549 1083 605 dicenti
1129 550 1227 606 sibi
1265 570 1275 603 :
1313 550 1531 607 Obsecro
1577 570 1684 618 vos,
1740 556 1849 623 fra-

260 648 383 707 tres,
415 648 467 693 ut
495 639 551 694 id
575 641 745 708 ipsum
772 642 956 695 dicatis
1001 660 1204 708 omnes,
1234 655 1281 698 et
1320 662 1424 698 non
1475 646 1575 698 sint
1620 648 1673 699 in
1717 647 1853 715 vobis

260 732 537 787 schismata
569 731 624 803 (Ι
653 732 776 789 Cor.
796 750 835 802 l,
866 732 977 801 10).
1000 734 1125 790 ldeo
1151 751 1333 791 eorum
1353 735 1609 805 judicium
1636 738 1850 802 mansit,

260 833 315 880 et
346 824 398 877 in
429 837 525 878 sua
550 823 844 880 stabilitate
876 828 1171 897 permansit
1218 826 1524 882 nullatenus
1567 828 1853 883 immutan-

259 916 410 979 dum,
440 914 562 985 quia
585 915 939 986 judicantium
968 918 1305 975 sacerdotum
1348 934 1447 975 nec
1494 919 1726 992 dignitas
1754 923 1853 977 fuit

260 1006 506 1071 inferior,
532 1022 631 1062 nec
659 1025 915 1065 numerus
943 1025 1156 1079 parvus,
1200 1026 1300 1066 nec
1325 1013 1615 1067 auctoritas
1654 1013 1850 1082 minor,

260 1111 362 1152 nec
394 1097 642 1167 ignobilis
669 1100 884 1166 electio,
919 1114 1017 1154 nec
1046 1102 1316 1171 superﬂua
1356 1108 1726 1173 praesumptio,
1754 1123 1853 1160 nec

262 1186 522 1257 insipiens
551 1189 890 1257 deliberatio,
924 1208 1023 1248 nec
1064 1195 1298 1262 vulgaris
1341 1212 1615 1261 assensus,
1645 1216 1743 1255 nec
1773 1201 1852 1255 in-

260 1279 567 1336 fructuosus
596 1282 776 1347 labor,
810 1299 909 1338 nec
931 1285 1294 1352 tranquillitati
1324 1289 1683 1345 Ecclesiarum
1725 1307 1852 1347 con-

259 1371 462 1425 trarius
507 1371 648 1426 ﬁnis.
692 1373 772 1426 Ad
825 1375 1091 1429 sedaudas
1142 1380 1441 1445 praeteritas
1481 1384 1852 1439 contentiones

240 1474 545 1529 .venerunt,
569 1476 863 1535 praesentes
884 1476 1315 1539 amputaverunt,
1340 1475 1501 1527 etiam
1527 1474 1732 1529 futuras
1756 1478 1854 1529 mi-

261 1554 566 1625 tigaverunt
598 1574 610 1608 :
644 1557 844 1614 addere
873 1559 1145 1629 quidpiam
1180 1572 1300 1631 post
1343 1579 1529 1618 eorum
1578 1566 1848 1621 deﬁnitio—

261 1662 377 1715 nes,
408 1656 636 1713 mutare,
670 1650 931 1718 minuere,
968 1654 1103 1708 nihil
1130 1664 1213 1710 est
1243 1656 1384 1710 aliud
1418 1666 1441 1694 ο
1477 1675 1636 1727 quam
1687 1676 1851 1715 novas

260 1738 535 1794 seminare
562 1740 878 1796 discordias.
910 1743 1077 1799 Nemo
1100 1748 1316 1815 culpare
1345 1748 1561 1806 festinet
1588 1753 1724 1807 bene
1752 1753 1848 1809 de-

1960 556 2340 625 coguovcrinti
2361 556 2513 611 Unde
2545 555 2659 609 limo
2690 571 2822 611 nova
2859 556 3098 609 cautela?
3134 557 3375 625 nunquid
3420 566 3541 625 post

1958 662 2147 716 papam
2182 647 2436 711 Leonem,
2463 647 2800 711 Anatolium,
2836 640 3117 700 lllaximum
3144 687 3160 713 ,
3190 646 3541 710 Juvenaletn,

1957 740 2039 793 vel
2072 748 2298 795 Caeteros
2326 740 2472 795 illius
2501 741 2755 807 temporis
2784 739 3112 805 sacerdotes,
3144 739 3319 793 nullus
3353 739 3449 792 fuit
3475 754 3542 793 ex

1956 843 2144 883 eorum
2169 830 2573 885 successoribus
2600 822 2691 898 qui
2722 830 2925 898 legeret
2953 832 3225 894 attentius,
3250 840 3302 883 et
3345 831 3543 883 intelli-

1956 930 2106 991 geret
2139 919 2415 991 ejﬁstolam
2446 921 2769 976 venerabilis
2793 921 2895 975 lbae
2916 922 3150 989 episcopi
3173 923 3313 976 male
3336 922 3543 992 synodo

1958 1014 2210 1069 insertam
2252 1012 2457 1067 fuisse?
2501 1014 2656 1067 Modo
2694 1012 2857 1080 C(Bpil.
2895 1012 3271 1066 hmreticorum
3324 1014 3539 1081 querela

1958 1118 2178 1158 movere
2218 1104 2533 1168 catholicos,
2577 1114 2633 1158 ut
2683 1106 2917 1172 cogitent
2955 1104 3091 1159 hanc
3136 1104 3416 1171 epistolam
3458 1120 3543 1159 re~

1956 1197 2205 1265 probare.

2028 1286 2079 1338 7.
2126 1285 2307 1340 llach
2351 1286 2562 1339 dicere:
2602 1284 2648 1340 si
2694 1293 3044 1340 retractentur
3096 1283 3545 1340 Chalcedonensis

1958 1376 2171 1431 decreta
2196 1377 2429 1439 concilii,
2460 1376 2526 1430 de
2555 1376 2767 1430 Nicmna
2796 1377 3001 1447 synodo
3026 1378 3343 1447 cogitemus,
3374 1393 3440 1432 ne
3467 1378 3543 1431 si-

1958 1468 2081 1520 mile
2111 1467 2403 1534 periculum
2435 1469 2684 1535 patiatur.
2716 1467 3043 1522 Universalia
3076 1468 3323 1533 concilia,
3354 1470 3544 1538 pracci-

1958 1581 2060 1635 pue
2086 1566 2174 1619 illa
2198 1567 2389 1634 quibus
2420 1568 2675 1620 Ecclesim
2696 1566 2949 1622 Romana:
2979 1583 3274 1624 consensus
3294 1573 3542 1636 accessit,

1956 1659 2207 1714 Secundre
2241 1662 2575 1715 auctoritatis
2605 1662 2775 1714 locum
2809 1673 2926 1730 post
2954 1664 3241 1717 canonicos
3268 1665 3433 1719 libros
3462 1676 3542 1718 te-

1958 1763 2108 1808 nent.
2138 1752 2287 1807 Sicut
2333 1754 2625 1821 legentibus
2667 1755 2992 1822 Scripturam
3030 1755 3281 1811 divinitus
3309 1757 3542 1826 inspira-

263 1830 434 1898 posita
477 1830 579 1902 [An
629 1833 954 1906 disposita],
988 1852 1149 1891 nemo
1200 1849 1341 1894 recta
1387 1844 1676 1912 corrigere.
1709 1846 1847 1913 Quid
1880 1836 1924 1894 Β
1955 1854 2059 1897 tam
2092 1858 2195 1897 non
2226 1843 2352 1898 licet
2381 1844 2579 1913 aliquid
2610 1844 3024 1911 reprehendere,
3049 1846 3289 1912 quamvis
3322 1846 3539 1902 minime

262 1922 367 1976 erit
391 1922 626 1988 ﬁrmum,
647 1925 695 1979 si
721 1928 861 1995 quod
891 1929 1079 1983 statuit
1108 1929 1545 1990 Cbalcedonense
1563 1938 1848 1993 concilium

260 2024 485 2068 vocatur
508 2014 556 2068 in
582 2014 838 2072 dubium?

333 2126 389 2181 6.
418 2127 574 2182 Plura
614 2128 742 2183 hinc
782 2144 996 2197 possem
1028 2135 1265 2201 querelis
1309 2136 1566 2193 luctuosis
1592 2137 1692 2192 sub
1720 2154 1852 2209 qua-

261 2218 386 2272 dam
413 2221 668 2291 tragoedia
701 2221 950 2278 ﬂebiliter
980 2225 1291 2303 deplorare;
1323 2229 1417 2283 sed
1449 2231 1698 2288 sufﬁcere
1720 2234 1851 2288 mihi

262 2311 473 2367 videtur
527 2314 653 2383 quid
705 2316 941 2371 Ecclesia
1001 2318 1316 2375 Justinianaa
1364 2320 1725 2394 Carthaginis,
1759 2342 1853 2396 per

263 2400 495 2469 linguam
526 2405 744 2473 gloriosi
794 2409 1062 2477 pontiﬁcis
1090 2413 1169 2465 sui
1202 2413 1373 2466 beata:
1419 2416 1698 2470 memerita
1726 2420 1820 2473 .Ca

263 2494 455 2562 preoli,
484 2495 904 2553 clementissimo
953 2501 1175 2571 principi
1205 2502 1508 2561 Theodosio
1538 2508 1849 2574 scribentis,

262 2582 656 2639 rationabiliter
681 2586 944 2653 deﬁnivit,
964 2590 1145 2645 dicens
1172 2608 1186 2647 :
1227 2611 1244 2643 ι
1276 2592 1417 2648 Nihil
1448 2596 1499 2649 in
1531 2596 1725 2651 divinis
1756 2598 1851 2655 hu-

268 2675 549 2744 manisque
577 2678 805 2747 actibus,
840 2680 969 2734 nihil
994 2690 1097 2735 tam
1130 2683 1181 2736 in
1216 2685 1384 2738 sacris
1414 2700 1571 2754 quam
1604 2685 1655 2740 in
1680 2688 1853 2755 publi-

266 2766 348 2823 cis
375 2770 537 2824 rebus
558 2772 804 2828 obtinere
829 2774 989 2828 ullam
1014 2777 1208 2845 poterit
1232 2777 1556 2846 ﬁrmitatem,
1584 2781 1626 2834 si
1651 2795 1712 2834 ea
1736 2798 1853 2846 qua:

267 2863 450 2921 debito
479 2870 761 2924 sententiae
780 2870 1052 2937 iudicialis
1084 2874 1186 2925 line
1230 2874 1572 2942 clauduntur,
1604 2882 1727 2945 post
1756 2891 1853 2930 an-

264 2974 456 3015 norum
485 2962 654 3030 spatia
684 2971 739 3018 et
764 2965 1015 3033 quaelibet
1044 2965 1313 3019 volumina
1362 2967 1704 3032 saeculorum,
1739 2979 1854 3023 tan-

264 3066 424 3121 quam
455 3053 509 3106 in
554 3054 933 3109 emendatione
962 3056 1177 3110 Patrum
1206 3059 1353 3113 velut
1397 3061 1692 3115 instructor
1719 3076 1854 3129 pra)-

265 3154 441 3199 sumut
465 3146 755 3201 emendare
798 3147 1101 3215 posteritas.
1140 3167 1160 3200 ι
1197 3150 1261 3203 Et
1308 3150 1357 3203 in
1399 3152 1501 3205 alia
1532 3152 1754 3221 epistola
1785 3152 1848 3205 ad

1952 1939 2165 1992 valeant
2196 1938 2529 1992 altitudinem
2559 1939 2794 1993 cmlestis
2824 1938 3027 1991 oraculi
3062 1940 3540 2007 comprehendere,

1955 2030 2048 2085 sed
2075 2031 2191 2099 pius
2222 2032 2393 2084 lector
2422 2041 2473 2084 et
2506 2031 2645 2097 quod
2674 2045 2776 2083 non
2801 2030 3047 2100 intelligit
3071 2030 3276 2095 credit,
3308 2040 3367 2085 ut
3403 2031 3544 2100 quod

1952 2121 2123 2178 credit
2178 2130 2447 2175 mereatur
2494 2121 2825 2189 intelligere;
2866 2121 2943 2175 sic
2983 2122 3204 2175 omnino
3247 2137 3343 2176 nec
3386 2122 3544 2176 aliter

1953 2212 2181 2269 concilia
2222 2228 2342 2282 qua:
2382 2220 2622 2268 vetustas
2669 2212 2901 2266 firmavit
2944 2222 2998 2266 et
3036 2212 3325 2267 custodivit
3353 2213 3542 2268 devota

1956 2306 2242 2374 posteritas
2268 2303 2626 2358 obedientiam
2657 2303 2723 2358 de
2753 2304 2905 2357 nobis
2937 2305 3189 2373 exigunt,
3223 2304 3422 2357 nullam
3454 2321 3542 2357 re-

1956 2396 2257 2463 linquentes
2281 2394 2555 2448 dubitandi
2582 2394 2972 2449 necessitatem.
3007 2394 3185 2464 Longe
3208 2394 3295 2448 illa
3326 2402 3453 2449 sunt
3477 2396 3545 2449 de

1955 2489 2150 2558 quibus
2178 2486 2470 2557 Apostolus
2500 2486 2625 2540 dicit
2653 2504 2665 2538 :
2713 2485 2897 2539 Omnia
2924 2487 3169 2555 probate;
3197 2486 3334 2555 quod
3355 2486 3541 2540 bonum

1956 2593 2027 2636 est
2058 2592 2254 2646 tenete;
2283 2582 2345 2634 ab
2376 2582 2513 2634 omni
2543 2582 2709 2650 specie
2734 2582 2857 2634 mali
2885 2581 3128 2634 abstinete
3153 2597 3242 2634 vos
3268 2582 3286 2651 (
3311 2580 3333 2633 I
3366 2579 3543 2636 Thess.

1956 2690 2009 2737 v,
2041 2675 2134 2741 2t,
2155 2673 2268 2744 ἓξ).
2294 2674 2424 2739 Quae
2454 2683 2632 2728 autem
2666 2674 2923 2727 ﬁniuntur
2947 2672 3310 2741 judicantibus
3337 2674 3545 2740 episco-

1957 2767 2036 2833 pis
2060 2767 2281 2829 sanctis,
2330 2773 2386 2818 ct
2421 2765 2485 2818 ad
2534 2764 2672 2818 beati
2703 2763 2729 2801 ι)
2766 2764 3077 2818 memoriam
3128 2762 3381 2830 perducta
3424 2762 3545 2815 dili-

1956 2860 2168 2926 gentius
2194 2855 2567 2909 examinantur
2593 2863 2753 2923 atque
2777 2854 3074 2917 ﬁrmantur,
3091 2853 3359 2923 sequenda
3390 2862 3535 2915 sunt,

1956 2948 2327 3017 amplectenda
2356 2957 2517 3003 sunt:
2549 2947 2604 3002 in
2633 2948 3015 3003 retractatione
3042 2946 3142 3001 sub
3168 2948 3404 3016 qualibet
3432 2949 3544 3017 pic-

1959 3040 2082 3094 tatis
2133 3040 2416 3095 occasione
2458 3038 2631 3095 tcneri
2679 3055 2785 3094 non
2830 3039 3056 3103 debent;
3096 3040 3363 3109 prtecipue
3408 3040 3546 3108 apud

1959 3144 2223 3204 postems,
2267 3135 2376 3202 jam
2422 3133 2715 3188 secundum
2747 3147 2962 3188 carnem
3019 3133 3242 3186 mortuis
3273 3134 3362 3200 qui
3401 3133 3547 3199 judi-

266 3199 887 3306 Ephgsjnumconciliijm
912 3238 1515 3309 pel-Versujamdjrecta
1534 3199 1843 3298 diaconum;
1879 3199 1926 3262 C
1955 3229 2098 3282 cium
2136 3226 2508 3295 protulerunt,
2545 3235 2596 3278 et
2630 3225 2698 3277 ibi
2742 3223 2853 3292 jam
2897 3224 3203 3278 COIlSlllUllS
3249 3225 3358 3288 ubi,
3398 3225 3547 3293 jthla

272 3346 293 3381 σ
323 3327 493 3383 Habet
533 3329 786 3399 quidquid
817 3329 958 3386 forte
1002 3347 1173 3396 nuper
1216 3333 1470 3397 exoritur,
1500 3335 1849 3391 discussionis

267 3421 669 3489 necessitatem,
690 3433 748 3477 ut
776 3434 867 3478 aut
897 3425 1061 3494 recipi
1085 3426 1387 3497 probatum,
1420 3439 1511 3482 aut
1540 3430 1847 3483 damnatum

268 3512 438 3582 possit
463 3513 693 3567 excludi.
722 3513 794 3567 Ea
824 3530 952 3570 vero
978 3516 1045 3571 de
1073 3518 1263 3584 quibus
1313 3528 1470 3573 antea
1494 3519 1604 3589 jam
1641 3520 1854 3589 judica-

270 3610 381 3656 tum
410 3613 494 3659 est
518 3605 563 3659 si
586 3604 705 3674 quis
732 3604 1003 3661 admiserit
1023 3608 1076 3663 in
1100 3611 1528 3663 retractationem
1554 3612 1749 3675 vocari,
1777 3612 1854 3665 vi-

270 3696 486 3752 debitur
516 3696 582 3751 de
613 3697 718 3753 ﬁde
757 3713 916 3769 quam
961 3714 1101 3754 nunc
1145 3716 1312 3769 usque
1341 3704 1512 3756 tenuit
1558 3703 1672 3771 ipse
1701 3702 1857 3757 dubi-

270 3797 407 3845 tare.
437 3808 455 3842 ι
484 3790 621 3846 Ecce
644 3791 756 3861 jam
786 3806 891 3846 non
921 3800 1115 3846 statuta
1157 3802 1359 3847 tantum
1411 3796 1719 3864 synodalia,
1761 3795 1857 3850 sed

274 3895 413 3949 pene
462 3891 774 3937 cunctorum
823 3882 1030 3938 ﬁrmata
1075 3883 1313 3952 judicia,
1364 3887 1541 3940 vocari
1590 3900 1776 3941 rursus
1806 3887 1858 3941 in

271 3987 504 4028 examen
561 3975 720 4029 nimis
770 3989 889 4029 esse
940 3975 1204 4045 culpabile
1256 3978 1618 4031 memorabilis
1673 3979 1861 4034 doctor

274 4062 735 4132 Carthaginiensis
782 4064 1040 4119 Ecclesia:
1084 4066 1395 4133 proﬁtetur;
1435 4072 1703 4137 quomodo
1734 4088 1862 4141 ergo

275 4170 420 4211 nunc
444 4155 567 4209 olim
599 4155 833 4223 judicata
870 4155 1288 4224 judicabuntnr?
1319 4159 1375 4213 Si
1406 4172 1529 4214 tunc
1556 4162 1746 4229 aliquis
1777 4178 1866 4216 ac-

280 4253 496 4299 cusator
525 4245 769 4315 epistolze
799 4248 948 4315 cujus
977 4246 1239 4301 catholica
1268 4263 1389 4303 esse
1419 4250 1638 4304 dictatio
1677 4252 1870 4305 claruit

276 4336 345 4391 ad
379 4336 585 4407 majora
636 4336 832 4407 jlldiCiil
868 4349 1216 4407 provocarct,
1250 4342 1595 4410 appellationi
1649 4342 1867 4397 forsitan

280 4429 569 4481 secundum
595 4430 1033 4485 consuetudinem
1057 4432 1203 4486 locus
1228 4442 1465 4500 pateret;
1490 4433 1583 4487 sed
1606 4450 1709 4502 quo
1733 4434 1870 4489 iret?

279 4527 367 4572 aut
396 4518 483 4573 ubi
512 4520 747 4590 majores
796 4523 1058 4591 reperiret
1098 4524 1157 4589 in
1197 4524 1430 4578 Ecclesia
1458 4523 1709 4593 judices?
1739 4535 1861 4581 ante

1953 3318 2322 3387 Evangelium,
2359 3314 2515 3369 Pater
2546 3332 2647 3368 non
2669 3314 2873 3386 judicat
2900 3332 3203 3384 quamquam
3229 3360 3242 3382 ,
3276 3317 3365 3369 sed
3402 3334 3549 3370 omne

1944 3412 2202 3484 judicium
2229 3408 2368 3462 dedit
2400 3407 2540 3461 Filio
2567 3406 2747 3477 (Joan.
2778 3424 2831 3474 v,
2857 3408 2977 3477 29).
3009 3408 3145 3475 Quid
3179 3408 3398 3477 prodest
3425 3426 3546 3464 cum

1955 3500 2341 3557 dormientibus
2391 3500 2590 3553 habere
2629 3507 2900 3553 certamen
2926 3538 2943 3563 ,
2973 3506 3068 3553 aut
3108 3513 3203 3567 pro
3228 3498 3516 3555 dormienti

1958 3594 2056 3649 bus
2091 3592 2381 3648 Ecclesiam
2413 3590 2764 3661 perturbare?
2795 3591 2849 3644 Si
2889 3588 3006 3657 quis
3038 3588 3210 3644 adhuc
3236 3590 3287 3643 in
3319 3606 3547 3658 corpore

1958 3684 2144 3739 mortis
2169 3682 2326 3752 hujus
2355 3690 2637 3736 accusatus
2661 3689 2714 3735 et
2735 3680 3039 3747 damnatus,
3064 3690 3347 3751 antequam
3374 3696 3551 3737 mere-

1960 3786 2108 3831 retur
2138 3774 2373 3839 absolvi,
2397 3773 2464 3829 de
2490 3774 2686 3828 smculo
2720 3782 2900 3843 raptus
2931 3784 3033 3837 est,
3077 3774 3280 3828 absolvi
3314 3791 3417 3828 non
3452 3793 3549 3843 po-

1964 3879 2067 3925 test
2090 3869 2309 3924 ulterius
2341 3870 2574 3923 humano
2596 3867 2817 3937 judicio.
2850 3867 2905 3924 Si
2936 3867 3055 3937 quis
3080 3876 3357 3923 accusatus
3386 3880 3435 3923 ct
3456 3870 3549 3923 ab-

1965 3962 2172 4018 solutus
2196 3963 2246 4017 in
2278 3976 2408 4031 pace
2443 3962 2697 4016 Ecclesia:
2726 3962 2969 4015 transivit
3000 3960 3065 4014 ad
3094 3960 3397 4026 Dominum,
3424 3978 3554 4013 con-

1966 4056 2210 4111 demnari
2244 4071 2347 4109 non
2379 4063 2558 4124 potest
2587 4055 2820 4108 humano
2844 4055 3064 4124 judicio.
3090 4054 3145 4108 Si
3175 4054 3292 4122 quis
3331 4069 3553 4107 accusa-

1970 4156 2053 4201 tus
2080 4158 2201 4201 ante
2228 4147 2367 4202 diem
2415 4146 2765 4201 sacerdotalis
2792 4147 3050 4200 examinis
3094 4144 3368 4215 repentina
3399 4161 3555 4199 voca-

1971 4241 2118 4293 tione
2156 4247 2459 4305 prmventus
2508 4250 2622 4299 est,
2674 4240 2808 4291 intra
2850 4238 3024 4293 sinum
3072 4239 3257 4292 matris
3307 4238 3557 4293 [Ecclesiae

1973 4334 2314 4395 constitutus,
2356 4331 2538 4385 divino
2579 4330 2952 4400 intelligendus
2977 4329 3283 4398 cstjndieio
3311 4344 3556 4384 reserva-

1976 4433 2094 4479 tus:
2127 4424 2193 4478 de
2225 4423 2325 4477 hoc
2354 4425 2530 4477 nullus
2557 4424 2715 4477 homo
2748 4432 2921 4491 potest
2950 4423 3280 4475 manifestam
3318 4422 3557 4488 proferre

1978 4516 2336 4579 sententiam;
2369 4515 2453 4568 cui
2504 4514 2546 4567 si
2592 4515 2732 4567 Deus
2776 4510 3155 4579 indulgentiam
3202 4511 3380 4571 dedit,
3428 4511 3557 4566 nihil

279 4624 339 4664 se
370 4608 570 4664 habens
617 4612 669 4664 in
716 4612 905 4682 legatis
953 4613 1063 4667 suis
1103 4615 1450 4683 apostolicam
1505 4616 1728 4686 sedem,
1757 4634 1857 4686 qua
1890 4575 1942 4635 υ
1972 4617 2127 4663 nocet
2152 4618 2332 4661 nostra
2363 4606 2652 4669 severitas;
2684 4604 2726 4656 si
2758 4604 3073 4672 supplicium
3100 4602 3441 4668 pr.rparavit.
3478 4600 3559 4654 ni-

280 4706 673 4772 consentiente,
705 4706 962 4775 quidquid
991 4708 1077 4760 illa
1110 4707 1353 4762 deﬁnivit
1382 4709 1639 4779 synodus,
1662 4711 1868 4779 accepit

282 4798 447 4851 robur
468 4798 761 4853 invictum?
788 4800 898 4854 Vox
932 4800 1093 4869 igitur
1115 4800 1360 4870 adempta
1392 4802 1697 4855 volentibus
1730 4804 1867 4856 male

281 4901 553 4960 assumpta
604 4890 913 4955 defendere,
949 4892 1220 4961 quomodo
1269 4894 1461 4946 iterum
1514 4894 1869 4948 restituetur?

281 4980 402 5049 quis
433 4981 533 5035 erit
561 4990 682 5050 post
703 4991 881 5037 tantos
925 4996 987 5035 ac
1029 4983 1162 5035 tales
1189 4982 1467 5051 pontiﬁces
1516 4986 1715 5053 negotii
1756 4987 1867 5055 jam

285 5070 488 5139 peracti
516 5087 687 5127 novus
714 5083 767 5127 et
797 5072 1021 5127 idoneus
1048 5074 1325 5144 cognitor?
1357 5090 1420 5126 ex
1464 5075 1659 5142 quibus
1688 5077 1881 5147 mundi

287 5163 527 5231 partibus
549 5173 640 5217 aut
668 5164 969 5220 civitatibus
1022 5167 1271 5220 meliores
1322 5165 1556 5235 antiquis
1604 5168 1873 5240 episcopis

285 5256 756 5325 congregabantur
782 5258 1020 5328 episcopi
1044 5298 1059 5322 ,
1088 5260 1279 5328 quibus
1307 5268 1542 5326 potestas
1569 5258 1725 5313 detur
1751 5278 1875 5317 sen-

288 5349 484 5403 tentias
510 5350 798 5405 emendare
832 5351 1134 5420 majorum?
1164 5353 1242 5407 vel
1286 5369 1387 5422 qua
1420 5368 1514 5422 spe
1541 5354 1876 5407 conﬁdenter

287 5453 560 5496 assumant
588 5442 789 5513 aliquid
817 5442 1077 5511 delinire,
1120 5445 1359 5500 videntes
1405 5449 1586 5500 talium
1640 5449 1874 5500 virorum

284 5533 482 5605 judicia
507 5544 729 5604 repente
755 5538 989 5589 cassari?
1021 5537 1299 5602 Quomodo
1326 5537 1732 5592 successoribus
1780 5553 1875 5591 no-

287 5626 414 5683 stris
437 5628 632 5697 poterit
660 5628 868 5697 placere
894 5631 1031 5699 quod
1060 5632 1286 5698 agimus,
1306 5630 1347 5682 si
1374 5645 1466 5697 per
1490 5646 1586 5685 nos
1607 5630 1875 5684 docebun-

365 5806 518 5861 'llic
548 5808 767 5863 restituo
790 5808 921 5862 nihil
951 5810 1093 5861 alicui
1121 5824 1184 5862 ex
1214 5806 1397 5864 Greco
1431 5811 1571 5867 οὐδέν
1604 5814 1796 5885 ξτεςιθν.

1973 4700 2048 4754 hil
2077 4700 2294 4769 prodest
2323 4709 2502 4751 nostra
2535 4694 2851 4763 benignitas.

2044 4795 2098 4848 8.
2147 4795 2297 4849 Vetat
2327 4809 2423 4847 nos
2462 4791 2747 4859 Apostolus
2794 4790 2911 4859 plus
2956 4802 3134 4857 sapere
3163 4802 3317 4855 quant
3366 4793 3560 4855 oportet

1971 4906 2145 4961 sapere
2176 4888 2351 4957 (llam.
2379 4902 2473 4950 xu,
2506 4886 2560 4955 ’5)
2590 4902 2603 4949 ;
2635 4884 2933 4953 quicunque
2960 4895 3084 4949 ergo
3110 4879 3264 4931 aliter
3292 4879 3482 4942 sentit,
3509 4885 3561 4932 et

1975 4994 2178 5040 rectum
2212 4991 2360 5049 putat
2377 4995 2495 5035 esse
2518 4978 2654 5047 quod
2679 4976 2861 5042 sentit,
2894 4974 2992 5028 sub
3023 4974 3120 5026 bac
3142 4972 3431 5026 deviitione
3454 4972 3562 5039 pie-

1980 5078 2101 5130 tatis
2133 5075 2402 5141 loquatur,
2435 5071 2651 5134 seribat,
2684 5068 2938 5136 diSputet,
2982 5066 3032 5117 in
3082 5064 3297 5133 negotio
3340 5077 3563 5131 przrserc

1980 5168 2071 5221 tim
2107 5165 2411 5234 religionis,
2444 5172 2498 5215 ut
2544 5161 2810 5214 nemiuem
2843 5158 2999 5213 dictis
3030 5156 3139 5209 suis
3171 5156 3390 5209 obedire
3418 5170 3564 5208 com-

1982 5259 2142 5328 pellat
2171 5258 2425 5320 invitum;
2468 5268 2563 5307 nec
2596 5252 2750 5305 unius
2783 5248 3014 5304 hominis
3037 5246 3357 5303 sententiam
3390 5245 3565 5297 valere

1981 5360 2190 5405 tantum
2234 5346 2456 5409 credat,
2501 5354 2555 5397 nt
2594 5342 2961 5412 prmjudicium
3008 5346 3227 5408 generet
3259 5338 3413 5389 aliter
3443 5349 3566 5387 sen-

1982 5446 2260 5505 tientibus.
2306 5442 2486 5495 Potest
2526 5436 2885 5506 unusquisque
2933 5443 3132 5487 rectam
3185 5426 3478 5498 prtedicans
3510 5425 3565 5478 ﬁ«

1981 5542 2127 5602 dem,
2161 5535 2301 5606 quod
2346 5535 2507 5589 sentit
2549 5532 2819 5596 scribere,
2871 5544 2977 5581 non
3008 5538 3184 5579 tamen
3230 5522 3293 5576 ad
3332 5520 3568 5574 subscri-

1985 5631 2213 5687 bendum
2245 5643 2363 5696 qua:
2396 5627 2508 5695 ipse
2537 5624 2848 5691 scripserat,
2877 5619 3008 5673 alios
3040 5629 3347 5687 provocare.
3382 5614 3569 5680 Quan-

2061 5813 2085 5848 δ
2132 5808 2224 5864 llic
2259 5808 2471 5861 videtur
2502 5801 2689 5855 deesse
2727 5794 2884 5851 Petri.
