3958 6358
410 388 510 447 927

1319 381 1685 439 FULGENTII
1727 380 1909 435 ann
1926 378 2075 434 tum
2120 366 2389 431 DHCONI
2420 372 2765 429 (tantum.

3590 379 3694 436 99.3

413 514 522 558 tum
553 503 927 558 laboraverunt
960 498 1012 554 in
1054 496 1431 567 praedicatione
1469 496 1615 551 verbi
1646 543 1658 563 ,
1705 505 1822 565 post
1870 509 1996 561 πβρι·
2028 494 2079 552 Α
2108 488 2285 543 nullus
2312 488 2447 541 libro
2480 502 2579 539 suo
2602 502 2694 554 per
2719 484 3142 553 subsciiptiones
3181 487 3534 555 plurimorum
3567 490 3692 545 dare

412 598 600 662 stolos,
628 592 947 648 sanctissimi
998 589 1089 659 illi.
1122 590 1469 658 prteclarique
1498 590 1765 651 ductores,
1801 588 2000 656 quibus

416 703 510 756 per
538 688 788 756 Spiritum
820 683 1096 754 sapientiai
1144 694 1197 737 et
1244 683 1481 737 scientiae
1513 689 1851 734 concesserat
1892 679 2001 732 Do-

415 781 589 833 minus
614 780 806 833 docere
850 777 1141 832 catholicos
1165 819 1180 842 ,
1232 785 1288 831 et
1333 775 1613 829 litereticos
1648 773 2001 841 eXpttgnurc?

412 869 575 923 libros
608 878 781 923 tamen
812 882 939 921 suos
970 882 997 919 a
1024 868 1238 921 nemine
1268 865 1599 932 subscriptos
1625 865 1854 953 posteris
1876 865 2001 917 reli-

416 971 670 1027 querunt.
704 958 1123 1014 Consideremus
1168 959 1293 1027 quid
1345 959 1532 1013 beatus
1565 957 1853 1027 Apostolus
1887 973 2000 1010 mo-

413 1059 536 1105 nent
562 1069 574 1105 :
604 1050 878 1117 Pr0phetw
904 1051 1009 1103 duo
1036 1049 1113 1103 υιιι
1142 1061 1241 1103 ινιέ
1272 1051 1477 1113 dicant,
1508 1052 1584 1103 vel
1610 1051 1776 1103 ueteri
1806 1049 1997 1102 exami-

378 1141 606 1209 ‘nent(l
638 1143 757 1197 Cor.
791 1158 899 1208 xtv,
952 1143 1067 1211 :29).
1121 1142 1365 1209 Nunquid
1412 1142 1585 1195 dixit:
1626 1140 1995 1207 Subscribant,

412 1248 497 1290 aut
532 1235 868 1289 subscribere
897 1233 1322 1299 compellantur?
1358 1232 1672 1300 Diligentius
1702 1232 1994 1285 examinari

411 1343 529 1394 qua:
572 1327 710 1379 dicta
754 1334 879 1379 sunt
917 1325 1085 1392 jubet,
1124 1341 1190 1378 ne
1232 1339 1524 1377 consensus
1554 1324 1720 1378 facilis
1762 1326 2001 1378 incurrat

410 1434 689 1475 errorem:
728 1422 798 1472 s't
830 1420 1117 1486 unicuique
1167 1419 1390 1472 liberum
1423 1457 1439 1480 ,
1490 1429 1764 1486 postquam
1811 1418 1999 1485 legerit

410 1511 551 1579 quod
586 1526 720 1565 unus
756 1512 913 1564 homo
945 1512 1185 1577 dictavit,
1242 1528 1345 1565 non
1387 1513 1456 1565 ita
1506 1511 1647 1566 dicta
1696 1511 1812 1582 ejus
1858 1511 2000 1567 acci-

412 1618 539 1672 pere
586 1603 735 1672 quasi
784 1604 1068 1658 canonicos
1121 1605 1445 1669 scripturas;
1497 1604 1587 1657 sed
1617 1600 1998 1672 cogitareduid

412 1696 592 1764 eligat,
626 1696 750 1763 quid
784 1706 1019 1763 respuat,
1061 1696 1185 1763 quid
1215 1706 1469 1763 sequatur
1494 1697 1695 1761 statim,
1725 1695 1851 1764 quid
1879 1711 1999 1750 cum

410 1786 845 1854 prudentioribus
908 1787 1196 1841 arbitretur
1259 1787 1511 1841 fratribus
1568 1787 1998 1846 conferendum;

2106 580 2233 634 velit
2260 580 2630 632 auctoritatem
2658 618 2673 641 ,
2720 593 2879 646 quam
2926 581 3052 634 solis
3092 580 3367 634 canonicis
3410 582 3563 636 libris
3597 584 3694 638 Ec-

2103 670 2265 725 clesia
2299 668 2559 723 catholica
2610 667 2824 721 detulit.
2880 669 3011 722 Illud
3061 685 3276 739 quoque
3314 662 3690 741 tranquillitati

2104 761 2468 815 Ecclesnrum
2530 762 2789 828 prolicere
2842 761 3057 826 poterit,
3104 762 3146 813 si
3190 764 3368 817 nullus
3398 764 3529 819 velit
3560 783 3692 834 prte-

2101 851 2340 907 scribere
2362 850 2486 918 quid
2511 860 2764 917 sequatur
2793 849 3059 914 Ecclesia,
3094 852 3187 905 sed
3218 862 3401 907 tenere
3426 857 3566 923 quod
3598 858 3691 910 Ec-

2101 943 2264 997 clcsia
2296 942 2481 1007 docet;
2535 942 2646 1007 ipsa
2702 941 2927 995 Domino
2978 958 3074 1010 per
3116 943 3334 1014 Moysen
3384 946 3435 999 in
3484 949 3693 1002 cantico

2104 1030 2500 1087 Deuteronomii
2532 1032 2776 1085 dicente:
2812 1031 3085 1103 lnterroya
3109 1045 3303 1102 patrem
3334 1044 3496 1101 tuum,
3522 1050 3571 1090 et
3600 1055 3693 1091 an-

2102 1124 2354 1176 nuntiabii
2385 1124 2510 1183 tibi;
2538 1122 2760 1175 seniores
2787 1133 2919 1187 tuor,
2953 1136 2999 1175 et
3018 1125 3187 1176 dicent
3209 1125 3298 1177 tibi
3320 1127 3686 1192 omnia(Deut.

2102 1232 2268 1279 xxxii,
2311 1215 2400 1284 7).
2457 1215 2611 1268 Tunc
2652 1216 2847 1284 quippe
2897 1216 3205 1283 implebitur
3248 1218 3404 1271 etiam
3449 1220 3691 1274 Doctoris

2101 1311 2335 1377 gentium
2369 1307 2549 1360 suavis
2579 1307 2847 1365 doctrina,
2900 1309 3208 1361 Corinthios
3256 1310 3595 1364 admonentis
3639 1322 3693 1366 et

2102 1399 2332 1452 dicentis
2358 1416 2371 1449 :
2401 1396 2527 1451 Cum
2555 1398 2910 1466 rotaveneritis,
2941 1400 3289 1469 unusquisque
3309 1412 3525 1453 vestrum
3552 1406 3692 1471 psal-

2102 1508 2240 1544 mum
2264 1490 2432 1553 habet,
2465 1491 2749 1542 doctrinam
2783 1489 2959 1547 habet.
2990 1491 3457 1558 interpretationem
3501 1497 3692 1547 habet:

2103 1584 2275 1638 omnia
2303 1583 2370 1636 ad
2394 1582 2789 1648 rediﬁcationem
2822 1583 2947 1647 ﬁant
2996 1582 3015 1653 (
3046 1581 3065 1633 ι
3093 1582 3212 1635 Cor.
3247 1598 3357 1650 xlv,
3381 1582 3497 1647 26).
3532 1584 3687 1648 Ecce,

2106 1675 2469 1741 interrogatus
2494 1713 2506 1737 ,
2539 1682 2758 1741 propter
2789 1672 3148 1726 obedientiam
3180 1672 3339 1727 silere
3368 1688 3473 1727 non
3518 1676 3687 1741 potui,

2108 1764 2441 1835 respondens
2464 1763 2730 1833 magistris
2752 1763 3071 1832 discipulus,
3093 1763 3265 1817 doctis
3285 1762 3551 1831 indoctus,
3581 1781 3691 1819 ma-

414 1851 553 1931 nulla
587 1877 679 1931 fiat
708 1878 1000 1933 necessitas
1037 1894 1296 1949 generare
1332 1879 1434 1934 sibi
1467 1880 1830 1949 prmjudicium
1869 1881 1996 1937 sub-
2030 1851 2080 1912 Β
2108 1854 2318 1925 imm“
2346 1854 2542 1949 ³⁵1⁸⁸9⁸
2568 1853 2911 1949 β²ἷ¹¹¹¹ί¹¹³¹θν
2947 1868 3285 1923 ¹Ῐ⁰²²⁸¹¹¹¹¹¹¹³’
3317 1867 3536 1922 propter
3564 1857 3697 1909 Cha‘

411 1969 716 2035 scribendo,
751 1984 816 2024 ne
846 1970 988 2024 aliud
1034 1978 1214 2039 postea
1264 1972 1480 2036 sentiat,
1525 1972 1570 2025 si
1618 1972 1763 2026 aliud
1809 1981 1992 2040 postea

409 2060 746 2114 sentiendum
780 2061 1013 2115 revelata
1044 2061 1489 2115 demonstraverit
1518 2060 1755 2117 veritas:
1789 2063 1995 2131 patien-

410 2159 494 2206 ter
520 2160 697 2204 autem
732 2149 861 2205 ferat
894 2152 1011 2219 pius
1041 2152 1268 2221 scriptor
1296 2150 1710 2205 sollicitudinem
1745 2152 1884 2220 piam
1911 2168 1996 2208 re-

410 2242 733 2308 quirentium
755 2242 1055 2309 veritatem,
1092 2258 1191 2297 nec
1233 2242 1449 2297 festinet
1477 2244 1777 2299 auditorum
1811 2253 1995 2301 tenere

413 2347 649 2399 manum,
699 2334 792 2387 sed
849 2348 942 2398 per
988 2348 1205 2388 suavem
1250 2344 1466 2389 scnSum
1514 2345 1729 2405 paratus
1771 2337 1993 2393 meliora

410 2420 764 2476 sentientibus
791 2421 1118 2477 consentire.

480 2529 533 2584 9.
574 2524 739 2601 Cujus
791 2531 1104 2587 humilitatis
1152 2534 1456 2600 exrmplum
1516 2535 1704 2591 beatus
1753 2538 1993 2609 pontifex

412 2625 758 2693 Augustinus,
788 2624 838 2676 in
863 2623 1121 2679 charitate
1149 2623 1341 2680 Clu-isti
1374 2642 1508 2695 pene
1537 2628 1785 2683 omnibus
1810 2628 1995 2684 catlio.

410 2716 526 2770 licre
557 2715 809 2770 Ecclesia:
838 2716 1146 2773 doctoribus
1169 2720 1412 2789 pra-beris
1437 2736 1453 2775 :
1481 2738 1502 2774 ι
1533 2720 1643 2776 Nec
1673 2722 1889 2792 pigebit,
1912 2723 1997 2776 in-

410 2808 543 2877 quit,
593 2821 700 2873 me,
749 2807 919 2862 sicubi
969 2792 1176 2875 haesito,
1224 2826 1505 2881 quatrere;
1552 2827 1650 2867 nec
1682 2813 1917 2882 pudebit.
1949 2814 1993 2868 si

411 2896 788 2964 erro,'dicere.
825 2895 1055 2954 Proinde
1080 2902 1318 2974 quisquis
1350 2901 1465 2958 haec
1492 2902 1647 2971 legit,
1678 2903 1763 2957 ubi
1795 2904 1995 2973 pariter

410 3003 587 3049 cerrus
615 3004 717 3061 est,
750 3002 933 3064 pergat
962 3007 1202 3058 mecum;
1236 2993 1327 3048 ubi
1360 2994 1558 3063 pariter
1589 2995 1818 3061 luesitat,
1850 3010 1995 3063 qna:-

409 3097 492 3140 rat
522 3102 763 3151 merum;
794 3084 880 3140 ubi
924 3100 1163 3141 errorem
1206 3100 1359 3140 suum
1404 3088 1680 3158 agnoscit,
1716 3087 1901 3142 redeat
1927 3088 1993 3143 ad

410 3191 528 3239 me;
577 3179 663 3229 ubi
699 3193 872 3231 meum
906 3219 920 3243 ,
965 3186 1179 3232 revocet
1208 3192 1313 3233 me.
1345 3178 1421 3233 lta
1452 3179 1811 3248 ingrediamur
1837 3180 1993 3236 simul

410 3271 694 3325 cbaritatis
718 3272 878 3340 viam,
899 3272 1178 3327 tendentes
1199 3273 1261 3326 ad
1282 3288 1402 3327 eum
1432 3273 1500 3328 de
1525 3290 1629 3344 quo
1651 3274 1850 3330 d’ctum
1880 3285 1989 3330 est:

413 3363 639 3428 Qua'rite
667 3364 850 3434 faciem
878 3366 987 3435 ejus
1017 3380 1234 3434 srmper.
1280 3365 1349 3419 Et
1394 3364 1495 3419 hoc
1538 3366 1814 3435 placitum,
1849 3368 1994 3437 pint!

408 3464 568 3521 atque
594 3451 795 3522 justum
827 3470 1006 3510 coram
1040 3455 1263 3510 Domino
1288 3456 1398 3512 Deo
1428 3465 1633 3512 nostro.
1664 3458 1796 3514 Cum
1825 3461 1995 3513 omni-

411 3544 509 3598 bus
540 3544 752 3600 interim
788 3547 876 3616 qui
906 3562 965 3601 ea
990 3564 1107 3616 quat
1135 3548 1310 3603 scribo
1339 3549 1540 3619 legunt,
1574 3559 1677 3606 etc.
1719 3551 1875 3623 (Aug.
1903 3552 1993 3608 lib.

410 3652 425 3690 ι
459 3636 522 3689 de
547 3636 732 3691 Tritsit.
761 3655 874 3709 cap.
904 3637 960 3704 2,
994 3638 1073 3706 5).
1104 3659 1120 3690 ›
1154 3639 1275 3695 Sola
1306 3641 1447 3694 enim
1479 3652 1622 3707 sunt,
1659 3648 1714 3695 ut
1748 3641 1997 3709 superius

409 3727 516 3798 iam
547 3744 689 3795 saepe
720 3729 950 3783 diximus
973 3770 988 3795 ,
1022 3729 1073 3782 in
1120 3730 1390 3785 canonicis
1436 3730 1585 3785 libris
1619 3741 1881 3802 praecepta
1917 3734 1997 3787 di-

408 3820 557 3884 vina,
585 3832 636 3874 et
668 3820 719 3874 in
749 3821 1088 3890 generalibus
1112 3822 1334 3892 synodis
1365 3834 1585 3891 paterna
1611 3823 1846 3893 decreta,
1890 3840 1995 3880 non

410 3910 687 3965 refutanda
717 3927 815 3967 nec
841 3913 1137 3982 respuenda
1158 3957 1172 3980 ,
1215 3915 1309 3968 sed
1335 3916 1683 3971 custodienda
1714 3926 1765 3971 et
1796 3917 1998 3985 ample-

409 4002 631 4068 ctcnda;
663 4004 1009 4073 prtecipiente
1039 4013 1220 4058 sancta
1250 4005 1525 4075 Scriptura
1552 4024 1567 4061 :
1599 4007 1756 4073 Audi,
1790 4008 1889 4075 ﬁli,
1920 4008 1996 4060 le-

408 4108 520 4161 gem
568 4092 728 4160 patris
780 4092 876 4158 tui,
924 4101 970 4146 et
1015 4110 1076 4147 ne
1117 4110 1327 4158 spernas
1375 4096 1643 4148 consilium
1674 4096 1851 4148 aratris
1897 4106 1998 4150 tua:

409 4180 589 4252 (Prov.
624 4196 669 4246 ι,
702 4180 769 4247 8;
799 4197 851 4234 vt
876 4226 889 4252 ,
929 4182 1043 4252 ΞΟ).
1099 4181 1205 4236 Lex
1240 4184 1379 4237 enim
1412 4184 1579 4253 patris
1611 4184 1793 4256 fulget,
1827 4204 1997 4257 quan-

409 4279 520 4325 tum
552 4269 683 4324 mihi
710 4270 941 4338 videtur,
988 4272 1040 4327 in
1071 4274 1344 4330 canonicis
1374 4274 1558 4343 libris;
1583 4278 1861 4332 consilium
1886 4296 1995 4335 ma-

411 4360 505 4415 tris
550 4359 602 4414 in
654 4360 1041 4416 universalibus
1082 4361 1325 4418 conciliis
1355 4368 1689 4433 continetur;
1729 4368 1818 4422 ubi
1865 4384 1997 4439 pro-

411 4458 587 4517 pterea
637 4450 725 4519 qui
757 4450 1086 4506 conveniunt
1132 4452 1261 4507 tales
1301 4456 1608 4511 sacerdotes
1656 4466 1851 4514 statuta
1898 4474 1994 4515 sua

409 4542 770 4609 subscribunt,
803 4551 862 4597 ut
890 4544 1107 4598 dubium
1136 4560 1244 4599 non
1285 4546 1615 4619 relinquatur
1636 4564 1665 4603 a
1694 4551 1887 4621 quibus
1915 4560 1995 4607 est

404 4635 586 4689 liabita
615 4635 903 4705 disputatio
930 4655 942 4691 :
974 4640 1226 4692 ezelerum
1260 4613 1457 4709 prteter
1484 4641 1605 4697 illos
1635 4613 1725 4712 qui
1755 4651 1997 4699 statuunt
2025 4613 2074 4675 θ

400 4742 527 4794 quae
554 4728 836 4781 statuenda
868 4738 1025 4795 sunt,
1065 4730 1244 4784 nullus
1274 4732 1420 4798 cogit
1447 4732 1583 4786 ultra
1612 4731 1992 4799 subscribere;

408 4820 653 4875 sufficere
683 4821 824 4874 enim
850 4821 1118 4889 iudicatur
1149 4822 1212 4876 ad
1246 4823 1456 4892 plenam
1488 4823 1950 4880 continuationem
1977 4865 1993 4890 ,

404 4914 454 4965 si
490 4912 741 4981 perducta
770 4914 819 4967 in
851 4914 1096 4969 notitiam
1124 4915 1285 4970 totius
1315 4917 1570 4971 Ecclesite
1598 4918 1801 4972 nullum
1830 4917 1997 4974 odeu-

404 5004 638 5057 diculum
674 5016 941 5074 moveant,
979 5009 1062 5062 vel
1098 5008 1407 5063 scandalum
1445 5009 1719 5075 fratribus,
1749 5010 1840 5064 sed
1869 5024 1997 5079 apo~

404 5097 609 5151 stolicae
659 5096 777 5152 fidei
816 5099 1105 5154 convenire
1153 5099 1459 5166 firmentur,
1495 5102 1799 5171 apostolica:
1848 5101 1993 5157 sedis

404 5186 653 5253 roborata
685 5200 969 5239 consensu.

480 5278 566 5332 10.
608 5278 865 5346 Dignetur
894 5276 1069 5347 itaque
1100 5277 1370 5334 beatitudo
1403 5291 1573 5335 vestra
1601 5289 1708 5336 tres
1748 5281 1877 5337 istas
1907 5296 1995 5336 re-

404 5382 440 5437 g
463 5369 553 5419 :las
583 5366 771 5420 ordine
803 5373 859 5419 et
890 5380 1141 5423 sermone
1169 5383 1274 5437 quo
1305 5373 1569 5438 potuimus
1603 5374 1872 5427 intimatas
1912 5373 1994 5427 di—

407 5460 635 5526 ligenter
664 5456 940 5510 attendere
964 5498 977 5521 ,
1004 5466 1051 5510 et
1087 5456 1155 5527 (si
1200 5471 1377 5512 nostra
1414 5463 1583 5527 [ilach
1627 5462 1844 5516 humilis
1873 5478 1993 5531 per-

404 5549 611 5620 suasio)
638 5548 928 5604 custodire.
963 5547 1029 5604 Ut
1061 5551 1268 5604 con.‘i‘ii
1301 5552 1374 5605 Cit
1395 5553 1752 5608 tlrcdonensis
1806 5554 1888 5607 vel
1920 5553 1989 5607 si-

404 5644 609 5701 milium
644 5643 783 5697 nulla
815 5644 1120 5696 retractatio
1144 5644 1383 5712 placeat;
1411 5645 1504 5698 sed
1546 5661 1666 5714 qua:
1692 5646 1857 5701 semel
1880 5653 1990 5700 sta-

405 5744 516 5787 tuta
548 5744 691 5799 sunt,
726 5737 1035 5789 intemerata
1068 5746 1365 5791 serventur.
1403 5735 1469 5791 Ut
1495 5752 1587 5806 pro
1621 5737 1845 5791 mortuis
1878 5737 1987 5792 fra-

407 5831 576 5893 tribus
629 5829 766 5883 nulla
823 5844 1145 5897 grueren‘ur
1198 5831 1330 5886 inter
1387 5831 1533 5887 viros
1584 5830 1852 5887 scmdala.
1918 5833 1979 5889 Ut

2095 1949 2333 2012 ritatem,
2363 1947 2409 2001 si
2442 1944 2616 2016 potuit
2646 1946 2762 2019 haec
2812 1961 2973 2017 parva
3004 1948 3287 2016 reSponsio
3331 1949 3693 2017 comprehen-

2094 2038 2223 2094 dere
2265 2038 2586 2105 veritatem;
2636 2049 2709 2106 et,
2762 2040 2805 2094 si
2855 2040 3071 2109 quidem
3115 2039 3401 2106 placuerit,
3437 2040 3692 2097 discretio

2095 2139 2270 2186 vestra
2299 2131 2595 2201 perpendat
2624 2138 2805 2186 utrutn
2836 2131 2991 2201 prodi
3019 2130 3216 2186 debeat
3245 2133 3519 2187 fratribus.

2654 2261 2989 2317 EPISTOLA
3029 2261 3144 2317 VII.

2364 2391 2434 2430 AD
2472 2389 2699 2430 BEGINUI
2739 2389 2973 2429 COMITEH
3012 2390 3410 2431 PABAENETICUS.

2101 2468 2280 2536 Qualis
2305 2484 2414 2523 esse
2438 2467 2617 2521 debeat
2639 2468 2748 2520 dua:
2768 2468 3037 2536 religiosus
3058 2469 3109 2521 in
3150 2469 3344 2521 actibus
3366 2468 3689 2538 militaribus,

2411 2554 2499 2592 seu
2528 2539 2591 2590 de
2619 2547 2807 2607 septem
2842 2540 3032 2610 regulis
3058 2541 3380 2592 iunocentire.

2173 2654 2224 2709 1.
2267 2652 2500 2710 Socialis
2544 2652 2669 2707 vita:
2710 2652 2984 2706 laboribus
3010 2653 3363 2719 exercendus,
3393 2654 3688 2724 ignorantia

2098 2747 2341 2815 pueritia:
2374 2760 2496 2800 mox
2549 2752 2606 2799 ut
2655 2745 2935 2799 rationalis
2969 2746 3129 2800 homo
3158 2747 3430 2813 caruerit,
3461 2758 3553 2801 aut
3584 2748 3689 2803 Dec

2099 2839 2305 2907 ittcipit,
2349 2837 2459 2893 dux
2514 2838 2735 2892 illustris
2763 2838 2987 2908 Regine,
3040 2847 3133 2892 aut
3184 2839 3380 2893 smculo
3435 2842 3689 2895 militare.

2101 2931 2328 3001 Propter
2370 2930 2471 2985 hoc
2516 2930 2789 2998 apostolus
2837 2929 3066 2983 Paulus:
3113 2929 3300 2995 Nemo,
3335 2932 3429 2995 ait,
3462 2932 3690 2985 militans

2102 3020 2210 3076 Deo
2238 3021 2467 3091 implicat
2504 3037 2557 3075 se
2596 3020 2813 3089 negotiis
2839 3020 3168 3074 saecularibus
3212 3018 3307 3092 (Il
3337 3020 3467 3076 Tim.
3498 3037 3559 3087 ll,
3592 3020 3689 3091 4);

2101 3112 2390 3167 ostendens
2418 3124 2540 3165 esse
2571 3109 2766 3164 milites
2796 3110 2909 3175 Dei,
2953 3110 3094 3163 sicut
3134 3120 3260 3164 sunt
3301 3112 3462 3165 etiam
3495 3112 3690 3165 milites

2024 3228 2070 3291 ο
2104 3202 2305 3257 saeculi.
2345 3201 2546 3271 Duplex
2572 3216 2700 3271 ergo
2730 3200 2919 3254 militia
2963 3201 3069 3255 duo
3106 3217 3302 3271 genera
3346 3203 3574 3256 militum
3617 3204 3691 3257 si-

2102 3302 2263 3362 gnat:
2298 3293 2434 3350 alios
2467 3292 2657 3348 militia
2685 3294 2980 3359 corporalis
3027 3294 3273 3349 laborare
3301 3310 3423 3350 cum
3461 3296 3687 3361 mundo,

2100 3376 2394 3440 sedmdunt
2438 3385 2767 3439 voluntatem
2812 3384 3010 3438 terreni
3048 3385 3189 3455 regis
3220 3387 3505 3455 astringit;
3557 3387 3692 3441 alius

2102 3478 2292 3533 militia
2343 3477 2602 3549 spiritalis
2646 3476 2713 3530 ad
2758 3477 2999 3531 coelestia
3040 3491 3216 3532 castra
3266 3494 3361 3548 per
3405 3482 3690 3549 gratuitam

2100 3570 2327 3640 gratiam
2353 3569 2588 3623 cmlestis
2617 3569 2953 3638 imperatoris
2998 3568 3233 3623 adducit.
3275 3569 3468 3625 Milites
3508 3570 3693 3626 saeculi

2100 3662 2440 3732 passionibus
2489 3671 2545 3716 et
2585 3661 2872 3716 desideriis
2918 3662 3080 3716 variis
3131 3670 3381 3717 tenentur
3426 3664 3692 3730 obnoxii;

2100 3752 2298 3807 milites
2352 3753 2440 3808 Dei
2487 3767 2704 3806 carnem
2752 3766 2903 3806 suam
2953 3754 3269 3823 crucifigunt
3308 3770 3428 3809 cum
3468 3756 3612 3809 vitiis
3641 3767 3695 3811 et

2100 3843 2570 3912 concupiscentiis.
2606 3842 2684 3897 llli
2719 3842 2946 3911 dapibus
2974 3844 3324 3911 nutriuntur;
3365 3847 3449 3899 isti
3484 3848 3698 3902 virtuti-

2100 3933 2220 3989 bus.
2254 3934 2332 3989 Illi
2362 3949 2554 4003 rapere
2595 3933 2767 3987 aliena
2818 3943 3118 4000 conantur;
3167 3935 3252 3989 isti
3282 3935 3443 3989 etiam
3479 3938 3698 4005 propria

2100 4024 2183 4080 vel
2218 4026 2478 4093 patienter
2504 4024 2730 4093 perdere
2750 4066 2763 4090 ,
2795 4024 2877 4079 vel
2910 4024 3331 4082 misericorditer
3356 4030 3696 4084 contendunt

2099 4127 2346 4183 ercgare.
2383 4113 2455 4167 Illi
2482 4113 2710 4183 propriis
2737 4114 3060 4171 utilitatibus
3091 4118 3409 4183 consulunt;
3437 4119 3525 4172 isti
3548 4135 3699 4174 com-

2099 4206 2369 4259 tun-nibus.
2404 4205 2480 4259 llli
2512 4216 2702 4275 gerunt
2732 4208 2873 4262 unde
2900 4206 3047 4263 falsis
3073 4210 3317 4265 laudibus
3339 4213 3698 4283 extollantur;

2099 4294 2185 4349 isti
2214 4305 2463 4366 qumrunt
2488 4298 2629 4351 unde
2655 4299 3001 4368 sempiternis
3051 4302 3287 4370 prtemiis
3332 4303 3693 4361 honorentur.

2101 4385 2208 4441 Illis
2240 4386 2420 4441 tribuit
2455 4387 2739 4458 imaginem
2766 4389 2963 4444 latitiae
2997 4391 3239 4459 vanitas;
3272 4394 3386 4449 istis
3414 4410 3541 4450 vera
3568 4413 3699 4451 eou-

2097 4477 2201 4531 fcrt
2232 4478 2425 4547 gaudia
2468 4479 2684 4531 veritas.
2735 4478 2810 4533 llli
2866 4480 3158 4546 perituram
3205 4484 3459 4552 patriam,
3498 4489 3698 4554 pariter

2097 4567 2342 4636 perituri,
2394 4567 2602 4622 salvare
2649 4583 2712 4623 ac
2764 4584 2976 4639 semper
3026 4580 3210 4628 tenere
3260 4575 3547 4642 festinant;
3601 4579 3690 4634 isti

2101 4677 2367 4731 nunquam
2396 4663 2709 4731 perituram,
2740 4679 2805 4718 ne
2834 4665 2888 4719 in
2918 4676 3179 4721 retentum
3222 4678 3465 4736 pereant,
3517 4674 3696 4740 possi~

2099 4752 2228 4806 dere
2254 4752 2577 4806 desiderant.
2615 4754 2723 4807 lllis
2756 4755 2936 4810 vivere
2988 4757 3135 4811 labor
3160 4767 3261 4825 est,
3294 4771 3347 4813 et
3379 4764 3517 4816 mori
3564 4780 3699 4833 sup-

2101 4841 2357 4912 plicium;
2392 4842 2506 4896 istis
2536 4844 2717 4898 vivere
2740 4842 2983 4901 Cliristus
3027 4855 3130 4915 est,
3181 4859 3236 4902 et
3275 4851 3411 4904 mori
3464 4852 3697 4909 lucrum.

2102 4932 2179 4985 Illi
2208 4932 2515 5001 praeliautur
2545 4943 2729 4988 contra
2764 4936 3011 4991 inimicos
3045 4939 3283 4994 visibiles
3313 4959 3326 5005 ;
3382 4943 3469 4995 isti
3498 4956 3691 5000 contra

2104 5024 2425 5077 invisibiles.
2454 5024 2577 5078 illus
2604 5027 2821 5079 avaritia
2851 5027 3128 5094 crudeles;
3158 5032 3286 5085 isros
3322 5035 3699 5094 misericordia

2102 5113 2231 5168 facit
2257 5114 2532 5183 benignos.
2566 5114 2690 5170 Illos
2720 5116 2918 5172 invidia
2949 5119 3348 5187 contentiosos;
3378 5122 3513 5178 istos
3545 5142 3701 5180 man-

2095 5210 2332 5264 suetudo
2362 5210 2633 5280 pacificos.
2665 5211 2739 5263 Illi
2775 5227 2869 5280 per
2899 5213 3207 5282 superbiam
3253 5232 3350 5286 pro
3378 5219 3491 5272 suis
3521 5220 3701 5274 homi-

2102 5299 2259 5354 nibus
2307 5300 2555 5371 litigant;
2613 5301 2697 5354 isti
2748 5316 2842 5372 per
2888 5303 3240 5359 humilitatem
3282 5306 3420 5361 alter
3466 5310 3699 5365 alterum

2101 5393 2411 5449 exiStimant
2437 5394 2769 5462 superiorem
2798 5396 2921 5451 sibi.
2958 5397 3077 5453 Per
3121 5398 3240 5452 illos
3280 5399 3573 5471 Babylonia
3607 5416 3696 5456 re-

2100 5485 2279 5553 gitur;
2318 5500 2413 5555 per
2443 5484 2575 5539 istos
2599 5494 2653 5540 et
2697 5486 2748 5540 in
2787 5486 2903 5541 istis
2931 5501 2961 5541 a
2996 5489 3222 5543 Domino
3252 5488 3549 5546 Jerusalem
3582 5507 3699 5548 cm-

2101 5574 2249 5629 lestis
2275 5576 2698 5632 administratur.
2737 5577 2802 5632 Et
2832 5577 3147 5647 plerumque
3176 5581 3433 5651 contingit
3460 5592 3520 5636 ut
3567 5599 3700 5638 cur-

2100 5665 2317 5735 poribus
2348 5666 2563 5720 adunati
2614 5668 2881 5739 (quamvis
2930 5669 3195 5723 mentibus
3238 5672 3493 5743 separati)
3523 5672 3697 5729 simul

2098 5758 2294 5813 milites
2328 5758 2419 5815 Dei
2452 5769 2503 5814 et
2535 5760 2728 5815 milites
2756 5760 2935 5814 smculi
2968 5763 3347 5830 prOSpcritates
3394 5778 3448 5821 et
3480 5767 3691 5821 adver-

2096 5850 2278 5907 sitatcs
2310 5850 2540 5908 sentiant
2574 5854 2912 5920 temporales.
2962 5854 3067 5909 Sed
3117 5856 3309 5913 milites
3340 5862 3526 5915 sa’cult
3557 5876 3692 5931 pro.
