3958 6358
393 399 486 451 931

1304 395 1665 451 FULGENTII
1707 393 2058 450 ΡΕΙιΒΑΝῡι
2103 395 2374 449 DIACONI
2415 391 2765 448 CAR‘ii—iAG.

3571 385 3678 443 9'52

394 535 761 590 Necessarium
786 537 944 606 plane
967 545 1050 589 est
1074 544 1126 587 ιιι
1153 536 1454 603 partitionis
1479 536 1670 589 ordine
1691 536 1975 602 custodito,

2093 519 2222 575 dere
2243 521 2498 590 disponas
2525 523 2799 589 excubias,
2827 519 3064 589 psalmus
3085 509 3339 583 cogitanti
3363 506 3679 606 respondet:

393 611 701 694 singillatim
733 627 802 682 de
835 629 914 680 his
941 634 1144 695 septem
1179 627 1466 697 generibus
1493 627 1853 695 disputantem
1890 629 1980 683 he-

394 718 617 773 nevolus
665 727 718 772 et
768 717 1003 772 intentus
1068 718 1352 783 advertas;
1423 718 1550 773 illud
1616 719 1984 788 principaliter

392 809 610 874 sciens,
657 809 927 862 neminem
976 810 1092 863 sine
1135 811 1304 878 gratia
1358 810 1448 864 Dei
1481 820 1626 866 recte
1665 813 1979 882 intelligere,

395 899 666 952 neminem
688 897 831 966 juste
855 899 1052 953 vivere.
1075 900 1330 953 Dominus
1353 903 1494 954 enint
1516 902 1608 955 dat
1629 902 1980 969 intellectum,

395 989 652 1043 Dominus
690 1004 851 1058 quem
889 990 1122 1044 voluerit
1149 991 1454 1060 religiosum
1485 992 1634 1047 facit.
1682 993 1822 1048 Nihil
1856 996 1981 1050 boui

392 1095 453 1134 ex
486 1083 642 1137 nobis
687 1082 943 1135 habemus
975 1100 985 1134 :
1026 1083 1188 1136 Omne
1218 1084 1399 1136 datum
1430 1087 1678 1151 aptimum
1702 1129 1717 1152 ,
1752 1099 1798 1141 et
1837 1105 1984 1141 omne

392 1175 582 1226 donum
603 1179 882 1245 perfectum
913 1177 1136 1244 (.iactiho
1163 1177 1406 1244 apostolo
1426 1180 1786 1250 contestante)
1807 1181 1982 1234 desur-

395 1282 502 1316 sum
532 1276 624 1330 est,
659 1266 963 1324 descendens
994 1284 1024 1319 a
1057 1266 1214 1321 Patre
1237 1269 1510 1332 luminum,
1535 1273 1674 1339 apud
1705 1287 1853 1339 quem
1880 1287 1981 1323 non

394 1365 467 1409 est
500 1358 861 1410 transmutatio
885 1374 976 1410 nec
1004 1359 1244 1412 momenti
1274 1358 1593 1412 obuntbratio
1621 1358 1760 1428 (Jac.
1795 1376 1832 1425 ι,
1867 1363 1981 1430 i7).

611 1466 763 1514 PRIMA
789 1482 993 1517 ιιεουιι.
1020 1469 1220 1519 Omnem
1242 1468 1446 1533 gloriam
1467 1469 1567 1520 Deo
1584 1467 1752 1520 tribue.

461 1567 512 1620 li.
563 1569 736 1621 Prima
787 1571 1009 1638 proinde
1050 1582 1132 1625 est
1177 1573 1358 1641 regula
1384 1615 1397 1636 ,
1442 1588 1598 1640 quam
1633 1583 1814 1628 tenere
1845 1576 1986 1629 inter

395 1670 544 1711 actus
569 1658 763 1713 debeas
793 1661 1072 1726 militares,
1099 1671 1155 1716 ut
1187 1662 1316 1716 nihil
1351 1663 1548 1718 viribus
1575 1663 1677 1717 tuis
1703 1667 1987 1732 superbius

393 1750 635 1818 nssignes
657 1792 671 1815 ,
703 1752 796 1805 sed
833 1753 1010 1807 omnia
1040 1769 1156 1821 quae
1200 1755 1490 1823 sapienter,
1523 1769 1610 1810 aut
1638 1757 1868 1824 fortiter,
1898 1766 1989 1812 aut

396 1838 621 1894 feliciter
660 1843 824 1910 geris,
858 1844 922 1898 ad
957 1844 1164 1898 laudem
1194 1846 1394 1900 referas
1426 1848 1780 1914 potentissimi
1823 1848 1989 1902 Crea-

399 1935 529 1984 toris
563 1951 574 1985 :
611 1949 814 1988 memor
849 1951 1061 2004 semper
1096 1937 1219 2005 quid
1255 1941 1447 2006 pepulo
1487 1939 1776 1994 israelilico
1807 1942 1987 2009 ingre-

397 2022 563 2076 dienti
597 2032 788 2076 terram
835 2029 1202 2094 protttissionis
1234 2029 1439 2098 Moyses
1475 2031 1744 2097 loquatur,
1782 2031 1991 2084 humili-

399 2111 525 2165 tatis
564 2121 764 2166 sancta:
802 2116 989 2170 volens
1038 2134 1222 2171 omnes
1274 2119 1471 2175 habere
1523 2120 1795 2174 virtutem.
1853 2122 1991 2175 Dicit

401 2205 546 2257 enim
583 2221 596 2256 :
633 2204 716 2258 Ne
745 2207 886 2259 dicas
915 2209 964 2259 in
993 2209 1146 2262 corde
1173 2219 1258 2262 tuo
1287 2226 1305 2263 :
1344 2209 1518 2264 Virtus
1546 2227 1660 2264 mea
1689 2222 1734 2263 et
1765 2213 1992 2280 potentia

397 2310 503 2347 mea
534 2295 652 2362 fecit
675 2297 798 2348 mihi
827 2298 1060 2351 virtutem
1089 2299 1220 2352 hanc
1250 2318 1524 2371 magnam;
1555 2303 1642 2354 sed
1669 2318 1859 2355 memor
1889 2305 1989 2358 eris

406 2387 613 2439 Domini
644 2385 742 2440 Dei
773 2389 870 2454 lui,
903 2391 1019 2456 quia
1049 2389 1137 2443 ille
1165 2391 1254 2443 tibi
1280 2394 1368 2444 dat
1402 2392 1676 2460 potentiam
1707 2393 1773 2444 ad
1795 2394 1990 2462 {accn-

399 2481 519 2532 dam
553 2482 782 2534 virtutem
810 2481 988 2552 (Deut.
1019 2498 1130 2547 vttt,
1157 2484 1244 2552 i7,
1273 2482 1384 2553 18).
1417 2485 1564 2540 Sicut
1595 2485 1802 2553 plenius
1832 2487 1989 2541 etiam

397 2573 654 2640 prOpheta
712 2572 969 2630 Jeremias
1015 2575 1265 2631 admonet
1301 2596 1315 2632 :
1352 2577 1471 2632 Non
1499 2579 1747 2651 glorietur
1789 2583 1992 2651 sapiens

397 2664 448 2714 in
496 2664 746 2731 sapientia
801 2683 913 2728 sua,
946 2678 990 2720 et
1045 2684 1149 2721 non
1200 2669 1448 2740 glorietur
1499 2672 1641 2727 fortis
1687 2674 1740 2726 in
1789 2673 1993 2742 fortitu—

401 2753 519 2807 dine
560 2771 672 2820 sua,
724 2763 774 2808 et
827 2773 928 2810 non
983 2759 1232 2828 glorietur
1287 2760 1423 2812 dives
1471 2761 1527 2813 in
1584 2761 1770 2816 divitiis
1837 2763 1989 2828 suis;

395 2848 487 2900 sed
517 2851 568 2899 in
611 2850 706 2902 hac
751 2852 1000 2919 glorietur
1028 2854 1114 2920 qui
1155 2853 1406 2923 gloriatur
1434 2869 1453 2907 :
1479 2856 1762 2927 intelligere
1787 2868 1833 2911 et
1863 2861 1991 2913 scire

395 2941 634 3008 quoniam
657 2958 748 3012 ego
773 2959 883 2995 sum
910 2941 1179 3011 Dominus,
1209 2946 1296 3014 qui
1319 2945 1453 3014 facio
1482 2948 1910 3016 misericordia-tn,
1941 2959 1988 3004 et

395 3031 683 3103 judicium,
717 3045 762 3087 et
783 3036 1041 3106 justiiiam
1072 3053 1221 3105 super
1245 3047 1433 3091 terram
1480 3037 1612 3108 (Jer.
1637 3057 1710 3106 ιιι,
1742 3040 1834 3110 2'5,
1864 3041 1983 3115 9-4).

396 3120 724 3192 Frequenter
755 3125 936 3194 igitur,
979 3139 1032 3182 et
1079 3129 1166 3195 (si
1197 3128 1312 3183 fieri
1347 3128 1565 3202 potest)
1599 3132 1982 3202 indesinenter,

399 3229 526 3270 voce
556 3216 732 3270 cordis
763 3227 814 3272 et
843 3220 1084 3288 corporis
1123 3221 1378 3276 clamabis
1411 3240 1423 3274 :
1461 3221 1698 3290 Domine,
1735 3229 1984 3297 fortitudo

394 3323 535 3372 mea,
561 3318 610 3363 et
639 3308 957 3381 adjutorium
985 3327 1151 3365 meum
1188 3313 1240 3365 iu
1272 3314 1355 3366 die
1392 3315 1645 3370 malorum
1692 3316 1824 3388 (Jer.
1863 3335 1973 3388 xvt,

393 3397 504 3468 19).
552 3399 619 3454 Et
649 3400 837 3455 iterum
873 3419 884 3454 :
918 3401 1059 3457 Sana
1094 3419 1205 3469 me,
1241 3405 1488 3471 Domine,
1520 3419 1565 3460 et
1591 3410 1843 3475 sanabor;
1874 3415 1980 3466 sal-

393 3506 506 3544 vum
529 3509 606 3545 me
626 3493 727 3563 fac,
753 3503 798 3546 ct
826 3496 995 3548 salrus
1025 3513 1128 3562 ero,
1157 3499 1276 3562 quia
1299 3499 1464 3568 gloria
1486 3515 1596 3552 mea
1628 3510 1680 3552 tu
1702 3518 1752 3554 es
1785 3500 1974 3573 (Ibid,

395 3597 524 3648 ιιι-ιι,
546 3582 652 3648 ts).
675 3582 778 3636 Ista
801 3586 942 3639 enim
974 3585 1235 3653 dicendo,
1268 3591 1435 3644 sancti
1483 3591 1630 3646 Pauli
1678 3593 1974 3651 doctrinam

390 3673 538 3741 sequi
566 3673 864 3744 videberis,
910 3677 1135 3736 dicentis
1167 3696 1181 3732 :
1216 3681 1314 3744 Qui
1353 3683 1629 3752 gloriatur,
1659 3685 1711 3738 in
1755 3686 1976 3742 Domino

387 3763 631 3832 glorietur
659 3765 743 3838 (ll
768 3766 887 3822 Cor.
918 3783 972 3836 ι,
999 3771 1108 3840 1⁸1).
1146 3773 1208 3825 Et
1237 3781 1362 3826 tunc
1391 3789 1550 3843 super
1579 3787 1630 3830 te
1661 3778 1976 3847 prepltetica

387 3862 648 3916 sententia
680 3865 1071 3932 complebitur:
1099 3867 1401 3923 Benedictus
1441 3871 1594 3926 homo
1633 3876 1722 3944 qui
1761 3877 1976 3946 confidit

385 3952 714 4022 inDomino,
758 3965 806 4010 et
847 3959 940 4011 crit
982 3955 1233 4013 Dominus
1273 3979 1383 4032 spcs
1426 3958 1571 4033 ejus;
1614 3969 1808 4035 eritque
1843 3971 1974 4023 sicut

384 4043 581 4112 lignum
607 4044 932 4114 [ructiferum
963 4064 1106 4101 secus
1131 4065 1336 4117 aquam,
1363 4062 1408 4103 et
1446 4055 1497 4104 in
1527 4057 1788 4108 humorem
1810 4058 1976 4112 mittet

384 4135 579 4186 radices
600 4152 753 4199 suas;
784 4153 884 4189 non
909 4138 1102 4190 timebit
1126 4155 1236 4191 cum
1268 4143 1451 4193 venerit
1477 4155 1652 4207 a’stus,
1682 4155 1727 4197 et
1749 4143 1893 4200 erant
1918 4148 1971 4201 in

382 4243 440 4280 eo
468 4228 676 4294 frutices
702 4232 960 4284 numerosi
984 4248 1002 4296 ;
1043 4242 1088 4285 et
1117 4235 1166 4286 in
1193 4250 1328 4286 anno
1352 4233 1592 4289 siccitatis
1617 4253 1716 4290 non
1757 4240 1970 4307 timebit,

380 4329 428 4369 ct
467 4333 569 4370 non
612 4318 810 4387 deﬁciet
852 4337 882 4373 a
927 4323 1162 4390 faciendo
1202 4324 1428 4390 fructum
1469 4324 1602 4395 (Jer.
1644 4343 1770 4394 xvtt,
1805 4331 1857 4392 7,
1891 4332 1969 4400 8).

391 4409 609 4464 Deficiet
651 4420 826 4466 autent
875 4413 917 4468 si
958 4413 1312 4470 obliviscatur
1343 4416 1482 4471 illius
1509 4461 1522 4486 ,
1571 4420 1636 4474 de
1669 4437 1773 4489 quo
1803 4422 1972 4477 fidelis

388 4500 550 4555 Isaias
579 4500 824 4558 fidelibus
865 4514 1044 4560 narrat
1077 4523 1091 4559 :
1127 4505 1260 4562 Deus
1299 4510 1674 4578 sempiternus,
1720 4511 1972 4568 Dominus

374 4589 462 4656 qui
484 4592 670 4645 creavit
701 4595 941 4648 terminos
967 4605 1110 4649 terra:
1134 4613 1150 4661 ;
1193 4613 1295 4650 non
1319 4599 1543 4667 deﬁciet,
1577 4618 1737 4669 neque
1764 4603 1970 4657 labora-

373 4679 462 4745 bit,
495 4698 586 4735 nec
625 4692 699 4737 est
738 4686 1054 4756 investigatio
1092 4688 1357 4758 sapientia:
1395 4691 1525 4758 ejus.
1555 4690 1656 4755 Qui
1695 4698 1783 4745 dat
1824 4694 1964 4748 lasso

372 4773 626 4842 virtutem,
652 4785 699 4829 et
721 4777 797 4830 liis
820 4778 909 4848 qui
929 4796 1029 4832 non
1057 4789 1178 4832 sunt
1209 4781 1561 4850 fortitudinem
1583 4794 1632 4836 et
1653 4785 1805 4838 robur
1830 4789 1964 4840 ntul-

372 4863 591 4930 tiplicat.
642 4865 887 4933 Deficient
923 4871 1101 4936 pueri,
1129 4883 1176 4924 et
1203 4872 1536 4942 laborabunt,
1565 4884 1610 4928 et
1638 4876 1853 4944 juvenes
1877 4879 1963 4932 iu-

371 4957 614 5024 ﬁrmitate
644 4961 844 5014 cadent.
891 4963 989 5026 Qui
1017 4975 1185 5018 autem
1216 4977 1422 5034 sperant
1443 4967 1498 5021 in
1523 4967 1762 5034 Domino,
1791 4981 1961 5024 muta-

369 5049 492 5102 bunt
551 5050 942 5121 fortitudinem,
992 5070 1251 5112 assument
1296 5078 1484 5129 pennas
1544 5063 1674 5115 sicut
1731 5064 1956 5130 aquilte;

367 5149 573 5193 current
612 5149 658 5192 et
701 5158 802 5194 non
842 5143 1142 5202 laborabunt
1168 5189 1183 5213 ,
1221 5150 1461 5204 volabunt
1499 5163 1545 5205 et
1585 5170 1685 5206 non
1725 5155 1964 5220 deﬁcient

368 5227 502 5299 (Isa.
535 5247 629 5297 ιι,
659 5231 896 5302 28-51).
937 5237 1133 5302 Curre,
1177 5241 1333 5295 miles
1365 5242 1490 5306 Dei,
1529 5243 1862 5308 festinanter,
1906 5256 1962 5298 ιιι

368 5338 590 5378 numero
629 5323 811 5378 talium
853 5327 1085 5384 sociatus
1112 5372 1126 5393 ,
1175 5334 1387 5400 negotia
1436 5335 1685 5387 militaria
1736 5351 1959 5391 securus

365 5432 542 5481 geras.
593 5416 647 5471 Si
679 5417 820 5471 enim
850 5420 1076 5474 consilio
1106 5421 1181 5475 uti
1224 5426 1582 5478 necessarium
1628 5427 1780 5481 fuerit
1812 5472 1825 5494 ,
1871 5444 1956 5481 rc.-

365 5507 595 5573 spondet
617 5507 709 5562 tibi
731 5510 988 5565 continuo
1015 5511 1283 5582 Sapientia
1310 5534 1324 5568 :
1352 5515 1527 5570 Meum
1559 5527 1632 5570 est
1657 5518 1945 5581 consilium,

363 5607 410 5650 et
439 5616 548 5654 mea
577 5603 733 5655 tutela
763 5601 946 5672 (Prov.
979 5621 1090 5672 vnt,
1126 5607 1239 5675 Η).
1288 5609 1342 5663 Si
1387 5611 1435 5663 in
1479 5613 1662 5678 praelia
1693 5612 1952 5665 dimican-

362 5691 510 5758 dum,
542 5695 815 5750 fortissimi
848 5697 1060 5753 Davidis
1101 5702 1288 5756 audies
1318 5719 1502 5758 vocem
1536 5723 1548 5756 :
1585 5703 1708 5759 Non
1749 5707 1801 5758 in
1834 5706 1945 5775 gla-

362 5781 466 5846 dio,
492 5799 647 5852 neque
675 5787 728 5840 in
755 5789 901 5842 hasta
929 5794 1091 5846 salvat
1125 5794 1375 5849 Dominus
1407 5813 1426 5850 :
1457 5797 1621 5865 ipsius
1655 5809 1727 5851 est
1760 5797 1950 5852 bellum

364 5871 418 5940 (Ῑ
448 5871 571 5942 "€9-
602 5890 732 5946 ινιι,
762 5879 877 5947 Η).
911 5883 967 5938 Si
991 5897 1176 5941 contra
1209 5886 1428 5945 hoStiles
1459 5889 1691 5956 impetus
1715 5899 1950 5955 praeten-

2092 610 2208 664 Nisi
2243 610 2492 668 Dominus
2530 615 2828 668 custodierit
2872 610 3159 669 civitatem,
3203 605 3256 656 in
3296 616 3480 654 vanum
3501 599 3679 668 vigilat

2086 703 2172 767 qui
2201 707 2423 759 custodit
2447 722 2555 760 eam
2596 705 2713 777 (Ps.
2745 718 2926 761 cxxvt.
2964 700 3040 769 l).
3088 698 3147 752 Si
3191 707 3388 764 parvus
3412 691 3682 746 exercitus

2086 806 2272 848 contra
2292 796 2521 850 hostium
2544 794 2908 850 multitudines
2932 784 3355 845 innumerabiles
3370 780 3683 837 educendos

2087 887 2195 950 sit,
2232 898 2420 940 orante
2461 887 2644 941 Judith
2692 883 2934 953 protinus
2971 875 3358 934 contortaberis
3381 913 3398 940 ,
3445 882 3683 925 consona

2086 977 2329 1031 oratione
2380 977 2507 1031 dum
2556 974 2926 1044 gemebundus
2971 967 3356 1026 exclamaveris
3397 980 3412 1017 :
3455 961 3577 1015 Non
3625 961 3682 1012 iu

2088 1066 2420 1122 multitudine
2442 1077 2511 1122 est
2533 1067 2778 1137 fortitudo
2801 1075 2912 1131 tua,
2943 1078 3102 1130 neque
3126 1062 3281 1114 virtus
3307 1069 3394 1110 tua
3421 1056 3474 1108 in
3497 1063 3682 1123 poten-

2089 1161 2311 1226 tatibus;
2340 1162 2432 1214 sed
2460 1159 2734 1214 humilium
2766 1157 2994 1230 (Judith.
3027 1171 3105 1220 lx,
3136 1153 3224 1218 16)
3256 1165 3316 1205 es
3346 1148 3507 1212 Deus,
3538 1145 3683 1200 indi—

2088 1253 2323 1320 gentium
2363 1252 2662 1316 auxiliator,
2707 1251 3041 1304 inlirmorum
3082 1244 3400 1314 opitulator.
3452 1238 3508 1294 Si
3544 1252 3687 1293 eon—

2095 1343 2276 1396 cordia
2323 1343 2553 1396 militum
2601 1342 2897 1410 qumritur,
2949 1331 3616 1400 recordaberisseriptum
3665 1347 3678 1378 :

2053 1423 2062 1432 ’
2090 1432 2301 1486 Domini
2333 1442 2402 1486 est
2443 1450 2545 1502 pax
2593 1431 2793 1503 (Judic.
2823 1447 2897 1495 vl,
2931 1430 3050 1498 24).
3099 1427 3156 1483 Si
3187 1423 3512 1485 obedientia,
3546 1432 3684 1473 voce

2090 1524 2282 1593 psalmi
2309 1523 2542 1578 Domino
2561 1523 2672 1578 Deo
2701 1535 2790 1578 tuo
2816 1520 3059 1576 cantabis
3093 1537 3105 1572 :
3143 1517 3341 1588 Eripies
3366 1531 3442 1566 me
3465 1512 3530 1565 de
3557 1527 3684 1563 con-

2092 1615 2478 1668 tradictionibus
2507 1615 2685 1683 pepuli
2726 1612 2844 1680 (Ps.
2876 1628 3012 1676 xvtt,
3037 1609 3165 1679 lt4);
3208 1607 3310 1661 sub
3335 1603 3551 1660 nomine
3579 1615 3681 1652 au-

2093 1718 2201 1760 tent
2253 1707 2436 1774 populi
2482 1707 2644 1760 etiam
2695 1703 2978 1758 multitudo
3017 1701 3241 1755 militum
3293 1712 3399 1751 non
3449 1690 3682 1748 absurde

2093 1798 2451 1866 intelligitur:
2479 1798 2709 1852 maxime
2741 1796 2862 1866 quia
2891 1797 2943 1849 in
2979 1791 3280 1860 huiusmodi
3312 1787 3506 1858 populo
3534 1797 3682 1850 sape

2019 1890 2065 1948 B
2094 1890 2327 1946 abundat
2373 1890 2728 1946 contradictio
2752 1931 2767 1955 ,
2808 1889 3096 1944 severitate
3139 1883 3371 1940 naturali
3402 1881 3684 1937 materiam

2097 1983 2449 2039 seditionibus
2486 1984 2843 2040 ministrante.
2890 1981 3193 2037 Periculosa
3224 1986 3306 2034 est
3333 1985 3510 2030 autem
3539 1973 3683 2028 mili-

2095 2085 2203 2130 tum
2243 2077 2629 2140 contradictio;
2675 2075 2914 2132 emdibus
2960 2075 3101 2128 enim
3151 2071 3458 2140 rapinisque
3504 2067 3684 2121 vicina

2093 2176 2174 2220 est
2207 2183 2222 2222 :
2254 2177 2309 2221 et
2345 2167 2515 2222 dulcis
2559 2166 2859 2222 obedientia
2891 2207 2907 2232 ,
2937 2165 3064 2219 duttt
3097 2164 3312 2217 monitis
3351 2157 3684 2215 solutaribus

2093 2257 2472 2325 sapientissimi
2499 2257 2649 2313 ducis
2675 2258 2902 2311 libenter
2927 2257 3278 2322 obtemperat.
3309 2251 3413 2306 Nec
3441 2247 3684 2304 dubitari

2095 2347 2306 2417 penitus
2333 2358 2548 2418 oportet
2578 2349 2630 2403 in
2655 2349 2861 2402 actibus
2887 2343 3207 2401 militaribus
3237 2356 3479 2410 superna:
3511 2338 3681 2392 virtu-

2096 2441 2163 2495 tis
2192 2440 2390 2495 auxilio
2420 2440 2582 2495 duces
2621 2438 2937 2494 fortissimos
2975 2435 3215 2503 indigere
3234 2473 3250 2499 ,
3280 2433 3545 2488 clamante
3575 2428 3682 2481 Da-

2095 2533 2202 2598 vid,
2224 2543 2279 2588 et
2299 2532 2449 2602 quasi
2480 2532 2533 2586 in
2562 2531 2822 2586 concione
2846 2527 3058 2599 generis
3081 2525 3300 2580 humani
3322 2521 3681 2591 respondente

2094 2625 2172 2678 eis
2195 2624 2284 2693 qui
2315 2622 2595 2678 confidunt
2628 2623 2678 2677 in
2711 2621 2907 2676 virtute
2933 2634 3026 2675 sua
3053 2636 3065 2670 :
3096 2616 3399 2671 Benedictus
3430 2615 3680 2667 Dominus

2096 2713 2231 2768 Deus
2269 2731 2410 2768 meus
2436 2755 2451 2779 ,
2491 2714 2580 2782 qui
2621 2713 2762 2766 docet
2810 2726 2993 2764 manus
3031 2725 3168 2763 meas
3207 2709 3273 2761 ad
3314 2707 3544 2775 praelium
3572 2748 3587 2771 ,
3632 2713 3680 2758 et

2094 2805 2286 2875 digitos
2311 2821 2448 2858 meos
2477 2805 2544 2858 ad
2577 2804 2786 2858 bellum.
2820 2799 3172 2856 Misericordia
3195 2815 3326 2862 mea,
3348 2808 3396 2852 et
3424 2798 3678 2868 refugiunt

2093 2913 2280 2960 nteum,
2299 2906 2563 2963 susceptor
2579 2912 2738 2959 meus,
2757 2905 2803 2948 et
2820 2892 3064 2947 liberator
3087 2907 3248 2959 meus,
3262 2889 3348 2956 qui
3368 2891 3539 2944 subdit
3585 2905 3679 2956 po-

2092 2988 2240 3058 pulos
2264 2987 2356 3041 sub
2377 3003 2456 3040 me
2475 2985 2590 3056 (Ps.
2607 2984 2942 3053 CXLttt.l,?.).
2967 2984 3077 3039 lioe
3091 2981 3626 3053 quippeintelligens,
3651 2995 3679 3032 ει

2097 3079 2322 3133 Domino
2351 3079 2445 3133 tibi
2475 3078 2702 3148 populos
2727 3076 2938 3147 subjici,
2962 3077 3286 3131 voluntatem
3316 3072 3528 3127 Domini
3558 3087 3679 3141 pro-

2091 3172 2178 3226 cul
2217 3170 2380 3244 dubio
2424 3170 2600 3226 facere
2641 3168 2952 3240 properabis
2978 3211 2992 3234 ,
3031 3177 3087 3223 et
3125 3183 3229 3222 non
3261 3174 3527 3236 potestate
3564 3164 3678 3217 sols

2010 3275 2055 3337 ρ
2101 3263 2328 3317 terrebis
2368 3261 2638 3325 subditos;
2688 3259 2782 3315 sed
2834 3257 3114 3329 tranquilla
3154 3257 3377 3312 consilia
3415 3255 3678 3325 prmbebis

2085 3355 2480 3424 obedientibus,
2505 3354 2640 3410 dans
2671 3368 2890 3422 operam
2922 3352 3044 3408 talis
3067 3365 3207 3415 esse,
3229 3349 3416 3421 quales
3438 3348 3519 3402 vis
3542 3347 3677 3402 alios

2088 3462 2350 3503 invenire.

2224 3571 2446 3622 Βεεωκιι
2471 3583 2679 3620 nacus.
2713 3569 2824 3622 Vita
2847 3575 2930 3618 tua
2951 3564 3013 3618 sit
3035 3565 3243 3617 militum
3263 3560 3530 3626 speculum.

2153 3681 2204 3735 5.
2248 3678 2491 3734 Secunda
2523 3678 2720 3747 quippe
2749 3675 2930 3745 regula
2964 3683 3049 3729 est
3079 3670 3394 3728 innocentiae
3427 3670 3672 3723 militari-

2084 3773 2182 3827 bus
2212 3771 2419 3826 actibus
2449 3780 2732 3840 oecupato,
2766 3780 2821 3823 ut
2850 3768 2998 3837 quasi
3030 3768 3082 3820 in
3113 3764 3354 3834 speculo,
3387 3762 3465 3817 sic
3496 3762 3549 3816 in
3579 3763 3673 3815 illo

2082 3867 2275 3922 milites
2320 3865 2535 3920 videant
2583 3862 2708 3932 quid
2753 3877 2911 3936 agere
2950 3859 3214 3923 debeant;
3264 3866 3318 3911 et
3361 3857 3531 3924 magis
3580 3867 3674 3909 eos

2081 3959 2307 4014 imitatio
2328 3957 2393 4012 ad
2418 3957 2613 4011 bonum
2639 3964 2913 4024 provocet,
2932 3967 3087 4022 quam
3113 3959 3368 4020 poteStas.
3391 3946 3506 4002 Dux
3527 3947 3671 4000 enim

2079 4053 2294 4120 sapiens
2324 4051 2451 4105 illuc
2479 4049 2640 4103 debet
2667 4048 2775 4110 ire,
2817 4060 2923 4115 quo
2953 4045 3103 4114 cupit
3142 4043 3347 4097 docere
3377 4039 3631 4094 subdios
3659 4057 3674 4102 ;

2080 4146 2200 4200 ideo
2222 4145 2366 4198 enim
2395 4142 2591 4196 dicitur
2620 4141 2750 4206 dux,
2777 4139 2899 4208 quia
2933 4137 3114 4200 ducit;
3141 4144 3196 4190 et
3219 4135 3457 4203 seipsutn
3486 4133 3678 4202 utique

2077 4236 2321 4296 seducit,
2360 4233 2404 4287 si
2435 4247 2528 4301 per
2555 4232 2694 4285 viam
2736 4230 2934 4297 regiam
2985 4236 3135 4295 putat
3183 4239 3337 4293 posse
3367 4223 3674 4287 ambulare,

2077 4342 2215 4396 quos
2246 4325 2310 4379 ad
2353 4324 2559 4378 foveam
2603 4321 2758 4376 mala:
2793 4320 2936 4384 vita’,
2973 4319 3169 4372 malum
3197 4315 3500 4384 exemplum
3535 4330 3678 4383 pra:-

2080 4419 2252 4473 bendo
2278 4417 2542 4485 perducit.
2574 4416 2652 4469 'fu
2681 4423 2797 4469 esto
2822 4429 2949 4483 ergo
2973 4409 3196 4480 signifer
3223 4408 3523 4477 disciplinae
3549 4425 3675 4463 sano

2078 4510 2366 4570 orissitum;
2404 4518 2456 4561 tu
2485 4506 2631 4573 erige
2678 4516 2933 4573 tropmum
2963 4501 3175 4559 virtutis
3195 4540 3209 4565 ,
3238 4498 3554 4553 intuendum
3583 4497 3674 4569 ju-

2077 4601 2211 4669 giter
2243 4599 2483 4664 (ωιτη-ἰῇ
2533 4606 2587 4650 ιιι
2622 4596 2908 4650 imitandus
2933 4608 3130 4662 appare
3156 4633 3172 4657 ,
3213 4592 3410 4662 quique
3435 4601 3491 4643 te
3517 4591 3673 4644 audit

1999 4660 2050 4718 D
2077 4691 2471 4758 praeripientent
2500 4730 2515 4752 ,
2564 4704 2669 4743 non
2714 4698 2767 4741 te
2805 4687 3090 4753 redarguat
3128 4683 3282 4737 aliter
3324 4691 3668 4750 operantem.

2075 4783 2222 4837 Pone
2253 4797 2465 4850 semper
2492 4781 2541 4834 in
2571 4779 2735 4834 corde
2765 4787 2855 4833 tuo
2897 4789 3178 4830 sermones
3208 4774 3449 4842 Aposmli
3481 4773 3667 4828 dicen-

2038 4909 2047 4918 .
2075 4873 2140 4926 tis
2181 4890 2195 4929 :
2230 4869 2603 4925 Inexcusabilis
2636 4887 2686 4923 es
2712 4910 2726 4933 ,
2757 4885 2787 4922 θ
2819 4870 2968 4921 homo
3011 4866 3175 4920 onmis
3207 4866 3294 4935 qui
3312 4863 3568 4934 judicas;
3615 4865 3670 4917 in

2072 4981 2168 5032 quo
2200 4964 2335 5017 enim
2366 4963 2524 5016 alium
2548 4963 2759 5034 judice:
2782 5001 2797 5026 ,
2833 4969 2880 5013 te
2906 4962 3070 5029 ipsum
3097 4957 3446 5019 condemnas;
3487 4960 3667 5010 eadem

2065 5061 2205 5112 enim
2230 5060 2338 5129 agis
2365 5058 2702 5129 queejudicas
2747 5055 2925 5127 (Rom.
2951 5070 3010 5121 tt,
3038 5052 3114 5124 i).
3148 5053 3214 5108 Et
3234 5067 3352 5122 qua:
3373 5051 3663 5121 culpabilia

2070 5150 2409 5218 pronuntias,
2435 5149 2605 5202 vitare
2637 5147 2782 5214 prius
2810 5144 3073 5206 studebis,
3107 5152 3288 5210 postea
3321 5142 3660 5196 condemna-

2069 5259 2125 5298 re
2157 5260 2173 5300 :
2202 5258 2534 5312 quaecunque
2573 5223 2874 5298 laudabilia,
2906 5238 3116 5305 operari
3163 5237 3325 5307 prius,
3358 5246 3547 5307 postea
3577 5237 3656 5305 ju-

2066 5342 2213 5392 bere.
2260 5336 2376 5389 V’ita
2423 5335 2617 5404 quippe
2648 5333 2833 5401 optinti
2869 5331 3038 5394 ducis,
3069 5327 3289 5397 Speculo
3318 5339 3655 5398 comparata,

2063 5430 2199 5481 bene
2232 5426 2530 5494 inspicitur,
2557 5427 2598 5478 si
2635 5426 2807 5478 luceat
2838 5423 2889 5475 itt
2919 5439 3003 5486 ea,
3031 5437 3138 5475 non
3171 5420 3422 5473 simulato
3451 5419 3654 5483 colore,

2061 5520 2154 5572 sed
2189 5519 2467 5572 verissima
2499 5530 2716 5586 prorsus
2745 5513 3072 5578 ostensione,
3108 5512 3262 5576 fides,
3292 5510 3519 5580 iustitia.
3551 5511 3652 5563 mi-

2056 5611 2374 5671 sericordia,
2404 5609 2655 5676 patientia
2679 5649 2693 5672 ,
2733 5606 3084 5668 continentia,
3115 5613 3167 5658 et
3197 5619 3302 5656 non
3335 5603 3651 5672 imprudens

2058 5705 2340 5758 tt‘SlitllaliO
2383 5703 2705 5756 futurorttm.
2770 5699 2968 5753 Fidelis
3025 5697 3128 5750 dux
3170 5696 3318 5758 eris,
3363 5694 3408 5746 si
3443 5695 3648 5760 judicio

2057 5789 2398 5864 sapientium,
2433 5811 2537 5848 ttott
2568 5790 2908 5847 sermonibus
2937 5789 3295 5854 adulatorum,
3323 5786 3568 5854 probetis
3593 5794 3646 5837 et

2059 5887 2405 5955 cognosceris
2431 5895 2575 5944 recte
2603 5885 2848 5949 credere,
2868 5880 3130 5937 neminem
3156 5878 3360 5942 fallere,
3381 5879 3640 5946 promissa
