3958 6358
260 363 367 424 9:3

1460 367 1814 421 EPi‘s'l‘ULrﬂ
1857 367 1940 420 ΕΤ
1982 368 2360 423 ()l'U:3Cl}L.\.

3439 373 3545 428 εδ»

263 482 537 552 perlicere.
587 481 771 536 Justus
798 489 974 535 autem
1015 481 1119 535 dux
1153 481 1258 534 eris
1280 523 1293 546 ,
1327 482 1367 535 si
1402 483 1605 551 judicio
1636 485 1850 550 sapien-
1879 485 1930 541 Α
1961 480 2193 535 Contenti
2227 493 2380 535 estote
2413 483 2680 550 inpendiis
2710 485 2906 538 restria.
2955 485 3100 540 Beati
3133 495 3289 573 er.unt
3321 482 3547 540 milites.

260 575 394 631 tium
425 618 438 637 ,
473 591 578 628 non
612 575 953 629 sermonibus
990 575 1327 628 adulatorum
1355 618 1368 639 ,
1402 577 1649 645 probcris
1684 586 1734 628 et
1765 591 1856 628 co-

260 666 539 735 gnoscaris
572 675 978 733 perseverantes
1019 666 1070 719 in
1111 668 1308 720 malitia
1344 668 1555 734 punire.
1588 667 1742 722 bonis
1775 667 1853 721 fa-

262 771 409 820 vere,
433 756 766 823 singulorum
791 756 982 810 merita
1006 755 1337 820 discernere,
1362 756 1586 810 reddere
1606 757 1857 816 omnibus

261 849 463 904 debita.
515 849 818 904 Misericors
856 851 960 903 dux
1003 854 1143 915 eris,
1190 853 1233 903 si
1269 851 1472 919 judicio
1511 853 1850 921 Sapientium,

264 960 371 998 non
403 944 743 998 sermonibus
771 944 1128 1011 adulatorum,
1162 946 1401 1012 pt'obcris
1433 957 1486 999 et
1515 947 1856 1014 cognoscat-is

263 1041 485 1109 diligere
513 1053 797 1108 pauperes,
829 1038 1134 1108 gubernare
1164 1039 1456 1105 subjectos,
1495 1038 1855 1108 indigentibus

262 1133 610 1196 ministrare,
665 1131 1061 1200 postulantibus
1100 1147 1310 1186 veniam
1364 1133 1657 1187 clementer
1706 1133 1856 1201 igno-

261 1239 458 1291 scere,
511 1224 709 1279 docere
758 1224 1075 1293 insipientes
1122 1225 1461 1293 sapientiam,
1511 1240 1764 1280 revocare
1805 1226 1854 1277 in

264 1319 480 1388 flagitiis
526 1317 863 1372 ambulantes
898 1333 926 1370 a
968 1318 1047 1371 via
1089 1333 1184 1372 sua
1224 1321 1358 1372 mala
1386 1359 1401 1384 ,
1454 1320 1619 1374 Deum
1670 1335 1857 1386 rogare

265 1423 362 1476 pro
392 1406 647 1471 inimicis,
688 1408 974 1476 pacilicare
1003 1408 1300 1463 discordes.
1339 1409 1555 1462 Patiens
1583 1410 1691 1462 dux
1725 1412 1852 1473 eris,

262 1501 305 1553 si
327 1497 529 1568 judicio
562 1499 901 1566 sapientium,
939 1514 1042 1553 non
1069 1500 1315 1555 laudibus
1341 1501 1702 1570 adulatorum,
1735 1520 1857 1568 pri--

262 1591 407 1646 beris
436 1600 489 1645 et
519 1592 860 1660 cognoscaris
890 1591 1134 1645 laborare
1165 1607 1264 1660 pro
1289 1593 1603 1648 utilitatibus
1631 1594 1854 1647 aliorum

261 1682 380 1736 sine
405 1681 772 1736 emolumento
798 1682 1123 1751 cupiditatis,
1153 1683 1371 1752 injurias
1396 1685 1500 1753 pati
1531 1699 1630 1739 nec
1653 1686 1853 1752 facere,

263 1791 368 1830 non
403 1774 600 1830 habere
634 1776 926 1830 ulciscendi
969 1776 1243 1831 bbidinem
1273 1818 1286 1843 ,
1329 1787 1471 1832 metu
1518 1778 1856 1832 adversitatis
1891 1794 1906 1808 ο

1963 576 2006 628 si
2039 575 2152 628 haec
2184 583 2442 644 pra:ce.pt:i
2475 576 2813 642 custodiant;
2849 579 3000 631 beata
3033 579 3356 648 reSpublica,
3389 583 3432 635 si
3461 592 3543 636 ta-

1965 666 2042 720 les
2080 669 2338 720 meruerit
2379 666 2575 721 habere
2615 669 2851 735 milites;
2904 671 3090 725 beatus
3129 671 3258 735 dux,
3308 674 3360 726 in
3393 672 3546 743 cujus

1961 758 2202 810 exercitu
2227 757 2356 809 tales
2383 771 2503 810 esse
2529 759 2809 824 Contigerit
2841 759 3096 826 plurimos
3127 778 3140 814 :
3175 774 3540 816 verumtamen

1965 851 2082 918 plus
2109 849 2321 904 beatior
2349 851 2625 918 apparebit
2661 851 2706 903 si
2747 853 2859 917 ipse
2901 852 3057 905 fuerit
3104 854 3241 917 talis,
3277 855 3547 909 neminem

1961 943 2165 998 scilicet
2195 945 2532 1007 concutiens,
2563 943 2694 995 nulli
2722 945 3040 997 calumniam
3075 945 3291 1010 faciens,
3325 958 3549 1001 conten-

1964 1043 2045 1086 tus
2074 1033 2358 1102 stipendiis
2397 1036 2529 1088 suis.
2579 1034 2711 1088 Nam
2760 1036 3001 1103 profecto
3048 1048 3244 1103 quanto
3293 1040 3548 1108 dignitate

1962 1128 2133 1197 major
2162 1128 2368 1193 existit,
2402 1138 2546 1181 tanto
2576 1130 2743 1198 magis
2765 1139 2818 1182 et
2847 1141 3154 1196 concutere,
3180 1140 3232 1185 et
3253 1133 3548 1189 calumnias

1962 1219 2134 1274 facere
2165 1230 2374 1288 potest,
2409 1229 2461 1272 ct
2504 1235 2608 1273 non
2640 1235 2760 1273 esse
2791 1232 3073 1273 Contentus
3105 1223 3382 1287 stipendiis
3415 1226 3545 1280 suis.

1964 1308 2096 1364 llinc
2137 1323 2314 1364 autem
2350 1313 2665 1380 plerumque
2713 1311 2943 1364 maxime
2983 1312 3288 1366 civitatibus
3328 1313 3548 1367 afflictio

1962 1403 2216 1468 nascitur,
2261 1404 2386 1456 hinc
2431 1404 2763 1472 gravissima}
2808 1404 3194 1470 crudelitates,
3240 1406 3363 1460 hinc
3403 1406 3548 1461 mille

1961 1489 2009 1547 at
2027 1494 2164 1547 tibus
2198 1494 2331 1547 lucri
2362 1496 2629 1564 exquisita
2659 1495 2975 1564 compendia
2995 1537 3009 1559 ,
3050 1495 3172 1548 hinc
3202 1497 3458 1551 venalitas
3491 1497 3546 1551 in

1959 1587 2196 1655 judiciis,
2233 1588 2356 1641 hinc
2387 1587 2630 1640 remissio
2663 1588 2712 1640 in
2742 1588 2956 1654 puellis,
2993 1589 3114 1641 hinc
3161 1590 3319 1643 totius
3366 1589 3546 1659 reipu-

1963 1681 2116 1734 blicae
2146 1680 2459 1746 diminutio,
2507 1680 2551 1732 si
2578 1680 2686 1733 dux
2713 1684 2935 1748 cooperit
2967 1696 3069 1735 non
3102 1697 3224 1736 esse
3262 1692 3547 1740 contentus

1959 1772 2242 1840 stipendiis
2269 1777 2400 1836 suis,
2427 1784 2475 1827 et
2498 1788 2657 1841 super
2679 1773 3040 1826 emolumenta
3069 1774 3296 1842 publica,
3324 1776 3547 1843 privatis

263 1870 571 1925 nullatenus
623 1867 795 1938 frangi
823 1908 838 1933 ,
892 1868 1166 1923 desidet-io
1214 1871 1586 1938 prosperitatis
1636 1871 1854 1924 minime
1890 1879 1932 1935 Β
1961 1861 2279 1930 ampliticari
2308 1862 2604 1916 commodis
2631 1861 2884 1930 cupiens,
2921 1863 3166 1915 utilitatis
3200 1872 3402 1916 tantum
3435 1879 3546 1918 SllLB

262 1963 408 2032 rapi,
463 1976 811 2030 perseverare
859 1961 908 2013 in
963 1960 1045 2013 his
1094 1976 1212 2029 qua:
1265 1959 1403 2013 bene
1451 1960 1850 2028 assumpseris;

259 2068 483 2124 sperare
516 2052 937 2107 misericordiam
982 2052 1071 2104 Dei
1099 2096 1113 2119 ,
1157 2051 1367 2106 etiamsi
1425 2051 1694 2105 distulerit
1730 2056 1855 2105 sub-

262 2146 472 2209 venire;
506 2145 638 2198 nihil
665 2145 775 2200 cito
801 2145 919 2198 sine
957 2142 1184 2198 consilio
1221 2142 1428 2207 lacere;
1459 2143 1714 2212 quidquid
1757 2145 1856 2196 im-

259 2245 416 2307 perat
449 2238 717 2305 superior,
751 2236 1072 2292 obedienter
1111 2235 1394 2304 excipere;
1429 2236 1685 2306 quidquid
1719 2252 1856 2303 prac-

260 2327 394 2396 cipis
423 2328 694 2394 inferiori,
725 2329 839 2383 sine
873 2328 1274 2397 perturbatione
1313 2328 1623 2397 disponere.
1669 2327 1854 2382 Conti-

263 2434 400 2474 nens
426 2419 531 2473 dux
561 2420 671 2474 eris
696 2460 712 2487 ,
759 2420 802 2473 si
843 2421 1044 2488 judicio
1083 2420 1430 2489 sapientium,
1474 2436 1580 2474 non
1611 2421 1854 2475 laudibus

261 2511 627 2576 adulatorum,
661 2512 906 2581 proberis
938 2521 994 2566 et
1025 2515 1375 2582 cognoscaris
1407 2527 1494 2567 res
1523 2514 1726 2568 alienas
1756 2527 1854 2566 nee

258 2601 687 2672 concupiscere,
724 2617 824 2657 nec
861 2602 1077 2658 auferte
1112 2604 1237 2658 dum
1280 2606 1491 2672 possis;
1534 2605 1665 2658 nihil
1695 2619 1854 2673 agere

265 2697 550 2764 violenter,
581 2696 717 2750 nihil
765 2696 1150 2763 fraudulenter,
1184 2696 1312 2750 nihil
1356 2698 1472 2751 sine
1507 2697 1687 2764 modo,
1721 2696 1852 2750 nihil

263 2800 483 2857 propter
511 2789 840 2856 voluptatem
868 2829 882 2853 ,
916 2787 1049 2842 nihil
1092 2796 1328 2857 propter.
1355 2788 1633 2841 avaritiam
1659 2830 1671 2850 ,
1721 2788 1853 2842 nihil

263 2880 492 2933 vetitum
520 2878 731 2949 legibus
756 2887 849 2932 aut
875 2877 1248 2932 consuetudini
1271 2878 1600 2932 contrarium
1622 2878 1853 2932 civitatis

259 2971 346 3025 vel
385 2971 559 3040 gentis
587 3012 600 3032 ,
641 2971 685 3026 si
719 2961 897 3026 tamen
927 2958 1041 3039 ipsa
1079 2970 1415 3026 consuetudo
1460 2985 1560 3026 nec
1607 2970 1853 3041 religioni

257 3072 441 3125 nocet,
471 3078 573 3117 nec
604 3063 760 3117 bonis
790 3062 1028 3117 moribus
1057 3061 1398 3116 adversatur.
1447 3061 1695 3131 Alioquin
1723 3077 1854 3116 con-

255 3154 490 3211 suetudo
516 3155 656 3208 mala
681 3155 822 3209 sicut
850 3154 1071 3209 morbus
1098 3155 1368 3223 antiquus,
1403 3154 1503 3208 nisi
1530 3153 1844 3222 erpellatur,

1959 1972 2140 2010 curam
2165 1965 2316 2024 gerat
2341 1999 2355 2022 ,
2399 1957 2626 2010 salutem
2661 1970 2785 2009 vero
2830 1955 2910 2009 vel
2942 1957 3281 2010 securitatem
3316 1956 3546 2027 negligat

1959 2048 2316 2101 subditorum.
2364 2046 2509 2100 Talis
2540 2047 2646 2099 dux
2677 2062 2784 2099 non
2818 2057 2900 2100 est
2929 2048 3071 2100 circa
3101 2048 3545 2116 thualcs-mode-

1958 2156 2074 2200 stus
2104 2145 2302 2213 pariter
2332 2154 2385 2199 et
2415 2147 2623 2211 suavis,
2655 2145 2751 2199 sed
2785 2146 3050 2216 litigiosus
3079 2157 3135 2202 et
3171 2164 3394 2212 avarus;
3440 2167 3545 2205 non

1958 2249 2038 2292 est
2069 2240 2209 2292 circa
2242 2238 2525 2293 inferiores
2566 2248 2896 2301 mansuetus,
2929 2242 3228 2298 communis
3268 2252 3320 2296 et
3351 2241 3541 2307 facilis,

1957 2329 2051 2382 scd
2083 2331 2316 2383 crudelis
2344 2372 2356 2393 ,
2400 2345 2748 2399 personarum
2777 2342 3026 2400 acceptor
3054 2343 3105 2386 et
3133 2332 3390 2388 difticiiis.
3423 2335 3544 2395 Sub

1957 2424 2066 2478 isto
2098 2422 2381 2491 disciplina
2412 2423 2638 2477 militum
2684 2421 2793 2476 cito
2843 2423 3236 2490 deterioratur;
3286 2427 3370 2479 cui
3401 2427 3543 2480 enim

1958 2514 2364 2580 provincialium
2408 2514 2574 2567 velint
2625 2514 2824 2568 milites
2858 2530 3076 2581 parcere
3100 2556 3114 2579 ,
3154 2531 3286 2586 quos
3331 2519 3398 2572 ab
3428 2519 3543 2587 ipso

1955 2603 2094 2658 duce
2123 2603 2234 2672 pati
2261 2602 2639 2673 eonspcxcrint
2672 2601 2952 2658 fraudem?
2989 2605 3272 2671 Quomodo
3303 2612 3538 2663 contenti

1955 2706 2115 2750 erunt
2136 2696 2414 2763 stipendiis
2453 2697 2587 2762 suis,
2613 2698 2698 2765 qui
2725 2697 3098 2751 ducem'suum
3127 2698 3397 2754 nobilitari
3420 2715 3543 2755 scu-

1957 2789 2094 2842 tiunt
2119 2794 2185 2843 de
2222 2788 2564 2843 facultatibus
2593 2789 2825 2843 alienis?
2853 2790 3040 2845 Nonne
3067 2791 3279 2859 quando
3302 2791 3408 2846 dux
3439 2794 3537 2848 ali~

1956 2894 2113 2949 quem
2151 2878 2414 2945 concutit,
2451 2878 2579 2948 ipsis
2605 2880 2772 2933 utitur
2805 2880 3063 2934 ministris
3097 2884 3162 2935 ad
3199 2883 3541 2938 violentiam?

1955 2971 2170 3039 quando
2206 2968 2365 3024 alicui
2397 2969 2718 3024 calumniam
2766 2970 2914 3037 facit,
2957 2987 3050 3040 per
3089 2973 3233 3042 ipsos
3269 2975 3540 3044 negotium

1955 3063 2158 3118 fraudis
2209 3064 2462 3119 exercet?
2527 3064 2843 3130 Imperando
2918 3081 3047 3135 ergo
3093 3066 3172 3120 eis
3229 3067 3541 3137 frequenter

1954 3151 2311 3222 iniquitatem.
2343 3162 2691 3208 contemnere
2728 3169 2823 3209 cos
2854 3155 3022 3210 elticit
3053 3157 3382 3226 tequitatem.
3419 3159 3541 3214 Vult

257 3248 478 3302 occidit.
512 3247 652 3301 Nihil
679 3261 810 3317 ergo
837 3249 1098 3302 adversus
1127 3247 1591 3310 consuetudinem,
1619 3247 1714 3301 sed
1744 3246 1845 3300 bn-
1874 3243 1919 3309 C
1955 3247 2134 3314 itaque
2161 3244 2266 3299 dux
2290 3245 2506 3313 sapiens
2536 3255 2590 3298 ut
2641 3246 2709 3298 sit
2737 3246 2890 3300 miles
2916 3249 3151 3317 quietus,
3179 3251 3433 3320 paciticus
3484 3262 3542 3309 et

258 3355 408 3406 nam,
433 3355 639 3409 gerere,
666 3339 835 3394 virtus
863 3347 948 3394 est
981 3337 1350 3394 continentia.
1390 3335 1640 3393 Profecto
1668 3344 1846 3393 autem

258 3432 305 3485 si
337 3431 620 3486 continens
650 3429 756 3485 dux
796 3430 905 3484 eris
930 3470 945 3494 ,
987 3429 1153 3485 etiam
1185 3428 1255 3484 de
1281 3428 1474 3484 futuris
1505 3444 1610 3483 non
1638 3428 1846 3498 impru-

257 3527 396 3578 dens
435 3522 722 3578 invenieris
775 3521 1134 3590 existimator,
1185 3522 1299 3576 sive
1350 3521 1616 3590 vigilando
1665 3530 1848 3575 contra

257 3614 482 3670 insidias
537 3614 1008 3680 adversariorum,
1057 3614 1174 3669 sive
1223 3612 1441 3668 sciendo
1497 3613 1589 3681 qui
1641 3613 1849 3667 soleant

256 3717 493 3766 eventus
523 3708 685 3763 rebus
713 3705 936 3776 singulis
963 3705 1232 3776 deputari,
1266 3706 1406 3761 unde
1437 3703 1680 3760 oriantur
1704 3703 1850 3759 sedi-

255 3803 469 3867 tiones,
499 3801 641 3856 unde
683 3815 822 3856 nova
853 3801 994 3855 bella
1019 3810 1353 3865 nascantur,
1386 3801 1526 3852 unde
1565 3797 1851 3853 dissolutio

255 3894 592 3960 severitatis,
619 3894 760 3948 unde
783 3893 1092 3962 rapinarum
1116 3892 1373 3947 damnosa
1396 3890 1632 3955 licentia,
1659 3901 1716 3945 ut
1737 3889 1851 3945 ha-c

257 3986 443 4040 omnia
475 3987 525 4039 in
556 3987 667 4039 suis
706 3992 975 4054 amputata
1022 3983 1294 4038 radicibus
1321 3982 1426 4037 iter
1452 3981 1852 4052 sapientissimo

257 4081 384 4135 duci
414 4079 758 4149 quietissime
789 4077 1157 4147 dispositionis
1190 4076 1448 4146 aperiant.

336 4192 389 4246 6.
440 4193 717 4249 Audienda
757 4202 884 4246 sunt
910 4193 1072 4246 etiam
1103 4191 1326 4246 Joannis
1361 4191 1613 4259 Baptistae
1647 4189 1851 4244 ﬁdelis-

260 4285 401 4340 sima
445 4286 647 4338 monita
676 4329 689 4352 ,
734 4297 854 4352 qua;
895 4281 1092 4336 milites
1133 4281 1455 4344 audierunt,
1507 4279 1722 4348 quando
1773 4279 1854 4332 eis

258 4376 715 4447 interrogantibus
743 4393 754 4428 :
785 4374 920 4442 Quid
949 4373 1205 4427 faciemus
1237 4382 1289 4426 ct
1315 4371 1448 4425 nos?
1477 4385 1580 4425 non
1610 4371 1681 4424 ait
1708 4385 1723 4422 :
1755 4369 1850 4432 lte,

258 4484 409 4523 arma
439 4469 712 4536 deponite,
743 4467 1008 4522 bellorum
1040 4465 1205 4533 fugite
1233 4463 1545 4527 certamina,
1577 4460 1706 4514 solis
1733 4476 1854 4513 ora-

258 4563 496 4619 tionibus
528 4570 798 4626 vacantes,
828 4559 1170 4628 imperatoris
1197 4564 1458 4624 praecepta
1485 4552 1813 4608 contemnite
1831 4594 1845 4617 ,

256 4656 362 4712 sed
408 4657 510 4710 alia
560 4656 804 4726 quaedam
858 4652 1136 4723 proposuit
1185 4647 1564 4709 observanda,
1612 4645 1846 4700 dicens:

260 4752 538 4806 Neminem
568 4751 867 4806 concutiatis
891 4795 906 4820 ,
948 4749 1081 4803 nulli
1110 4749 1415 4802 calumniam
1449 4745 1651 4815 faciatis
1677 4784 1690 4808 ,
1723 4759 1850 4796 con-

259 4842 386 4897 tenti
417 4851 573 4896 estote
601 4842 871 4911 stipendiis
900 4840 1076 4896 vestris
1109 4839 1260 4908 (Lac.
1294 4853 1370 4900 ut,
1400 4837 1512 4908 14).
1553 4837 1854 4889 Coneutere

260 4950 394 4990 vero
422 4944 506 4990 est
535 4949 719 5005 aperte
750 4933 924 4990 facere
951 4933 1286 4993 violentiam,
1319 4927 1660 4992 calumniari,
1693 4940 1853 4980 occa-

257 5028 473 5082 sionem
508 5026 735 5081 nocendi
785 5026 1080 5095 requirere.
1127 5022 1392 5092 Quoniam
1439 5022 1528 5090 qui
1575 5018 1856 5088 stipendiis

256 5117 380 5174 suis
427 5117 656 5172 noluerit
703 5133 824 5173 esse
873 5127 1190 5178 contentus,
1236 5124 1326 5170 aut.
1369 5113 1515 5168 frena
1559 5112 1854 5180 disciplina:

258 5210 428 5266 simul
480 5210 790 5280 disrumpit,
834 5220 924 5264 aut
971 5210 1275 5264 temerariis
1321 5207 1632 5263 excessibus
1681 5207 1854 5260 alena

255 5301 450 5371 diripit
505 5303 602 5373 (et
648 5304 750 5358 hoc
801 5301 1092 5372 prohibens
1141 5310 1356 5354 sanctus
1397 5300 1632 5354 .lomnes
1671 5297 1802 5351 dixit
1841 5315 1852 5349 :

258 5393 542 5449 Neminem
572 5393 976 5462 concusseritis),
1020 5403 1106 5446 aut
1136 5393 1350 5461 requirit
1381 5406 1569 5445 causas
1599 5389 1854 5444 ochnsio-

257 5487 354 5542 nis
381 5497 440 5539 ut
467 5484 570 5542 sub
595 5487 776 5558 aliquo
807 5486 1025 5557 justitite
1070 5486 1248 5539 colore
1291 5493 1490 5539 terreat
1519 5483 1852 5544 innocentes,

255 5585 429 5645 atque
455 5577 692 5631 avaritiae
724 5593 835 5632 sua:
859 5619 873 5640 ,
906 5577 992 5630 vel
1025 5578 1199 5645 potius
1239 5574 1518 5644 rapacitati
1552 5574 1863 5630 satisfacere

254 5676 426 5738 cogat
445 5668 682 5736 invitos;
708 5670 848 5740 quod
875 5670 1168 5739 prohibens
1192 5677 1406 5721 sanctus
1430 5667 1664 5722 Joannes
1688 5663 1819 5718 dixit
1847 5680 1857 5691 ”

262 5757 425 5815 Nulli
456 5761 768 5816 calumniam
809 5763 1054 5832 feceritis.
1103 5761 1170 5815 Ει
1212 5769 1416 5814 retttota
1452 5761 1606 5832 hujus
1637 5757 1865 5825 duplicis

257 5850 489 5909 malitia
512 5854 884 5926 perversitate,
908 5853 1032 5925 quid
1057 5851 1385 5922 sequendum
1417 5856 1605 5915 luisset
1629 5849 1821 5922 adjecit
1847 5867 1857 5901 :

1951 3336 2238 3391 subditas?
2274 3336 2343 3389 sit
2369 3337 2484 3404 ipse
2506 3335 2705 3404 justus,
2740 3337 3068 3404 misericors,
3099 3350 3450 3412 temperatus,
3486 3353 3540 3398 et

1953 3432 2008 3481 in
2039 3441 2134 3482 sua
2158 3425 2623 3482 administratione
2652 3442 2758 3480 non
2792 3442 3028 3495 pricesse
3055 3431 3259 3502 diligat,
3291 3433 3386 3487 sed
3417 3450 3541 3501 pro-

1953 3521 2128 3576 desse.
2174 3521 2417 3576 lmitetur
2458 3522 2611 3576 bonis
2661 3523 2871 3576 aclibus
2927 3524 3272 3593 Samuelem;
3314 3530 3541 3598 lcompa-

1953 3623 2035 3668 ret
2064 3612 2164 3666 sibi
2193 3614 2414 3668 liberam
2459 3612 2708 3668 fiduciam
2748 3616 3067 3670 verecundae
3112 3628 3165 3673 et
3203 3619 3442 3676 honestae
3475 3623 3536 3674 b-

1955 3705 2197 3769 bertatis,
2245 3714 2301 3758 ut
2350 3705 2583 3774 ingenua
2635 3705 2812 3760 fronte
2861 3706 3042 3762 dicere
3072 3708 3247 3764 valeat
3286 3711 3540 3782 subjectis

1953 3799 2080 3866 sibi,
2112 3799 2249 3853 sicut
2278 3797 2415 3852 dixit
2445 3798 2696 3854 Samuel:
2731 3797 2863 3853 Ecce
2887 3800 3068 3853 adsum
3088 3817 3212 3874 ego;
3239 3791 3540 3872 respondete

1956 3909 2135 3954 contra
2162 3915 2241 3953 me
2270 3899 2325 3952 in
2347 3906 2622 3968 conspectu
2655 3897 2886 3966 Domini,
2913 3910 2961 3954 et
2990 3901 3042 3954 in
3067 3910 3337 3984 conspectu
3364 3903 3542 3958 Christi

1949 3997 2095 4067 .ejus;
2155 3995 2198 4049 si
2245 3995 2463 4048 vitulum
2517 3994 2737 4063 alicujus
2786 3993 2904 4060 tuli,
2953 4000 3042 4044 aut
3077 3993 3280 4046 asinum
3320 3992 3544 4064 alicujus

1957 4090 2072 4154 tuli,
2103 4097 2192 4140 aut
2221 4088 2378 4141 alicui
2417 4098 2632 4140 vestrum
2675 4101 2766 4154 per
2806 4083 3085 4155 potentiam
3126 4086 3300 4152 nocui,
3333 4094 3420 4138 aut
3448 4087 3544 4138 ali-

1956 4199 2102 4252 quem
2131 4182 2386 4252 Oppressi,
2417 4195 2503 4234 aut
2525 4183 2587 4233 de
2619 4195 2774 4233 manu
2799 4177 3020 4250 alicujus
3045 4177 3219 4246 accepi
3248 4193 3341 4246 pro
3368 4195 3545 4232 exora-

1958 4280 2092 4332 tione
2123 4279 2198 4330 vel
2245 4277 2658 4329 calciamentum.
2701 4271 3025 4341 Respondete
3064 4272 3334 4328 adversum
3359 4288 3456 4334 me,
3499 4283 3545 4326 et

1957 4372 2172 4426 reddam
2222 4371 2359 4423 vobis
2398 4367 2450 4440 (1
2502 4369 2630 4436 Reg.
2679 4382 2776 4432 xu,
2814 4366 2870 4431 ἐξ,
2902 4365 2979 4435 3).
3037 4365 3101 4419 Et
3159 4365 3544 4433 respondeatur

1957 4465 2115 4519 etiam
2147 4463 2193 4516 ei
2217 4461 2359 4531 quod
2392 4462 2644 4515 dixerunt
2673 4461 2739 4512 ad
2770 4458 2991 4512 Samuel
3024 4475 3035 4509 :
3070 4455 3280 4510 Nemini
3311 4466 3543 4509 nostrum

1963 4563 2204 4623 nocuisti,
2259 4576 2349 4612 nec
2388 4575 2478 4628 per
2517 4560 2792 4629 potentiam
2838 4557 3059 4622 aliquem
3098 4554 3416 4624 oppressisti,
3455 4569 3546 4607 nec

1957 4653 2251 4725 confregisti
2283 4667 2395 4714 nos,
2429 4665 2586 4718 neque
2614 4647 2857 4715 accepisti
2885 4645 3080 4710 aliquid
3111 4647 3174 4698 de
3197 4646 3432 4698 manibus
3452 4661 3544 4698 no-

1958 4751 2079 4803 stris
2113 4746 2302 4816 (1ὑὶά.,
2331 4744 2412 4813 4).
2442 4745 2486 4798 0
2531 4758 2690 4813 quam
2727 4742 2999 4811 gloriosus
3040 4739 3147 4794 dux
3174 4739 3279 4794 erit
3311 4747 3442 4795 ante
3471 4739 3545 4794 fa~

1957 4842 2095 4896 ciem
2126 4838 2404 4909 principis,
2433 4837 2522 4907 qui
2555 4837 2654 4890 ista
2691 4835 2878 4890 audire
2908 4832 3202 4888 meruerit!
3236 4834 3545 4903 tnagnilican

1962 4935 2094 4989 bunt
2140 4948 2260 4987 eum
2303 4945 2578 5000 proceres,
2619 4927 2941 4984 benedicent
2995 4926 3246 4992 humiles,
3294 4937 3545 4995 sequetur

1961 5028 2109 5082 illum
2138 5025 2274 5079 fama
2305 5023 2507 5078 divitiis
2529 5021 2784 5077 omnibus
2815 5018 3027 5074 melior.
3064 5016 3287 5071 Dabitur
3314 5017 3384 5082 ei,
3409 5017 3545 5073 sicut

1964 5120 2220 5188 scriptum
2262 5126 2366 5181 est,
2399 5117 2519 5184 fidei
2558 5115 2747 5168 donum
2773 5113 3007 5180 electum,
3040 5123 3088 5166 et
3113 5128 3223 5165 sors
3264 5111 3320 5166 in
3357 5113 3545 5179 templo

1966 5209 2062 5264 Dei
2110 5209 2383 5278 placidior,
2415 5207 2662 5261 bonorum
2701 5206 2935 5258 laborum
2975 5203 3171 5270 fructus
3214 5203 3356 5258 bonae
3394 5206 3546 5273 fauit:

1969 5301 2122 5372 (Sap.
2165 5316 2242 5366 tu,
2281 5299 2392 5370 il).
2426 5300 2493 5354 Et
2521 5300 2566 5352 si
2617 5297 2840 5352 forsitan
2869 5305 3236 5360 removeatur,
3268 5303 3361 5348 aut
3399 5308 3543 5347 rein-

1966 5393 2228 5462 puhlicam
2280 5407 2386 5446 non
2443 5390 2823 5445 administrare
2879 5389 3154 5457 iubeatur,
3206 5386 3446 5440 manebit
3492 5394 3547 5438 et

1967 5484 2299 5552 permanebit
2356 5483 2408 5537 in
2451 5483 2695 5536 omnium
2745 5482 3037 5536 dilectione
3085 5478 3236 5547 quasi
3287 5489 3546 5544 praesens.

1962 5578 2212 5647 Quisquis
2243 5587 2423 5632 autem
2467 5577 2793 5631 successerit
2818 5575 2892 5638 ei,
2927 5587 3032 5626 non
3075 5571 3215 5638 quod
3256 5571 3546 5635 reprehen-

1963 5673 2074 5735 dat,
2103 5668 2198 5724 scd
2220 5669 2364 5738 quod
2400 5667 2626 5724 miretur
2654 5667 2910 5722 inveniet.
2945 5662 2999 5717 Si
3025 5673 3200 5715 tamen
3234 5659 3399 5726 magis
3425 5675 3548 5727 pro-

1962 5765 2124 5818 desse
2171 5760 2382 5832 diligat,
2424 5775 2584 5825 quam
2619 5770 2874 5828 pra:e.~se.
2910 5753 3060 5808 Multi
3103 5755 3245 5807 enim
3287 5761 3547 5825 primunt,

1963 5856 2057 5911 sed
2096 5840 2320 5908 omnino
2352 5849 2508 5921 pauci
2562 5861 2781 5918 prosunt
2827 5845 2904 5900 eis
2938 5844 3146 5912 populis
3175 5843 3368 5910 quibus
3411 5858 3548 5908 prav-
