3958 6358
424 367 530 422 935

1358 365 1724 421 FULGENTH
1765 364 2113 419 FEl’JiAth
2156 362 2430 417 DlACONl
2471 358 2818 414 CMHHAG.

3590 349 3700 403 936

427 488 573 537 sunt.
621 475 872 546 QuiSquis
919 474 1135 545 privatis
1181 474 1473 529 honoribus
1523 476 1710 541 inhiat,
1760 476 2014 544 desprcta
2045 481 2090 534 Α
2121 490 2179 528 se
2210 490 2381 543 neque
2424 472 2493 526 ab
2521 471 2626 524 alio
2652 472 2782 525 sinit
2808 470 3111 538 quempiam
3149 468 3294 524 lzedi.
3327 467 3513 524 Potest
3547 468 3700 537 plane

424 571 654 625 utilitate
690 568 1072 638 subjectorum,
1118 567 1285 635 magis
1319 582 1552 635 praeesse
1599 568 1804 635 appetit
1851 582 2011 634 quant

428 665 704 731 prodesse.
729 662 874 716 Talis
919 669 1095 714 autem
1132 663 1235 713 dux
1266 661 1473 714 inutilis
1501 672 1604 724 est,
1638 671 1689 713 et
1735 661 1961 727 iniustus
1995 675 2008 709 :

428 772 526 810 nec
554 770 739 824 regere
780 762 955 822 potest
994 762 1223 808 stantem
1269 754 1671 823 rempublicam,
1707 767 1805 806 nec
1848 765 2014 820 repa-

430 860 549 900 rare
578 846 896 913 collapsam.

518 958 699 1007 Teum
722 972 923 1007 ιιῑαιτιΑ.
952 959 1060 1006 Non
1086 968 1293 1017 praeesse
1316 965 1529 1018 oppetas,
1558 957 1643 1006 sed
1671 955 1915 1018 prodesse.

502 1063 551 1115 7.
598 1062 776 1115 Tertia
816 1076 943 1130 ergo
985 1072 1068 1115 est
1100 1062 1278 1129 regula
1322 1063 1637 1115 innocentia:
1679 1062 1882 1114 actibus
1914 1062 2013 1113 mi-

426 1152 674 1206 litaribus
711 1160 993 1219 occupato,
1041 1156 1085 1205 si
1135 1154 1255 1206 ideo
1302 1154 1508 1220 prtesis,
1550 1162 1607 1206 ut
1634 1153 1829 1221 prosis.
1879 1153 2011 1206 Pro-

426 1243 587 1298 desse
614 1253 789 1297 autem
824 1242 1113 1310 videberis,
1156 1243 1201 1296 si
1243 1251 1454 1312 tempus
1495 1256 1549 1297 et
1579 1244 1754 1298 locum
1790 1255 1891 1298 tute
1915 1247 2013 1299 ad-

428 1335 834 1389 ministrationis
865 1335 1153 1404 intelligas.
1189 1335 1252 1388 Et
1281 1343 1491 1401 tempus
1520 1336 1733 1405 quidem
1766 1336 2012 1392 conside-

429 1425 608 1487 rabis,
668 1425 794 1477 dum
841 1424 1068 1490 sapienti
1124 1426 1448 1480 discretione
1489 1427 1785 1494 perpendes
1832 1437 2010 1480 utrum

430 1518 706 1585 pacificum
735 1517 823 1582 sit,
849 1530 914 1569 an
945 1517 1261 1571 tumultibus
1284 1517 1486 1570 bellicis
1510 1518 1826 1587 inquietum.
1855 1517 2013 1586 Step0

428 1610 570 1663 enim
594 1609 736 1678 quod
770 1612 819 1661 in
870 1611 1014 1676 pacis
1044 1611 1157 1663 otio
1188 1609 1385 1665 vindex
1413 1610 1698 1677 disciplina
1740 1614 2015 1681 persequi-

430 1714 537 1765 tur,
582 1703 719 1756 inter
750 1703 932 1756 turbas
976 1715 1027 1756 et
1054 1702 1261 1771 gladios
1302 1714 1454 1758 cauta
1503 1704 1696 1759 tolerat
1739 1707 2011 1773 patientia.

429 1792 630 1846 Locum
672 1808 798 1847 vero
843 1802 988 1846 recte
1030 1795 1417 1860 considerabis,
1461 1806 1637 1850 utrum
1690 1797 1886 1852 sterilis
1938 1815 2005 1852 an

432 1883 658 1946 fertilis;
692 1893 867 1936 tttrum
900 1886 1183 1939 nutriendo
1213 1888 1468 1941 exercitui
1492 1887 1789 1953 sufﬁciens,
1819 1904 1885 1942 an
1916 1891 2013 1943 mi-

430 1989 532 2028 nus
557 1974 812 2039 idoneus;
844 1984 1024 2027 utrum
1053 1976 1326 2030 desolatus
1353 1986 1407 2031 et
1452 1979 1703 2044 incultus,
1730 1994 1796 2031 an
1830 1980 2015 2033 incon-

430 2080 621 2119 cussus
658 2077 711 2121 et
732 2068 1018 2135 diligenter
1042 2078 1296 2137 appareat
1335 2081 1605 2127 exaratus.
1630 2076 1847 2140 Quoties
1871 2077 2014 2127 enim

431 2157 769 2223 reparatione
824 2158 1022 2227 indiget
1078 2161 1259 2219 locus.
1316 2161 1403 2215 ubi
1459 2163 1761 2229 gubernare
1820 2166 2016 2218 videris

431 2248 745 2313 exercitum,
793 2252 1189 2304 contemnenda
1217 2262 1342 2305 sunt
1382 2254 1559 2307 omnia
1604 2256 1747 2307 lucra
1792 2256 2015 2323 privata,

432 2341 589 2395 etiam
619 2358 736 2410 quae
759 2344 857 2395 sibi
882 2344 1211 2397 consuetudo
1232 2342 1343 2413 jam
1368 2345 1536 2399 libere
1564 2348 1822 2410 vtndieat;
1850 2357 1904 2402 et
1930 2363 2018 2402 se-

433 2434 674 2487 veritatis
704 2437 861 2503 paulo
889 2436 1112 2505 rigidior
1143 2440 1487 2507 temperanda
1520 2455 1770 2495 censura.
1813 2442 2018 2497 Prarter

434 2524 554 2580 haec
578 2541 791 2596 quoque
811 2527 1018 2583 duobus
1049 2528 1221 2584 modis
1248 2531 1501 2598 prodesse
1534 2532 1817 2599 videberis,
1849 2535 1892 2589 si
1926 2549 2019 2589 ne-

436 2620 639 2675 minem
671 2620 858 2686 laedas,
894 2631 950 2676 et
976 2622 1096 2676 illos
1124 2624 1216 2693 qui
1259 2625 1435 2679 solent
1491 2636 1581 2679 aut
1614 2627 1796 2681 volunt
1828 2628 2021 2685 hedera

438 2709 727 2779 prohibeas
749 2722 1005 2778 quantum
1041 2728 1213 2780 pones,
1246 2713 1353 2768 imo
1380 2726 1634 2785 quantum
1664 2732 1819 2785 pos~e
1850 2718 2021 2772 dona-

435 2804 574 2858 verit
612 2803 876 2859 Christus.
919 2806 1070 2860 Tunc
1101 2818 1277 2861 autem
1311 2807 1417 2861 dus
1468 2811 1703 2879 Optimus
1753 2812 2021 2866 neminem

435 2897 617 2963 laedet,
649 2897 691 2951 si
722 2898 773 2951 in
814 2898 960 2951 omni
993 2901 1245 2966 przel0rio
1292 2900 1432 2955 illius
1461 2917 1565 2956 non
1596 2903 1792 2957 audeat
1829 2903 2023 2973 aliquis

439 2987 666 3051 amicus,
696 2986 883 3048 cliens.
916 2986 1176 3052 medicus,
1205 2989 1461 3058 armiger,
1494 3003 1583 3045 aut
1610 3003 1828 3061 prepter
1858 2993 2023 3047 ofﬁcii

437 3077 632 3148 publici
674 3079 1214 3134 devorimrem‘lateri
1270 3081 1427 3137 ducis
1474 3097 1689 3151 semper
1717 3083 2018 3155 adjunctus,

438 3182 692 3223 concessa
733 3167 990 3223 beneﬁcia
1025 3170 1281 3226 vendere.
1315 3171 1453 3239 Quid
1484 3173 1628 3228 enim
1680 3176 1906 3231 miseros
1936 3176 2022 3246 ju-

2118 582 2211 635 per
2237 567 2373 620 hanc
2400 565 2733 634 diiigentiam
2764 564 2844 618 sic
2868 563 3149 630 acquirere
3174 561 3372 617 famam
3400 562 3620 626 bonam,
3647 575 3701 617 ut

2113 661 2274 713 etiam
2308 661 2351 714 si
2381 673 2611 728 persona
2639 657 2883 724 superior
2924 656 3121 709 ltedere
3152 655 3383 708 voluerit
3429 654 3698 717 subditos,

2113 753 2279 805 Hiera
2311 749 2698 803 intercessione
2740 747 3060 811 subveniat;
3100 757 3156 800 et
3184 746 3509 815 parCettdtttn
3551 746 3702 800 facile

2116 842 2456 912 persuadeat,
2485 844 2679 911 quibus
2716 844 2826 907 ipse
2859 840 3031 907 primo
3063 841 3387 909 pepercerit.

2185 936 2237 989 8.
2282 934 2509 989 Pulchre
2543 942 2720 987 autem
2765 947 2863 986 nos
2905 932 2987 985 via
3033 932 3413 999 disputationis
3450 930 3517 985 ad
3558 931 3702 986 hunc

2114 1026 2290 1080 locum
2317 1025 2561 1091 deduxit,
2603 1024 2692 1078 ubi
2716 1022 3079 1078 necessarium
3120 1022 3274 1076 bonis
3301 1022 3529 1076 ducibus
3553 1024 3702 1077 dice-

2114 1133 2316 1181 remus,
2350 1118 2514 1171 etiam
2543 1115 2877 1185 suggerendo
2904 1115 3257 1183 principibus,
3292 1116 3550 1182 prodesse
3580 1116 3702 1169 sub-

2110 1208 2290 1278 jectis.
2339 1207 2596 1261 Novimus
2622 1208 2765 1259 enim
2800 1207 3079 1276 plurimos,
3113 1216 3168 1259 ut
3204 1207 3451 1276 placeant
3475 1207 3698 1275 potiori-

2115 1303 2236 1367 bus,
2274 1302 2454 1353 minus
2509 1301 2795 1353 consulere
2845 1298 3206 1353 inferioribus.
3258 1298 3338 1352 Ex
3372 1313 3561 1354 eorum
3604 1317 3703 1353 nu-

2115 1407 2265 1446 mero
2295 1405 2415 1445 esse
2444 1390 2676 1445 arbitror
2704 1390 2793 1458 qui
2838 1389 3127 1458 provincia:
3166 1390 3257 1445 ubi
3301 1390 3703 1457 administrant,

2118 1482 2465 1552 indigentiam
2496 1481 2617 1536 sive
2643 1480 3021 1535 tribulationes
3049 1479 3298 1545 celando,
3328 1481 3538 1535 salvum
3570 1500 3705 1537 nun-

2120 1576 2253 1628 tiant
2286 1588 2604 1643 permanere
2633 1572 2891 1642 quidquid
2923 1572 3190 1642 aspiciunt
3216 1573 3445 1641 lapsum,
3469 1574 3693 1643 gloriam

2115 1683 2269 1721 suam
2311 1676 2562 1735 putantes
2588 1669 2633 1721 si
2673 1667 3000 1720 mentiantur
3025 1675 3170 1722 stare
3196 1666 3340 1735 quod
3376 1676 3574 1721 norunt
3601 1678 3696 1735 pe-

2123 1762 2299 1815 riisse.
2328 1758 2603 1830 Coguntur
2632 1774 2761 1814 vero
2792 1767 2849 1813 ut
2892 1758 3072 1814 verbis
3118 1759 3378 1827 improbis
3421 1759 3707 1813 tat-eduliu-

2045 1861 2094 1920 Β
2122 1863 2227 1907 tem
2267 1862 2606 1920 comparent,
2657 1850 3014 1920 multiplicare
3050 1851 3367 1905 miserorum
3412 1852 3706 1920 provincia-

2122 1946 2250 1999 lium
2303 1944 2533 2008 damna;
2585 1959 2677 2013 per
2723 1960 2841 2012 qua!
2879 1942 3157 1997 videantur
3201 1944 3353 2009 quasi
3396 1943 3568 2008 lucra,
3608 1944 3706 1998 sed

2120 2034 2335 2088 inimica
2376 2050 2594 2104 prorsus
2650 2034 2998 2103 reipublicae,
3064 2034 3317 2103 piissimis
3368 2035 3705 2104 principibus

2124 2126 2435 2194 providere,
2481 2126 2874 2194 reparationem
2922 2126 3099 2195 potius
3130 2126 3359 2195 regionis
3404 2126 3706 2194 impediet»

2124 2228 2224 2270 tes.
2248 2216 2315 2269 Et
2346 2215 2433 2269 ubi
2454 2231 2718 2284 apparere
2749 2214 2986 2284 gestiunt
3010 2217 3195 2285 utiles,
3230 2216 3301 2271 ibi
3329 2226 3454 2270 sunt
3486 2232 3710 2285 prorsus

2130 2308 2371 2362 inutiles.
2404 2308 2735 2378 lmponendo
2763 2309 2904 2363 enim
2943 2308 3185 2379 graviora
3228 2322 3415 2372 onera,
3463 2320 3709 2363 succum-

2121 2401 2251 2456 bere
2276 2400 2481 2454 faciunt
2524 2400 2751 2470 populos
2788 2400 3065 2469 fatigatos;
3112 2414 3214 2455 nec
3261 2401 3572 2469 relinquunt
3596 2414 3710 2454 suc-

2123 2493 2431 2547 cessoribus
2481 2495 2593 2547 suis
2637 2500 2830 2563 praeter
2859 2494 3032 2547 luctus
3077 2501 3134 2548 et
3178 2494 3462 2564 lacrymas.
3494 2494 3629 2546 Nolo
3659 2502 3711 2548 te

2124 2586 2243 2642 istis
2298 2586 2531 2642 similem
2582 2585 2829 2657 reperiri.
2891 2586 2949 2642 Si
3013 2587 3273 2656 prodesse
3332 2584 3548 2655 diligis,
3603 2601 3710 2640 non

2125 2693 2387 2748 praeesse,
2423 2689 2617 2747 prtesta
2644 2679 2845 2747 aliquid
2873 2678 3088 2748 dignum
3132 2679 3414 2746 memoria,
3454 2679 3601 2747 quod
3631 2692 3711 2733 re-

2124 2770 2376 2826 cordetur
2405 2772 2712 2840 posteritas,
2758 2782 2809 2826 et
2841 2783 3141 2841 temporum
3184 2783 3399 2826 tuorum
3436 2772 3583 2826 nulla
3616 2787 3711 2827 na-

2123 2875 2307 2920 scatur
2346 2864 2567 2919 oblivio.
2616 2865 2688 2918 Da
2721 2879 2939 2935 operam
2981 2864 3177 2918 divites
3227 2862 3534 2932 relinquere
3575 2878 3712 2933 quos

2127 2959 2401 3014 inveneris
2424 2973 2707 3028 pauperes,
2736 2957 3112 3012 abundantiam
3139 2957 3422 3025 providere
3432 2958 3527 3010 ubi
3549 2958 3711 3011 etiam

2127 3064 2182 3108 tu
2212 3052 2491 3123 penuriam
2538 3050 2837 3120 pertulisti;
2881 3060 2933 3105 et
2975 3050 3267 3120 siquidem
3313 3050 3513 3104 sufﬁcit
3544 3051 3715 3106 virtus

2128 3155 2241 3209 tua,
2275 3145 2601 3213 provinciam
2630 3144 2749 3198 sine
2772 3143 3020 3197 tarditate
3048 3152 3327 3206 restaura;
3360 3140 3413 3196 si
3436 3155 3570 3196 vero
3593 3140 3715 3210 piis-

438 3269 543 3328 vat,
595 3260 640 3314 si
685 3259 793 3314 dux
832 3260 1081 3315 exhibeat
1138 3262 1522 3317 continentiam
1570 3263 1692 3318 boni
1741 3228 2022 3331 ducis,'et

2130 3236 2252 3291 simi
2277 3237 2457 3306 operis
2485 3236 2628 3291 inest
2650 3235 2918 3300 voluntas,
2944 3234 3096 3288 deest
3134 3228 3395 3298 facultas,
3431 3232 3584 3288 defhr
3615 3232 3715 3287 hoe

438 3353 573 3407 alius
599 3352 702 3407 sibi
732 3353 798 3407 de
825 3361 1089 3422 potestate
1120 3352 1265 3409 illius
1293 3354 1631 3409 occasionem
1663 3357 1822 3410 faciat
1849 3358 2027 3413 avari-

440 3445 529 3499 tiae
572 3443 873 3499 satiandasi
924 3445 1083 3499 Tales
1137 3444 1330 3500 habeat
1378 3446 1551 3501 socios
1580 3456 1675 3501 aut
1724 3446 2022 3516 ministros,

442 3538 651 3607 qualem
682 3552 741 3591 se
761 3551 883 3591 esse
912 3537 1111 3592 debere
1136 3537 1427 3608 cognoscit.
1462 3538 1713 3608 Quisquis
1735 3540 1878 3594 enim
1902 3542 2023 3597 duci

444 3630 779 3685 familiariter
808 3629 1051 3693 ittltmret,
1084 3632 1170 3685 cui
1201 3631 1363 3685 multa
1408 3632 1747 3701 exsequenda
1780 3634 2027 3689 commit-

443 3721 528 3788 tit,
561 3735 750 3775 manus
790 3728 873 3775 est
922 3721 1112 3787 ducis;
1156 3730 1213 3777 et
1251 3722 1444 3777 merito
1473 3723 1734 3794 quidquid
1766 3724 1844 3779 illi
1888 3727 2029 3781 acci-

446 3810 620 3881 piunt,
652 3811 719 3865 ad
751 3812 900 3867 illum
931 3813 1048 3868 sine
1077 3812 1236 3868 dubio
1268 3813 1505 3869 creditur
1536 3818 1864 3885 pertransire
1891 3835 1903 3871 :
1928 3832 2030 3873 nec

447 3910 627 3970 potest
663 3917 784 3958 esse
809 3903 962 3958 ducis
1008 3905 1197 3973 optimi
1228 3904 1365 3959 fama
1397 3907 1560 3972 bona,
1591 3908 1805 3977 quando
1832 3910 2031 3964 fuerint

445 3993 743 4048 ministeria
776 3995 933 4048 mala.
976 3994 1200 4063 Deinde,
1235 3998 1503 4064 quomodo
1546 4000 1804 4065 corripiet
1847 4009 2029 4054 extra-

445 4100 598 4151 neos,
630 4086 732 4139 nisi
766 4087 1011 4153 primitus
1043 4089 1338 4142 correxerit
1384 4092 1550 4143 Suos?
1578 4090 1706 4154 Quis
1742 4091 1947 4146 dubitet
1976 4093 2028 4147 in

446 4176 683 4230 exercitu
726 4178 1046 4231 constitutos
1077 4179 1285 4235 facilius
1336 4181 1401 4234 ad
1445 4182 1825 4236 committenda
1861 4185 2031 4253 prosi-

448 4266 551 4319 iire
583 4266 839 4331 facinora,
882 4268 925 4319 si
970 4268 1191 4323 viderint
1225 4271 1537 4324 assistentes
1572 4271 1692 4326 duci
1723 4289 1886 4342 perpe
1910 4289 2032 4330 rare

446 4356 693 4411 licentius
741 4357 1049 4412 deteriora?
1097 4359 1252 4415 facile
1307 4372 1483 4417 autem
1552 4368 1820 4422 custodiet
1870 4384 2032 4424 omne

445 4447 651 4515 vulgus,
696 4448 940 4515 quamvis
989 4450 1229 4505 indomiti
1278 4456 1564 4522 exercitus,
1608 4459 1747 4526 quod
1788 4459 2033 4517 homines

446 4540 568 4594 duci
597 4540 750 4595 valde
773 4541 1063 4597 familiares
1084 4546 1432 4600 servaverint.
1458 4549 1652 4603 Caveat
1680 4539 1807 4620 ergo
1834 4563 1885 4607 et
1914 4552 2032 4607 dili-

444 4641 636 4700 genter
665 4644 869 4698 caveat,
899 4649 967 4688 ne
996 4636 1114 4703 quis
1138 4635 1409 4692 hominum
1440 4656 1654 4695 suorum
1687 4643 1898 4698 miseris
1927 4660 2027 4699 tto-

446 4730 601 4783 ceat;
629 4730 685 4775 et
712 4723 836 4777 dum
869 4739 929 4778 se
960 4725 1155 4779 bonum
1200 4737 1367 4795 putat,
1400 4734 1571 4784 malus
1619 4744 1833 4801 propter
1864 4738 2029 4790 malos

450 4821 704 4879 putetur;
738 4815 929 4881 quibus
959 4826 1051 4870 aut
1083 4818 1266 4873 fatere
1286 4819 1544 4876 dicendus
1572 4834 1655 4876 est
1685 4836 1775 4878 aut
1802 4839 2029 4881 consen-

446 4902 575 4965 tire,
624 4904 837 4969 quando
867 4907 982 4972 ipso
1032 4919 1301 4975 praesente
1344 4911 1466 4964 talia
1514 4913 1800 4979 gesserint,
1853 4917 2028 4985 qualia

443 4994 605 5048 etiam
650 4995 693 5049 si
742 4996 857 5066 ipse
898 5014 1002 5051 non
1034 5010 1203 5070 geret,
1250 5018 1355 5057 non
1407 5005 1603 5061 habere
1633 5008 1899 5072 credetur,
1932 5012 2027 5065 sed

444 5086 649 5154 fingere
681 5088 997 5143 bonitatem.
1030 5093 1141 5146 Non
1176 5104 1350 5161 potest
1390 5099 1604 5165 sapiens
1630 5098 1733 5152 dux
1775 5102 2029 5156 excusari

447 5181 517 5232 ire
546 5177 867 5249 ignorantia,
899 5185 1111 5250 quoties
1139 5184 1366 5240 forsitan
1414 5188 1609 5243 dixerit
1635 5206 1651 5245 ;
1678 5192 1790 5261 Ego
1826 5195 2029 5259 nescio,

444 5284 555 5324 non
603 5271 803 5336 audivi,
854 5275 1053 5330 nulrius
1105 5277 1171 5331 ad
1226 5295 1312 5334 me
1358 5283 1577 5349 querela
1628 5285 1891 5352 pervenit.
1934 5288 2032 5340 l’er

450 5362 625 5430 ipsum
656 5378 887 5434 namque
918 5368 1043 5436 quid
1076 5380 1265 5438 agatur
1310 5385 1338 5423 a
1368 5372 1504 5435 suis,
1553 5384 1766 5441 oportet
1796 5376 1988 5445 inquiri
2014 5393 2028 5442 ;

448 5454 573 5521 quia
601 5472 763 5511 nemo
797 5473 889 5513 eos
926 5461 1087 5516 audet
1127 5464 1356 5527 publicis
1400 5466 1914 5535 interpellationibus
1941 5487 2029 5524 att-

442 5562 658 5618 cusare,
682 5567 911 5620 quorum
944 5555 1223 5610 \iolentias
1247 5558 1336 5611 alii
1372 5561 1581 5623 timent,
1610 5562 1697 5615 alii
1733 5564 2024 5630 patiuntur.

447 5637 566 5691 Utta
591 5656 722 5709 ergo
749 5656 1108 5709 perscrutator
1131 5649 1426 5705 acerrimus
1447 5651 1583 5705 effici
1614 5653 1913 5707 nullatenus
1935 5655 2032 5708 du-

446 5728 601 5797 bitet,
640 5736 726 5789 cui
765 5751 829 5791 ex
870 5737 969 5793 hac
1006 5740 1280 5812 diligentia
1330 5745 1554 5812 publica:
1591 5750 1893 5803 severitatis
1934 5768 2029 5803 na-

449 5830 630 5879 scatur
660 5830 993 5903 auctoritas;
1025 5841 1081 5887 ut
1110 5834 1327 5890 omnino
1359 5838 1543 5902 prosit,
1570 5840 1784 5905 quando
1808 5855 1977 5904 neque
2001 5859 2029 5897 a

2127 3330 2194 3384 ad
2216 3329 2599 3384 conscientiam
2645 3329 2923 3398 potestatis
2946 3328 3261 3395 superioris.
3304 3328 3432 3381 Esto
3464 3325 3628 3381 testis
3655 3329 3716 3379 ti-

2129 3422 2267 3477 delis
2292 3422 2589 3475 alienarum
2632 3421 2992 3476 miseriarum.
3038 3419 3313 3489 Supplice,
3344 3420 3595 3485 obsecra,
3621 3419 3722 3472 do-

2131 3527 2232 3567 nec
2253 3513 2510 3580 impetres
2535 3512 2885 3581 adiutorium.
2909 3511 3116 3566 Labore
3139 3512 3227 3565 diu
3254 3513 3507 3580 petendo,
3538 3527 3605 3566 ne
3627 3513 3717 3566 alii

2130 3601 2419 3656 diuturnas
2466 3602 2742 3671 angustias
2788 3601 3060 3671 perferant
3104 3602 3428 3667 laborando;
3473 3612 3527 3656 tu
3574 3606 3719 3658 enim

2128 3693 2458 3761 judicaberis
2494 3694 2811 3764 prmstitisse
2851 3693 3109 3763 quidquid
3148 3695 3493 3749 universitati
3542 3704 3721 3762 postu-

2133 3783 2279 3839 lante
2301 3794 2353 3839 te
2382 3784 2749 3854 praestabitur.
2780 3783 2903 3838 Noli
2924 3798 3191 3852 apparere
3214 3783 3408 3839 similis
3432 3783 3501 3839 ad
3531 3784 3721 3841 horam

2135 3873 2351 3944 placere
2381 3873 2685 3929 volentibus
2714 3891 2728 3940 ;
2758 3874 2848 3943 qui
2871 3873 3138 3938 videntes,
3170 3884 3264 3929 aut
3288 3876 3608 3941 sentientes,
3630 3886 3721 3930 aut

2133 3967 2406 4023 interdum
2434 3968 2596 4023 etiam
2634 3966 2968 4035 perferentes
3017 3968 3070 4022 in
3109 3967 3401 4037 provinciis
3447 3968 3537 4023 ubi
3582 3968 3721 4024 mili-

2136 4068 2249 4112 tant
2276 4059 2437 4124 mala,
2472 4074 2567 4130 per
2610 4058 2903 4113 relationes
2942 4058 3105 4113 falsas
3146 4059 3392 4113 nuntiant
3438 4058 3604 4119 bona,
3636 4059 3723 4113 lse-

2137 4151 2344 4205 tissimo
2386 4152 2577 4205 nuntio
2607 4160 2857 4220 putantes
2894 4151 2996 4205 sibi
3044 4152 3308 4220 prtestari,
3339 4160 3398 4206 ut
3436 4153 3520 4207 vel
3561 4150 3724 4206 utiles

2133 4242 2586 4298 administrationi
2612 4258 2767 4311 quam
2796 4251 3011 4311 gerunt,
3045 4242 3127 4296 vel
3180 4243 3471 4297 necessarii
3497 4242 3725 4297 videan-

2138 4345 2243 4388 tur.
2270 4334 2314 4389 Ο
2337 4332 2795 4403 ingemiscendum
2824 4332 3005 4386 nefas!
3031 4332 3158 4385 dum
3190 4341 3437 4400 quterunt
3463 4348 3722 4401 praeesse,

2140 4442 2245 4482 non
2274 4429 2513 4496 cogitant
2540 4425 2833 4493 prodesse;
2866 4426 2958 4479 sed
2993 4426 3181 4493 privati
3212 4426 3435 4479 honoris
3471 4425 3725 4493 injustam

2138 4518 2427 4585 potentiam
2462 4531 2553 4583 i-er
2581 4515 2754 4569 aliena
2799 4530 3019 4569 servare
3051 4524 3311 4568 conantur
3357 4515 3727 4571 incommoda.

2137 4608 2281 4676 Quos
2336 4619 2513 4659 tamen
2551 4605 2837 4675 aliquando
2889 4607 3132 4675 maligna:
3177 4606 3485 4660 ambitionis
3530 4611 3726 4661 astutia

2138 4700 2361 4769 decipit,
2395 4698 2521 4753 dum
2572 4699 2799 4767 cmperit
2851 4697 2991 4751 fama
3043 4698 3254 4766 put:lita
3298 4699 3435 4767 loqui
3464 4700 3609 4765 quvd
3656 4713 3730 4752 ta-

2136 4801 2286 4858 cent,
2322 4791 2628 4861 rcpertiqne
2659 4790 2861 4844 fuerint
2906 4791 2957 4844 in
2990 4805 3084 4844 sua
3128 4791 3467 4860 professione
3505 4793 3729 4846 menda-

2137 4900 2246 4939 oes.
2294 4887 2517 4939 Avertat
2549 4884 2689 4938 Dens
2735 4884 2873 4937 hanc
2904 4882 3227 4936 dementiam
3274 4886 3491 4951 semper
3537 4894 3597 4937 et
3636 4884 3730 4938 hos

2137 4990 2315 5030 mores
2342 4991 2371 5029 a
2400 4975 2627 5030 ducibus
2657 4975 2900 5045 Optimis,
2930 4973 3017 5045 qui
3054 4976 3308 5046 prodesse
3340 4975 3596 5045 diligunt,
3624 4993 3729 5031 non

2133 5083 2366 5139 praeesse
2382 5070 2395 5122 !

2247 5181 2445 5239 Qouu
2468 5193 2667 5229 amona.
2696 5176 2856 5243 Dilige
2878 5178 3221 5241 rempublicam
3240 5178 3358 5229 sicut
3383 5186 3432 5229 te
3456 5184 3634 5243 ipsum.

2209 5286 2262 5340 9.
2305 5285 2456 5339 Tunc
2484 5285 2625 5339 enim
2670 5284 2974 5353 respublica
3004 5284 3141 5339 bene
3185 5285 3541 5351 gubernatur,
3585 5285 3728 5341 etde

2140 5379 2350 5447 magnis
2386 5386 2564 5444 potest
2596 5378 2810 5431 lilii-rari
2855 5378 3132 5445 periculis,
3166 5377 3209 5429 si
3240 5377 3349 5429 dux
3379 5380 3497 5444 ejus
3520 5389 3724 5431 tantum

2140 5485 2257 5523 eam
2307 5471 2510 5540 diligat,
2544 5479 2797 5539 quantum
2848 5485 2907 5523 se
2960 5469 3158 5536 ipsum.
3211 5467 3490 5523 Manifesta
3532 5472 3725 5536 quippe

2140 5566 2405 5618 sententia
2454 5575 2534 5617 est
2581 5564 2778 5615 vett-ris
2811 5562 3201 5632 legiszoitiges
3241 5562 3540 5631 proximam
3586 5572 3723 5615 tua

2139 5659 2268 5711 sicut
2298 5666 2346 5709 te
2375 5658 2539 5721 ipsum
2570 5656 2712 5726 (Lev.
2741 5671 2850 5719 xix,
2882 5656 3000 5722 18):
3034 5670 3193 5723 quam
3226 5655 3357 5710 Novi
3388 5653 3719 5709 Tesmmenti

2142 5750 2460 5819 prurdicator
2486 5749 2708 5803 idoneus
2741 5748 2813 5800 ita
2846 5747 3140 5815 repetendo
3178 5750 3466 5801 confirmat
3486 5756 3540 5799 et
3568 5745 3722 5798 inno-

2143 5854 2229 5897 vat
2285 5839 2746 5904 Paulus:0mm‘s,
2782 5841 3053 5906 inquiens,
3117 5838 3199 5893 (ea:
3246 5841 3297 5891 in
3348 5856 3452 5893 uno
3492 5851 3721 5894 sermost
