3958 6358
285 302 388 372 937

1495 310 1854 375 EPISTULA!
1894 315 1981 373 ET
2022 310 2403 375 OPUSCULA.

3462 322 3569 385 938

283 434 600 506 completur;
628 434 680 488 in
701 450 760 487 eo
793 434 931 502 quod
982 430 1159 504 diligis
1186 435 1475 504 proximum
1504 445 1648 490 tuum
1674 438 1805 491 sicut
1831 447 1878 491 te
1910 450 1955 508 Α
1983 449 2104 489 men
2127 434 2396 503 aliquanta
2432 434 2543 491 loca
2570 435 2703 491 satis
2732 448 2873 501 rara,
2901 450 3043 507 qum,
3068 437 3437 498 misericordia
3467 444 3568 498 Do-

284 527 455 594 ἔρευνα
488 523 634 596 (Gal.
668 542 725 589 ν,
776 524 884 592 14).
941 524 1074 591 Quis
1119 535 1297 581 autem
1343 525 1537 581 melior
1595 528 1873 596 proximus

282 616 637 672 arstitnandus
664 626 749 669 est
775 614 900 670 duci
926 614 1330 684 sapientissimo
1349 631 1507 685 quam
1537 616 1873 685 respublica,

281 708 441 778 cujus
472 708 521 763 ei
550 718 607 761 ct
632 709 865 776 negotia,
899 714 955 761 et
980 715 1174 769 status,
1208 707 1464 776 salusque
1484 705 1875 763 committitur?

283 798 477 868 Diligat
506 813 637 869 ergo
663 806 785 852 eam
816 797 957 852 sicut
979 810 1040 851 se
1062 800 1257 867 ipsum,
1290 798 1417 867 quia
1442 795 1718 867 diligendo
1755 811 1872 850 eam

280 893 429 947 sicut
461 907 523 947 se
566 893 768 962 ipsum,
802 890 1135 947 desiderabit
1174 906 1295 946 eam
1341 892 1526 949 videre
1569 890 1870 961 paciﬁcum,

278 987 561 1055 quietam,
620 982 994 1048 fruetifcram,
1062 985 1179 1038 sine
1238 983 1417 1054 aliqua
1475 984 1875 1053 perturbatione

280 1075 650 1144 tranquillam,
684 1074 825 1129 sicut
861 1074 977 1143 ipse
1024 1074 1209 1144 utique
1252 1083 1512 1145 quantum
1542 1083 1719 1142 potest
1747 1075 1874 1128 uitio

283 1176 391 1233 tur,
428 1177 486 1223 ut
529 1166 805 1236 pacificus,
835 1167 1070 1237 quietus,
1102 1168 1406 1234 opulentus,
1437 1176 1495 1223 et
1534 1167 1651 1222 sine
1696 1169 1872 1237 aliqua

280 1259 348 1313 sit
400 1259 814 1328 perturbatione
860 1259 1201 1329 tranquillus.
1241 1260 1535 1330 Ingredere
1576 1261 1739 1331 igitur
1791 1269 1871 1326 tu,

282 1349 520 1405 virorum
549 1353 779 1419 Optime,
810 1350 1024 1419 quoties
1058 1354 1264 1420 cogitas
1292 1351 1467 1420 qualis
1494 1366 1613 1407 esse
1644 1353 1696 1406 in
1738 1352 1873 1407 acti-

281 1442 382 1495 bus
416 1439 747 1496 militaribus
793 1440 1014 1503 debeas,
1064 1440 1350 1511 ingredere
1390 1442 1740 1499 conscientite
1769 1451 1871 1497 tuae

287 1534 549 1587 latissima
597 1533 916 1600 penetralia.
954 1532 1084 1587 Vide
1127 1533 1200 1589 ibi
1250 1533 1523 1604 quomodo
1559 1533 1745 1602 cupias
1787 1533 1878 1586 ha-

282 1622 412 1677 bere
462 1624 741 1685 laetitiam;
787 1632 843 1680 et
895 1624 1179 1690 diligenter
1218 1639 1369 1689 cave,
1430 1632 1501 1680 nt.
1544 1625 1872 1693 reapublica,

282 1729 440 1784 quam
462 1716 643 1785 diligis
683 1716 823 1772 sicut
870 1725 921 1773 te
952 1718 1153 1786 ipsum,
1198 1719 1396 1773 nullam
1431 1720 1599 1789 possit
1635 1720 1742 1790 pati
1777 1723 1872 1775 tri-

1987 526 2119 579 mini
2150 535 2485 596 protegente.
2535 536 2844 583 meruerunt
2885 528 2970 583 vel
3019 530 3182 585 illmsa
3223 533 3451 601 servari,
3483 536 3571 593 vel

1986 616 2208 671 forsitan
2254 632 2439 686 parum
2471 619 2613 673 frudi.
2654 619 2891 687 Quorum
2937 622 3151 676 nomina
3194 627 3567 683 commendata

1983 709 2256 764 memoria:
2310 708 2645 778 frequentius
2695 711 3005 777 recitantes,
3038 717 3441 782 comparatione
3472 733 3569 773 eoi-

1982 816 2101 855 rum
2146 802 2566 871 magnitudinem
2596 804 2861 870 generalis
2892 804 3229 865 Calamitatis,
3254 815 3565 880 extenuant,

1983 900 2036 943 et
2078 893 2263 945 dicunt
2310 893 2475 961 (sicut
2524 894 2747 961 probare
2797 895 2913 950 sine
2956 894 3118 951 dttbio
3166 897 3565 969 potnisti):llis

1983 983 2345 1040 {unctionibus
2389 988 2660 1055 provincia
2692 987 2919 1054 suf.:cit;
2954 988 3043 1043 ille
3088 989 3232 1043 enim
3271 990 3422 1046 locus
3451 1000 3567 1047 tan-

1982 1085 2092 1129 tum
2126 1076 2287 1131 habet
2321 1078 2586 1132 utilitatis.
2621 1077 2664 1132 Ο
2696 1080 2878 1132 miseri
2911 1092 3127 1149 quorum
3160 1096 3215 1133 os
3244 1081 3469 1134 foculum
3496 1092 3567 1135 rat

1980 1169 2279 1234 vanitatem,
2315 1176 2361 1222 ct
2394 1170 2605 1225 dextera
2645 1187 2843 1237 eorum,
2893 1174 3100 1225 dextera
3129 1173 3415 1243 iniquitatis
3446 1171 3564 1243 (Ps.

1979 1271 2163 1320 cum,
2198 1257 2254 1327 8)
2283 1260 2295 1311 l
2329 1261 2385 1313 Si
2410 1261 2552 1315 bono
2586 1275 2684 1315 suo
2721 1272 2937 1330 apertos
2969 1263 3162 1317 Itabcnt
3189 1265 3395 1334 oculos,
3429 1266 3569 1319 unde

1981 1349 2210 1418 pupulus
2234 1352 2438 1417 grtuit?
2477 1352 2750 1421 ASpiciant
2774 1355 2817 1407 si
2844 1363 3043 1409 statera
3067 1354 3211 1425 justa
3237 1356 3309 1411 sit
3333 1358 3385 1410 in
3409 1356 3566 1412 labiis

1980 1451 2188 1492 eorum.
2255 1440 2410 1494 Prius
2474 1454 2756 1498 numerent
2802 1450 2998 1513 quanta
3061 1446 3351 1515 perierint,
3423 1458 3568 1517 poet-

1980 1528 2202 1584 modum
2257 1539 2449 1599 quanta
2504 1534 2880 1589 remanserint.
2931 1535 3013 1588 An
3064 1534 3135 1588 ibi
3182 1535 3317 1589 nihil
3358 1536 3559 1604 vident,

1981 1621 2068 1675 ubi
2108 1622 2279 1691 pietas
2309 1625 2605 1693 indigetur;
2640 1633 2693 1681 et
2730 1624 2831 1681 hoc
2861 1627 3151 1683 luminibus
3194 1629 3438 1685 Sollicitis
3468 1646 3567 1684 no-

1979 1721 2115 1781 tant,
2146 1716 2291 1771 unde
2318 1719 2516 1771 invidia
2547 1728 2834 1787 generetur
2848 1721 2873 1773 ?

280 1807 507 1863 stitiam.
533 1808 823 1864 misidcra
850 1811 972 1879 quia
998 1825 1095 1866 nec
1116 1812 1369 1865 damnum
1402 1813 1492 1866 tibi
1523 1813 1603 1866 vis
1629 1811 1868 1878 evenire,
1905 1827 1947 1886 Β
2043 1808 2139 1861 10.
2185 1806 2368 1877 Longe
2419 1810 2500 1864 fac
2530 1811 2669 1865 viam
2716 1818 2860 1865 tuam
2905 1810 2972 1865 ab
3002 1810 3126 1879 illis,
3168 1811 3387 1867 domum
3422 1822 3566 1868 tuam

239 1966 246 1973 α
283 1916 386 1957 nec
413 1902 676 1966 dolorem,
700 1916 801 1959 nec
832 1902 1068 1958 dedecus
1093 1920 1106 1957 :
1135 1913 1192 1958 et
1230 1904 1297 1957 ab
1326 1903 1443 1957 istis
1481 1904 1635 1958 malis
1659 1903 1872 1972 eripere

281 1986 476 2044 festina
523 1990 923 2058 rempublicam.
976 1988 1032 2045 Si
1077 1990 1322 2059 displicet
1370 1990 1465 2044 tibi
1504 1990 1719 2059 quando
1758 1991 1872 2059 ipse

281 2082 530 2149 privatim
553 2082 861 2138 violentiam
887 2084 1106 2153 pateris,
1134 2083 1285 2138 odire
1305 2082 1472 2138 debes
1505 2098 1733 2153 quorum
1756 2083 1871 2137 vio-

283 2172 466 2228 lentiis
518 2174 816 2244 respublica
871 2174 1177 2229 tribulatur.
1229 2174 1285 2229 Si
1338 2175 1555 2244 rapinas
1608 2175 1870 2229 bonorum

282 2274 495 2319 tuorum
544 2266 775 2323 tolerare
827 2266 1102 2331 formidas,
1146 2268 1590 2321 consuetudinem
1630 2264 1873 2335 rapiendi

283 2358 415 2412 tolle
438 2359 761 2427 raptoribus.
794 2359 851 2414 Si
880 2360 1188 2426 detestaris,
1222 2371 1276 2415 et
1307 2360 1583 2415 inimicum
1612 2359 1873 2414 veraciter

284 2458 464 2517 putas,
498 2451 805 2520 quicunque
835 2460 889 2505 te
936 2450 1088 2507 falsis
1127 2451 1558 2507 accusationibus
1600 2451 1873 2522 appetive-

286 2541 372 2601 rit,
419 2541 781 2596 exsecrabilos
824 2539 1007 2610 jtnlica
1055 2541 1345 2609 provinciae
1386 2541 1548 2596 totius
1594 2550 1874 2597 accusato-

285 2645 394 2687 res.
438 2635 518 2686 An
551 2632 775 2686 forsitan
807 2633 1023 2688 difficile
1060 2634 1331 2696 arbitrari,
1361 2644 1420 2689 ut
1458 2634 1689 2701 patiatur
1719 2647 1874 2687 accu-

290 2732 636 2779 satores-toti
667 2725 976 2794 provincia?
1015 2725 1140 2779 Mihi
1184 2726 1366 2792 crede,
1418 2724 1614 2794 sa'pins
1653 2725 1869 2794 patitur.

284 2815 646 2869 Accusatores
675 2816 792 2885 ejus
820 2826 947 2870 sunt
984 2816 1297 2877 ambitores,
1331 2816 1523 2885 quibus
1550 2825 1607 2869 ut
1638 2822 1875 2884 potestas

286 2909 445 2963 detur
471 2910 771 2978 npprimere
806 2923 1086 2978 pauperes,
1122 2909 1473 2979 impossibilia
1510 2908 1872 2977 pollicentur;

284 3008 342 3054 cl.
363 3000 640 3062 desolatis.
676 3001 801 3055 belli
830 3015 1043 3071 quoque
1072 3002 1291 3058 incursu
1318 3001 1428 3071 jam
1452 3000 1673 3070 perditis
1701 3002 1878 3073 regio-

288 3092 471 3159 nibus,
502 3101 696 3148 statum
730 3094 967 3160 pristina:
1014 3094 1320 3148 stab'litatis
1350 3093 1597 3151 ascribun
1641 3110 1658 3159 ε
1702 3094 1877 3149 adhuc

1978 1911 2192 1966 semper
2242 1899 2515 1955 inveniant
2557 1901 2819 1955 clausam.
2884 1901 3213 1970 Displiceant
3267 1902 3359 1957 tibi
3411 1907 3566 1960 noxia

1975 1997 2348 2056 suggerentes,
2411 1998 2464 2043 et
2522 2001 2581 2044 se
2634 1990 2976 2058 displicuisse
3022 2003 3367 2062 cognoscant.
3432 1995 3565 2065 ipsis

1975 2079 2174 2147 quippe
2198 2078 2440 2135 adhtcret
2471 2080 2806 2136 familiariter
2831 2081 2994 2137 etiam
3027 2084 3182 2138 turba
3204 2085 3437 2155 pessima
3469 2086 3566 2141 de»

1977 2167 2230 2233 latorum,
2274 2172 2363 2237 qui
2414 2170 2598 2225 latenti
2649 2184 2923 2228 murmure
2965 2172 3188 2228 ducibus
3235 2177 3455 2245 optimis
3481 2175 3560 2229 fa-

1977 2260 2214 2316 cultates
2240 2262 2514 2317 insinuant
2539 2265 2768 2330 alienas;
2814 2274 2868 2319 ut
2901 2266 3100 2336 laqueis
3128 2269 3366 2325 avaritia:
3392 2272 3566 2339 capti-

1976 2353 2109 2421 vati,
2142 2354 2240 2420 piae
2268 2354 2744 2410 administrationis
2785 2356 3011 2426 perdant
3035 2359 3365 2429 Opinionem,
3396 2363 3445 2417 si
3472 2374 3566 2419 ιε-

1977 2447 2257 2514 quiescant
2284 2448 2542 2517 improbis
2571 2452 2931 2520 suasionibus,
2961 2462 3015 2510 et
3037 2457 3275 2527 cogitent
3312 2472 3433 2528 quae
3461 2457 3564 2513 sibi

1979 2541 2292 2593 nuntiantur
2321 2540 2551 2596 auferre.
2585 2543 2723 2609 Quid
2760 2543 2905 2600 aliud
2956 2546 3057 2602 nisi
3103 2547 3372 2603 calumnia
3410 2548 3564 2605 inno~

1977 2632 2223 2685 centibns
2258 2633 2564 2688 hominibus
2611 2636 2913 2692 excitatur?
2960 2636 3287 2695 Detestabile
3326 2641 3565 2710 profecto

1978 2736 2148 2791 genus
2179 2723 2470 2779 [ronianum
2501 2734 2525 2761 ιι
2555 2726 2823 2797 nimisque
2867 2727 3247 2796 abominabile,
3276 2728 3566 2786 delatores.

1981 2810 2037 2865 In
2084 2812 2239 2882 cujus
2289 2815 2545 2883 praetorio
2586 2817 2805 2872 minime
2854 2818 3194 2886 emerserint,
3248 2820 3362 2891 ipse
3392 2821 3569 2894 diligit

1980 2907 2364 2976 rempublicam
2413 2907 2555 2963 sicut
2606 2924 2667 2965 se
2719 2911 2926 2978 ipsum;
2985 2912 3173 2968 nolens
3218 2912 3339 2968 aliis
3388 2912 3566 2971 facere

1980 2998 2121 3066 quod
2155 2998 2267 3067 ipse
2302 2997 2410 3067 pati
2444 3001 2695 3055 noluerit.
2730 2998 2853 3055 llazc
2898 3000 3041 3056 enim
3072 3010 3258 3072 quarta
3288 3012 3371 3059 est
3407 3004 3566 3062 luno-

1978 3088 2169 3143 centize
2202 3092 2380 3158 regula
2406 3090 2732 3145 militaribus
2762 3092 2967 3147 actibus
2996 3105 3273 3163 occupato,
3304 3110 3461 3166 quam
3484 3104 3568 3153 ωδ

292 3188 480 3257 vigere
505 3194 696 3240 cuncta
727 3187 1077 3252 mentientes,
1119 3188 1291 3241 adhuc
1318 3200 1477 3258 posse
1508 3201 1618 3243 non
1643 3185 1874 3242 functios

1985 3194 2075 3234 nes
2096 3189 2151 3234 et
2179 3188 2362 3235 tenere
2393 3183 2615 3236 firmiter
2651 3182 2837 3250 debes,
2872 3192 2928 3238 ut
2960 3183 3150 3256 diligas
3179 3187 3563 3257 rempublicam

248 3322 255 3327 .
286 3290 383 3333 nes
414 3276 622 3343 solitas,
650 3277 746 3332 sed
778 3291 913 3332 nova
940 3291 1176 3347 quoque,
1203 3277 1247 3331 si
1277 3277 1616 3345 adjiciantur.
1650 3276 1871 3331 tributo-

285 3380 408 3423 rum
445 3367 681 3435 pondera
712 3368 998 3423 sustinere.
1032 3368 1260 3436 Culpam
1280 3380 1458 3423 au'etn
1488 3366 1724 3421 susurris
1753 3368 1876 3419 abs-

282 3462 517 3518 conditis
569 3463 843 3519 tninistros
905 3463 1105 3518 fist‘alis
1155 3464 1493 3532 exactionis,
1558 3462 1878 3532 desidesquc

284 3567 405 3621 eos,
452 3565 544 3607 aut
587 3555 808 3608 nimium
850 3556 1127 3624 remissos,
1171 3554 1469 3609 voluntarie
1519 3555 1661 3608 nulla
1701 3555 1877 3626 provi-

284 3647 421 3703 dere
471 3644 619 3701 lucra
673 3646 983 3715 reipublicae
1032 3646 1528 3703 utentiuntur:sibi
1578 3661 1705 3701 vero
1752 3646 1878 3701 dum

285 3738 575 3793 commissa
612 3738 769 3795 fuerit
808 3740 969 3806 actio,
1020 3755 1117 3810 per
1147 3740 1365 3797 nimiam
1413 3739 1731 3811 fidelemqne
1758 3741 1881 3796 dili-

282 3832 522 3899 gentiam
552 3840 747 3888 cuncta
788 3832 933 3889 effici
966 3849 1245 3904 prospera.
1288 3833 1393 3889 Sed
1418 3832 1479 3905 (ο
1514 3836 1761 3905 pertinax
1790 3848 1884 3888 cu-

289 3923 489 3991 piditas
511 3924 551 3993 ε)
582 3923 859 3994 diligentia
890 3940 1099 3991 eorum,
1141 3925 1460 3991 crudelitas;
1488 3926 1642 3989 ratio,
1676 3926 1885 3995 deprze-

287 4014 436 4069 datio
484 4014 678 4070 melius
707 4016 1026 4084 appellatur.
1057 4016 1180 4071 Ideo
1210 4016 1434 4087 cupiunt
1462 4030 1643 4071 emere
1675 4014 1883 4085 gravis-

286 4109 458 4162 simas
505 4111 773 4176 actiones,
819 4109 942 4179 quia
989 4108 1230 4178 cogitant
1258 4108 1524 4173 vendere;
1568 4105 1885 4177 promittunt

290 4199 450 4264 talsa,
486 4210 544 4261 ut
591 4214 714 4256 vera
740 4199 1097 4270 subripiam;
1146 4201 1491 4255 blandiuntur
1534 4210 1590 4253 ut
1628 4207 1882 4262 noceant;

294 4290 441 4358 piant
487 4292 642 4360 quasi
687 4290 1105 4348 sollicitudinem
1160 4306 1258 4361 pro
1297 4291 1620 4347 utilitatibus
1662 4290 1887 4361 publicis

288 4392 507 4449 gerunt,
535 4383 629 4438 sed
659 4383 897 4454 affligere
925 4384 1083 4440 simul
1116 4384 1293 4439 omnia
1330 4383 1743 4439 etrdeteriorare
1772 4397 1887 4439 mo-

290 4474 517 4528 liuntur.
549 4474 808 4531 Evenere
834 4479 1079 4546 cupiunt,
1109 4492 1211 4530 non
1233 4477 1580 4550 gubernare;_
1600 4476 1883 4546 dissipare,

1979 3268 2116 3324 sicut
2143 3280 2194 3325 te
2225 3270 2415 3339 ipsum,
2440 3271 2705 3327 charitate
2732 3273 2920 3330 libera.
2950 3274 3116 3345 Cujus
3146 3277 3440 3333 abundanti
3469 3294 3565 3335 res

1984 3361 2156 3429 pletus
2212 3362 2496 3419 dulcedine
2560 3363 2804 3435 Moyses,
2878 3365 3020 3439 dum.
3058 3366 3268 3423 videret
3314 3375 3567 3439 populum

1984 3453 2167 3519 Israel,
2204 3456 2589 3523 rempublicam
2621 3457 2825 3512 scilicet
2847 3471 3023 3524 suam,
3060 3473 3308 3527 peccasse
3330 3463 3571 3533 omnipo-

1986 3550 2114 3598 tenti
2150 3547 2280 3613 Deo,
2314 3546 2635 3617 timerctque
2664 3546 2950 3618 justissitni
2978 3548 3174 3619 judicis
3205 3546 3437 3609 futuram
3484 3569 3571 3613 sc-

1987 3641 2290 3705 veritatem,
2321 3641 2399 3695 sic
2434 3641 2643 3710 placare
2673 3642 2899 3711 arripuit
2936 3645 3290 3701 irascentem:
3327 3643 3569 3713 Obsecro,

1988 3731 2180 3799 inquit,
2213 3728 2451 3799 Domine,
2486 3732 2530 3785 si
2556 3733 2771 3787 dimittis
2807 3735 2879 3787 eis
2909 3746 3193 3802 peccatum,
3236 3736 3467 3803 dimitte;
3491 3739 3571 3793 siit

1987 3832 2178 3887 autem,
2214 3822 2329 3876 dele
2358 3838 2438 3878 me
2466 3823 2527 3875 de
2572 3821 2699 3878 libro
2725 3835 2810 3877 tuo
2838 3835 2985 3892 quem
3032 3825 3345 3895 scripserunt
3392 3843 3572 3882 nuntia

1991 3924 2092 3970 tua:
2126 3914 2323 3988 (Exod.
2352 3928 2521 3982 sun,
2551 3916 2666 3987 Si).
2698 3916 3119 3973 Considercmns
3146 3908 3275 3990 quid
3316 3920 3571 3990 proderat

1993 4006 2159 4077 Moysi
2190 4007 2323 4062 alios
2365 4006 2542 4062 Salvas
2588 4008 2780 4071 facere,
2816 4010 2860 4063 si
2888 4010 3109 4079 petit-cz.
3141 4011 3243 4065 Sed
3275 4012 3395 4082 quia
3427 4022 3573 4067 reln-

1994 4099 2260 4168 pnblicam
2295 4102 2547 4172 diligebat
2570 4114 2783 4173 semper
2813 4105 2950 4159 sicut
2981 4120 3039 4159 se
3081 4105 3276 4175 ipsum,
3301 4105 3576 4165 charitatis

1996 4188 2153 4259 hujus
2194 4190 2656 4259 sacrificio'gDeum
2713 4192 2966 4261 placarit;
3014 4202 3068 4247 ct
3112 4210 3209 4250 nec
3253 4195 3368 4264 ipse
3395 4196 3576 4265 periit,

1995 4294 2093 4337 nec
2124 4281 2373 4352 populum
2417 4298 2575 4353 quem
2620 4284 2841 4355 regebat
2886 4286 3059 4355 perire
3114 4286 3377 4356 permisit.
3424 4288 3575 4344 [tunc

1995 4371 2162 4427 David
2208 4382 2429 4427 sanctus
2473 4375 2666 4443 aequali
2725 4375 2919 4431 virtute
2966 4376 3267 4432 diiectionis
3313 4376 3577 4445 imitatus,

1996 4463 2332 4533 pert-utiente
2380 4465 2576 4533 angelo
2622 4462 2897 4520 civitatem
2933 4485 2945 4518 :
2977 4465 3331 4534 Convertatttr,
3382 4467 3574 4539 inquit,

287 4579 402 4618 non
433 4566 739 4630 custodire;
767 4567 1050 4629 devorare,
1081 4581 1185 4622 non
1218 4582 1461 4637 pascere.
1489 4567 1761 4622 Materiam
1790 4581 1875 4623 se-

1996 4574 2179 4611 manus
2209 4567 2297 4611 ttta
2326 4560 2377 4611 in
2409 4571 2488 4611 me
2540 4571 2585 4611 et
2621 4559 2829 4611 domum
2871 4561 3031 4628 patris
3072 4559 3189 4614 mei.
3223 4559 3321 4614 Isti
3348 4561 3436 4629 qui
3464 4578 3578 4618 over

285 4659 605 4726 ditionibus,
640 4660 969 4715 incrementa
993 4662 1251 4730 miseriis,
1272 4676 1489 4716 causam
1521 4661 1732 4717 fletibus
1753 4663 1880 4717 sub-

287 4751 640 4805 ministrant:
669 4751 769 4805 lioc
801 4762 1044 4822 agentes,
1076 4768 1196 4807 cum
1236 4753 1507 4822 provincia
1551 4769 1716 4823 prope
1743 4769 1888 4808 mar-

290 4852 404 4904 ttta,
436 4856 503 4897 ne
535 4844 739 4898 tardius
774 4846 1053 4899 moriatur.
1094 4845 1219 4913 δορὶ
1248 4863 1401 4899 aures
1423 4855 1536 4900 tuus
1562 4848 1721 4913 spinis
1753 4847 1884 4915 (Ec-

288 4938 376 4988 rlt‘.
417 4950 610 5000 sunt,
640 4935 757 5007 28),
815 4955 881 4993 ne
930 4940 1117 4994 audias
1161 4955 1345 4995 vocem
1392 4942 1621 5009 maligne
1662 4943 1886 5013 loquon-

291 5026 449 5081 tiutu.
519 5029 748 5096 Quando
816 5044 909 5085 eos
992 5033 1263 5101 consliicis
1336 5046 1586 5102 agrorum
1666 5033 1887 5086 laudare

292 5118 658 5181 fertilitatem,
707 5121 958 5176 nuntiare
987 5123 1369 5178 abundantiam
1419 5124 1741 5194 pluviarum,
1776 5124 1890 5179 loca

291 5214 608 5280 frequenter
646 5227 855 5270 amoena
917 5215 1228 5286 depingere,
1276 5218 1407 5273 time
1451 5218 1679 5272 fabulam
1736 5218 1887 5272 blanv

282 5304 443 5357 dant.
468 5303 662 5359 Sermo
696 5306 1000 5375 linjusmodi
1032 5310 1211 5364 viscus
1231 5322 1313 5365 est
1340 5329 1350 5361 :
1378 5311 1584 5365 haerere
1611 5310 1681 5365 ibi
1714 5313 1888 5368 nulla-

285 5405 454 5452 tenus
484 5397 649 5453 debet
694 5400 816 5455 boni
864 5400 1015 5457 ducis
1053 5404 1321 5459 voluntas.
1368 5406 1474 5461 Nec
1507 5407 1887 5477 requirendum

279 5505 521 5545 censeas
574 5501 750 5547 utrum
804 5494 1001 5560 aliquid
1069 5499 1331 5552 veraciter
1381 5510 1631 5565 narrent;
1694 5499 1887 5555 artifici

280 5586 441 5637 cuitu
470 5587 861 5639 consuetudine
891 5589 1136 5641 vitiorum
1166 5603 1272 5643 non
1304 5593 1479 5643 ininus
1512 5593 1653 5648 cauti
1688 5593 1754 5645 ad
1790 5606 1891 5647 no-

272 5673 551 5733 cendum.
586 5675 708 5729 licet
736 5677 907 5730 sciant
937 5678 1115 5732 omnia
1161 5679 1396 5748 deperiis
1428 5696 1478 5743 e,
1522 5693 1773 5751 quierunt
1805 5691 1887 5737 ta-

384 5846 407 5869 ιι
429 5828 585 5885 Forte
619 5830 699 5901 leg
753 5848 909 5900 genus
940 5848 1201 5887 uoumuu.

818 5930 1088 5991 Parant.
1129 5929 1234 5991 LX
1250 5928 1379 5988 i'll.

1987 4660 2127 4715 sunt,
2161 4648 2290 4719 quid
2322 4651 2552 4719 fecerunt
2586 4647 2672 4720 (11
2712 4650 2839 4721 lleg.
2874 4662 3018 4719 xxrv,
3049 4649 3176 4719 t7)?
3208 4652 3279 4706 Da
3311 4651 3578 4708 hominem

1985 4742 2074 4812 qui
2097 4740 2481 4810 rempublicam
2515 4743 2595 4799 sic
2624 4744 2827 4812 diligat,
2864 4754 2918 4798 et
2948 4743 3151 4798 videbis
3186 4752 3444 4814 quantum
3470 4745 3579 4801 Deo

1986 4834 2216 4903 placeat,
2249 4834 2411 4888 etiam
2456 4833 2776 4888 militaribus
2807 4834 3014 4889 actibus
3046 4844 3361 4904 occupatus.
3388 4834 3579 4891 Profe-

1988 4933 2075 4979 cto
2098 4924 2288 4995 dignus
2310 4939 2370 4981 es
2411 4934 2470 4980 ut
2511 4928 2695 4981 talium
2734 4928 2927 4982 similis
2962 4929 3130 4995 vivas,
3168 4939 3389 4998 paratus
3428 4930 3580 4986 labo-

1996 5033 2117 5075 rare
2148 5034 2243 5089 pro
2266 5021 2451 5091 requie
2477 5019 2690 5089 subject
2714 5035 2876 5085 vrum;
2915 5032 3132 5092 paratus
3157 5024 3321 5078 etiam
3352 5032 3583 5081 mortem

1997 5112 2195 5177 subire,
2245 5114 2290 5168 si
2345 5113 2653 5182 permiserit
2704 5110 2860 5180 Deus,
2895 5122 2955 5169 nt
2998 5114 3067 5170 de
3114 5115 3304 5171 mortis
3349 5117 3584 5186 periculo

1998 5202 2093 5257 tibi
2113 5204 2360 5259 subditos
2391 5204 2610 5261 liberes.
2642 5204 2770 5261 Plus
2802 5206 2951 5275 time,
2981 5208 3087 5264 dus
3112 5208 3335 5279 optime,
3370 5212 3584 5280 provln-

1998 5297 2134 5352 ciam
2170 5299 2283 5353 fieri
2320 5298 2665 5365 deteriorem,
2708 5315 2869 5370 quam
2901 5310 2955 5358 te
3000 5303 3173 5372 ipsum
3220 5302 3585 5358 minuentian

1997 5390 2191 5457 opibus
2248 5391 2619 5460 pauperiorem
2652 5390 2902 5447 :divitias
2952 5392 3352 5447 inaestimabiles
3403 5391 3584 5460 judicia

2000 5479 2191 5536 famam
2212 5484 2427 5537 bonam.
2456 5483 2832 5539 Verumtamen
2862 5483 2983 5554 quia
3003 5484 3179 5539 omnis
3206 5484 3369 5557 homo
3395 5483 3581 5551 quidi-

2002 5574 2113 5643 ‘igit
2154 5592 2212 5631 se
2259 5577 2455 5644 ipsmn,
2488 5576 2611 5647 plus
2642 5575 2802 5631 debet
2844 5574 3067 5645 diligere
3117 5576 3280 5629 Deum
3325 5590 3482 5645 quam
3529 5590 3586 5630 se

1999 5668 2052 5736 ip
2085 5684 2170 5723 om
2206 5667 2427 5739 (alioqui
2458 5669 2632 5722 minus
2660 5665 2886 5737 diligens
2914 5668 3102 5732 Deum,
3130 5681 3234 5722 non
3267 5665 3459 5738 diligit.
3492 5664 3587 5721 sed

3040 5935 3121 5996 30
