3958 6358
367 339 479 398 9'59

1277 307 1646 369 remearn
1688 275 2038 360 FEttttA-Nbl
2083 293 2356 358 D‘lACONl
2395 286 2753 349 cunnus.

3544 271 3663 328 950

369 453 482 511 odit
508 465 568 507 se
598 445 820 518 ipsum),
851 439 1150 512 quicunque
1178 429 1355 498 diligit
1379 422 1770 494 rempublicam
1817 420 1958 473 sicut
1989 422 2025 477 Α

2153 414 2270 468 solo
2290 409 2453 473 Filio,
2483 411 2681 474 quanta
2703 399 2758 453 in
2783 397 2942 453 Patre
2961 405 3012 448 ἐι
3040 380 3488 462 δρὶτίιυῖθιιοιοι
3507 396 3660 441 tam.»

2156 504 2188 518 ι-
2235 505 2245 516 ·
2392 505 2573 518 -_---...
2651 497 2843 518 ..η-..ιη
2892 487 2945 518 ς..
2992 484 3150 518 Doser
3177 491 3231 518 Al
3275 481 3410 518 Filin
3485 479 3660 518 Tanta

373 563 434 604 se
460 512 654 616 ipsum,
686 512 805 607 pius
841 532 1024 600 diligat
1051 527 1221 582 Deum
1256 537 1413 593 quam
1439 515 1851 587 rempublicam,
1883 512 1965 566 di-

380 644 604 710 vinaque
641 628 849 702 negotia
883 629 1156 698 praeponat
1189 617 1459 676 humanis.

601 766 781 824 Qumn
803 771 1006 809 meum.
1036 748 1275 804 [laritanis
1309 745 1476 799 divina
1503 754 1752 808 prwpone.

460 873 548 926 ll.
579 871 647 924 Et
672 868 787 922 haec
813 864 911 920 erit
944 864 1127 932 quinta
1159 856 1339 927 regula
1373 853 1696 910 innocentiae
1725 850 1972 906 militari-

392 963 494 1016 bus
530 957 740 1014 actibus
784 962 1070 1022 occupato,
1115 950 1194 1003 sic
1237 945 1580 1002 considerare
1633 941 1974 1012 temporalia.

393 1061 453 1106 ut
483 1049 607 1120 plus
642 1045 884 1102 attendat
921 1051 1153 1105 aeterna;
1193 1039 1270 1094 sic
1301 1035 1584 1091 consulere
1621 1032 1978 1104 praesentibus

395 1141 625 1209 actibus,
665 1146 725 1193 ut
763 1136 882 1206 plus
918 1135 986 1188 de
1018 1132 1208 1186 futuris
1245 1129 1443 1199 cogitet
1481 1127 1742 1196 praemiis.
1793 1122 1981 1178 Evenit

397 1234 540 1288 enim
563 1231 896 1300 frequenter,
923 1224 1064 1295 quod
1094 1224 1341 1294 ignorare
1363 1235 1470 1274 non
1501 1229 1674 1288 potes,
1700 1217 1981 1284 sapientiae

399 1326 598 1396 Spiritu
644 1330 837 1378 cuncta
880 1318 1155 1374 rcvelanle
1195 1311 1442 1368 sensibus
1485 1309 1624 1374 tuis,
1672 1317 1728 1362 ut
1777 1304 1981 1376 aliquid

402 1418 518 1474 ﬁeri
575 1412 866 1471 necessitas
911 1418 1068 1480 cogat
1119 1405 1263 1477 quod
1308 1413 1508 1460 aeterna
1559 1402 1646 1457 lex
1696 1399 1984 1470 prohibet,

405 1510 559 1565 verbi
606 1506 774 1578 gratia
796 1543 812 1568 ,
840 1516 910 1558 ne
943 1499 1211 1569 incognita
1255 1494 1588 1563 proferamus
1619 1492 1865 1560 exempla
1897 1506 1910 1543 :
1943 1488 1990 1542 si

408 1603 592 1672 plures
633 1601 686 1653 in
722 1596 960 1653 exercitu
1007 1592 1302 1648 fortissimo
1349 1589 1684 1658 reperiantur
1728 1580 1988 1648 haeretici,

411 1690 743 1748 infidelitatis
774 1687 1098 1741 sententiam
1128 1684 1314 1739 falsam
1355 1680 1609 1749 pertinaci
1652 1677 1997 1733 animositate

414 1783 782 1841 vindicantes,
832 1788 886 1831 ct
941 1784 1157 1842 propter
1211 1777 1312 1829 hoc
1353 1771 1626 1828 haereticis
1659 1784 1880 1839 parcere
1908 1767 1994 1821 vel

417 1872 701 1930 consulere
731 1869 838 1923 dux
871 1867 1172 1922 catholicus
1201 1865 1516 1929 suadeatur,
1552 1870 1644 1916 aut
1670 1859 1886 1915 nefandi
1913 1874 1993 1914 cr-

419 1966 559 2021 roris
609 1959 1048 2031 praedicatoribus
1100 1954 1529 2010 cxcrcendarum
1591 1951 1856 2006 licentiam
1909 1949 1999 2001 tri-

422 2058 581 2112 buere
601 2050 1080 2121 blasphemiarum,
1109 2047 1376 2117 patienter
1406 2044 1585 2100 ferens
1609 2053 1826 2111 propter
1848 2056 2006 2095 scan-

423 2147 604 2202 dalum
625 2143 764 2213 quod
795 2141 902 2212 pati
934 2138 1209 2203 formidat,
1241 2137 1401 2192 etiam
1425 2152 1521 2191 eos
1545 2135 1756 2188 lavacro
1785 2131 2005 2187 secundi

425 2233 760 2304 baptismatis
793 2230 981 2301 pollui,
1027 2229 1137 2298 jam
1160 2228 1326 2282 semel
1357 2235 1609 2288 renatos;
1662 2239 1854 2293 nempe
1900 2232 2007 2276 tam

427 2327 581 2382 malae
634 2322 870 2378 suasioni
909 2321 1276 2386 consentiens,
1331 2319 1456 2374 licet
1496 2318 1727 2388 aliquam
1771 2316 2013 2371 videatur

430 2419 523 2472 util
550 2423 712 2471 tatem
752 2415 1014 2469 bonorum
1053 2410 1427 2480 temporalium
1471 2409 1786 2478 praestitis~e
1827 2406 2010 2476 subje-

431 2509 552 2572 ctis,
604 2507 705 2562 sibi
733 2503 950 2561 interim
979 2503 1191 2566 nocuit;
1222 2501 1348 2555 dum
1383 2500 1451 2555 de
1481 2498 1751 2568 adjutorio
1795 2497 1886 2552 Dei
1922 2497 2017 2550 ini-

433 2615 533 2656 nus
554 2610 803 2667 sperasse
822 2593 1113 2664 judicatus,
1135 2592 1404 2647 interdum
1436 2590 1700 2645 deteriora
1730 2604 1886 2658 quam
1912 2586 2018 2642 for—

436 2689 601 2745 midat
644 2684 882 2756 pericula
920 2685 1149 2748 tolerat;
1183 2692 1236 2736 et
1268 2696 1366 2738 nec
1393 2680 1445 2734 in
1477 2695 1571 2735 sua
1603 2679 1708 2734 fide
1736 2689 2016 2743 constans,

438 2786 655 2835 exercet
709 2782 1078 2845 competenter
1119 2773 1292 2827 zelum
1342 2771 1638 2841 religionis,
1693 2784 1792 2824 nec
1843 2770 2020 2824 evadit

439 2871 648 2927 ruinam
673 2866 1005 2940 gravissimae
1036 2863 1418 2926 tribulationis,
1443 2864 1563 2934 quia
1597 2863 1886 2931 praeposuit
1916 2869 2025 2916 ter-

441 2979 569 3019 rana
611 2960 944 3024 coelestibus,
986 2968 1038 3013 et
1067 2957 1397 3010 voluntatem
1445 2953 1719 3009 Creatoris
1749 2953 2026 3009 offendere

446 3055 751 3110 nullatenus
773 3049 1057 3115 dubitavit,
1076 3049 1290 3113 placere
1312 3047 1495 3100 volens
1519 3045 1824 3100 hominibus
1847 3054 2028 3100 mente

445 3143 730 3212 corruptis.
761 3142 956 3196 Beatus
983 3153 1112 3210 ergo
1136 3141 1243 3195 eris
1267 3139 1335 3204 si,
1368 3137 1685 3192 militaribus
1707 3137 1913 3191 actibus
1940 3152 2030 3192 nc—

448 3246 692 3307 cupatus,
710 3248 806 3304 pro
831 3231 936 3286 fiJe
959 3246 1084 3286 vera
1107 3245 1265 3300 quam
1294 3240 1464 3293 tenes,
1485 3230 1684 3284 nemini
1713 3229 2029 3293 blandiaris;

448 3339 504 3386 et
528 3328 792 3382 adversus
813 3340 930 3380 eam
965 3339 1128 3378 canes
1157 3323 1511 3392 procedentes
1536 3338 1604 3377 ex
1633 3322 1847 3376 officina
1881 3337 2033 3374 men.

448 3403 588 3476 tiacii
625 3418 820 3472 latrare
855 3413 1358 3484 prohibeaszspem
1403 3422 1546 3467 tuam
1591 3426 1797 3481 ponens
1841 3413 1894 3465 in
1942 3411 2038 3465 illo

453 3507 606 3577 cujus
630 3505 876 3577 potestati
907 3519 1066 3559 nemo
1094 3503 1301 3560 resistit
1336 3503 1587 3572 impune;
1620 3519 1778 3572 quem
1802 3503 1845 3556 si
1873 3502 2037 3556 otfen-

455 3599 621 3662 deris,
641 3597 756 3652 sine
779 3610 939 3652 causa
966 3594 1034 3650 de
1055 3593 1398 3650 multitudine
1427 3594 1709 3664 praesumis
1731 3595 2036 3655 exercitus;

456 3692 499 3745 si
530 3688 779 3744 habueris
809 3687 1120 3757 propitium,
1147 3700 1318 3756 neque
1345 3685 1571 3740 militem
1601 3687 1914 3752 superbum,
1946 3701 2040 3738 ne-

459 3794 564 3848 que
603 3777 893 3833 violentum
947 3776 1160 3831 timebis
1217 3777 1448 3830 bouem.
1491 3775 1866 3844 Principaliter
1917 3790 2043 3844 ergo

459 3888 584 3928 cura
616 3871 706 3926 tibi
735 3870 802 3923 sit
832 3876 1092 3936 occupato
1117 3867 1441 3921 militaribus
1467 3867 1696 3931 actibus,
1722 3877 1781 3920 ut
1801 3866 1933 3920 lides
1957 3881 2044 3920 ca-

462 3963 660 4016 tholica
687 3975 897 4028 semper
916 3959 1092 4012 vincat
1113 3956 1452 4010 adversarios
1470 3969 1617 4014 suos.
1650 3955 1798 4009 lianc
1819 3953 2048 4008 defende

464 4057 606 4106 inter
627 4059 773 4105 arma
797 4060 851 4102 et
871 4049 1099 4119 gladios,
1127 4047 1265 4102 hanc
1291 4036 1554 4116 persuade
1581 4044 1849 4099 mentibus
1870 4052 2045 4098 arma-

467 4154 664 4196 torum.

541 4231 630 4288 5‘2.
664 4229 824 4286 Ftdes
860 4239 1037 4283 autem
1077 4228 1342 4282 catholica
1373 4235 1481 4294 est,
1523 4214 1696 4282 Patris
1741 4236 1796 4282 et
1835 4225 1951 4282 Filii
1999 4237 2052 4280 et

469 4328 702 4398 Spiritus
732 4322 903 4380 sancti
936 4337 1093 4376 unant
1128 4331 1315 4376 contra
1343 4321 1528 4376 Anum
1556 4322 1937 4388 substantiam,
1965 4320 2049 4375 vel

470 4421 781 4485 essentiam,
804 4429 912 4472 tres
933 4417 1193 4474 adversus
1223 4414 1513 4469 Sabellium
1546 4413 1836 4484 praedicare
1868 4430 2053 4484 perso-

473 4533 603 4584 nas;
630 4524 686 4569 ut
714 4529 834 4569 cum
861 4516 995 4566 lene
1025 4511 1294 4566 intellecta
1324 4509 1483 4565 fuerit
1509 4508 1561 4564 in
1582 4509 1822 4564 essentia
1851 4510 2046 4573 unitas,

474 4609 526 4660 in
552 4605 792 4675 personis
825 4603 1140 4671 pr0prietas,
1167 4615 1294 4656 vera
1311 4615 1521 4671 quoque
1546 4601 1596 4654 in
1622 4599 1902 4670 majestate
1921 4601 2053 4653 ado-
2086 4579 2137 4638 D

473 4705 618 4752 retur
639 4695 932 4763 aequalitas.
966 4691 1097 4746 Ties
1122 4692 1264 4747 enim
1287 4701 1430 4755 sunt,
1459 4691 1574 4761 quit
1601 4691 1736 4744 alius
1764 4699 1844 4744 est
1875 4689 2050 4756 Pater,

474 4787 606 4840 alius
635 4785 821 4849 Filius,
849 4785 980 4838 alius
1008 4783 1242 4851 Spiritus
1271 4794 1507 4837 sanctus.
1533 4782 1639 4837 Sed
1670 4783 1721 4836 hi
1752 4793 1861 4836 tres
1892 4800 2054 4837 unum

471 4884 618 4938 Sunt,
648 4886 698 4928 ct
723 4888 930 4926 sumine
957 4889 1118 4926 Ulllllll
1150 4884 1304 4938 sunt,
1331 4873 1451 4940 quia
1483 4872 1798 4941 singillatim
1814 4873 1949 4928 Deus
1975 4885 2057 4928 est

478 4965 655 5027 Pater,
685 4964 821 5016 Deus
847 4962 1030 5026 Filius,
1067 4963 1203 5018 Deus
1235 4963 1467 5033 Spiritus
1495 4974 1713 5025 sanctus
1743 4981 1754 5016 :
1786 4980 1956 5034 neque
1982 4979 2058 5022 ta-

479 5073 602 5112 men
636 5065 745 5109 ties
776 5055 876 5121 dii,
928 5055 1020 5110 sed
1052 5071 1186 5109 unus
1216 5065 1298 5111 est
1335 5057 1496 5126 Deus,
1542 5059 1609 5113 de
1639 5075 1743 5128 quo
1780 5060 2058 5129 Scriptina

479 5157 661 5204 sancta
703 5148 825 5200 dicit
858 5166 870 5200 :
900 5149 1054 5213 Audi,
1085 5147 1283 5216 Israel,
1318 5148 1570 5205 Dominus
1609 5152 1748 5206 Deus
1775 5163 1890 5209 tuus
1924 5154 2062 5211 Deus

480 5257 612 5295 utine
637 5241 710 5294 est
735 5239 914 5311 (Deut.
943 5256 1016 5304 vt,
1049 5241 1131 5310 Ii).
1163 5241 1536 5311 SuSpicionem
1571 5261 1800 5314 namque
1834 5249 2062 5304 solitarii

485 5337 575 5389 Dei
609 5343 848 5389 removet
877 5333 1132 5400 Trinitas,
1159 5343 1212 5389 et
1236 5351 1396 5389 unum
1427 5337 1590 5390 Deum
1613 5338 1955 5395 credentibus
1977 5357 2065 5397 os-

483 5425 652 5478 tendit
679 5441 781 5478 una
820 5423 1142 5478 substantia.
1183 5423 1300 5479 Non
1331 5426 1409 5481 sic
1442 5442 1567 5492 una,
1607 5437 1664 5480 ut
1696 5444 1788 5498 per
1823 5431 2062 5500 singulos

481 5517 796 5585 semiplena,
822 5515 874 5570 in
903 5517 1149 5570 omnibus
1181 5515 1273 5570 fiat
1305 5525 1432 5583 tota,
1475 5529 1526 5572 et
1557 5521 1676 5574 ideo
1699 5522 1771 5574 sit
1800 5538 1933 5588 una;
1967 5527 2061 5580 sed

485 5624 586 5662 una
611 5622 856 5672 numero,
888 5624 1108 5677 genere,
1141 5611 1360 5676 virtute,
1389 5613 1739 5680 plenitudine.
1759 5617 1927 5683 Quam
1952 5619 2060 5673 sic-

485 5712 542 5756 ut
573 5699 735 5757 habet
754 5701 808 5756 in
829 5703 1097 5770 omnibus,
1128 5705 1199 5758 ita
1228 5719 1330 5760 non
1361 5713 1508 5761 caret
1537 5707 1585 5760 in
1618 5707 1860 5779 singulis.
1895 5712 2061 5768 Tanta

487 5795 541 5850 in
570 5795 687 5853 solo
717 5792 894 5866 Patre,
917 5802 1126 5886 quanta.
1139 5796 1194 5885 in
1219 5796 1354 5858 Filio
1374 5808 1427 5859 et
1446 5799 1652 5872 Spiritu
1673 5811 1890 5875 sancto;
1919 5815 2062 5865 tanta

2071 509 2125 562 in
2156 504 2358 574 Spiritu
2389 505 2602 560 sancto,
2649 497 2846 562 quanta
2892 487 2946 542 in
2990 484 3150 540 Patre
3177 491 3236 537 et
3275 481 3432 536 Filio.
3485 479 3661 533 Tanta

2070 571 2346 669 poStremo
2371 591 2423 644 in
2451 584 2676 655 singulis
2701 595 2912 645 eorum,
2936 586 3134 648 quanta
3161 576 3214 628 in
3236 573 3466 628 duobus.
3493 571 3666 626 Tanta

2075 665 2128 744 in
2161 685 2397 748 duobus,
2427 687 2624 750 quanta
2657 676 2708 728 in
2739 673 2935 726 tribus.
2965 669 3137 723 Tanta
3169 667 3219 720 in
3251 665 3443 729 tribus,
3469 671 3675 733 quanta

2078 780 2131 835 in
2159 774 2399 844 singulis.
2431 767 2570 823 Nihil
2600 766 2797 835 quippe
2823 772 2904 816 εει
2937 759 3016 812 ibi
3045 755 3301 827 gradibus
3328 753 3668 816 ordinatum,

2083 869 2218 925 nihil
2242 862 2503 936 qualitate
2531 857 2828 919 diversum,
2863 849 2993 929 nihil
3035 847 3333 918 quantitate
3361 844 3670 902 minimum.

2082 959 2233 1016 nihil.
2249 933 2366 1010 loco
2391 954 2719 1020 separatum,
2753 942 2884 998 nihil
2918 953 3157 1010 tempore
3189 937 3489 1008 posterius,
3533 933 3670 989 nihil

2083 1048 2361 1108 ineflicax,
2393 1039 2528 1096 nihil
2557 1034 2828 1106 possibile.
2856 1031 2956 1088 Ubi
2989 1031 3092 1084 hoc
3127 1025 3499 1082 tantummodo
3532 1025 3672 1080 reci-

2088 1141 2170 1212 pit
2199 1134 2626 1194 distinetionem,
2669 1126 2814 1198 quod
2839 1124 2905 1179 ad
2933 1124 3162 1178 invicem
3189 1121 3292 1176 sibi
3335 1128 3484 1187 sunt,
3519 1120 3677 1174 Pater

2089 1239 2298 1295 scilicet
2319 1231 2408 1288 'ad
2450 1230 2666 1296 Filium,
2711 1225 2877 1280 Filius
2906 1222 2970 1276 ad
3007 1222 3240 1284 Patrem,
3275 1218 3510 1288 Spiritus
3547 1230 3675 1269 satr-

2094 1342 2212 1388 ctus
2251 1328 2315 1382 ad
2348 1339 2442 1381 eos
2469 1324 2538 1379 de
2575 1319 2769 1390 quibus
2799 1326 2854 1372 et
2883 1330 3003 1369 cum
3045 1313 3240 1382 quibus
3265 1321 3320 1366 et
3365 1309 3597 1379 Spir-itis
3631 1317 3686 1360 at

2096 1430 2315 1479 sanctus
2353 1427 2471 1482 est,
2523 1423 2581 1468 ut
2624 1413 2739 1480 ipse
2784 1409 2934 1463 solus
2970 1407 3022 1460 in
3073 1405 3340 1459 Trinitate
3389 1402 3690 1473 appelletur

2097 1520 2350 1577 sanctus;
2381 1506 2766 1578 propriumque
2795 1501 2865 1556 sit
2902 1501 3072 1554 Patris
3101 1511 3380 1568 generare,
3413 1495 3697 1564 proprLum-

2101 1605 2222 1662 Filii
2256 1576 2426 1666 nasci,
2461 1576 2730 1668 proprium
2761 1586 2993 1662 Spiritus
3019 1590 3187 1645 sancti
3221 1589 3287 1642 de
3317 1599 3538 1656 utroque
3561 1597 3688 1656 pra-
3744 1576 3752 1581 ’

2101 1697 2320 1753 cedere.
2363 1693 2523 1747 Pater
2563 1691 2762 1760 quippe
2809 1685 2966 1740 unius
3001 1680 3119 1736 Filii
3162 1688 3245 1735 est
3301 1679 3485 1741 Pater,
3531 1676 3697 1729 Filius

2113 1788 2272 1842 unius
2301 1783 2472 1839 Patris
2503 1790 2586 1834 est
2618 1777 2806 1842 Fi.ius,
2841 1773 3072 1842 Spiritus
3098 1778 3319 1824 sanctus
3347 1777 3401 1821 et
3437 1765 3614 1820 Patris
3642 1772 3699 1820 et

2108 1879 2228 1934 Filii
2267 1886 2350 1932 est
2387 1871 2658 1946 S,.iritus._
2685 1869 2767 1923 Ad
2819 1865 2990 1920 solum
3025 1862 3228 1917 Patrem
3283 1861 3579 1932 generatio,
3631 1856 3696 1908 ad

2107 1971 2283 2026 solum
2314 1965 2510 2021 Filium
2541 1960 2813 2021 nativitas,
2849 1956 2914 2011 ad
2946 1955 3123 2009 solum
3166 1951 3425 2018 Spiritum
3451 1959 3697 2002 sanctum

2112 2060 2339 2131 pertinet
2384 2055 2453 2110 de
2493 2063 2721 2121 utroqve
2769 2048 3066 2119 processio.
3117 2043 3312 2099 Merito.
3339 2042 3466 2095 dum
3512 2038 3708 2094 salutis

2113 2172 2162 2208 in
2183 2163 2312 2207 strae
2360 2146 2656 2204 necessitas
2691 2149 3066 2212 exspectaret,
3118 2147 3176 2191 ut
3205 2143 3420 2206 propter
3451 2132 3702 2187 homines

2117 2243 2425 2302 liberandos
2472 2241 2615 2295 Deus
2655 2237 2816 2291 homo
2861 2242 3172 2288 nasceretur
3207 2245 3266 2282 ex
3317 2226 3558 2288 ιιειιδιίηθ,
3593 2239 3699 2278 non

2119 2345 2200 2391 est
2237 2343 2392 2390 natus
2420 2327 2719 2386 secundum
2748 2338 2964 2380 carnem
2998 2322 3176 2389 Pater,
3208 2318 3331 2389 quia
3361 2315 3529 2371 Filius
3563 2330 3703 2369 nun-

2131 2444 2291 2500 quam
2323 2426 2439 2491 fuit,
2473 2439 2577 2478 non
2607 2421 2835 2491 Spiritus
2866 2425 3109 2479 sanctus.
3156 2413 3248 2484 qui
3293 2427 3392 2466 nec
3425 2413 3582 2464 Pater
3611 2411 3710 2463 fuit

2135 2517 2423 2588 aliquando
2453 2528 2553 2569 nec
2573 2512 2762 2568 Filius.
2794 2508 2899 2564 Sed
2929 2517 3083 2561 natus
3104 2512 3188 2560 est
3218 2503 3383 2558 Fiiius
3403 2501 3599 2569 utipsc
3622 2499 3712 2553 lie-

2132 2620 2216 2667 ret
2246 2611 2385 2670 tilius
2411 2604 2648 2676 Virginis
2679 2603 2885 2665 matris,
2927 2600 3022 2670 qui
3048 2609 3130 2654 est
3158 2596 3323 2652 Filius
3357 2595 3449 2649 Dei
3481 2592 3658 2648 Patris
3688 2610 3702 2647 ι

2128 2716 2180 2763 et
2216 2718 2308 2774 per
2340 2695 3052 2767 temporalemnativitatem
3080 2689 3172 2744 Dei
3195 2688 3580 2756 omnipotenth~
3615 2701 3714 2737 nn-

2131 2807 2308 2852 nerus
2337 2792 2484 2846 nullo
2509 2788 2668 2843 modo
2700 2794 2969 2841 cresceret
3000 2783 3257 2847 ﬁliarum,
3288 2793 3462 2846 neque
3487 2777 3625 2831 duos
3655 2777 3717 2829 li-

2132 2885 2476 2941 lius-faceret
2526 2879 2666 2934 unici
2729 2876 2850 2956 Filii
2896 2873 3128 2930 secunda
3176 2872 3458 2926 nativitas;
3495 2868 3724 2935 Maxime

2136 2983 2259 3051 quia
2292 2976 2435 3031 idem
2464 2974 2578 3043 ipse
2603 2986 2738 3025 unus
2759 2969 2948 3035 Filius,
2979 2966 3308 3035 sempiterno
3341 2963 3737 3017 Patricoaeter-

2135 3088 2254 3136 nus,
2294 3061 2793 3124 eonsubstantialis,
2831 3059 3077 3128 aequalis,
3109 3071 3268 3125 quem
3299 3055 3472 3110 solum
3504 3060 3723 3120 oporte-

2059 3195 2106 3257 ο
2141 3167 2232 3220 bat
2257 3161 2417 3217 etiam
2455 3157 2618 3216 [ilium
2651 3153 2884 3210 hominis
2909 3151 3045 3216 ﬁeri,
3078 3157 3362 3219 postquam
3390 3144 3538 3201 venit
3559 3145 3729 3214 pleni-

2144 3256 2270 3310 tudo
2298 3250 2579 3319 temporis,
2604 3255 2662 3300 ut
2689 3245 2771 3299 vir
2799 3243 2951 3298 ﬁeret
2984 3257 3047 3296 ex
3079 3241 3324 3302 muliere,
3349 3239 3734 3306 redempturus

2141 3347 2288 3400 viros
2315 3357 2379 3396 ac
2421 3338 2710 3400 mulieres,
2760 3335 2813 3390 in
2845 3349 2953 3388 uno
2993 3347 3122 3386 sexu
3168 3329 3534 3396 temporaliter
3577 3338 3732 3381 natus

2144 3445 2203 3490 nt
2235 3443 2524 3500 utrumque
2545 3427 2778 3481 salvaret
2799 3465 2816 3489 ,
2850 3439 3013 3496 unum
3048 3421 3296 3491 eligendo
3332 3421 3385 3473 in
3412 3436 3520 3489 quo
3542 3433 3734 3473 nasce-

2145 3540 2312 3592 retur,
2342 3525 2505 3579 alinm
2533 3521 2674 3576 unde
2704 3527 3038 3579 nasceretur,
3092 3515 3166 3568 ita
3203 3516 3441 3582 suscepit
3471 3511 3730 3568 substan-

2148 3620 2234 3672 tiae
2279 3623 2478 3670 nostrae
2517 3610 2822 3673 veritatem,
2873 3621 2942 3662 ne
2987 3619 3232 3676 personae
3277 3619 3391 3659 sua:
3433 3603 3737 3672 duplicaret

2147 3707 2607 3780 singularitatem,
2651 3704 2874 3757 duarum
2929 3699 3350 3756 substantia-rum
3405 3699 3587 3768 gigas,
3639 3697 3734 3752 sel

2147 3807 2308 3860 unius
2345 3813 2519 3856 tamen
2565 3799 2916 3869 ejusdemque
2955 3811 3222 3865 personae.
3271 3794 3504 3850 Ver-bum
3537 3795 3743 3862 quippe

2149 3907 2274 3952 ante
2305 3908 2542 3959 carnem,
2596 3906 2700 3946 una
2732 3900 2940 3954 natura,
2977 3899 3028 3944 et
3061 3903 3166 3944 una
3197 3903 3457 3957 persona;
3505 3887 3741 3942 Verbum

2152 4005 2282 4044 earn
2306 3986 2503 4041 factum
2524 4025 2538 4049 ,
2573 3983 2691 4038 duae
2723 3991 2926 4036 naturae
2948 4022 2961 4046 ,
2994 3989 3048 4035 et
3087 3996 3188 4034 una
3219 3993 3468 4048 persona.
3506 3978 3740 4032 Verbum

2154 4089 2281 4134 ante
2309 4091 2552 4144 carnem,
2583 4072 2902 4130 homousion
2929 4071 3104 4137 Patri;
3135 4071 3360 4126 Verbum
3383 4084 3517 4125 caro
3549 4073 3744 4136 Factum

2155 4168 2471 4224 homou'sion
2503 4179 2556 4220 et
2583 4164 2727 4218 Patri
2766 4173 2822 4218 et
2862 4163 3040 4216 matri.
3088 4161 3319 4217 Verbum
3359 4169 3487 4215 ante
3518 4175 3736 4214 carnem

2154 4261 2271 4315 sine
2313 4259 2465 4313 initio
2515 4259 2770 4326 temporis
2826 4256 3171 4310 inelfabiliter
3210 4255 3459 4323 genitus;
3505 4252 3735 4308 Verbum

2157 4368 2284 4407 caro
2315 4350 2511 4406 factum
2544 4360 2822 4419 postquam
2849 4349 2992 4402 venit
3024 4347 3298 4418 plenitudo
3331 4346 3614 4413 temporis,
3643 4343 3740 4398 mi-

2160 4443 2399 4497 rabiliter
2433 4455 2484 4495 et
2529 4434 2894 4510 singulariter,
2938 4441 3056 4494 sine
3102 4438 3290 4492 morbo
3331 4436 3570 4491 libidinis
3619 4449 3737 4504 pro-

2161 4544 2395 4588 creatus.
2436 4533 2670 4587 Veritum
2697 4546 2823 4586 ante
2844 4547 3061 4586 carnem
3088 4544 3280 4585 novum
3304 4529 3576 4583 fabricatis
3600 4543 3748 4581 mun-

2161 4625 2321 4689 dum;
2368 4623 2602 4678 Verbum
2657 4638 2784 4679 caro
2838 4623 3056 4688 factum,
3110 4631 3421 4690 pereuntem
3477 4621 3748 4674 redimens

2166 4716 2442 4768 mundum.
2479 4714 2710 4768 Verbum
2733 4724 2855 4769 ante
2884 4730 3119 4778 carnem,
3155 4713 3330 4766 divina
3362 4711 3602 4777 faciens;
3632 4710 3748 4764 Vel“

2167 4808 2289 4859 bum
2321 4821 2447 4866 caro
2482 4807 2701 4869 factum,
2740 4805 2898 4859 simul
2925 4805 3104 4858 divina
3145 4803 3366 4868 faciens,
3397 4811 3456 4857 et
3500 4803 3746 4859 humana.

2167 4898 2433 4968 quomodo
2465 4899 2648 4966 voluit,
2675 4899 2904 4965 patiens.
2939 4897 3172 4951 Verbum
3204 4906 3330 4948 ante
3359 4909 3608 4960 carnem,
3635 4893 3743 4947 uni-

2170 4991 2378 5059 genittts
2435 4990 2606 5054 licus;
2671 4988 2898 5041 Verbum
2947 5003 3072 5043 caro
3129 4989 3347 5050 iactum,
3407 4983 3747 5042 Emmanuel,

2168 5084 2308 5150 quod
2340 5083 2718 5148 interpretatur
2741 5081 3024 5136 Nobiscum
3047 5082 3216 5134 Deus.
3237 5080 3382 5134 Idem
3415 5090 3596 5131 tamen
3621 5079 3748 5145 ipsis.

2177 5171 2406 5225 Verbum
2438 5185 2565 5224 caro
2594 5172 2813 5231 fat-tum,
2840 5171 2928 5239 qui
2958 5171 3103 5238 prius
3127 5171 3179 5221 in
3209 5169 3475 5236 principio
3497 5178 3616 5221 erat
3639 5164 3750 5217 Ver-

2172 5262 2320 5326 bum,
2354 5269 2406 5316 ct
2433 5261 2659 5315 Verbum
2689 5272 2806 5317 erat
2837 5263 2974 5328 apud
3011 5263 3196 5323 Deum,
3240 5269 3292 5313 ct
3325 5260 3464 5313 Deus
3485 5269 3603 5313 erat
3635 5259 3751 5312 Ver-

2173 5355 2294 5410 bum
2329 5372 2344 5410 :
2376 5354 2496 5424 quia
2552 5372 2654 5410 non
2704 5357 2862 5408 homo
2907 5355 3078 5419 Deus,
3131 5354 3224 5407 sed
3277 5353 3415 5406 Deus
3468 5355 3640 5404 fat-tus
3675 5358 3752 5403 est

2177 5453 2336 5500 homo
2370 5455 2423 5498 ut
2462 5445 2621 5498 hctno
2665 5455 2804 5498 c~sct
2853 5446 3019 5510 Deus,
3069 5445 3118 5498 id
3160 5455 3238 5497 cst
3285 5442 3537 5497 Christus
3578 5443 3745 5494 Jesus.

2178 5539 2418 5602 Quicum
2459 5537 2508 5588 in
2548 5537 2712 5604 forma
2746 5535 2841 5589 Dei
2883 5546 3036 5600 esset,
3090 5554 3188 5587 non
3219 5536 3458 5602 rapinam
3485 5535 3754 5584 arbitratus

2175 5638 2244 5681 est
2288 5644 2392 5680 esse
2428 5644 2482 5681 se
2520 5628 2764 5696 (aqualem
2811 5627 2944 5691 Deo,
2985 5626 3072 5680 sed
3115 5629 3441 5692 semetipsum
3481 5622 3752 5677 exinanita

2173 5725 2391 5790 [orntum
2440 5723 2565 5775 servi
2621 5724 2914 5792 accipiens,
2965 5723 3018 5774 in
3064 5720 3454 5774 simit'imdinrm
3501 5719 3757 5770 hominum

2175 5810 2429 5883 {acugel
2455 5813 2629 5868 Ita‘itn
2671 5813 2896 5867 inretitus
2940 5821 2990 5866 ut
3032 5811 3200 5866 homo.
3237 5811 3544 5866 fluutiliaait
3585 5819 3759 5865 εειιιεῑο
