3958 6358
306 338 404 409 uti

1509 346 1861 419 ill’iSTCL.£
1905 364 1989 417 ετ
2025 344 2406 423 uersanti.

3476 375 3583 431 9.”:

305 477 471 539 ipsum
501 474 663 540 {actus
696 470 929 527 obedienc
962 490 1116 545 usque
1162 476 1229 531 ad
1259 489 1494 542 mortem,
1549 488 1761 532 mortem
1788 496 1887 533 att—
1919 486 1964 540 Α
1997 480 2323 548 temporibus
2359 482 2843 539 administrationis
2897 496 3001 541 tua:
3041 488 3375 556 peccantium
3414 504 3577 560 syna-

305 572 403 616 tem
440 562 627 617 crucis.
664 562 881 641 Prognen:
917 568 1057 634 quod
1091 577 1138 621 et
1189 566 1322 622 Deus
1365 570 1513 623 illum
1541 570 1802 633 excitarit,
1843 580 1892 625 et

305 654 513 707 donavit
544 655 590 705 ei
626 670 839 722 nomen,
870 659 1005 723 quod
1036 668 1108 710 est
1136 675 1292 727 super
1317 676 1464 713 omne
1488 676 1708 725 nomen;
1756 671 1807 715 ut
1839 663 1891 715 in

304 745 507 797 noiuiue
523 741 647 798 Jesu
671 761 969 816 omnetgenu
987 751 1225 818 ﬂectatur
1246 752 1549 817 rteleuium,
1577 754 1892 807 terrestrium

305 845 352 889 et
390 836 752 915 infernarum;
786 846 833 891 et
870 840 1032 892 comis
1074 841 1252 907 lingua
1292 843 1599 910 conﬁteatur
1633 845 1753 911 quia
1786 842 1893 898 Do—

305 929 469 981 minus
488 926 640 985 Iesus
672 927 904 984 Christus
931 932 984 983 in
1012 931 1178 1000 gloria
1200 942 1270 985 est
1300 930 1392 986 Dei
1426 933 1601 987 Patris
1624 932 1890 1005 (Philipp.

307 1035 362 1083 tl,
405 1018 577 1076 (Mli.

379 1131 467 1185 l5.
501 1131 597 1186 ilic
625 1142 709 1186 est
746 1133 1002 1189 Dominus
1031 1136 1221 1201 .Iesus,
1253 1138 1342 1208 qui
1378 1138 1429 1192 in
1472 1139 1736 1197 Trinitate
1773 1156 1893 1211 per-

305 1222 442 1276 fecta
477 1223 642 1277 Filius
674 1226 1002 1290 omninatur,
1038 1227 1248 1296 quando
1294 1230 1344 1283 in
1392 1232 1610 1286 nomine
1643 1232 1819 1287 Patris
1839 1242 1894 1287 et

310 1314 425 1368 l-‘ilii
468 1326 522 1369 et
559 1316 789 1386 Spiritus
827 1322 997 1373 sancti
1054 1321 1309 1390 baptizari
1348 1302 1622 1391 jubemur’.
1668 1325 1763 1379 llic
1812 1336 1894 1380 est

307 1422 530 1477 magnus
560 1420 614 1464 et
644 1425 867 1479 parvus,
908 1415 1151 1469 excelsus
1185 1426 1237 1471 ct
1269 1415 1503 1483 humilis,
1549 1419 1894 1488 impassibilis

307 1512 360 1555 et
402 1504 699 1571 passiliilis.
747 1504 1062 1562 immortalis
1108 1518 1163 1563 et
1204 1510 1465 1576 mortalis,
1516 1512 1633 1567 sine
1673 1522 1893 1581 peccato

307 1594 449 1649 inter
481 1595 732 1649 homines
761 1598 948 1651 vivens
977 1610 1029 1653 et
1057 1608 1274 1669 precata
1311 1602 1614 1657 hominibus
1637 1602 1845 1658 donans
1876 1621 1890 1658 :

307 1687 607 1751 pereuntia
644 1688 839 1743 similis
885 1690 1040 1743 nobis
1072 1690 1275 1761 absque
1311 1703 1547 1760 peccato,
1581 1705 1634 1749 et
1664 1710 1758 1763 per
1777 1711 1893 1750 om-

308 1776 391 1832 nia
426 1782 621 1835 similis
656 1783 822 1848 Patri,
853 1786 958 1851 qui
993 1785 1146 1839 nobis
1176 1803 1296 1839 eum
1332 1788 1477 1840 misit
1508 1789 1558 1841 in
1587 1788 1893 1847 similitudl‘

1996 585 2151 640 goga,
2186 582 2392 626 crescat
2422 589 2675 627 numerus
2706 576 3030 631 electorum.
3072 578 3128 632 Si
3172 578 3439 647 gloriosus
3467 579 3577 634 effi-

1994 662 2133 713 citur
2170 660 2323 731 cujus
2366 663 2548 717 labore
2596 664 2883 719 dilatantur
2936 668 3077 723 lines
3111 668 3344 738 imperii,
3377 681 3577 739 quanto

1994 750 2092 805 erit
2119 751 2398 819 gloriosior
2443 754 2595 821 cujus
2638 754 2819 811 labore
2869 758 3129 813 cetholica
3180 760 3570 830 multiplicatur

1996 841 2274 896 Ecclesia?
2319 842 2501 900 Gaude
2546 847 2610 899 ad
2647 846 2789 900 lucra
2823 848 3041 913 Christi,
3095 851 3218 906 dole
3259 853 3311 906 in
3359 853 3580 923 dipon-

1994 932 2118 987 diis.
2167 934 2498 1004 Semperque
2530 938 2581 991 in
2615 926 2776 991 corde
2806 948 2893 992 tuo
2927 950 3139 996 maneat
3178 945 3403 1012 apostoli
3438 945 3580 1001 Petti

1994 1034 2294 1100 sententia,
2346 1038 2611 1105 principes
2637 1038 2737 1091 sub
2767 1026 2866 1091 Lac
2897 1039 3313 1109 interrogatione
3357 1046 3583 1110 culpan-

1993 1122 2095 1179 tis:
2126 1124 2240 1191 Cui,
2291 1126 2479 1195 inquit,
2528 1128 2731 1182 obedire
2777 1130 3018 1199 oportet?
3046 1128 3151 1184 Deo
3198 1147 3263 1184 an
3292 1133 3578 1187 hominibus

1997 1216 2131 1286 (Art.
2163 1232 2211 1282 ν,
2246 1217 2339 1289 29)
2362 1220 2384 1271 ?
2407 1220 2516 1275 Iloc
2548 1219 2725 1289 itaque
2752 1232 2826 1281 tu,
2861 1221 2962 1273 dux
2997 1221 3189 1289 fidelis,
3218 1223 3430 1293 quoties
3460 1225 3581 1281 lidii

1996 1318 2101 1364 ture
2130 1309 2313 1365 fervor
2341 1313 2592 1381 profanos
2625 1314 2819 1367 milites
2844 1314 3189 1379 scandalizat,
3218 1328 3313 1370 ore
3342 1327 3394 1371 et
3420 1320 3584 1373 Corde

2000 1402 2085 1455 die
2118 1420 2130 1454 :
2161 1402 2255 1456 Cui
2304 1404 2523 1459 obedire
2546 1406 2793 1473 Oportet?
2829 1405 2935 1460 Deo
2985 1423 3049 1460 an
3102 1407 3437 1465 hominibus?
3480 1411 3583 1465 Re-

1996 1494 2295 1562 spondentc
2323 1506 2495 1550 autem
2528 1498 2852 1551 conscientia
2882 1510 2966 1551 ttta
2998 1516 3010 1552 :
3046 1499 3173 1563 Deo,
3203 1500 3440 1569 loquere,
3472 1501 3576 1567 fac,

1996 1588 2182 1642 ordina
2214 1589 2351 1656 quod
2382 1589 2555 1659 diligit
2585 1591 2752 1656 Deus;
2810 1603 2865 1645 ut
2896 1594 3197 1663 quicunque
3223 1593 3334 1663 jam
3366 1605 3581 1648 contra-

1997 1678 2059 1732 rii
2091 1679 2329 1733 veritatis
2361 1681 2619 1748 existunt,
2645 1690 2735 1735 aut
2765 1693 3057 1751 sequantur
3085 1683 3347 1749 volentes,
3376 1693 3468 1737 aut
3497 1700 3580 1737 re-

2001 1781 2250 1825 maneant
2272 1785 2690 1840 murnturan'cs,
2710 1786 2761 1829 et
2791 1774 2920 1828 nihil
2945 1775 3199 1830 adversus
3226 1777 3579 1832 orthodoxam

308 1889 428 1926 netu
460 1874 638 1927 canis
675 1875 897 1942 peccati.
947 1875 1097 1929 etde
1139 1887 1356 1945 peccato
1402 1878 1673 1932 damnavit
1706 1893 1892 1947 pecea-

2001 1862 2316 1931 religionem
2352 1866 2609 1919 valentes.
2642 1866 2825 1935 Neque
2846 1867 2989 1921 enim
3023 1867 3211 1923 deesse
3245 1876 3494 1936 poterunt
3515 1883 3578 1924 ex

307 1974 420 2017 tum
445 1963 497 2016 iu
524 1978 707 2018 carne.
745 1964 1014 2019 Veraciter
1043 1976 1095 2021 et
1139 1967 1353 2037 proprie
1384 1968 1548 2023 Filius
1574 1971 1665 2025 Dei
1702 1972 1894 2036 Patris,

310 2056 576 2109 veraciter
598 2066 649 2110 et
679 2058 893 2124 preprie
920 2056 1087 2112 Filius
1114 2059 1343 2128 Virginis
1373 2064 1579 2116 matris.
1608 2063 1781 2131 Super
1799 2079 1900 2118 cu:-

307 2150 388 2201 los
417 2150 520 2201 vita
547 2146 867 2213 viventium,
913 2164 1075 2219 super
1098 2164 1298 2207 terram
1330 2153 1594 2208 medicina
1630 2156 1887 2223 languen-

256 2228 257 2231 “
306 2237 464 2303 tium,
494 2237 633 2306 apud
664 2238 864 2294 inferos
893 2243 1222 2297 resurrectio
1253 2255 1607 2299 mortuorum.
1639 2246 1897 2302 Mediator

314 2332 403 2385 Dei
435 2339 490 2385 ct
521 2332 824 2397 hominum,
856 2343 1077 2403 propter
1098 2335 1231 2389 duas
1262 2337 1609 2405 substantias,
1645 2339 1759 2394 sive
1801 2354 1898 2393 ua-

306 2436 475 2489 tnras,
510 2441 733 2493 quarum
758 2435 842 2481 est
870 2426 943 2481 illi
977 2442 1079 2481 una
1109 2443 1229 2483 cum
1264 2428 1392 2493 Deo,
1426 2429 1591 2484 altera
1615 2430 1894 2487 uobiscum

300 2532 335 2581 pc
375 2516 633 2570 Inmunis.
681 2516 734 2570 In
767 2532 870 2570 una
902 2517 1197 2588 eademque
1225 2533 1477 2589 persona,
1520 2522 1569 2575 in
1611 2537 1711 2591 qua
1737 2538 1897 2577 verus

302 2604 479 2661 factus
517 2616 595 2663 est
630 2611 914 2676 mediator,
962 2626 1068 2665 non
1104 2612 1305 2667 habens
1351 2614 1561 2669 initium
1590 2616 1803 2670 tleitatis
1827 2616 1896 2671 de

308 2698 506 2763 Maria;
539 2700 633 2754 sed
668 2700 873 2756 habens
904 2702 1028 2758 inde
1062 2702 1341 2757 materiam
1379 2705 1556 2758 carnis
1588 2720 1747 2773 quam
1780 2720 1896 2761 sus-

304 2788 452 2858 cepit
493 2798 550 2843 ut
594 2800 927 2849 nasceretur.
970 2793 1181 2849 [labens
1212 2796 1377 2849 nostri
1410 2796 1623 2863 generis
1650 2784 1892 2863 carnem,

307 2898 414 2937 non
443 2882 666 2946 aeriam,
697 2899 800 2938 non
834 2887 1245 2954 phantasticam,
1280 2903 1382 2941 non
1416 2891 1483 2942 de
1510 2889 1650 2943 ρωιο
1675 2885 1891 2960 deposi-

308 2982 442 3041 tam,
471 2991 575 3030 neu
606 2977 817 3032 aliunde
844 2980 1035 3033 laetam
1063 2998 1075 3033 :
1116 2983 1359 3049 quamvis
1385 2981 1694 3048 humanam,
1733 2983 1896 3039 nullis

305 3067 559 3123 sordibus
596 3062 872 3139 originalis
912 3070 1205 3141 iniquitatis
1236 3087 1298 3126 ex
1335 3073 1513 3142 aliqua
1542 3087 1691 3143 parte
1722 3065 1897 3145 pollu-

306 3169 436 3228 tam,
465 3175 568 3213 tton
602 3177 664 3214 ex
698 3162 971 3230 voluptate
1013 3162 1192 3217 carnis
1217 3173 1271 3217 et
1301 3165 1597 3232 sanguinis,
1631 3166 1725 3219 sed
1773 3164 1896 3233 Spi-

2001 1955 2169 2008 altera
2198 1965 2366 2023 parte,
2416 1957 2607 2023 quibus
2640 1958 2853 2025 placeas
2883 1959 2932 2012 in
2963 1974 3125 2028 opere
3154 1961 3325 2025 bono,
3354 1975 3575 2029 quorum

1999 2046 2163 2101 corda
2209 2048 2300 2101 tibi
2352 2050 2592 2103 tenacius
2629 2050 2941 2105 inbzereant.
3000 2053 3206 2122 Ubique
3246 2052 3405 2109 habet
3450 2056 3482 2108 li
3521 2072 3582 2109 es

2000 2154 2123 2194 vera
2154 2140 2434 2196 dilectores
2458 2156 2603 2197 suos.
2629 2142 3029 2209 Quantumlibet
3058 2154 3183 2199 exto
3208 2144 3347 2199 Iatur
3377 2144 3505 2215 iuiqt
3530 2146 3581 2202 i-

2002 2242 2101 2295 tas,
2138 2232 2333 2286 vetitas
2366 2232 2549 2287 vincit.
2580 2232 2685 2289 Sed
2717 2249 2885 2302 pone,
2916 2236 3025 2290 sint
3062 2235 3281 2290 forsitan
3312 2236 3364 2291 in
3400 2242 3504 2292 mu:
3535 2241 3580 2292 i-

2000 2324 2183 2378 tudine
2230 2325 2496 2379 exercitus
2542 2326 2721 2394 plures
2772 2328 3029 2393 lucretici,
3083 2328 3240 2398 pauci
3279 2330 3577 2387 catholici:

2001 2415 2167 2482 magis
2193 2425 2243 2468 te
2270 2423 2481 2483 Oportit
2520 2417 2719 2471 viribus
2749 2416 3054 2474 fortissimis
3085 2419 3200 2481 niti,
3235 2429 3315 2488 ut,
3340 2422 3385 2477 ei
3412 2425 3580 2491 gratia

2002 2502 2093 2556 Dei
2130 2506 2447 2573 respexerit,
2487 2521 2675 2562 omnes
2717 2508 2909 2563 milites
2940 2510 3264 2566 fortissimos
3296 2513 3459 2569 fat-ias
3493 2529 3576 2569 ca-

2003 2595 2251 2665 tholicos,
2280 2608 2370 2652 aut
2398 2608 2544 2654 certe
2569 2615 2764 2669 paucos
2788 2602 3025 2658 dimittas
3050 2604 3350 2661 hmreticos.
3381 2606 3575 2663 Parum

2000 2689 2174 2742 adhuc
2208 2691 2417 2758 loquor.
2466 2692 2546 2746 Ad
2580 2693 2697 2746 illas
2737 2694 2967 2750 fortasse
3009 2696 3205 2751 missus
3233 2712 3293 2752 es
3334 2699 3579 2769 regiones

2001 2780 2088 2833 ubi
2122 2782 2327 2834 nullum
2362 2782 2600 2849 reperias
2644 2784 3026 2852 orthodoxam,
3053 2788 3133 2841 vel
3179 2798 3327 2843 certe
3367 2789 3579 2846 rarissi-

2002 2887 2118 2925 mas
2150 2888 2213 2927 ac
2247 2874 2493 2928 latentes.
2537 2874 2608 2928 lbi
2634 2890 2847 2946 quoque
2878 2878 3101 2932 viriliter
3128 2879 3330 2933 semina
3362 2881 3580 2937 verbum

2003 2965 2120 3017 vitae
2143 2964 2206 3016 ad
2232 2965 2451 3034 gloriam
2483 2964 2684 3021 Christi
2713 2985 2725 3020 :
2760 2969 3017 3040 redarguo
3047 2969 3439 3025 multitudinem
3464 2986 3591 3040 pcr-

2003 3053 2227 3107 tidorum
2270 3056 2387 3109 sine
2413 3057 2757 3123 verecundia,
2804 3059 2922 3114 sine
2952 3058 3252 3127 formidine,
3282 3060 3400 3115 sine
3424 3060 3578 3116 dubi-

2004 3148 2238 3211 tazione;
2272 3162 2371 3203 nec
2400 3148 2545 3217 prius
2576 3151 2779 3219 cogites
2808 3150 3076 3220 quomodo
3098 3166 3191 3208 eos
3222 3165 3375 3222 regas
3405 3151 3579 3222 impe.

306 3250 442 3304 ritus
482 3253 659 3306 sancti
703 3252 1117 3322 superveniente
1146 3258 1341 3308 virtute
1383 3256 1698 3321 formatam,
1733 3257 1892 3311 ratio-

2003 3237 2221 3292 rialibus
2252 3238 2476 3307 legibus,
2505 3240 2598 3295 sed
2639 3241 2912 3311 quomodo
2934 3242 3174 3311 corrigas
3204 3243 3430 3313 eloquiis
3471 3246 3579 3313 spi-

312 3342 556 3411 italiaque
598 3344 790 3398 anima:
824 3346 922 3413 ius;
946 3344 1177 3400 iratione
1206 3346 1541 3400 vivificatam.
1578 3346 1799 3415 Proprie
1828 3362 1893 3403 ac

308 3433 575 3489 veraciter
610 3434 915 3499 humanam,
944 3437 993 3490 id
1020 3438 1192 3492 estde
1223 3448 1412 3502 matre,
1442 3439 1537 3493 sed
1570 3447 1746 3494 tamen
1777 3440 1925 3497 sine,

306 3523 524 3577 homine
575 3535 746 3593 patre.
799 3526 1238 3595 Corruptibilem,
1285 3529 1406 3597 quia
1454 3528 1671 3595 famem,
1721 3529 1889 3592 sitim,

305 3614 577 3681 dolorem,
610 3628 837 3673 mortem
871 3620 1163 3675 voluntarie
1192 3620 1442 3690 quidem.
1466 3621 1561 3676 sed
1598 3634 1773 3676 tamen
1798 3638 1891 3677 ve-

305 3707 502 3761 raciter
526 3709 712 3762 sensit.
738 3709 1228 3779 lncorruptihilem,
1255 3712 1377 3778 quia
1409 3710 1610 3765 nullius
1638 3712 1690 3764 in
1713 3724 1774 3766 se
1801 3713 1892 3766 de-

306 3800 439 3863 licti,
471 3801 553 3856 vel
592 3801 903 3871 originalis,
957 3804 1037 3857 vel
1078 3804 1277 3871 preprii
1316 3802 1590 3857 stimulum
1630 3805 1888 3871 sentiens,

308 3894 580 3964 iniquitati
629 3898 769 3950 nulla
801 3898 973 3952 victus
1007 3898 1301 3967 cupiditate
1343 3900 1637 3955 consensit.
1672 3900 1777 3955 Nec
1808 3916 1894 3956 se-

309 3989 453 4052 pulta
504 3988 674 4051 potuit
704 3990 986 4055 pervenire
1023 3991 1088 4044 ad
1126 3990 1525 4058 corruptionem
1571 3993 1891 4060 putredinis,

307 4075 572 4132 beneficio
616 4076 1028 4135 resurrectionis
1057 4097 1072 4134 :
1106 4080 1320 4150 quando
1351 4091 1574 4149 portans
1614 4083 1892 4137 manubias

306 4168 599 4223 inferorum
626 4170 864 4227 surrexit
898 4170 1040 4226 idem
1068 4170 1184 4240 ipse
1208 4186 1422 4241 semper
1453 4188 1592 4227 unus
1622 4172 1891 4241 Christus,

311 4268 406 4327 per
433 4260 785 4331 quadraginta
827 4261 942 4317 dies
973 4277 1093 4316 cum
1131 4262 1410 4330 discipulis
1453 4271 1891 4328 convirsaturus,

309 4361 363 4406 et
384 4352 463 4406 sit:
490 4353 557 4406 ad
580 4354 775 4406 cadum
807 4352 1127 4407 mirabiliter
1152 4367 1493 4407 ascensurus.
1526 4352 1622 4408 Ubi
1647 4352 1805 4407 modo
1827 4352 1894 4406 ad

307 4441 584 4496 dexteram
635 4442 804 4496 Patris
851 4442 1026 4506 sedet,
1074 4450 1331 4496 venturus
1384 4443 1433 4496 in
1483 4440 1747 4506 claritate,
1798 4443 1889 4511 qtti

312 4535 460 4598 prius
511 4542 725 4587 venerat
780 4533 832 4587 in
882 4534 1181 4588 humilitate
1220 4532 1600 4602 :judicaturus
1645 4534 1795 4588 vivos
1842 4543 1895 4589 et

1998 3326 2238 3381 ritalibns
2272 3345 2285 3379 :
2322 3329 2648 3400 territosqne
2696 3332 2910 3387 nomine
2956 3333 3289 3389 auctoritatis
3339 3333 3586 3403 primitus

1995 3417 2249 3473 doctrina:
2272 3429 2472 3474 sancta:
2500 3436 2796 3492 repugnare
2828 3424 3137 3491 prohibeas,
3165 3424 3359 3478 deinde
3389 3426 3576 3494 paula-

1997 3512 2088 3564 tim
2111 3514 2415 3566 consentire
2461 3513 2710 3571 suadeas.
2765 3515 2902 3571 Utile
2932 3515 3025 3570 tibi
3060 3524 3141 3570 est
3170 3524 3313 3571 recta
3352 3517 3573 3581 sentire.
3650 3562 3655 3567 .

1993 3600 2036 3653 si
2067 3601 2199 3655 altos
2228 3616 2442 3671 quoque
2474 3617 2580 3657 non
2610 3603 2830 3659 deseras
2854 3604 2904 3658 in
2943 3606 3223 3674 pravitate.
3260 3608 3391 3663 Boni
3422 3608 3576 3664 ducis

1993 3693 2242 3747 instantia
2296 3694 2611 3765 plerumque
2645 3696 2827 3750 multis
2867 3698 3092 3765 prmbuit
3120 3700 3457 3755 occasionem
3486 3715 3576 3754 sa-

1994 3783 2140 3838 lutis.
2172 3783 2279 3839 Sed
2308 3785 2351 3839 si
2380 3784 2601 3841 forsitan
2634 3787 2889 3857 desperas
2914 3789 3032 3843 illos
3057 3806 3215 3860 posse
3245 3792 3462 3857 salvari,
3487 3794 3579 3846 ho-

1996 3888 2122 3926 num
2160 3884 2241 3929 est
2270 3875 2431 3930 saluti
2458 3878 2831 3933 convenientia
2863 3879 3193 3949 pra-dicare;
3225 3882 3345 3952 quia
3376 3883 3578 3938 volun-

1998 3970 2157 4017 tatem
2196 3963 2341 4019 Deus
2363 3978 2606 4033 coronat,
2642 3984 2745 4023 non
2776 3970 3101 4029 facultatem.
3150 3972 3433 4031 Semiuare
3459 3991 3578 4045 per-

1999 4054 2131 4109 tinet
2181 4055 2247 4110 ad
2294 4056 2531 4112 ofﬁcium
2574 4059 2846 4131 diligentis
2895 4063 3175 4131 agricolae;
3235 4066 3450 4133 superni
3493 4077 3580 4123 est

1997 4152 2235 4202 muneris
2277 4160 2333 4203 ut
2365 4157 2506 4204 terra
2534 4150 2833 4216 fructilieet,
2866 4156 3109 4225 votisque
3135 4154 3356 4211 cultoris
3382 4156 3464 4212 sui
3495 4175 3575 4213 rc.

1996 4242 2277 4307 spondeat.
2312 4242 2419 4295 llac
2441 4244 2595 4311 plane
2625 4246 2768 4299 circa
2792 4246 3035 4302 subditos
3066 4262 3191 4302 usus
3219 4247 3477 4304 industria
3509 4252 3576 4302 ta.

1997 4331 2100 4387 cile
2139 4332 2301 4387 etiam
2344 4337 2693 4402 potestatibus
2738 4338 3081 4406 sublimibus,
3121 4351 3173 4396 et
3204 4341 3333 4410 ipsis
3357 4355 3579 4412 quorum

2006 4439 2228 4481 munere
2265 4426 2375 4480 dux
2401 4427 2622 4486 elfertus
2650 4445 2708 4486 es
2739 4430 2974 4502 regibus,
3006 4433 3050 4488 si
3076 4447 3175 4502 qua
3205 4431 3341 4488 forte
3369 4444 3580 4493 contra-

1999 4515 2077 4569 ria
2113 4532 2252 4572 vera:
2299 4517 2421 4574 ﬁdei
2470 4521 2762 4587 senserint,
2812 4530 2867 4576 et
2905 4537 3011 4577 non
3040 4522 3233 4576 cedere
3275 4523 3493 4591 poteris,
3523 4535 3578 4577 et

311 4637 574 4690 mortuos,
629 4637 683 4680 γι
734 4627 1089 4681 damnaturus
1152 4626 1496 4692 incredulos;
1552 4626 1892 4682 credentibus

2005 4623 2325 4678 repugnare,
2355 4620 2569 4679 paratus
2592 4612 2657 4666 ad
2687 4614 2995 4683 martyrium
3026 4614 3221 4667 disces.
3252 4613 3463 4680 Alioqui
3488 4616 3577 4680 qui

311 4738 440 4776 vero
471 4722 839 4778 remissionem
872 4734 1215 4791 peccatorum
1247 4716 1557 4793 largiturus,
1602 4736 1889 4780 aeternam-

305 4828 411 4882 quc
437 4813 620 4877 vitam,
648 4814 691 4867 si
729 4824 903 4869 tamen
938 4815 989 4867 in
1023 4814 1263 4869 Ecclesia
1290 4815 1551 4869 catholica
1583 4828 1891 4883 persevera-

310 4905 487 4959 verint
514 4907 581 4957 ab
607 4908 845 4959 omnium
876 4907 1124 4959 vitiorum
1155 4908 1474 4975 contagione
1500 4906 1759 4962 mundati.
1785 4904 1886 4960 Ca-

308 4996 508 5050 tholica
534 4998 729 5066 quippe
763 4995 999 5051 Ecclesia
1026 4998 1187 5052 statio
1210 5008 1312 5064 est,
1340 4998 1427 5051 ubi
1453 4999 1674 5053 vulnera
1703 5009 1888 5055 nostra

308 5088 483 5140 bonus
514 5088 753 5142 medicus
781 5099 950 5142 sanat.
989 5089 1156 5143 Filius
1187 5099 1271 5143 est
1312 5088 1705 5155 promissionis.
1740 5092 1889 5156 quis-

304 5178 428 5246 quis
457 5192 576 5231 eam
609 5194 776 5247 usque
804 5179 872 5233 ad
898 5179 1213 5235 effusionem
1244 5180 1517 5249 sanguinis
1546 5180 1801 5237 vindieat.

382 5269 473 5323 Η.
502 5271 816 5338 Propterea,
866 5271 971 5326 dux
1011 5273 1212 5339 optime
1241 5282 1296 5327 et
1340 5272 1533 5336 fidelis,
1568 5282 1689 5326 tene
1715 5274 1891 5327 Omnia

304 5366 553 5425 dogmata
581 5362 719 5432 ejus,
766 5362 1017 5433 praedica,
1064 5364 1293 5426 tindica,
1330 5364 1433 5418 duc
1460 5362 1527 5416 ad
1562 5378 1679 5417 eam
1713 5364 1894 5418 volen-

305 5468 422 5520 tes.
473 5458 738 5525 compelle
778 5459 1023 5513 nolentes
1049 5501 1061 5517 .
1108 5474 1211 5512 non
1265 5458 1452 5513 dolore
1487 5460 1891 5529 suppliciorum,

306 5566 414 5602 non
441 5558 581 5603 metu
610 5548 771 5619 gladii
803 5549 1091 5613 saevientis,
1126 5550 1219 5603 sed
1244 5550 1486 5605 modesta
1515 5551 1855 5618 correptione
1879 5594 1892 5615 ,

305 5648 363 5692 et
410 5636 691 5693 severitate
740 5640 891 5708 plura
945 5640 1266 5695 dilectionis.
1320 5638 1508 5693 Procul
1558 5641 1697 5695 absit
1739 5644 1898 5696 t‘rnor

304 5729 524 5783 diabolo
550 5731 804 5786 militans.
842 5730 1022 5787 Sciant
1059 5731 1295 5786 haeretici
1328 5728 1447 5798 quia
1478 5731 1689 5791 catholii
1711 5749 1771 5788 us
1801 5748 1893 5799 es;

306 5822 485 5877 sciant
519 5823 767 5881 catholici
816 5828 937 5893 quia
978 5826 1266 5883 detestaris
1313 5823 1621 5889 hereticos.
1671 5827 1941 5907 Deﬁciat-

2006 4706 2252 4753 metuens
2288 4700 2567 4755 inferiores
2597 4699 2888 4766 offendere,
2919 4704 3092 4757 minus
3118 4700 3426 4771 exsequitur
3452 4718 3579 4758 cau-

1995 4805 2121 4844 sam
2141 4791 2365 4860 propria:
2392 4791 2682 4862 religionis,
2708 4791 2975 4861 quomodo
2997 4792 3291 4847 merebitur
3311 4808 3433 4851 cum
3454 4809 3548 4863 pro
3572 4828 3575 4831 -

1996 4880 2153 4950 pheta
2182 4881 2344 4935 David
2376 4896 2607 4937 canere:
2643 4882 2910 4950 Loqucbar
2949 4880 3013 4936 de
3050 4883 3355 4935 testimoniis
3399 4884 3498 4937 tuis
3527 4884 3581 4939 in

1996 4984 2268 5043 conspectu
2308 4981 2515 5046 regunt,
2567 4984 2612 5028 et
2652 4991 2753 5029 non
2802 4975 3153 5044 confundrlsar
3203 4973 3336 5043 (Ps.
3382 4989 3577 5041 omn.

1996 5060 2167 5135 ιδῃ

2071 5176 2158 5234 l5.
2199 5182 2243 5235 0
2282 5182 2327 5235 si
2372 5181 2498 5236 boni
2550 5183 2715 5237 duces
2759 5182 3061 5249 inciperent
3113 5184 3361 5237 humanis
3403 5184 3579 5237 divina

2002 5287 2332 5342 praeponere,
2366 5274 2614 5328 maximis
2640 5273 2915 5329 erroribus
2948 5274 3181 5329 remedia
3219 5272 3577 5342 providerent.

2002 5365 2130 5421 Late
2160 5375 2306 5433 patet
2336 5364 2504 5421 virtus
2536 5368 2658 5431 ista,
2691 5383 2785 5434 per
2818 5368 2965 5433 plura
2990 5375 3045 5421 et
3072 5367 3217 5433 plura
3245 5364 3415 5432 justiti
3437 5384 3464 5413 te
3496 5364 3582 5417 iti-

2003 5472 2128 5513 nera
2186 5458 2443 5512 funditnr.
2497 5458 2752 5513 Humanis
2795 5460 2973 5512 divina
3005 5472 3284 5526 prtepone;
3333 5466 3384 5509 et
3426 5455 3580 5508 vidua

2000 5551 2403 5618 oppressionem
2437 5565 2539 5605 non
2571 5548 2825 5618 perferat,
2863 5560 3077 5618 propter
3099 5561 3246 5615 spem
3280 5545 3413 5600 lucri
3438 5559 3574 5614 pne-

2002 5645 2290 5707 tereuntis;
2326 5645 2511 5713 pupilli
2543 5646 2838 5699 substantia
2872 5642 3065 5696 tutoris
3098 5640 3316 5696 minime
3346 5641 3581 5705 indigeat

2004 5737 2302 5799 beneﬁcio;
2362 5738 2651 5803 pessimam
2708 5734 2990 5788 victoriam
3056 5731 3288 5799 injustas
3354 5731 3583 5798 l.tigator

2005 5828 2244 5894 amittat;
2300 5829 2644 5888 sacerdOtum
2688 5822 3134 5895 postulationibus
3169 5824 3394 5882 libenter
3435 5832 3585 5891 pate-
