3958 6358
408 446 511 499 M3

405 567 522 616 seat
547 556 773 611 auditus.
798 550 1177 617 Frequentctur
1200 540 1390 594 oratio.
1421 535 1687 591 Lectionis
1717 533 1971 591 studium,
2011 530 2053 586 Α

406 648 649 720 quamvis
694 642 922 709 undique
967 630 1405 702 occupationibus
1455 624 1805 687 irruentibus,
1867 624 1989 687 igne

408 716 654 794 desiderii
708 728 958 800 spiritalis
1020 725 1268 795 (remota
1324 718 1643 790 tepiditate)
1704 716 1985 771 fervescat.

408 833 581 897 Quare
609 826 750 881 enim
798 824 904 877 dux
946 819 1178 888 optimus
1226 814 1475 884 opprimit
1523 809 1775 866 viduam?
1824 821 1990 876 quare

409 919 663 991 pupillum
694 914 810 969 laedi
842 912 1001 967 sinit?
1034 924 1196 980 quare
1228 920 1324 977 pro
1358 904 1559 974 iniusto
1589 902 1857 972 litigatore
1897 899 1992 968 iu-

409 989 587 1068 dicat?
618 1024 781 1077 quaze
809 1006 1024 1061 difﬁcile
1068 1012 1160 1055 aut
1204 1015 1327 1054 raro
1356 998 1421 1052 ad
1471 995 1751 1051 ecclesiam
1785 989 1996 1062 pergit?

411 1120 576 1173 quare
606 1116 709 1155 non
738 1099 895 1168 legit?
928 1096 1031 1150 nisi
1059 1094 1182 1164 quia
1210 1091 1406 1144 divinis
1430 1089 1660 1141 humana
1693 1081 1996 1155 praeponit?

413 1201 669 1265 I‘rmpone
699 1209 825 1262 ergo
873 1189 1053 1244 divina
1104 1200 1315 1254 semper
1360 1181 1637 1245 humanis;
1691 1177 1869 1233 omnia
1901 1174 1996 1229 tibi

413 1292 674 1359 religiosae
702 1282 995 1340 voluntatis
1019 1292 1072 1337 et
1093 1295 1253 1349 opera
1286 1285 1339 1333 et
1364 1276 1549 1341 verba,
1583 1270 1829 1342 quamvis
1855 1269 1995 1322 inter

414 1384 673 1438 militares
714 1387 882 1442 actus,
932 1374 1076 1427 salva
1122 1378 1301 1426 erunt.
1351 1368 1827 1436 Eleemosynarum
1871 1372 1999 1415 vero

415 1477 732 1533 sacriﬁcium
757 1473 875 1542 quis
906 1473 975 1525 ita
1008 1479 1186 1537 posset
1215 1466 1406 1521 oﬁ‘crre
1431 1465 1572 1518 sicut
1601 1462 1706 1516 dux
1735 1459 2001 1529 optimus,

416 1566 499 1621 cui
541 1562 853 1633 magnitudo
910 1558 1187 1628 potestatis
1232 1556 1564 1609 abundantes
1604 1550 1807 1621 praebet
1844 1562 1999 1601 occa-

418 1658 595 1711 siones
618 1651 998 1707 misericordia:
1027 1645 1346 1709 trlbuendm,
1376 1646 1417 1699 si
1450 1654 1629 1699 tamen
1663 1640 1837 1695 divina
1864 1652 2002 1707 prte-

420 1757 581 1818 ponat
605 1745 852 1799 humanis
875 1742 902 1797 τ
946 1742 1024 1796 An
1056 1740 1286 1794 inaniter
1316 1737 1498 1792 Daniel
1539 1735 1798 1805 prepheta
1831 1732 2003 1787 Nabu-

419 1837 759 1893 ehrdonosor
791 1833 918 1888 dicit
951 1850 961 1884 :
994 1831 1277 1885 Consilium
1311 1844 1477 1881 meum
1508 1830 1707 1894 p.’ace(1t
1740 1823 1852 1888 tibi,
1887 1836 2003 1887 rex,

1332 422 1695 482 FELCENTII
1740 414 2081 474 FERRANDI
2127 414 2398 470 DIACONI
2438 411 2786 469 CARTHAG.

3572 410 3692 461 {lit-5r

2159 529 2241 583 lG.
2269 528 2563 582 Pessimum
2598 526 2746 580 nefas
2774 524 2897 578 falsa
2923 522 3119 592 iuratio
3139 566 3151 587 ,
3182 534 3232 575 et
3258 523 3297 573 si
3328 520 3486 588 paulo
3518 520 3689 577 altius

2094 618 2424 683 consideres,
2455 617 2655 670 inutilis
2692 630 2924 683 semper,
2959 614 3190 667 maxime
3232 611 3533 665 exercitum
3583 627 3692 679 gu—

2094 710 2463 763 bernantibus.
2496 706 2767 761 Mutabilia
2808 704 2951 760 enim
2993 705 3246 773 iuvenum
3288 701 3475 765 corda,
3505 718 3691 756 sacra-

2094 807 2257 858 menti
2307 804 2518 855 vinculo
2567 801 2876 869 frequenter
2927 798 3196 867 ligantur,
3244 802 3304 849 ut
3354 794 3456 849 ﬁde
3500 795 3700 850 stabili

2097 895 2233 951 bella
2264 895 2549 964 suscipiant
2574 911 2587 958 ;
2630 901 2683 948 et
2712 904 2836 947 tunc
2866 891 3015 944 ﬁrma
3040 875 3117 944 sit
3142 890 3405 943 securitas
3433 886 3684 955 ducibus,

2092 988 2145 1043 ti
2177 987 2453 1058 reiigionis
2486 986 2642 1039 timor
2672 985 2855 1054 iurare
2900 983 3088 1037 falsum
3137 997 3243 1035 non
3284 983 3426 1036 sinat
3465 982 3701 1037 milites.

2098 1079 2265 1145 Quam
2298 1094 2457 1147 grave
2487 1080 2555 1132 ita
2579 1092 2663 1145 lue
2693 1087 2749 1131 et
2776 1090 2933 1145 quam
2965 1073 3352 1144 perniciosum,
3386 1083 3443 1127 ut
3470 1072 3699 1127 videant

2103 1172 2184 1224 vel
2216 1170 2449 1223 sentiant
2478 1167 2615 1221 solvi
2652 1166 2807 1220 facile
2854 1174 3245 1219 sacramentum
3268 1203 3283 1228 ,
3312 1163 3576 1231 ducisque
3604 1164 3696 1216 sui

2105 1263 2394 1317 imitentur
2428 1259 2679 1325 exemplo
2711 1259 2827 1312 leve
2856 1256 3125 1311 aestimare
3157 1254 3482 1324 periurium?
3524 1254 3699 1320 Quid-

2107 1355 2233 1423 quid
2271 1332 2495 1422 proinde
2522 1354 2828 1419 iuramento
2869 1348 3237 1403 intercedente
3266 1346 3577 1413 conﬁrmas,
3606 1363 3699 1399 ra-

2110 1458 2219 1502 tutn
2251 1460 2461 1513 semper
2489 1444 2750 1507 observa;
2781 1443 2898 1497 sive
2929 1441 3147 1495 inimico
3169 1441 3424 1509 gratiam,
3452 1441 3567 1494 sive
3597 1456 3698 1493 ve-

2107 1540 2248 1593 niam
2278 1554 2390 1603 reo,
2417 1538 2530 1592 sive
2561 1536 2931 1590 laborantibus
2964 1545 3139 1588 tecum
3185 1535 3399 1600 prmmia
3440 1534 3700 1603 pollicea-

2108 1629 2212 1692 ris;
2242 1636 2297 1680 ct
2324 1627 2447 1692 hoc,
2473 1625 2711 1679 adhibita
2740 1625 3077 1678 invocatione
3107 1623 3337 1676 nominis
3372 1623 3488 1687 Dei,
3517 1624 3695 1676 credi-

2108 1719 2213 1773 bile
2240 1718 2401 1773 facias
2425 1717 2728 1787 operando;
2758 1715 2957 1770 nullius
2980 1715 3223 1770 utilitatis
3245 1714 3700 1780 consideratione,

2111 1811 2307 1866 nullius
2335 1811 2554 1879 periculi
2585 1808 2869 1863 formidine
2890 1808 3056 1875 debe;
3080 1805 3283 1862 irritum
3309 1808 3499 1862 facere.
3529 1806 3713 1860 Fixus

421 1945 467 1989 et
499 1940 707 2002 peccata
754 1943 839 1983 tua
868 1926 1197 1996 eleeinosynis
1227 1923 1439 1989 redime,
1481 1932 1525 1974 et
1563 1918 1844 1990 injustitias
1894 1926 2006 1969 tuas
2039 1904 2087 1963 B
2112 1903 2181 1957 Sit
2208 1912 2262 1956 et
2293 1900 2635 1955 immutabilis
2660 1912 2874 1963 sermo,
2905 1897 3057 1967 cujus
3088 1897 3210 1952 ﬁdei
3254 1898 3405 1950 testis
3434 1904 3517 1950 est
3544 1899 3705 1950 adhi-

422 2021 833 2077 tniserationibus
872 2033 1159 2085 pauperum
1186 2032 1203 2081 ;
1232 2024 1279 2067 et
1306 2015 1399 2067 erit
1432 2010 1572 2065 Deus
1602 2026 1808 2079 parcens
1831 2022 2006 2076 pecca—

423 2117 486 2169 tis
514 2115 613 2168 tuis
635 2112 797 2182 (Dan.
828 2127 901 2178 tv,
922 2109 1051 2178 24)?
1082 2109 1181 2162 nisi
1215 2107 1465 2176 quoniam
1491 2101 1879 2171 potcn'iorihus
1909 2114 2004 2167 po-

424 2208 623 2262 tentior
673 2214 754 2259 est
797 2204 1020 2259 facilitas
1060 2198 1566 2268 eleemosynarum?
1604 2195 1807 2261 Quibus
1847 2194 2005 2246 etiam

423 2299 719 2355 secundum
748 2311 915 2366 genus
948 2278 1306 2365 elecinosynac
1339 2291 1565 2359 amplius
1594 2287 1806 2358 operari
1840 2286 2010 2356 possi~

426 2392 531 2447 bile
559 2402 663 2454 est,
688 2391 969 2459 ignoscere
998 2386 1204 2441 scilicet
1234 2381 1706 2452 delinquentibus?
1738 2379 1837 2448 Ipsi
1865 2380 2004 2431 en'm

427 2482 596 2551 magis
628 2479 966 2535 laudabiliter
992 2478 1203 2532 veniam
1234 2475 1455 2542 donant,
1486 2486 1709 2542 quorum
1742 2466 2013 2523 iracundia

430 2575 647 2628 nuntius
673 2573 859 2626 mortis
888 2579 989 2625 est.
1040 2568 1142 2638 Ipsi
1176 2565 1459 2637 gloriosius
1487 2562 1710 2630 diligunt
1745 2557 1926 2611 inimic
1950 2571 2010 2623 ιδ,

427 2667 618 2737 quibus
660 2663 876 2732 exigere
925 2660 1212 2714 vindictam
1252 2654 1527 2725 sanguinis
1584 2652 1725 2706 licet.
1775 2649 2007 2714 Utraque

427 2772 589 2827 opera
647 2756 808 2809 miser
831 2753 1030 2809 cordia“.
1080 2751 1132 2804 in
1175 2754 1437 2819 potestate
1490 2742 1689 2802 habes.
1742 2740 1783 2793 si
1839 2737 2016 2791 divina

431 2863 709 2917 pra'punas
756 2845 1028 2899 humanis.
1078 2842 1143 2894 Et
1190 2842 1241 2894 i-n
1286 2839 1387 2891 hoc
1429 2833 1660 2890 maxime
1712 2826 2018 2899 agnosceris

431 2938 681 2994 humanis
725 2936 903 2991 divina
953 2940 1300 3003 praponere,
1338 2926 1549 2996 quando
1598 2924 1723 2977 nulli
1765 2920 2019 2975 fallaciter

430 3034 597 3105 iuras,
638 3044 737 3085 nec
769 3027 995 3085 subdolo
1021 3030 1360 3080 sacramento
1395 3017 1598 3087 decipis
1642 3015 1893 3084 aliquem.
1931 3011 2015 3063 Li-

432 3135 511 3178 e--t
542 3124 710 3177 hostis
736 3122 800 3175 sit
828 3119 1097 3186 antiquus,
1122 3116 1247 3169 licet
1268 3112 1521 3167 immania
1549 3117 1573 3146 ⁸
1609 3105 1913 3177 reipublicze
1943 3104 2021 3156 in-

434 3217 607 3269 ﬁxerit
623 3211 933 3275 visceribus,
951 3225 1054 3263 non
1077 3206 1282 3261 videtur
1306 3204 1437 3257 falsa
1458 3202 1724 3271 iuratione
1740 3196 2018 3259 fallendus;

2110 1995 2253 2050 bitus
2280 1993 2441 2047 Deus.
2468 1992 2583 2048 Una
2611 1991 2769 2061 plane
2798 2004 2955 2044 causa
2988 1982 3258 2043 solv‘cnda:
3283 1989 3566 2057 iurationis
3590 1990 3708 2042 ειτ-

2110 2084 2287 2149 stit,si
2311 2082 2511 2151 aliquid
2540 2080 2708 2135 iratus
2728 2080 3017 2149 iuraveris,
3038 2078 3180 2133 unde
3208 2078 3379 2147 possis
3411 2078 3578 2133 Deum
3607 2093 3708 2146 per

2112 2191 2268 2246 quem
2300 2176 2445 2244 iuras
2470 2171 2764 2227 oﬁ‘cndcre.
2792 2170 2948 2225 Verbi
2975 2170 3176 2240 gratia,
3203 2169 3251 2222 si
3279 2168 3373 2222 tibi
3405 2182 3501 2238 pro
3531 2168 3709 2222 deho-

2115 2266 2403 2338 quentibus
2432 2279 2703 2335 nunquam
2735 2277 2894 2333 posse
2921 2261 3170 2316 satisﬁeri
3199 2260 3504 2316 terribiliter
3522 2261 3709 2329 iures;

2116 2362 2159 2416 si
2194 2360 2467 2414 interitum
2498 2357 2721 2421 civitati,
2752 2358 2834 2411 vel
2886 2355 3104 2424 populo,
3132 2353 3323 2423 iurans
3367 2354 3614 2418 mineris;
3664 2354 3715 2405 si

2118 2452 2328 2521 penitus
2362 2448 2416 2501 in
2446 2447 2672 2503 ecclesia
2703 2462 2811 2500 non
2849 2445 3147 2509 orandum;
3173 2444 3259 2498 vel
3286 2444 3390 2499 alia
3421 2460 3541 2513 qua:
3572 2444 3713 2497 divi-

2120 2561 2219 2600 nus
2248 2548 2409 2599 timor
2438 2542 2706 2613 prohibet,
2747 2540 2991 2594 humanae
3021 2537 3331 2592 tentationis
3363 2537 3429 2590 ad
3460 2550 3713 2605 praisens

2121 2641 2293 2693 vietus
2323 2636 2650 2699 inﬁrmitate,
2681 2632 2946 2701 iuraveris
2976 2630 3313 2700 exsequenda
3344 2646 3358 2682 :
3394 2638 3520 2682 tunc
3553 2627 3721 2697 plane

2123 2748 2229 2785 nou
2260 2739 2338 2784 est
2373 2725 2693 2798 perﬁcienda
2726 2724 2941 2792 iuratio,
2969 2724 3089 2792 quia
3132 2734 3234 2775 non
3278 2721 3350 2774 ibi
3377 2719 3582 2774 divinis
3609 2720 3718 2772 hu-

2123 2816 2293 2879 mana.
2325 2822 2613 2891 praeponis,
2642 2819 2737 2874 sed
2768 2818 2947 2873 divina
2991 2818 3170 2887 potius
3206 2814 3622 2882 contempla-is;
3660 2823 3721 2869 ut

2123 2918 2291 2984 magis
2338 2917 2415 2969 sic
2469 2923 2523 2967 te
2566 2914 2774 2982 iurasse
2804 2911 3083 2980 pteniteat,
3112 2909 3238 2961 dum
3267 2905 3543 2974 complere
3570 2904 3728 2974 quod

2120 3010 2385 3080 iuraveris
2415 3008 2597 3079 pudet.
2628 3006 2803 3061 Etiam
2833 3006 2911 3061 sic
2938 3006 3135 3074 quippe
3170 3002 3348 3057 divina
3391 3013 3720 3069 praeponum

2127 3119 2212 3160 tur
2259 3105 2536 3170 humanis,
2574 3103 2891 3169 illorumque
2939 3099 3225 3152 verborum
3278 3095 3447 3149 teneri
3499 3093 3721 3159 incipiet

2128 3199 2333 3269 regula,
2365 3212 2483 3266 quae
2513 3204 2704 3250 vetans
2748 3192 2995 3246 homines
3035 3190 3143 3243 cito
3186 3188 3393 3258 iurare,
3427 3188 3535 3240 imo
3580 3199 3725 3236 nunc

434 3305 641 3359 etiamsi
665 3305 767 3356 vita
788 3297 1193 3370 eiusimpediat,
1225 3308 1370 3349 mors
1417 3292 1659 3362 proficiat
1686 3292 1829 3357 pari;
1858 3301 1954 3341 nec
1978 3288 2020 3338 si
2050 3290 2095 3351 C
2128 3303 2288 3360 quam
2317 3287 2502 3342 volens
2529 3286 2710 3354 iurare
2734 3302 2746 3335 :
2778 3282 2969 3345 Nolite,
2990 3282 3062 3334 ait
3091 3280 3144 3334 in
3177 3279 3493 3348 Evangelio,
3509 3278 3735 3347 jurare,

434 3395 677 3464 quidem,
702 3394 809 3448 dux
839 3390 1071 3461 optime,
1099 3387 1443 3456 compellaris
1471 3385 1657 3438 falsum
1686 3380 1889 3451 iurare.
1931 3378 2018 3434 Sic

437 3488 522 3541 nni
565 3485 791 3549 homini,
826 3484 901 3538 sic
946 3481 1163 3552 populo,
1206 3479 1284 3534 sic
1331 3476 1572 3547 plut-imis
1614 3475 1863 3545 gentibus
1903 3486 2022 3526 cum

438 3577 625 3645 quibus
656 3575 792 3630 bella
824 3571 1057 3643 gerenda
1088 3569 1425 3639 susceperis,
1454 3576 1542 3621 aut
1574 3568 1689 3620 sine
1726 3567 2025 3633 iuramento

440 3680 808 3735 perseverans,
844 3678 1057 3717 assume
1106 3672 1415 3724 certamen;
1450 3668 1538 3713 aut
1590 3658 1892 3711 nullatenus
1933 3671 2027 3709 au-

439 3760 566 3810 deas
589 3755 769 3808 violati
798 3753 1118 3807 sacramenti
1150 3750 1384 3804 facinore
1413 3755 1718 3818 perpetrato
1741 3744 2029 3814 rempubli-

439 3864 558 3900 ratn
590 3848 819 3901 liberare
845 3844 925 3899 vel
955 3843 1233 3914 adiuvare.
1261 3842 1397 3909 Quid
1426 3843 1566 3895 enim
1600 3838 1817 3910 prodest
1842 3838 1891 3893 ei
1916 3836 2030 3891 vin-

443 3955 585 4005 cere,
610 3954 767 4006 quem
798 3937 1041 3991 diabolus
1067 3937 1209 4000 vicit,
1243 3942 1301 3987 ut
1328 3934 1565 3988 victoria:
1605 3948 1699 4001 spe
1730 3932 1916 3986 falsum
1945 3931 2029 3998 iu-

443 4031 623 4084 raret?
658 4030 695 4082 Β
735 4042 860 4081 num
892 4038 972 4080 est
1003 4036 1062 4080 ut
1087 4040 1301 4093 semper
1338 4023 1584 4078 humanis
1614 4023 1793 4076 divina
1827 4034 2032 4089 pra‘poo

444 4133 561 4186 uas,
606 4128 659 4172 et
704 4132 834 4171 voce
881 4118 1049 4169 sanetl
1099 4115 1198 4169 Job
1240 4114 1427 4173 libere.
1459 4114 1689 4165 libenter
1734 4110 1965 4180 loquaris
2015 4127 2029 4165 :

448 4213 611 4265 Sicuti
658 4211 928 4280 pendentes
974 4226 1123 4279 super
1172 4224 1251 4261 me
1298 4210 1488 4277 [luctus
1535 4206 1728 4271 maris,
1770 4204 1842 4258 ita
1890 4204 2033 4257 timui

450 4305 611 4359 Deum
661 4300 804 4373 (Job.
837 4314 984 4367 xxxi,
1016 4302 1129 4369 9'5).
1162 4300 1386 4368 Propter
1436 4298 1539 4351 hoc
1588 4295 1862 4350 l‘saltnista
1907 4296 2032 4349 dum

447 4404 666 4453 caneret
699 4413 710 4448 :
746 4392 984 4461 Domine,
1013 4394 1124 4461 quis
1170 4390 1413 4445 habitabit
1456 4390 1509 4443 in
1557 4386 1883 4443 tabernaculo
1913 4388 2036 4441 tuo?

450 4500 537 4545 aut
568 4490 681 4559 quis
724 4487 998 4558 requiescet
1026 4485 1079 4539 in
1108 4490 1276 4539 monte
1306 4489 1482 4537 sancto
1526 4490 1615 4535 tuo
1656 4478 1774 4553 (Ps.
1804 4496 1911 4546 xrv,
1941 4480 2036 4551 l)?

450 4580 738 4652 respondet
787 4579 888 4634 sibi
928 4591 990 4632 ex
1033 4590 1259 4646 persona
1305 4574 1399 4630 Del
1432 4574 1627 4628 talibus
1669 4573 1885 4629 verbis:
1933 4572 2034 4639 Qui

2128 3396 2288 3449 neque
2332 3394 2422 3447 per
2466 3380 2667 3442 caelum,
2703 3390 2858 3443 neque
2885 3389 2974 3442 per
3005 3384 3186 3426 terram
3219 3388 3237 3425 :
3267 3372 3330 3424 sit
3358 3381 3526 3423 autem
3552 3383 3727 3421 sereno

2127 3482 2304 3535 vester,
2347 3482 2422 3524 est
2461 3480 2553 3533 est,
2601 3485 2701 3521 non
2747 3484 2848 3521 non
2897 3465 3107 3537 (Matth.
3134 3480 3187 3530 v,
3218 3464 3330 3530 34).
3364 3463 3493 3528 Qua:
3534 3477 3568 3515 u
3595 3460 3725 3529 ique

2127 3568 2364 3638 quisquis
2394 3574 2663 3634 operatur,
2691 3563 2924 3615 imitator
2954 3558 3140 3613 existit
3167 3556 3336 3624 ipsius
3368 3554 3482 3608 Filii
3511 3554 3629 3617 Dei,
3655 3553 3723 3608 de

2129 3676 2234 3730 quo
2265 3660 2448 3712 beatus
2483 3658 2553 3709 ita
2584 3654 2816 3724 loquitur
2847 3651 3042 3704 Paulus
3072 3669 3083 3702 :
3122 3647 3241 3702 Non
3272 3654 3347 3702 cst
3384 3648 3438 3699 in
3482 3647 3575 3698 illo
3622 3660 3726 3699 est

2129 3765 2178 3808 et
2210 3770 2340 3819 NON;
2373 3752 2460 3805 sed
2490 3764 2582 3804 rsr
2615 3748 2666 3801 in
2692 3748 2781 3801 illo
2810 3745 2905 3815 fuit
2935 3743 3019 3813 (ΙΙ
3043 3742 3160 3798 Cor.
3188 3733 3453 3807 t,'18,f9)
3483 3752 3724 3805 semper.

2133 3843 2483 3900 lmmntabilis
2532 3841 2730 3911 quippe
2778 3846 2887 3902 est,
2920 3837 3057 3891 sicut
3101 3848 3260 3888 verus
3305 3829 3474 3895 Deus,
3504 3840 3561 3884 ct
3598 3845 3729 3882 tum

2134 3939 2291 3993 Patre
2318 3946 2371 3992 et
2401 3934 2604 4004 Spiritu
2635 3941 2819 3987 sancto
2850 3928 3163 3984 naturaliter
3193 3940 3330 3979 unus
3361 3924 3523 3978 Deus.
3558 3920 3737 3990 Cuius»

2134 4045 2332 4084 nomen
2362 4025 2639 4096 inquirens
2671 4022 3010 4078 ﬁdelissimus
3036 4020 3264 4088 Moyses,
3287 4030 3416 4069 voce
3446 4015 3547 4067 sibi
3573 4015 3719 4067 cmli-

2136 4131 2221 4175 tus
2249 4118 2455 4174 reddita
2485 4113 2869 4170 tremebundus
2897 4110 3099 4165 audivit
3132 4126 3144 4161 :
3176 4107 3288 4179 Ego
3319 4123 3433 4159 sum
3468 4108 3555 4173 qui
3587 4120 3739 4158 sum-

2140 4213 2202 4268 Et
2231 4213 2366 4266 dices
2398 4211 2519 4280 ﬁliis
2550 4206 2714 4261 Israel
2747 4222 2767 4259 .·
2801 4204 2899 4271 Qui
2928 4213 3022 4269 est,
3048 4201 3184 4254 misit
3213 4214 3292 4251 me
3316 4197 3497 4250 ad'tsos
3525 4195 3722 4263 (Exod.

2138 4322 2223 4373 ut,
2250 4304 2362 4374 Μ).
2398 4303 2643 4358 Profecto
2672 4312 2859 4367 magna
2897 4304 2979 4351 est
3006 4293 3171 4365 gloria
3202 4293 3251 4345 in
3283 4304 3359 4344 eo
3384 4302 3605 4343 manere
3633 4287 3735 4356 qui

2136 4406 2241 4463 est,
2265 4408 2385 4451 eum
2429 4393 2577 4464 sequi
2614 4390 2705 4462 qui
2742 4399 2822 4444 est
2863 4406 2875 4444 :
2910 4395 2964 4441 et
2991 4387 3113 4455 quia
3156 4384 3255 4437 nds
3292 4380 3574 4435 mutabiles
3600 4377 3731 4431 facit

2141 4486 2351 4541 inﬁrma
2405 4492 2614 4549 natura,
2642 4494 2741 4534 nec
2789 4489 3071 4547 possumus
3112 4469 3432 4527 immutabili
3474 4468 3584 4523 Deo
3632 4482 3735 4537 per

2139 4576 2397 4648 aequalem
2449 4573 2739 4645 potentiam
2785 4567 3103 4638 comparari,
3139 4572 3197 4617 ut
3243 4564 3379 4616 sicut
3424 4574 3644 4627 semper
3676 4561 3723 4611 ia

450 4674 676 4743 loquitur
713 4672 972 4725 veritatem
1001 4669 1053 4722 in
1083 4669 1237 4722 corde
1265 4682 1381 4732 suo,
1408 4666 1495 4737 qui
1522 4681 1625 4719 non
1651 4666 1748 4737 egit
1780 4663 1954 4717 dolum
1982 4664 2032 4716 in
2062 4680 2114 4741 Ι)
2140 4669 2294 4725 nobis
2321 4674 2423 4740 est,
2446 4666 2517 4720 ita
2542 4672 2596 4719 et
2625 4676 2724 4717 nos
2754 4665 2805 4714 in
2837 4659 2927 4713 illo
2957 4657 3229 4711 valeamus
3254 4668 3405 4718 esse;
3434 4652 3503 4706 sit
3534 4649 3723 4704 saltem

452 4767 626 4834 lingua
655 4780 770 4831 sua,
799 4778 889 4817 nec
940 4760 1057 4832 fecit
1106 4746 1338 4828 proximo
1375 4774 1473 4812 suo
1512 4758 1725 4825 malum,
1757 4764 1801 4809 et
1849 4770 2033 4826 oppro-

452 4858 614 4909 brium
665 4870 764 4907 non
815 4853 1008 4921 accepit
1065 4853 1307 4905 adversus
1366 4851 1697 4920 proximum;
1752 4848 1838 4916 qui
1896 4832 2033 4913 iurat

453 4946 685 5015 proximo
714 4959 825 5009 suo,
852 4954 898 4997 et
924 4959 1025 4996 non
1057 4943 1239 5010 decipit
1267 4939 1451 5011 (Ibid.,
1474 4941 1529 5009 ’5,
1555 4938 1633 5008 4).
1663 4938 1754 4993 Ille
1784 4950 1911 5006 ergo
1943 4937 2032 4989 ha-

425 5068 432 5075 -
456 5038 645 5090 hitabit
671 5036 721 5089 in
756 5035 1098 5090 tabernaculo
1124 5034 1357 5099 Domini,
1378 5043 1431 5087 et
1457 5033 1748 5102 requiescet
1776 5032 1828 5085 in
1853 5039 2033 5084 monte

454 5139 639 5183 sancto
671 5128 807 5196 eius,
836 5128 923 5196 qui
963 5130 1107 5195 iurat
1151 5125 1393 5194 proximo
1431 5139 1527 5179 suo
1568 5135 1619 5178 et
1665 5139 1768 5176 non
1814 5120 2030 5189 decipit.

455 5224 545 5277 ille
598 5230 775 5275 autem
819 5220 960 5287 iurat
1007 5220 1249 5287 proximo
1294 5232 1393 5273 suo
1441 5227 1493 5271 et
1540 5232 1645 5270 non
1694 5215 1910 5284 decipit,
1943 5216 2034 5281 qni

456 5316 815 5386 quodcunque
834 5314 973 5381 iurat
998 5312 1355 5377 sermonibus,
1378 5312 1559 5382 implet
1579 5311 1846 5381 operibus.
1869 5310 2045 5363 Nemo

458 5420 631 5465 autem
664 5416 810 5478 ptttet
838 5407 1044 5462 hostem
1081 5407 1165 5460 cui
1203 5405 1349 5476 iurat
1374 5419 1485 5460 non
1511 5404 1708 5459 debere
1734 5403 2035 5473 proximum

456 5499 734 5570 deputari;
769 5509 987 5571 propter
1018 5498 1118 5554 hoc
1145 5499 1287 5554 enim
1314 5498 1542 5567 iuratur,
1572 5505 1630 5549 ut
1658 5496 1929 5565 proximus
1955 5511 2039 5550 re—

459 5603 692 5662 putatur.
723 5595 799 5649 Ex
845 5608 950 5662 quo
995 5592 1154 5662 igitur
1184 5591 1297 5645 vult
1338 5591 1541 5644 amicus
1571 5588 1730 5652 efﬁci,
1759 5589 2037 5657 legemque

458 5686 605 5755 pacis
648 5683 1010 5752 amplectitur,
1053 5683 1164 5751 iam
1213 5682 1486 5751 proximus
1532 5685 1749 5746 est;'et
1787 5680 1895 5749 iant
1949 5681 2041 5750 qui

463 5778 685 5830 ﬁdeliter
708 5776 869 5844 iurat,
896 5775 1141 5843 proximo
1166 5788 1264 5829 suo
1284 5776 1449 5843 iurat,
1473 5784 1524 5830 ct
1550 5790 1653 5830 non
1677 5773 1891 5844 decipit.

532 5942 558 5971 ι
592 5934 814 5990 Videtur
845 5934 927 5989 hic
958 5934 1059 5997 lca.
1100 5933 1327 5989 vulnera.

2142 4774 2323 4818 sermo
2347 4768 2545 4822 noster,
2566 4765 2649 4810 est
2671 4759 2771 4818 est,
2797 4767 2903 4807 non
2933 4766 3071 4815 non;
3101 4756 3159 4801 ct
3181 4749 3294 4801 sive
3316 4748 3623 4814 iuramento
3651 4745 3721 4795 in-

2145 4852 2472 4918 tereedente,
2498 4849 2610 4904 sive
2647 4856 2913 4909 cessante,
2938 4844 3172 4898 nitamur
3202 4844 3252 4894 in
3288 4841 3454 4895 verita
3480 4852 3513 4892 e
3542 4840 3723 4890 certis-

2144 4944 2266 5001 simi
2318 4954 2650 5012 permanere.
2700 4938 2883 4993 Divina
2928 4948 3155 5003 namque
3202 4945 3283 4985 ('St
3325 4932 3550 4991 verita,
3590 4928 3735 4980 unde

2148 5036 2374 5091 multum
2416 5034 2678 5088 veraciter
2712 5030 2801 5083 Dei
2834 5027 3002 5082 Filius
3026 5023 3161 5079 dixit
3192 5043 3206 5081 :
3242 5022 3354 5093 Ego
3392 5037 3507 5074 sui):
3545 5018 3735 5072 terim:

2161 5128 2325 5183 Joan.
2372 5142 2492 5191 xtv,
2539 5125 2625 5194 6).
2672 5123 2737 5177 Et
2782 5122 2917 5176 sicut
2963 5120 3032 5174 de
3078 5117 3337 5173 charitate
3380 5112 3739 5166 recordamur

2145 5222 2401 5277 Joannem
2432 5219 2633 5274 dixisse
2674 5236 2686 5269 :
2723 5217 2820 5281 Q-«i
2849 5222 3013 5268 manet
3038 5213 3093 5266 in
3122 5210 3395 5273 charitate,
3425 5216 3473 5259 et
3510 5205 3651 5257 Deus
3678 5206 3737 5254 ia

2144 5312 2239 5366 illo
2281 5320 2448 5364 manet
2490 5307 2545 5377 (Ι
2574 5307 2729 5362 Jonn.
2766 5322 2842 5370 tv,
2876 5305 2998 5372 l6);
3042 5305 3110 5357 ita
3154 5300 3402 5354 similiter
3429 5299 3471 5351 si
3505 5297 3731 5351 velimus

2147 5405 2345 5469 dicere,
2371 5417 2477 5457 non
2502 5400 2790 5455 mentimur
2818 5415 2831 5450 :
2860 5396 2960 5463 Qui
2991 5401 3170 5449 manet
3198 5393 3248 5445 in
3274 5391 3520 5449 veritate,
3542 5388 3595 5440 in
3624 5386 3737 5441 Deo

2148 5505 2346 5562 manet,
2370 5504 2424 5549 et
2452 5495 2595 5549 Deus
2621 5494 2672 5547 in
2705 5491 2799 5545 illo
2829 5495 3029 5544 manet.
3056 5485 3434 5551 Praeponamus
3466 5481 3622 5547 igtur
3640 5492 3733 5529 ve-

2147 5590 2358 5644 ritatem
2389 5586 2596 5641 cunctis
2626 5582 2944 5637 utilitatibus
2971 5574 3375 5646 temporalibus.
3400 5580 3456 5625 et
3480 5579 3604 5623 tunc
3630 5568 3732 5620 ria:

2149 5685 2480 5741 invenientur
2533 5678 2783 5734 humanis
2826 5675 3009 5731 divina
3058 5683 3393 5740 prazpouere.
3443 5664 3733 5717 Veritatem

2150 5778 2303 5847 plane
2360 5773 2513 5829 nobis
2565 5779 2655 5825 aut
2703 5768 2843 5825 ratio
2889 5762 3171 5820 manifeste
3216 5759 3595 5817 demonstret,
3645 5764 3733 5806 aut
