  <div class='ocr_page' id='page_1' title='image "/cluster/home/n/w/nwhite01/storage/ocr_20150623/67/hvd.32044073505141/480.png"; bbox 0 0 3958 6358; ppageno 0'>
   <div class='ocr_carea' id='block_1_1' title="bbox 288 371 392 427">
    <p class='ocr_par' dir='ltr' id='par_1_1' title="bbox 288 371 392 427">
     <span class='ocr_line' id='line_1_1' title="bbox 288 371 392 427; baseline -0.019 0"><span class='ocrx_word' id='word_1_1' title='bbox 288 371 392 427; x_wconf 68' lang='grc'><strong>943</strong></span> 
     </span>
    </p>
   </div>
   <div class='ocr_carea' id='block_1_2' title="bbox 1475 339 2385 438">
    <p class='ocr_par' dir='ltr' id='par_1_2' title="bbox 1475 339 2385 438">
     <span class='ocr_line' id='line_1_2' title="bbox 1475 339 2385 438; baseline -0.01 -2"><span class='ocrx_word' id='word_1_2' title='bbox 1475 377 1839 438; x_wconf 71' lang='lat' dir='ltr'><strong>EPISTOLAZ</strong></span> <span class='ocrx_word' id='word_1_3' title='bbox 1872 373 1961 431; x_wconf 85' lang='lat' dir='ltr'><strong>ET</strong></span> <span class='ocrx_word' id='word_1_4' title='bbox 2001 339 2385 433; x_wconf 65' lang='lat' dir='ltr'><strong>consents.</strong></span> 
     </span>
    </p>
   </div>
   <div class='ocr_carea' id='block_1_3' title="bbox 3469 378 3573 436">
    <p class='ocr_par' dir='ltr' id='par_1_3' title="bbox 3469 378 3573 436">
     <span class='ocr_line' id='line_1_3' title="bbox 3469 378 3573 436; baseline 0.019 -2"><span class='ocrx_word' id='word_1_5' title='bbox 3469 378 3573 436; x_wconf 64' lang='grc' dir='ltr'><strong>ως</strong></span> 
     </span>
    </p>
   </div>
   <div class='ocr_carea' id='block_1_4' title="bbox 282 484 3573 565">
    <p class='ocr_par' dir='ltr' id='par_1_4' title="bbox 282 484 3573 565">
     <span class='ocr_line' id='line_1_4' title="bbox 282 484 3573 565; baseline 0.002 -23"><span class='ocrx_word' id='word_1_6' title='bbox 282 484 566 554; x_wconf 70' lang='lat' dir='ltr'><strong>Scriptura</strong></span> <span class='ocrx_word' id='word_1_7' title='bbox 599 487 855 548; x_wconf 85' lang='lat' dir='ltr'><strong>divinitus</strong></span> <span class='ocrx_word' id='word_1_8' title='bbox 901 493 1158 565; x_wconf 86' lang='lat' dir='ltr'><strong>inspirata</strong></span> <span class='ocrx_word' id='word_1_9' title='bbox 1195 495 1556 562; x_wconf 89' lang='lat' dir='ltr'><strong>commendet,</strong></span> <span class='ocrx_word' id='word_1_10' title='bbox 1588 504 1678 550; x_wconf 90' lang='lat' dir='ltr'><strong>aut</strong></span> <span class='ocrx_word' id='word_1_11' title='bbox 1708 510 1886 550; x_wconf 85' lang='lat' dir='ltr'><strong>sacer—</strong></span> <span class='ocrx_word' id='word_1_12' title='bbox 1916 489 1966 553; x_wconf 79' lang='grc' dir='ltr'><strong>Α</strong></span> <span class='ocrx_word' id='word_1_13' title='bbox 1991 491 2246 560; x_wconf 84' lang='lat' dir='ltr'><strong>scriptum</strong></span> <span class='ocrx_word' id='word_1_14' title='bbox 2295 485 2459 542; x_wconf 98' lang='lat' dir='ltr'><strong>habes</strong></span> <span class='ocrx_word' id='word_1_15' title='bbox 2508 502 2523 540; x_wconf 86' lang='lat'><strong>:</strong></span> <span class='ocrx_word' id='word_1_16' title='bbox 2574 485 2700 542; x_wconf 83' lang='lat' dir='ltr'><strong>Sine</strong></span> <span class='ocrx_word' id='word_1_17' title='bbox 2739 485 3016 553; x_wconf 75' lang='lat' dir='ltr'><strong>o/fensione</strong></span> <span class='ocrx_word' id='word_1_18' title='bbox 3055 497 3246 555; x_wconf 80' lang='lat' dir='ltr'><strong>estote,</strong></span> <span class='ocrx_word' id='word_1_19' title='bbox 3287 489 3487 548; x_wconf 72' lang='lat' dir='ltr'><strong>Juda’is</strong></span> <span class='ocrx_word' id='word_1_20' title='bbox 3527 505 3573 548; x_wconf 75' lang='lat' dir='ltr'><strong>ct</strong></span> 
     </span>
    </p>
   </div>
   <div class='ocr_carea' id='block_1_5' title="bbox 283 575 1880 655">
    <p class='ocr_par' dir='ltr' id='par_1_5' title="bbox 283 575 1880 655">
     <span class='ocr_line' id='line_1_5' title="bbox 283 575 1880 655; baseline 0.007 -28"><span class='ocrx_word' id='word_1_21' title='bbox 283 575 476 630; x_wconf 77' lang='lat' dir='ltr'><strong>domm</strong></span> <span class='ocrx_word' id='word_1_22' title='bbox 527 577 770 635; x_wconf 73' lang='lat' dir='ltr'><strong>doctrina</strong></span> <span class='ocrx_word' id='word_1_23' title='bbox 822 583 992 638; x_wconf 83' lang='lat' dir='ltr'><strong>ﬁdelis</strong></span> <span class='ocrx_word' id='word_1_24' title='bbox 1033 585 1300 641; x_wconf 73' lang='lat' dir='ltr'><strong>ostendat.</strong></span> <span class='ocrx_word' id='word_1_25' title='bbox 1349 585 1461 642; x_wconf 87' lang='lat' dir='ltr'><strong>Sub</strong></span> <span class='ocrx_word' id='word_1_26' title='bbox 1511 586 1690 655; x_wconf 89' lang='lat' dir='ltr'><strong>specie</strong></span> <span class='ocrx_word' id='word_1_27' title='bbox 1737 585 1880 641; x_wconf 89' lang='lat' dir='ltr'><strong>enim</strong></span> 
     </span>
    </p>
   </div>
   <div class='ocr_carea' id='block_1_6' title="bbox 284 667 1884 745">
    <p class='ocr_par' dir='ltr' id='par_1_6' title="bbox 284 667 1884 745">
     <span class='ocr_line' id='line_1_6' title="bbox 284 667 1884 745; baseline 0.006 -25"><span class='ocrx_word' id='word_1_28' title='bbox 284 667 539 723; x_wconf 67' lang='lat' dir='ltr'><strong>veritatis</strong></span> <span class='ocrx_word' id='word_1_29' title='bbox 579 671 894 745; x_wconf 88' lang='lat' dir='ltr'><strong>plerumque</strong></span> <span class='ocrx_word' id='word_1_30' title='bbox 927 675 1132 732; x_wconf 78' lang='lat' dir='ltr'><strong>falsitas</strong></span> <span class='ocrx_word' id='word_1_31' title='bbox 1156 677 1484 745; x_wconf 82' lang='lat' dir='ltr'><strong>vindicatur;</strong></span> <span class='ocrx_word' id='word_1_32' title='bbox 1513 687 1565 731; x_wconf 87' lang='lat' dir='ltr'><strong>et</strong></span> <span class='ocrx_word' id='word_1_33' title='bbox 1598 678 1697 732; x_wconf 87' lang='lat' dir='ltr'><strong>nisi</strong></span> <span class='ocrx_word' id='word_1_34' title='bbox 1745 677 1884 731; x_wconf 89' lang='lat' dir='ltr'><strong>adsit</strong></span> 
     </span>
    </p>
   </div>
   <div class='ocr_carea' id='block_1_7' title="bbox 292 760 1882 840">
    <p class='ocr_par' dir='ltr' id='par_1_7' title="bbox 292 760 1882 840">
     <span class='ocr_line' id='line_1_7' title="bbox 292 760 1882 840; baseline 0.005 -28"><span class='ocrx_word' id='word_1_35' title='bbox 292 760 447 815; x_wconf 79' lang='lat' dir='ltr'><strong>bonis</strong></span> <span class='ocrx_word' id='word_1_36' title='bbox 477 761 705 817; x_wconf 85' lang='lat' dir='ltr'><strong>ducibus</strong></span> <span class='ocrx_word' id='word_1_37' title='bbox 737 766 831 835; x_wconf 10' lang='lat' dir='ltr'><strong>cpia</strong></span> <span class='ocrx_word' id='word_1_38' title='bbox 855 768 1034 823; x_wconf 79' lang='lat' dir='ltr'><strong>cordis</strong></span> <span class='ocrx_word' id='word_1_39' title='bbox 1058 767 1328 824; x_wconf 84' lang='lat' dir='ltr'><strong>humilitas</strong></span> <span class='ocrx_word' id='word_1_40' title='bbox 1348 810 1363 834; x_wconf 90' lang='lat'><strong>,</strong></span> <span class='ocrx_word' id='word_1_41' title='bbox 1390 778 1447 822; x_wconf 93' lang='lat' dir='ltr'><strong>ut</strong></span> <span class='ocrx_word' id='word_1_42' title='bbox 1469 772 1676 840; x_wconf 75' lang='lat' dir='ltr'><strong>quoties</strong></span> <span class='ocrx_word' id='word_1_43' title='bbox 1703 771 1882 838; x_wconf 84' lang='lat' dir='ltr'><strong>requi-</strong></span> 
     </span>
    </p>
   </div>
   <div class='ocr_carea' id='block_1_8' title="bbox 292 853 1882 929">
    <p class='ocr_par' dir='ltr' id='par_1_8' title="bbox 292 853 1882 929">
     <span class='ocr_line' id='line_1_8' title="bbox 292 853 1882 929; baseline 0.006 -26"><span class='ocrx_word' id='word_1_44' title='bbox 292 861 417 906; x_wconf 89' lang='lat' dir='ltr'><strong>runt</strong></span> <span class='ocrx_word' id='word_1_45' title='bbox 445 853 724 909; x_wconf 86' lang='lat' dir='ltr'><strong>veritatem</strong></span> <span class='ocrx_word' id='word_1_46' title='bbox 743 895 758 918; x_wconf 89' lang='lat'><strong>,</strong></span> <span class='ocrx_word' id='word_1_47' title='bbox 785 857 1059 914; x_wconf 62' lang='lat' dir='ltr'><strong>saecularis</strong></span> <span class='ocrx_word' id='word_1_48' title='bbox 1086 859 1362 929; x_wconf 82' lang='lat' dir='ltr'><strong>dignitatis</strong></span> <span class='ocrx_word' id='word_1_49' title='bbox 1387 867 1697 926; x_wconf 76' lang='lat' dir='ltr'><strong>removeam</strong></span> <span class='ocrx_word' id='word_1_50' title='bbox 1728 867 1882 928; x_wconf 83' lang='lat' dir='ltr'><strong>pote-</strong></span> 
     </span>
    </p>
   </div>
   <div class='ocr_carea' id='block_1_9' title="bbox 287 942 1880 1022">
    <p class='ocr_par' dir='ltr' id='par_1_9' title="bbox 287 942 1880 1022">
     <span class='ocr_line' id='line_1_9' title="bbox 287 942 1880 1022; baseline 0.007 -25"><span class='ocrx_word' id='word_1_51' title='bbox 287 951 518 1010; x_wconf 85' lang='lat' dir='ltr'><strong>statetu,</strong></span> <span class='ocrx_word' id='word_1_52' title='bbox 553 948 930 1006; x_wconf 75' lang='lat' dir='ltr'><strong>miserabiliter</strong></span> <span class='ocrx_word' id='word_1_53' title='bbox 959 960 1350 1022; x_wconf 81' lang='lat' dir='ltr'><strong>anteponentur</strong></span> <span class='ocrx_word' id='word_1_54' title='bbox 1380 951 1607 1007; x_wconf 84' lang='lat' dir='ltr'><strong>humana</strong></span> <span class='ocrx_word' id='word_1_55' title='bbox 1651 942 1880 1018; x_wconf 75' lang='lat' dir='ltr'><strong>divinis;</strong></span> 
     </span>
    </p>
   </div>
   <div class='ocr_carea' id='block_1_10' title="bbox 284 1040 1884 1111">
    <p class='ocr_par' dir='ltr' id='par_1_10' title="bbox 284 1040 1884 1111">
     <span class='ocr_line' id='line_1_10' title="bbox 284 1040 1884 1111; baseline 0.008 -23"><span class='ocrx_word' id='word_1_56' title='bbox 284 1043 355 1089; x_wconf 64' lang='lat' dir='ltr'><strong>ait</strong></span> <span class='ocrx_word' id='word_1_57' title='bbox 383 1047 587 1093; x_wconf 81' lang='lat' dir='ltr'><strong>temere</strong></span> <span class='ocrx_word' id='word_1_58' title='bbox 616 1040 838 1108; x_wconf 85' lang='lat' dir='ltr'><strong>audeat,</strong></span> <span class='ocrx_word' id='word_1_59' title='bbox 869 1045 1112 1111; x_wconf 80' lang='lat' dir='ltr'><strong>quamvis</strong></span> <span class='ocrx_word' id='word_1_60' title='bbox 1143 1045 1252 1099; x_wconf 81' lang='lat' dir='ltr'><strong>dux</strong></span> <span class='ocrx_word' id='word_1_61' title='bbox 1272 1089 1286 1110; x_wconf 90' lang='lat'><strong>,</strong></span> <span class='ocrx_word' id='word_1_62' title='bbox 1314 1056 1488 1100; x_wconf 89' lang='lat' dir='ltr'><strong>tamen</strong></span> <span class='ocrx_word' id='word_1_63' title='bbox 1524 1047 1779 1102; x_wconf 69' lang='lat' dir='ltr'><strong>Ecclesia:</strong></span> <span class='ocrx_word' id='word_1_64' title='bbox 1806 1047 1884 1100; x_wconf 89' lang='lat' dir='ltr'><strong>di-</strong></span> 
     </span>
    </p>
   </div>
   <div class='ocr_carea' id='block_1_11' title="bbox 290 1129 1882 1208">
    <p class='ocr_par' dir='ltr' id='par_1_11' title="bbox 290 1129 1882 1208">
     <span class='ocr_line' id='line_1_11' title="bbox 290 1129 1882 1208; baseline 0.007 -27"><span class='ocrx_word' id='word_1_65' title='bbox 290 1129 550 1197; x_wconf 66' lang='lat' dir='ltr'><strong>scipulus,</strong></span> <span class='ocrx_word' id='word_1_66' title='bbox 581 1131 876 1189; x_wconf 75' lang='lat' dir='ltr'><strong>Ecclesium</strong></span> <span class='ocrx_word' id='word_1_67' title='bbox 910 1135 1135 1203; x_wconf 75' lang='lat' dir='ltr'><strong>ducere;</strong></span> <span class='ocrx_word' id='word_1_68' title='bbox 1170 1153 1268 1192; x_wconf 83' lang='lat' dir='ltr'><strong>nec,</strong></span> <span class='ocrx_word' id='word_1_69' title='bbox 1290 1137 1493 1208; x_wconf 82' lang='lat' dir='ltr'><strong>judicia</strong></span> <span class='ocrx_word' id='word_1_70' title='bbox 1522 1140 1668 1204; x_wconf 85' lang='lat' dir='ltr'><strong>sequi</strong></span> <span class='ocrx_word' id='word_1_71' title='bbox 1702 1154 1882 1193; x_wconf 83' lang='lat' dir='ltr'><strong>sacer-</strong></span> 
     </span>
    </p>
   </div>
   <div class='ocr_carea' id='block_1_12' title="bbox 287 1216 1884 1299">
    <p class='ocr_par' dir='ltr' id='par_1_12' title="bbox 287 1216 1884 1299">
     <span class='ocr_line' id='line_1_12' title="bbox 287 1216 1884 1299; baseline 0.009 -29"><span class='ocrx_word' id='word_1_72' title='bbox 287 1216 502 1288; x_wconf 79' lang='lat' dir='ltr'><strong>dotum,</strong></span> <span class='ocrx_word' id='word_1_73' title='bbox 530 1220 628 1276; x_wconf 87' lang='lat' dir='ltr'><strong>sed</strong></span> <span class='ocrx_word' id='word_1_74' title='bbox 659 1223 797 1278; x_wconf 76' lang='lat' dir='ltr'><strong>Velle</strong></span> <span class='ocrx_word' id='word_1_75' title='bbox 845 1227 1018 1295; x_wconf 82' lang='lat' dir='ltr'><strong>pntius</strong></span> <span class='ocrx_word' id='word_1_76' title='bbox 1065 1225 1133 1282; x_wconf 88' lang='lat' dir='ltr'><strong>de</strong></span> <span class='ocrx_word' id='word_1_77' title='bbox 1180 1227 1600 1284; x_wconf 79' lang='lat' dir='ltr'><strong>sacerdotalibus</strong></span> <span class='ocrx_word' id='word_1_78' title='bbox 1642 1227 1884 1299; x_wconf 78' lang='lat' dir='ltr'><strong>judicare</strong></span> 
     </span>
    </p>
   </div>
   <div class='ocr_carea' id='block_1_13' title="bbox 289 1309 1604 1388">
    <p class='ocr_par' dir='ltr' id='par_1_13' title="bbox 289 1309 1604 1388">
     <span class='ocr_line' id='line_1_13' title="bbox 289 1309 1604 1388; baseline 0.003 -28"><span class='ocrx_word' id='word_1_79' title='bbox 289 1309 525 1378; x_wconf 70' lang='lat' dir='ltr'><strong>iudicii.</strong></span> <span class='ocrx_word' id='word_1_80' title='bbox 569 1383 572 1388; x_wconf 31' lang='grc' dir='ltr'><strong>Ι</strong></span> <span class='ocrx_word' id='word_1_81' title='bbox 1098 1328 1101 1330; x_wconf 89' lang='grc'>·</span> <span class='ocrx_word' id='word_1_82' title='bbox 1571 1311 1604 1344; x_wconf 76' lang='grc'><strong><em>⁸</em></strong></span> 
     </span>
    </p>
   </div>
   <div class='ocr_carea' id='block_1_14' title="bbox 365 1400 1884 1477">
    <p class='ocr_par' dir='ltr' id='par_1_14' title="bbox 365 1400 1884 1477">
     <span class='ocr_line' id='line_1_14' title="bbox 365 1400 1884 1477; baseline 0.004 -23"><span class='ocrx_word' id='word_1_83' title='bbox 365 1400 453 1454; x_wconf 82' lang='grc'><strong>17.</strong></span> <span class='ocrx_word' id='word_1_84' title='bbox 483 1401 776 1460; x_wconf 80' lang='lat' dir='ltr'><strong>Occasione</strong></span> <span class='ocrx_word' id='word_1_85' title='bbox 822 1407 1050 1477; x_wconf 87' lang='lat' dir='ltr'><strong>quadam</strong></span> <span class='ocrx_word' id='word_1_86' title='bbox 1095 1409 1348 1464; x_wconf 75' lang='lat' dir='ltr'><strong>venimus</strong></span> <span class='ocrx_word' id='word_1_87' title='bbox 1388 1411 1452 1464; x_wconf 90' lang='lat' dir='ltr'><strong>ad</strong></span> <span class='ocrx_word' id='word_1_88' title='bbox 1501 1411 1640 1465; x_wconf 85' lang='lat' dir='ltr'><strong>hunc</strong></span> <span class='ocrx_word' id='word_1_89' title='bbox 1686 1412 1884 1477; x_wconf 86' lang='lat' dir='ltr'><strong>locum,</strong></span> 
     </span>
    </p>
   </div>
   <div class='ocr_carea' id='block_1_15' title="bbox 291 1495 1884 1570">
    <p class='ocr_par' dir='ltr' id='par_1_15' title="bbox 291 1495 1884 1570">
     <span class='ocr_line' id='line_1_15' title="bbox 291 1495 1884 1570; baseline 0.008 -27"><span class='ocrx_word' id='word_1_90' title='bbox 291 1501 548 1558; x_wconf 78' lang='lat' dir='ltr'><strong>quantum</strong></span> <span class='ocrx_word' id='word_1_91' title='bbox 571 1495 828 1562; x_wconf 79' lang='lat' dir='ltr'><strong>arbitror,</strong></span> <span class='ocrx_word' id='word_1_92' title='bbox 854 1501 1217 1555; x_wconf 87' lang='lat' dir='ltr'><strong>necessarium</strong></span> <span class='ocrx_word' id='word_1_93' title='bbox 1242 1501 1439 1555; x_wconf 87' lang='lat' dir='ltr'><strong>volenti</strong></span> <span class='ocrx_word' id='word_1_94' title='bbox 1465 1516 1677 1570; x_wconf 80' lang='lat' dir='ltr'><strong>semper</strong></span> <span class='ocrx_word' id='word_1_95' title='bbox 1700 1501 1884 1556; x_wconf 90' lang='lat' dir='ltr'><strong>huma-</strong></span> 
     </span>
    </p>
   </div>
   <div class='ocr_carea' id='block_1_16' title="bbox 287 1584 1885 1663">
    <p class='ocr_par' dir='ltr' id='par_1_16' title="bbox 287 1584 1885 1663">
     <span class='ocr_line' id='line_1_16' title="bbox 287 1584 1885 1663; baseline 0.006 -25"><span class='ocrx_word' id='word_1_96' title='bbox 287 1584 378 1638; x_wconf 77' lang='lat' dir='ltr'><strong>nis</strong></span> <span class='ocrx_word' id='word_1_97' title='bbox 399 1585 577 1640; x_wconf 86' lang='lat' dir='ltr'><strong>divina</strong></span> <span class='ocrx_word' id='word_1_98' title='bbox 607 1604 944 1660; x_wconf 58' lang='lat' dir='ltr'><strong>praponere.</strong></span> <span class='ocrx_word' id='word_1_99' title='bbox 968 1591 1038 1647; x_wconf 90' lang='lat' dir='ltr'><strong>Ut</strong></span> <span class='ocrx_word' id='word_1_100' title='bbox 1067 1592 1172 1647; x_wconf 72' lang='lat' dir='ltr'><strong>dux</strong></span> <span class='ocrx_word' id='word_1_101' title='bbox 1206 1593 1238 1646; x_wconf 87' lang='lat' dir='ltr'><strong>b</strong></span> <span class='ocrx_word' id='word_1_102' title='bbox 1262 1611 1395 1655; x_wconf 60' lang='lat' dir='ltr'><strong>unus,</strong></span> <span class='ocrx_word' id='word_1_103' title='bbox 1418 1595 1469 1649; x_wconf 89' lang='lat' dir='ltr'><strong>in</strong></span> <span class='ocrx_word' id='word_1_104' title='bbox 1501 1595 1746 1649; x_wconf 83' lang='lat' dir='ltr'><strong>oumibus</strong></span> <span class='ocrx_word' id='word_1_105' title='bbox 1768 1595 1885 1663; x_wconf 89' lang='lat' dir='ltr'><strong>qui-</strong></span> 
     </span>
    </p>
   </div>
   <div class='ocr_carea' id='block_1_17' title="bbox 287 1678 1884 1751">
    <p class='ocr_par' dir='ltr' id='par_1_17' title="bbox 287 1678 1884 1751">
     <span class='ocr_line' id='line_1_17' title="bbox 287 1678 1884 1751; baseline 0.008 -23"><span class='ocrx_word' id='word_1_106' title='bbox 287 1678 438 1746; x_wconf 80' lang='lat' dir='ltr'><strong>dem,</strong></span> <span class='ocrx_word' id='word_1_107' title='bbox 477 1679 522 1732; x_wconf 87' lang='lat' dir='ltr'><strong>si</strong></span> <span class='ocrx_word' id='word_1_108' title='bbox 557 1681 640 1749; x_wconf 90' lang='lat' dir='ltr'><strong>pie</strong></span> <span class='ocrx_word' id='word_1_109' title='bbox 667 1683 836 1750; x_wconf 71' lang='lat' dir='ltr'><strong>sapis,</strong></span> <span class='ocrx_word' id='word_1_110' title='bbox 872 1683 1166 1738; x_wconf 83' lang='lat' dir='ltr'><strong>Ecclesiam</strong></span> <span class='ocrx_word' id='word_1_111' title='bbox 1209 1686 1478 1751; x_wconf 76' lang='lat' dir='ltr'><strong>consulas,</strong></span> <span class='ocrx_word' id='word_1_112' title='bbox 1519 1685 1884 1741; x_wconf 68' lang='lat' dir='ltr'><strong>sacerdotibus</strong></span> 
     </span>
    </p>
   </div>
   <div class='ocr_carea' id='block_1_18' title="bbox 293 1770 1880 1849">
    <p class='ocr_par' dir='ltr' id='par_1_18' title="bbox 293 1770 1880 1849">
     <span class='ocr_line' id='line_1_18' title="bbox 293 1770 1880 1849; baseline 0.008 -28"><span class='ocrx_word' id='word_1_113' title='bbox 293 1770 513 1827; x_wconf 79' lang='lat' dir='ltr'><strong>obedire</strong></span> <span class='ocrx_word' id='word_1_114' title='bbox 562 1771 804 1835; x_wconf 75' lang='lat' dir='ltr'><strong>festines,</strong></span> <span class='ocrx_word' id='word_1_115' title='bbox 843 1776 963 1831; x_wconf 88' lang='lat' dir='ltr'><strong>sine</strong></span> <span class='ocrx_word' id='word_1_116' title='bbox 1007 1777 1222 1831; x_wconf 87' lang='lat' dir='ltr'><strong>illorum</strong></span> <span class='ocrx_word' id='word_1_117' title='bbox 1276 1779 1500 1832; x_wconf 79' lang='lat' dir='ltr'><strong>consilio</strong></span> <span class='ocrx_word' id='word_1_118' title='bbox 1549 1780 1675 1832; x_wconf 80' lang='lat' dir='ltr'><strong>nihil</strong></span> <span class='ocrx_word' id='word_1_119' title='bbox 1726 1794 1880 1849; x_wconf 85' lang='lat' dir='ltr'><strong>geras</strong></span> 
     </span>
    </p>
   </div>
   <div class='ocr_carea' id='block_1_19' title="bbox 287 1869 1884 1941">
    <p class='ocr_par' dir='ltr' id='par_1_19' title="bbox 287 1869 1884 1941">
     <span class='ocr_line' id='line_1_19' title="bbox 287 1869 1884 1941; baseline 0.007 -24"><span class='ocrx_word' id='word_1_120' title='bbox 287 1880 527 1931; x_wconf 82' lang='lat' dir='ltr'><strong>quorum</strong></span> <span class='ocrx_word' id='word_1_121' title='bbox 577 1869 824 1936; x_wconf 83' lang='lat' dir='ltr'><strong>precibus</strong></span> <span class='ocrx_word' id='word_1_122' title='bbox 864 1870 1156 1941; x_wconf 86' lang='lat' dir='ltr'><strong>adjuvaris.</strong></span> <span class='ocrx_word' id='word_1_123' title='bbox 1192 1870 1466 1939; x_wconf 65' lang='lat' dir='ltr'><strong>l’rtecipue</strong></span> <span class='ocrx_word' id='word_1_124' title='bbox 1515 1881 1690 1927; x_wconf 86' lang='lat' dir='ltr'><strong>tamen</strong></span> <span class='ocrx_word' id='word_1_125' title='bbox 1740 1873 1884 1927; x_wconf 89' lang='lat' dir='ltr'><strong>inter</strong></span> 
     </span>
    </p>
   </div>
   <div class='ocr_carea' id='block_1_20' title="bbox 287 1960 1879 2033">
    <p class='ocr_par' dir='ltr' id='par_1_20' title="bbox 287 1960 1879 2033">
     <span class='ocr_line' id='line_1_20' title="bbox 287 1960 1879 2033; baseline 0.006 -23"><span class='ocrx_word' id='word_1_126' title='bbox 287 1960 474 2016; x_wconf 73' lang='lat' dir='ltr'><strong>officia</strong></span> <span class='ocrx_word' id='word_1_127' title='bbox 506 1963 806 2033; x_wconf 78' lang='lat' dir='ltr'><strong>religionis,</strong></span> <span class='ocrx_word' id='word_1_128' title='bbox 833 1966 999 2019; x_wconf 72' lang='lat' dir='ltr'><strong>solum</strong></span> <span class='ocrx_word' id='word_1_129' title='bbox 1032 1966 1206 2021; x_wconf 87' lang='lat' dir='ltr'><strong>discas</strong></span> <span class='ocrx_word' id='word_1_130' title='bbox 1241 1965 1597 2020; x_wconf 75' lang='lat' dir='ltr'><strong>obedientiam</strong></span> <span class='ocrx_word' id='word_1_131' title='bbox 1627 1965 1837 2021; x_wconf 57' lang='lat' dir='ltr'><strong>deferre</strong></span> <span class='ocrx_word' id='word_1_132' title='bbox 1867 1984 1879 2019; x_wconf 88' lang='lat'><strong>:</strong></span> 
     </span>
    </p>
   </div>
   <div class='ocr_carea' id='block_1_21' title="bbox 301 2053 1884 2124">
    <p class='ocr_par' dir='ltr' id='par_1_21' title="bbox 301 2053 1884 2124">
     <span class='ocr_line' id='line_1_21' title="bbox 301 2053 1884 2124; baseline 0.003 -17"><span class='ocrx_word' id='word_1_133' title='bbox 301 2061 356 2107; x_wconf 85' lang='lat' dir='ltr'><strong>et</strong></span> <span class='ocrx_word' id='word_1_134' title='bbox 386 2053 433 2106; x_wconf 89' lang='lat' dir='ltr'><strong>si</strong></span> <span class='ocrx_word' id='word_1_135' title='bbox 459 2055 674 2120; x_wconf 80' lang='lat' dir='ltr'><strong>quando</strong></span> <span class='ocrx_word' id='word_1_136' title='bbox 718 2055 908 2123; x_wconf 75' lang='lat' dir='ltr'><strong>aliquis</strong></span> <span class='ocrx_word' id='word_1_137' title='bbox 937 2057 1218 2124; x_wconf 83' lang='lat' dir='ltr'><strong>scrupulus</strong></span> <span class='ocrx_word' id='word_1_138' title='bbox 1264 2066 1495 2111; x_wconf 90' lang='lat' dir='ltr'><strong>mentem</strong></span> <span class='ocrx_word' id='word_1_139' title='bbox 1541 2064 1746 2120; x_wconf 77' lang='lat' dir='ltr'><strong>movet,</strong></span> <span class='ocrx_word' id='word_1_140' title='bbox 1780 2069 1884 2112; x_wconf 85' lang='lat' dir='ltr'><strong>non</strong></span> 
     </span>
    </p>
   </div>
   <div class='ocr_carea' id='block_1_22' title="bbox 291 2145 1885 2217">
    <p class='ocr_par' dir='ltr' id='par_1_22' title="bbox 291 2145 1885 2217">
     <span class='ocr_line' id='line_1_22' title="bbox 291 2145 1885 2217; baseline 0.004 -21"><span class='ocrx_word' id='word_1_141' title='bbox 291 2145 541 2213; x_wconf 72' lang='lat' dir='ltr'><strong>scquaris</strong></span> <span class='ocrx_word' id='word_1_142' title='bbox 581 2147 736 2201; x_wconf 54' lang='lat' dir='ltr'><strong>facile</strong></span> <span class='ocrx_word' id='word_1_143' title='bbox 783 2147 1104 2202; x_wconf 76' lang='lat' dir='ltr'><strong>sementium</strong></span> <span class='ocrx_word' id='word_1_144' title='bbox 1153 2150 1443 2217; x_wconf 83' lang='lat' dir='ltr'><strong>prepriam,</strong></span> <span class='ocrx_word' id='word_1_145' title='bbox 1474 2164 1572 2203; x_wconf 87' lang='lat' dir='ltr'><strong>nec</strong></span> <span class='ocrx_word' id='word_1_146' title='bbox 1600 2149 1720 2203; x_wconf 89' lang='lat' dir='ltr'><strong>aliis</strong></span> <span class='ocrx_word' id='word_1_147' title='bbox 1765 2163 1885 2217; x_wconf 87' lang='lat' dir='ltr'><strong>per-</strong></span> 
     </span>
    </p>
   </div>
   <div class='ocr_carea' id='block_1_23' title="bbox 288 2237 1886 2308">
    <p class='ocr_par' dir='ltr' id='par_1_23' title="bbox 288 2237 1886 2308">
     <span class='ocr_line' id='line_1_23' title="bbox 288 2237 1886 2308; baseline 0.002 -17"><span class='ocrx_word' id='word_1_148' title='bbox 288 2237 524 2292; x_wconf 25' lang='lat' dir='ltr'><strong>suallere</strong></span> <span class='ocrx_word' id='word_1_149' title='bbox 551 2237 787 2301; x_wconf 88' lang='lat' dir='ltr'><strong>coneris,</strong></span> <span class='ocrx_word' id='word_1_150' title='bbox 810 2237 910 2292; x_wconf 85' lang='lat' dir='ltr'><strong>nisi</strong></span> <span class='ocrx_word' id='word_1_151' title='bbox 942 2239 1088 2308; x_wconf 89' lang='lat' dir='ltr'><strong>prius</strong></span> <span class='ocrx_word' id='word_1_152' title='bbox 1115 2254 1230 2293; x_wconf 80' lang='lat' dir='ltr'><strong>eam</strong></span> <span class='ocrx_word' id='word_1_153' title='bbox 1263 2240 1487 2294; x_wconf 87' lang='lat' dir='ltr'><strong>sacerdo</strong></span> <span class='ocrx_word' id='word_1_154' title='bbox 1513 2240 1630 2293; x_wconf 83' lang='lat' dir='ltr'><strong>ibus</strong></span> <span class='ocrx_word' id='word_1_155' title='bbox 1657 2253 1886 2306; x_wconf 79' lang='lat' dir='ltr'><strong>agnove-</strong></span> 
     </span>
    </p>
   </div>
   <div class='ocr_carea' id='block_1_24' title="bbox 298 2328 1886 2400">
    <p class='ocr_par' dir='ltr' id='par_1_24' title="bbox 298 2328 1886 2400">
     <span class='ocr_line' id='line_1_24' title="bbox 298 2328 1886 2400; baseline 0.003 -22"><span class='ocrx_word' id='word_1_156' title='bbox 298 2328 373 2382; x_wconf 81' lang='lat' dir='ltr'><strong>iis</strong></span> <span class='ocrx_word' id='word_1_157' title='bbox 413 2328 701 2396; x_wconf 80' lang='lat' dir='ltr'><strong>placuisse.</strong></span> <span class='ocrx_word' id='word_1_158' title='bbox 741 2329 1009 2384; x_wconf 78' lang='lat' dir='ltr'><strong>Memento</strong></span> <span class='ocrx_word' id='word_1_159' title='bbox 1054 2331 1180 2400; x_wconf 90' lang='lat' dir='ltr'><strong>quid</strong></span> <span class='ocrx_word' id='word_1_160' title='bbox 1229 2330 1318 2384; x_wconf 90' lang='lat' dir='ltr'><strong>tibi</strong></span> <span class='ocrx_word' id='word_1_161' title='bbox 1371 2330 1422 2384; x_wconf 90' lang='lat' dir='ltr'><strong>lu</strong></span> <span class='ocrx_word' id='word_1_162' title='bbox 1471 2330 1886 2385; x_wconf 74' lang='lat' dir='ltr'><strong>Denteronomio</strong></span> 
     </span>
    </p>
   </div>
   <div class='ocr_carea' id='block_1_25' title="bbox 296 2418 1887 2492">
    <p class='ocr_par' dir='ltr' id='par_1_25' title="bbox 296 2418 1887 2492">
     <span class='ocr_line' id='line_1_25' title="bbox 296 2418 1887 2492; baseline 0 -19"><span class='ocrx_word' id='word_1_163' title='bbox 296 2418 442 2475; x_wconf 77' lang='lat' dir='ltr'><strong>Dens</strong></span> <span class='ocrx_word' id='word_1_164' title='bbox 469 2419 717 2485; x_wconf 81' lang='lat' dir='ltr'><strong>loquatur</strong></span> <span class='ocrx_word' id='word_1_165' title='bbox 741 2437 755 2474; x_wconf 88' lang='lat'><strong>:</strong></span> <span class='ocrx_word' id='word_1_166' title='bbox 786 2419 1052 2492; x_wconf 69' lang='lat' dir='ltr'><strong>fatu-roga</strong></span> <span class='ocrx_word' id='word_1_167' title='bbox 1080 2432 1274 2490; x_wconf 77' lang='lat' dir='ltr'><strong>patrem</strong></span> <span class='ocrx_word' id='word_1_168' title='bbox 1304 2431 1466 2479; x_wconf 84' lang='lat' dir='ltr'><strong>tuum.</strong></span> <span class='ocrx_word' id='word_1_169' title='bbox 1491 2431 1535 2474; x_wconf 84' lang='lat' dir='ltr'><strong>et</strong></span> <span class='ocrx_word' id='word_1_170' title='bbox 1569 2420 1887 2474; x_wconf 83' lang='lat' dir='ltr'><strong>aummtiabit</strong></span> 
     </span>
    </p>
   </div>
   <div class='ocr_carea' id='block_1_26' title="bbox 292 2509 1884 2582">
    <p class='ocr_par' dir='ltr' id='par_1_26' title="bbox 292 2509 1884 2582">
     <span class='ocr_line' id='line_1_26' title="bbox 292 2509 1884 2582; baseline 0.002 -20"><span class='ocrx_word' id='word_1_171' title='bbox 292 2509 420 2575; x_wconf 76' lang='lat' dir='ltr'><strong>tibi;</strong></span> <span class='ocrx_word' id='word_1_172' title='bbox 443 2510 758 2581; x_wconf 74' lang='lat' dir='ltr'><strong>presbyteros</strong></span> <span class='ocrx_word' id='word_1_173' title='bbox 786 2521 984 2576; x_wconf 75' lang='lat' dir='ltr'><strong>tuos,et</strong></span> <span class='ocrx_word' id='word_1_174' title='bbox 1009 2513 1174 2567; x_wconf 61' lang='lat' dir='ltr'><strong>ditant</strong></span> <span class='ocrx_word' id='word_1_175' title='bbox 1203 2513 1292 2566; x_wconf 82' lang='lat' dir='ltr'><strong>tibi</strong></span> <span class='ocrx_word' id='word_1_176' title='bbox 1315 2513 1487 2566; x_wconf 82' lang='lat' dir='ltr'><strong>omnia</strong></span> <span class='ocrx_word' id='word_1_177' title='bbox 1513 2512 1694 2582; x_wconf 71' lang='lat' dir='ltr'><strong>(Deut.</strong></span> <span class='ocrx_word' id='word_1_178' title='bbox 1716 2528 1884 2579; x_wconf 77' lang='lat' dir='ltr'><strong>xxxii,</strong></span> 
     </span>
    </p>
   </div>
   <div class='ocr_carea' id='block_1_27' title="bbox 296 2596 1885 2671">
    <p class='ocr_par' dir='ltr' id='par_1_27' title="bbox 296 2596 1885 2671">
     <span class='ocr_line' id='line_1_27' title="bbox 296 2596 1885 2671; baseline 0.004 -20"><span class='ocrx_word' id='word_1_179' title='bbox 296 2596 376 2666; x_wconf 84' lang='lat'><strong>7).</strong></span> <span class='ocrx_word' id='word_1_180' title='bbox 402 2599 635 2656; x_wconf 81' lang='lat' dir='ltr'><strong>Consule</strong></span> <span class='ocrx_word' id='word_1_181' title='bbox 656 2617 783 2670; x_wconf 82' lang='lat' dir='ltr'><strong>ergo</strong></span> <span class='ocrx_word' id='word_1_182' title='bbox 809 2617 943 2671; x_wconf 89' lang='lat' dir='ltr'><strong>quos</strong></span> <span class='ocrx_word' id='word_1_183' title='bbox 968 2602 1107 2656; x_wconf 81' lang='lat' dir='ltr'><strong>Deus</strong></span> <span class='ocrx_word' id='word_1_184' title='bbox 1131 2603 1366 2657; x_wconf 54' lang='lat' dir='ltr'><strong>scientia:</strong></span> <span class='ocrx_word' id='word_1_185' title='bbox 1399 2603 1654 2656; x_wconf 87' lang='lat' dir='ltr'><strong>Dominus</strong></span> <span class='ocrx_word' id='word_1_186' title='bbox 1678 2602 1885 2657; x_wconf 63' lang='lat' dir='ltr'><strong>consuli</strong></span> 
     </span>
    </p>
   </div>
   <div class='ocr_carea' id='block_1_28' title="bbox 295 2691 1884 2762">
    <p class='ocr_par' dir='ltr' id='par_1_28' title="bbox 295 2691 1884 2762">
     <span class='ocr_line' id='line_1_28' title="bbox 295 2691 1884 2762; baseline 0.004 -20"><span class='ocrx_word' id='word_1_187' title='bbox 295 2691 494 2745; x_wconf 82' lang='lat' dir='ltr'><strong>debere</strong></span> <span class='ocrx_word' id='word_1_188' title='bbox 532 2693 882 2748; x_wconf 86' lang='lat' dir='ltr'><strong>commonuit.</strong></span> <span class='ocrx_word' id='word_1_189' title='bbox 915 2693 1133 2749; x_wconf 81' lang='lat' dir='ltr'><strong>Etiamsi</strong></span> <span class='ocrx_word' id='word_1_190' title='bbox 1167 2693 1257 2749; x_wconf 86' lang='lat' dir='ltr'><strong>tibi</strong></span> <span class='ocrx_word' id='word_1_191' title='bbox 1315 2694 1554 2750; x_wconf 72' lang='lat' dir='ltr'><strong>scientia:</strong></span> <span class='ocrx_word' id='word_1_192' title='bbox 1593 2693 1884 2762; x_wconf 83' lang='lat' dir='ltr'><strong>plenitudo,</strong></span> 
     </span>
    </p>
   </div>
   <div class='ocr_carea' id='block_1_29' title="bbox 296 2780 1888 2853">
    <p class='ocr_par' dir='ltr' id='par_1_29' title="bbox 296 2780 1888 2853">
     <span class='ocr_line' id='line_1_29' title="bbox 296 2780 1888 2853; baseline 0.003 -19"><span class='ocrx_word' id='word_1_193' title='bbox 296 2781 344 2834; x_wconf 89' lang='lat' dir='ltr'><strong>si</strong></span> <span class='ocrx_word' id='word_1_194' title='bbox 375 2780 596 2835; x_wconf 77' lang='lat' dir='ltr'><strong>facultas</strong></span> <span class='ocrx_word' id='word_1_195' title='bbox 627 2781 847 2852; x_wconf 82' lang='lat' dir='ltr'><strong>n-ajoris</strong></span> <span class='ocrx_word' id='word_1_196' title='bbox 872 2783 1070 2852; x_wconf 83' lang='lat' dir='ltr'><strong>eloquii</strong></span> <span class='ocrx_word' id='word_1_197' title='bbox 1098 2800 1122 2838; x_wconf 93' lang='lat' dir='ltr'><strong>s</strong></span> <span class='ocrx_word' id='word_1_198' title='bbox 1148 2792 1366 2853; x_wconf 62' lang='lat' dir='ltr'><strong>&#39;ppt-tat,</strong></span> <span class='ocrx_word' id='word_1_199' title='bbox 1395 2785 1648 2838; x_wconf 85' lang='lat' dir='ltr'><strong>inclinata</strong></span> <span class='ocrx_word' id='word_1_200' title='bbox 1677 2784 1888 2838; x_wconf 80' lang='lat' dir='ltr'><strong>cervice</strong></span> 
     </span>
    </p>
   </div>
   <div class='ocr_carea' id='block_1_30' title="bbox 301 2869 1904 2942">
    <p class='ocr_par' dir='ltr' id='par_1_30' title="bbox 301 2869 1904 2942">
     <span class='ocr_line' id='line_1_30' title="bbox 301 2869 1904 2942; baseline 0.004 -20"><span class='ocrx_word' id='word_1_201' title='bbox 301 2871 372 2924; x_wconf 84' lang='lat' dir='ltr'><strong>ad</strong></span> <span class='ocrx_word' id='word_1_202' title='bbox 411 2869 725 2926; x_wconf 74' lang='lat' dir='ltr'><strong>humilitatis</strong></span> <span class='ocrx_word' id='word_1_203' title='bbox 765 2884 966 2928; x_wconf 67' lang='lat' dir='ltr'><strong>sanctae</strong></span> <span class='ocrx_word' id='word_1_204' title='bbox 998 2875 1347 2942; x_wconf 78' lang='lat' dir='ltr'><strong>pr-Oposittuu,</strong></span> <span class='ocrx_word' id='word_1_205' title='bbox 1379 2876 1599 2930; x_wconf 80' lang='lat' dir='ltr'><strong>Consule</strong></span> <span class='ocrx_word' id='word_1_206' title='bbox 1638 2873 1904 2929; x_wconf 81' lang='lat' dir='ltr'><strong>sacerdo-&#39;</strong></span> 
     </span>
    </p>
   </div>
   <div class='ocr_carea' id='block_1_31' title="bbox 302 2961 1889 3034">
    <p class='ocr_par' dir='ltr' id='par_1_31' title="bbox 302 2961 1889 3034">
     <span class='ocr_line' id='line_1_31' title="bbox 302 2961 1889 3034; baseline 0.002 -19"><span class='ocrx_word' id='word_1_207' title='bbox 302 2971 405 3016; x_wconf 82' lang='lat' dir='ltr'><strong>tes.</strong></span> <span class='ocrx_word' id='word_1_208' title='bbox 431 2961 662 3018; x_wconf 86' lang='lat' dir='ltr'><strong>Consule</strong></span> <span class='ocrx_word' id='word_1_209' title='bbox 688 2972 865 3018; x_wconf 89' lang='lat' dir='ltr'><strong>autem</strong></span> <span class='ocrx_word' id='word_1_210' title='bbox 899 2965 982 3033; x_wconf 89' lang='lat' dir='ltr'><strong>pie</strong></span> <span class='ocrx_word' id='word_1_211' title='bbox 1012 2966 1321 3033; x_wconf 70' lang='lat' dir='ltr'><strong>qntcrcndo,</strong></span> <span class='ocrx_word' id='word_1_212' title='bbox 1343 2980 1448 3019; x_wconf 84' lang='lat' dir='ltr'><strong>non</strong></span> <span class='ocrx_word' id='word_1_213' title='bbox 1477 2965 1737 3019; x_wconf 74' lang='lat' dir='ltr'><strong>violenter</strong></span> <span class='ocrx_word' id='word_1_214' title='bbox 1765 2963 1889 3034; x_wconf 89' lang='lat' dir='ltr'><strong>quid</strong></span> 
     </span>
    </p>
   </div>
   <div class='ocr_carea' id='block_1_32' title="bbox 309 3055 1886 3127">
    <p class='ocr_par' dir='ltr' id='par_1_32' title="bbox 309 3055 1886 3127">
     <span class='ocr_line' id='line_1_32' title="bbox 309 3055 1886 3127; baseline 0.003 -20"><span class='ocrx_word' id='word_1_215' title='bbox 309 3055 666 3123; x_wconf 57' lang='lat' dir='ltr'><strong>respondeant</strong></span> <span class='ocrx_word' id='word_1_216' title='bbox 699 3057 1036 3124; x_wconf 87' lang='lat' dir='ltr'><strong>inq-crando.</strong></span> <span class='ocrx_word' id='word_1_217' title='bbox 1066 3057 1174 3112; x_wconf 77' lang='lat' dir='ltr'><strong>Nec</strong></span> <span class='ocrx_word' id='word_1_218' title='bbox 1209 3058 1302 3112; x_wconf 88' lang='lat' dir='ltr'><strong>tibi</strong></span> <span class='ocrx_word' id='word_1_219' title='bbox 1335 3073 1564 3127; x_wconf 89' lang='lat' dir='ltr'><strong>unquam</strong></span> <span class='ocrx_word' id='word_1_220' title='bbox 1597 3058 1804 3126; x_wconf 78' lang='lat' dir='ltr'><strong>placeat</strong></span> <span class='ocrx_word' id='word_1_221' title='bbox 1836 3059 1886 3112; x_wconf 92' lang='lat' dir='ltr'><strong>in</strong></span> 
     </span>
    </p>
   </div>
   <div class='ocr_carea' id='block_1_33' title="bbox 303 3145 1890 3216">
    <p class='ocr_par' dir='ltr' id='par_1_33' title="bbox 303 3145 1890 3216">
     <span class='ocr_line' id='line_1_33' title="bbox 303 3145 1890 3216; baseline 0.003 -18"><span class='ocrx_word' id='word_1_222' title='bbox 303 3145 594 3212; x_wconf 81' lang='lat' dir='ltr'><strong>provinciis</strong></span> <span class='ocrx_word' id='word_1_223' title='bbox 621 3147 707 3200; x_wconf 85' lang='lat' dir='ltr'><strong>ubi</strong></span> <span class='ocrx_word' id='word_1_224' title='bbox 729 3147 980 3202; x_wconf 72' lang='lat' dir='ltr'><strong>ducatum</strong></span> <span class='ocrx_word' id='word_1_225' title='bbox 1008 3147 1150 3216; x_wconf 87' lang='lat' dir='ltr'><strong>geris</strong></span> <span class='ocrx_word' id='word_1_226' title='bbox 1175 3164 1435 3204; x_wconf 60' lang='lat' dir='ltr'><strong>calonum</strong></span> <span class='ocrx_word' id='word_1_227' title='bbox 1462 3149 1671 3204; x_wconf 88' lang='lat' dir='ltr'><strong>decreta</strong></span> <span class='ocrx_word' id='word_1_228' title='bbox 1701 3148 1890 3203; x_wconf 87' lang='lat' dir='ltr'><strong>rescin-</strong></span> 
     </span>
    </p>
   </div>
   <div class='ocr_carea' id='block_1_34' title="bbox 1990 577 3576 656">
    <p class='ocr_par' dir='ltr' id='par_1_34' title="bbox 1990 577 3576 656">
     <span class='ocr_line' id='line_1_34' title="bbox 1990 577 3576 656; baseline 0.004 -22"><span class='ocrx_word' id='word_1_229' title='bbox 1990 579 2200 646; x_wconf 72' lang='lat' dir='ltr'><strong>ercir,</strong></span> <span class='ocrx_word' id='word_1_230' title='bbox 2227 589 2273 634; x_wconf 83' lang='lat' dir='ltr'><strong>et</strong></span> <span class='ocrx_word' id='word_1_231' title='bbox 2309 577 2550 633; x_wconf 72' lang='lat' dir='ltr'><strong>Ecclesia:</strong></span> <span class='ocrx_word' id='word_1_232' title='bbox 2589 577 2684 632; x_wconf 88' lang='lat' dir='ltr'><strong>Dei</strong></span> <span class='ocrx_word' id='word_1_233' title='bbox 2725 578 2774 648; x_wconf 87' lang='grc'><strong>(1</strong></span> <span class='ocrx_word' id='word_1_234' title='bbox 2810 578 2929 634; x_wconf 81' lang='lat' dir='ltr'><strong>Cor.</strong></span> <span class='ocrx_word' id='word_1_235' title='bbox 2956 596 3008 644; x_wconf 74' lang='grc' dir='ltr'><strong>ι,</strong></span> <span class='ocrx_word' id='word_1_236' title='bbox 3034 578 3145 651; x_wconf 75' lang='lat'><strong>5‘2).</strong></span> <span class='ocrx_word' id='word_1_237' title='bbox 3183 581 3372 638; x_wconf 82' lang='lat' dir='ltr'><strong>Melius</strong></span> <span class='ocrx_word' id='word_1_238' title='bbox 3416 584 3576 656; x_wconf 81' lang='lat' dir='ltr'><strong>igitur</strong></span> 
     </span>
    </p>
   </div>
   <div class='ocr_carea' id='block_1_35' title="bbox 1986 670 3575 745">
    <p class='ocr_par' dir='ltr' id='par_1_35' title="bbox 1986 670 3575 745">
     <span class='ocr_line' id='line_1_35' title="bbox 1986 670 3575 745; baseline 0.003 -18"><span class='ocrx_word' id='word_1_239' title='bbox 1986 675 2224 738; x_wconf 65' lang='lat' dir='ltr'><strong>videtur,</strong></span> <span class='ocrx_word' id='word_1_240' title='bbox 2252 688 2319 727; x_wconf 89' lang='lat' dir='ltr'><strong>ne</strong></span> <span class='ocrx_word' id='word_1_241' title='bbox 2345 671 2483 740; x_wconf 91' lang='lat' dir='ltr'><strong>quod</strong></span> <span class='ocrx_word' id='word_1_242' title='bbox 2516 671 2891 728; x_wconf 78' lang='lat' dir='ltr'><strong>offendiculum</strong></span> <span class='ocrx_word' id='word_1_243' title='bbox 2924 670 3082 728; x_wconf 84' lang='lat' dir='ltr'><strong>detur</strong></span> <span class='ocrx_word' id='word_1_244' title='bbox 3106 674 3394 745; x_wconf 78' lang='lat' dir='ltr'><strong>Evangelia</strong></span> <span class='ocrx_word' id='word_1_245' title='bbox 3423 675 3575 732; x_wconf 66' lang='lat' dir='ltr'><strong>Chsi-</strong></span> 
     </span>
    </p>
   </div>
   <div class='ocr_carea' id='block_1_36' title="bbox 1987 761 3575 838">
    <p class='ocr_par' dir='ltr' id='par_1_36' title="bbox 1987 761 3575 838">
     <span class='ocr_line' id='line_1_36' title="bbox 1987 761 3575 838; baseline 0.003 -20"><span class='ocrx_word' id='word_1_246' title='bbox 1987 765 2078 825; x_wconf 91' lang='lat' dir='ltr'><strong>sti,</strong></span> <span class='ocrx_word' id='word_1_247' title='bbox 2122 761 2465 818; x_wconf 84' lang='lat' dir='ltr'><strong>multitudine</strong></span> <span class='ocrx_word' id='word_1_248' title='bbox 2513 763 2868 818; x_wconf 85' lang='lat' dir='ltr'><strong>scandalizata</strong></span> <span class='ocrx_word' id='word_1_249' title='bbox 2916 764 3093 836; x_wconf 85' lang='lat' dir='ltr'><strong>populi</strong></span> <span class='ocrx_word' id='word_1_250' title='bbox 3141 765 3452 834; x_wconf 86' lang='lat' dir='ltr'><strong>Christiani,</strong></span> <span class='ocrx_word' id='word_1_251' title='bbox 3486 783 3575 838; x_wconf 78' lang='lat' dir='ltr'><strong>pa-</strong></span> 
     </span>
    </p>
   </div>
   <div class='ocr_carea' id='block_1_37' title="bbox 1990 853 3573 923">
    <p class='ocr_par' dir='ltr' id='par_1_37' title="bbox 1990 853 3573 923">
     <span class='ocr_line' id='line_1_37' title="bbox 1990 853 3573 923; baseline 0.005 -15"><span class='ocrx_word' id='word_1_252' title='bbox 1990 855 2182 909; x_wconf 89' lang='lat' dir='ltr'><strong>tienter</strong></span> <span class='ocrx_word' id='word_1_253' title='bbox 2206 855 2309 908; x_wconf 82' lang='lat' dir='ltr'><strong>dux</strong></span> <span class='ocrx_word' id='word_1_254' title='bbox 2342 853 2558 922; x_wconf 77' lang='lat' dir='ltr'><strong>Sapiens</strong></span> <span class='ocrx_word' id='word_1_255' title='bbox 2584 853 2930 909; x_wconf 81' lang='lat' dir='ltr'><strong>offensionem</strong></span> <span class='ocrx_word' id='word_1_256' title='bbox 2965 866 3107 910; x_wconf 86' lang='lat' dir='ltr'><strong>tuam</strong></span> <span class='ocrx_word' id='word_1_257' title='bbox 3147 858 3373 923; x_wconf 85' lang='lat' dir='ltr'><strong>toleres,</strong></span> <span class='ocrx_word' id='word_1_258' title='bbox 3401 857 3573 916; x_wconf 88' lang='lat' dir='ltr'><strong>donec</strong></span> 
     </span>
    </p>
   </div>
   <div class='ocr_carea' id='block_1_38' title="bbox 1987 946 3574 1020">
    <p class='ocr_par' dir='ltr' id='par_1_38' title="bbox 1987 946 3574 1020">
     <span class='ocr_line' id='line_1_38' title="bbox 1987 946 3574 1020; baseline 0.002 -20"><span class='ocrx_word' id='word_1_259' title='bbox 1987 946 2207 1001; x_wconf 85' lang='lat' dir='ltr'><strong>alterius</strong></span> <span class='ocrx_word' id='word_1_260' title='bbox 2239 946 2644 1001; x_wconf 85' lang='lat' dir='ltr'><strong>consuetudinis</strong></span> <span class='ocrx_word' id='word_1_261' title='bbox 2678 947 2763 1016; x_wconf 86' lang='lat' dir='ltr'><strong>(in</strong></span> <span class='ocrx_word' id='word_1_262' title='bbox 2795 963 2897 1014; x_wconf 88' lang='lat' dir='ltr'><strong>quo</strong></span> <span class='ocrx_word' id='word_1_263' title='bbox 2933 947 3251 1020; x_wconf 73' lang='lat' dir='ltr'><strong>olfettderis)</strong></span> <span class='ocrx_word' id='word_1_264' title='bbox 3281 960 3370 1006; x_wconf 89' lang='lat' dir='ltr'><strong>aut</strong></span> <span class='ocrx_word' id='word_1_265' title='bbox 3413 953 3574 1007; x_wconf 77' lang='lat' dir='ltr'><strong>ratio-</strong></span> 
     </span>
    </p>
   </div>
   <div class='ocr_carea' id='block_1_39' title="bbox 1987 1036 3572 1109">
    <p class='ocr_par' dir='ltr' id='par_1_39' title="bbox 1987 1036 3572 1109">
     <span class='ocr_line' id='line_1_39' title="bbox 1987 1036 3572 1109; baseline 0.005 -19"><span class='ocrx_word' id='word_1_266' title='bbox 1987 1052 2106 1092; x_wconf 92' lang='lat' dir='ltr'><strong>nem</strong></span> <span class='ocrx_word' id='word_1_267' title='bbox 2149 1053 2361 1107; x_wconf 80' lang='lat' dir='ltr'><strong>quoque</strong></span> <span class='ocrx_word' id='word_1_268' title='bbox 2392 1036 2552 1094; x_wconf 90' lang='lat' dir='ltr'><strong>modo</strong></span> <span class='ocrx_word' id='word_1_269' title='bbox 2581 1039 2782 1106; x_wconf 89' lang='lat' dir='ltr'><strong>capias,</strong></span> <span class='ocrx_word' id='word_1_270' title='bbox 2807 1047 2897 1093; x_wconf 88' lang='lat' dir='ltr'><strong>aut</strong></span> <span class='ocrx_word' id='word_1_271' title='bbox 2923 1041 3183 1109; x_wconf 89' lang='lat' dir='ltr'><strong>suscipias</strong></span> <span class='ocrx_word' id='word_1_272' title='bbox 3208 1041 3572 1109; x_wconf 85' lang='lat' dir='ltr'><strong>dilectionem.</strong></span> 
     </span>
    </p>
   </div>
   <div class='ocr_carea' id='block_1_40' title="bbox 1986 1131 3576 1204">
    <p class='ocr_par' dir='ltr' id='par_1_40' title="bbox 1986 1131 3576 1204">
     <span class='ocr_line' id='line_1_40' title="bbox 1986 1131 3576 1204; baseline 0.003 -19"><span class='ocrx_word' id='word_1_273' title='bbox 1986 1132 2032 1185; x_wconf 89' lang='lat' dir='ltr'><strong>si</strong></span> <span class='ocrx_word' id='word_1_274' title='bbox 2058 1139 2255 1195; x_wconf 86' lang='lat' dir='ltr'><strong>tamen,</strong></span> <span class='ocrx_word' id='word_1_275' title='bbox 2275 1141 2330 1186; x_wconf 92' lang='lat' dir='ltr'><strong>ut</strong></span> <span class='ocrx_word' id='word_1_276' title='bbox 2359 1145 2505 1202; x_wconf 63' lang='lat' dir='ltr'><strong>saepe</strong></span> <span class='ocrx_word' id='word_1_277' title='bbox 2532 1131 2816 1188; x_wconf 87' lang='lat' dir='ltr'><strong>dicendum</strong></span> <span class='ocrx_word' id='word_1_278' title='bbox 2838 1140 2940 1200; x_wconf 89' lang='lat' dir='ltr'><strong>est,</strong></span> <span class='ocrx_word' id='word_1_279' title='bbox 2968 1133 3169 1188; x_wconf 89' lang='lat' dir='ltr'><strong>nullum</strong></span> <span class='ocrx_word' id='word_1_280' title='bbox 3199 1135 3413 1191; x_wconf 88' lang='lat' dir='ltr'><strong>timetur</strong></span> <span class='ocrx_word' id='word_1_281' title='bbox 3438 1139 3576 1204; x_wconf 88' lang='lat' dir='ltr'><strong>peri-</strong></span> 
     </span>
    </p>
   </div>
   <div class='ocr_carea' id='block_1_41' title="bbox 1987 1222 3575 1297">
    <p class='ocr_par' dir='ltr' id='par_1_41' title="bbox 1987 1222 3575 1297">
     <span class='ocr_line' id='line_1_41' title="bbox 1987 1222 3575 1297; baseline 0.005 -21"><span class='ocrx_word' id='word_1_282' title='bbox 1987 1223 2167 1276; x_wconf 88' lang='lat' dir='ltr'><strong>culum</strong></span> <span class='ocrx_word' id='word_1_283' title='bbox 2213 1222 2354 1278; x_wconf 82' lang='lat' dir='ltr'><strong>ﬁdei.</strong></span> <span class='ocrx_word' id='word_1_284' title='bbox 2380 1222 2530 1291; x_wconf 82' lang='lat' dir='ltr'><strong>Quod</strong></span> <span class='ocrx_word' id='word_1_285' title='bbox 2563 1224 2704 1278; x_wconf 90' lang='lat' dir='ltr'><strong>enim</strong></span> <span class='ocrx_word' id='word_1_286' title='bbox 2740 1225 2860 1281; x_wconf 82' lang='lat' dir='ltr'><strong>fidei</strong></span> <span class='ocrx_word' id='word_1_287' title='bbox 2893 1242 2998 1280; x_wconf 84' lang='lat' dir='ltr'><strong>non</strong></span> <span class='ocrx_word' id='word_1_288' title='bbox 3031 1237 3309 1297; x_wconf 81' lang='lat' dir='ltr'><strong>repugnat,</strong></span> <span class='ocrx_word' id='word_1_289' title='bbox 3344 1228 3446 1283; x_wconf 83' lang='lat' dir='ltr'><strong>hoc</strong></span> <span class='ocrx_word' id='word_1_290' title='bbox 3490 1244 3575 1284; x_wconf 86' lang='lat' dir='ltr'><strong>so-</strong></span> 
     </span>
    </p>
   </div>
   <div class='ocr_carea' id='block_1_42' title="bbox 1990 1311 3576 1387">
    <p class='ocr_par' dir='ltr' id='par_1_42' title="bbox 1990 1311 3576 1387">
     <span class='ocr_line' id='line_1_42' title="bbox 1990 1311 3576 1387; baseline 0.004 -21"><span class='ocrx_word' id='word_1_291' title='bbox 1990 1312 2097 1366; x_wconf 91' lang='lat' dir='ltr'><strong>lum</strong></span> <span class='ocrx_word' id='word_1_292' title='bbox 2127 1311 2287 1369; x_wconf 89' lang='lat' dir='ltr'><strong>debet</strong></span> <span class='ocrx_word' id='word_1_293' title='bbox 2313 1313 2685 1384; x_wconf 61' lang='lat' dir='ltr'><strong>mquanimiter</strong></span> <span class='ocrx_word' id='word_1_294' title='bbox 2713 1316 2986 1384; x_wconf 85' lang='lat' dir='ltr'><strong>sustineri,</strong></span> <span class='ocrx_word' id='word_1_295' title='bbox 3013 1333 3109 1387; x_wconf 86' lang='lat' dir='ltr'><strong>pro</strong></span> <span class='ocrx_word' id='word_1_296' title='bbox 3139 1319 3397 1376; x_wconf 75' lang='lat' dir='ltr'><strong>seandalo</strong></span> <span class='ocrx_word' id='word_1_297' title='bbox 3432 1321 3576 1375; x_wconf 91' lang='lat' dir='ltr'><strong>scili-</strong></span> 
     </span>
    </p>
   </div>
   <div class='ocr_carea' id='block_1_43' title="bbox 1991 1404 3577 1480">
    <p class='ocr_par' dir='ltr' id='par_1_43' title="bbox 1991 1404 3577 1480">
     <span class='ocr_line' id='line_1_43' title="bbox 1991 1404 3577 1480; baseline 0.008 -24"><span class='ocrx_word' id='word_1_298' title='bbox 1991 1411 2078 1456; x_wconf 87' lang='lat' dir='ltr'><strong>cet</strong></span> <span class='ocrx_word' id='word_1_299' title='bbox 2107 1404 2284 1471; x_wconf 85' lang='lat' dir='ltr'><strong>populi</strong></span> <span class='ocrx_word' id='word_1_300' title='bbox 2313 1421 2326 1457; x_wconf 92' lang='lat'>:</span> <span class='ocrx_word' id='word_1_301' title='bbox 2353 1405 2474 1472; x_wconf 85' lang='lat' dir='ltr'><strong>quia</strong></span> <span class='ocrx_word' id='word_1_302' title='bbox 2506 1414 2556 1458; x_wconf 94' lang='lat' dir='ltr'><strong>et</strong></span> <span class='ocrx_word' id='word_1_303' title='bbox 2586 1407 2686 1460; x_wconf 90' lang='lat' dir='ltr'><strong>hoc</strong></span> <span class='ocrx_word' id='word_1_304' title='bbox 2717 1407 2896 1475; x_wconf 77' lang='lat' dir='ltr'><strong>utique</strong></span> <span class='ocrx_word' id='word_1_305' title='bbox 2927 1408 2990 1462; x_wconf 89' lang='lat' dir='ltr'><strong>ad</strong></span> <span class='ocrx_word' id='word_1_306' title='bbox 3021 1410 3316 1464; x_wconf 85' lang='lat' dir='ltr'><strong>custodiam</strong></span> <span class='ocrx_word' id='word_1_307' title='bbox 3349 1413 3577 1480; x_wconf 61' lang='lat' dir='ltr'><strong>pertinet</strong></span> 
     </span>
    </p>
   </div>
   <div class='ocr_carea' id='block_1_44' title="bbox 1989 1492 3576 1570">
    <p class='ocr_par' dir='ltr' id='par_1_44' title="bbox 1989 1492 3576 1570">
     <span class='ocr_line' id='line_1_44' title="bbox 1989 1492 3576 1570; baseline 0.006 -24"><span class='ocrx_word' id='word_1_308' title='bbox 1989 1492 2140 1557; x_wconf 85' lang='lat' dir='ltr'><strong>fidei,</strong></span> <span class='ocrx_word' id='word_1_309' title='bbox 2168 1495 2339 1550; x_wconf 76' lang='lat' dir='ltr'><strong>vitare</strong></span> <span class='ocrx_word' id='word_1_310' title='bbox 2368 1495 2673 1550; x_wconf 71' lang='lat' dir='ltr'><strong>scandalum</strong></span> <span class='ocrx_word' id='word_1_311' title='bbox 2705 1497 2904 1568; x_wconf 78' lang='lat' dir='ltr'><strong>populi.</strong></span> <span class='ocrx_word' id='word_1_312' title='bbox 2935 1498 3167 1570; x_wconf 84' lang='lat' dir='ltr'><strong>Populus</strong></span> <span class='ocrx_word' id='word_1_313' title='bbox 3196 1503 3391 1570; x_wconf 67' lang='lat' dir='ltr'><strong>quippe</strong></span> <span class='ocrx_word' id='word_1_314' title='bbox 3422 1519 3576 1558; x_wconf 88' lang='lat' dir='ltr'><strong>scan-</strong></span> 
     </span>
    </p>
   </div>
   <div class='ocr_carea' id='block_1_45' title="bbox 1988 1585 3576 1663">
    <p class='ocr_par' dir='ltr' id='par_1_45' title="bbox 1988 1585 3576 1663">
     <span class='ocr_line' id='line_1_45' title="bbox 1988 1585 3576 1663; baseline 0.005 -23"><span class='ocrx_word' id='word_1_315' title='bbox 1988 1585 2245 1640; x_wconf 83' lang='lat' dir='ltr'><strong>dalizatus</strong></span> <span class='ocrx_word' id='word_1_316' title='bbox 2271 1587 2426 1642; x_wconf 89' lang='lat' dir='ltr'><strong>facile</strong></span> <span class='ocrx_word' id='word_1_317' title='bbox 2454 1588 2518 1642; x_wconf 89' lang='lat' dir='ltr'><strong>ad</strong></span> <span class='ocrx_word' id='word_1_318' title='bbox 2547 1588 2834 1644; x_wconf 75' lang='lat' dir='ltr'><strong>schismata</strong></span> <span class='ocrx_word' id='word_1_319' title='bbox 2866 1591 3087 1658; x_wconf 80' lang='lat' dir='ltr'><strong>prosilit,</strong></span> <span class='ocrx_word' id='word_1_320' title='bbox 3107 1601 3160 1646; x_wconf 89' lang='lat' dir='ltr'><strong>et</strong></span> <span class='ocrx_word' id='word_1_321' title='bbox 3189 1592 3289 1646; x_wconf 70' lang='lat' dir='ltr'><strong>:cis</strong></span> <span class='ocrx_word' id='word_1_322' title='bbox 3311 1593 3576 1663; x_wconf 86' lang='lat' dir='ltr'><strong>quomodo</strong></span> 
     </span>
    </p>
   </div>
   <div class='ocr_carea' id='block_1_46' title="bbox 1991 1681 3578 1755">
    <p class='ocr_par' dir='ltr' id='par_1_46' title="bbox 1991 1681 3578 1755">
     <span class='ocr_line' id='line_1_46' title="bbox 1991 1681 3578 1755; baseline 0.004 -20"><span class='ocrx_word' id='word_1_323' title='bbox 1991 1681 2168 1736; x_wconf 88' lang='lat' dir='ltr'><strong>omnis</strong></span> <span class='ocrx_word' id='word_1_324' title='bbox 2199 1681 2331 1737; x_wconf 84' lang='lat' dir='ltr'><strong>ﬁdes</strong></span> <span class='ocrx_word' id='word_1_325' title='bbox 2363 1682 2695 1752; x_wconf 70' lang='lat' dir='ltr'><strong>perirlitetur</strong></span> <span class='ocrx_word' id='word_1_326' title='bbox 2726 1682 2778 1738; x_wconf 89' lang='lat' dir='ltr'><strong>in</strong></span> <span class='ocrx_word' id='word_1_327' title='bbox 2811 1684 3125 1740; x_wconf 84' lang='lat' dir='ltr'><strong>schismate.</strong></span> <span class='ocrx_word' id='word_1_328' title='bbox 3158 1687 3359 1748; x_wconf 80' lang='lat' dir='ltr'><strong>lionum</strong></span> <span class='ocrx_word' id='word_1_329' title='bbox 3401 1688 3578 1755; x_wconf 87' lang='lat' dir='ltr'><strong>itaque</strong></span> 
     </span>
    </p>
   </div>
   <div class='ocr_carea' id='block_1_47' title="bbox 1990 1774 3578 1842">
    <p class='ocr_par' dir='ltr' id='par_1_47' title="bbox 1990 1774 3578 1842">
     <span class='ocr_line' id='line_1_47' title="bbox 1990 1774 3578 1842; baseline 0.003 -14"><span class='ocrx_word' id='word_1_330' title='bbox 1990 1783 2073 1829; x_wconf 88' lang='lat' dir='ltr'><strong>est</strong></span> <span class='ocrx_word' id='word_1_331' title='bbox 2113 1781 2200 1838; x_wconf 88' lang='lat' dir='ltr'><strong>ut,</strong></span> <span class='ocrx_word' id='word_1_332' title='bbox 2248 1781 2301 1828; x_wconf 90' lang='lat' dir='ltr'><strong>te</strong></span> <span class='ocrx_word' id='word_1_333' title='bbox 2349 1774 2590 1842; x_wconf 86' lang='lat' dir='ltr'><strong>favente,</strong></span> <span class='ocrx_word' id='word_1_334' title='bbox 2636 1785 2687 1829; x_wconf 87' lang='lat' dir='ltr'><strong>te</strong></span> <span class='ocrx_word' id='word_1_335' title='bbox 2735 1774 3134 1840; x_wconf 86' lang='lat' dir='ltr'><strong>consentiente,</strong></span> <span class='ocrx_word' id='word_1_336' title='bbox 3178 1786 3233 1830; x_wconf 90' lang='lat' dir='ltr'><strong>et</strong></span> <span class='ocrx_word' id='word_1_337' title='bbox 3277 1777 3578 1834; x_wconf 83' lang='lat' dir='ltr'><strong>nullatenus</strong></span> 
     </span>
    </p>
   </div>
   <div class='ocr_carea' id='block_1_48' title="bbox 1917 1851 3578 1934">
    <p class='ocr_par' dir='ltr' id='par_1_48' title="bbox 1917 1851 3578 1934">
     <span class='ocr_line' id='line_1_48' title="bbox 1917 1851 3578 1934; baseline 0.002 -15"><span class='ocrx_word' id='word_1_338' title='bbox 1917 1851 1962 1910; x_wconf 75' lang='grc' dir='ltr'><strong>Β</strong></span> <span class='ocrx_word' id='word_1_339' title='bbox 1990 1863 2324 1934; x_wconf 87' lang='lat' dir='ltr'><strong>prohibente,</strong></span> <span class='ocrx_word' id='word_1_340' title='bbox 2365 1866 2660 1920; x_wconf 90' lang='lat' dir='ltr'><strong>secundum</strong></span> <span class='ocrx_word' id='word_1_341' title='bbox 2693 1866 2956 1934; x_wconf 89' lang='lat' dir='ltr'><strong>piissimas</strong></span> <span class='ocrx_word' id='word_1_342' title='bbox 2990 1865 3202 1920; x_wconf 84' lang='lat' dir='ltr'><strong>Patrum</strong></span> <span class='ocrx_word' id='word_1_343' title='bbox 3234 1865 3578 1924; x_wconf 80' lang='lat' dir='ltr'><strong>definitiones</strong></span> 
     </span>
    </p>
   </div>
   <div class='ocr_carea' id='block_1_49' title="bbox 1991 1949 3576 2026">
    <p class='ocr_par' dir='ltr' id='par_1_49' title="bbox 1991 1949 3576 2026">
     <span class='ocr_line' id='line_1_49' title="bbox 1991 1949 3576 2026; baseline 0.001 -16"><span class='ocrx_word' id='word_1_344' title='bbox 1991 1972 2326 2026; x_wconf 71' lang='lat' dir='ltr'><strong>unaqtta&#39;que</strong></span> <span class='ocrx_word' id='word_1_345' title='bbox 2355 1957 2595 2012; x_wconf 83' lang='lat' dir='ltr'><strong>Ecclesia</strong></span> <span class='ocrx_word' id='word_1_346' title='bbox 2621 1949 3065 2012; x_wconf 76' lang='lat' dir='ltr'><strong>consuetudinem</strong></span> <span class='ocrx_word' id='word_1_347' title='bbox 3099 1973 3246 2010; x_wconf 83' lang='lat' dir='ltr'><strong>suam</strong></span> <span class='ocrx_word' id='word_1_348' title='bbox 3277 1967 3532 2026; x_wconf 82' lang='lat' dir='ltr'><strong>sequatur</strong></span> <span class='ocrx_word' id='word_1_349' title='bbox 3563 1975 3576 2012; x_wconf 90' lang='lat'><strong>:</strong></span> 
     </span>
    </p>
   </div>
   <div class='ocr_carea' id='block_1_50' title="bbox 1989 2045 3580 2116">
    <p class='ocr_par' dir='ltr' id='par_1_50' title="bbox 1989 2045 3580 2116">
     <span class='ocr_line' id='line_1_50' title="bbox 1989 2045 3580 2116; baseline -0.001 -12"><span class='ocrx_word' id='word_1_350' title='bbox 1989 2056 2041 2104; x_wconf 86' lang='lat' dir='ltr'><strong>et</strong></span> <span class='ocrx_word' id='word_1_351' title='bbox 2088 2055 2144 2101; x_wconf 86' lang='lat' dir='ltr'><strong>tu</strong></span> <span class='ocrx_word' id='word_1_352' title='bbox 2190 2045 2331 2101; x_wconf 89' lang='lat' dir='ltr'><strong>illius</strong></span> <span class='ocrx_word' id='word_1_353' title='bbox 2378 2047 2778 2102; x_wconf 75' lang='lat' dir='ltr'><strong>consuetudinis</strong></span> <span class='ocrx_word' id='word_1_354' title='bbox 2821 2047 3084 2116; x_wconf 88' lang='lat' dir='ltr'><strong>particeps</strong></span> <span class='ocrx_word' id='word_1_355' title='bbox 3129 2045 3380 2100; x_wconf 82' lang='lat' dir='ltr'><strong>efﬁciaris</strong></span> <span class='ocrx_word' id='word_1_356' title='bbox 3421 2063 3580 2116; x_wconf 84' lang='lat' dir='ltr'><strong>quant</strong></span> 
     </span>
    </p>
   </div>
   <div class='ocr_carea' id='block_1_51' title="bbox 1994 2137 3576 2209">
    <p class='ocr_par' dir='ltr' id='par_1_51' title="bbox 1994 2137 3576 2209">
     <span class='ocr_line' id='line_1_51' title="bbox 1994 2137 3576 2209; baseline -0.003 -15"><span class='ocrx_word' id='word_1_357' title='bbox 1994 2147 2137 2194; x_wconf 88' lang='lat' dir='ltr'><strong>tenet</strong></span> <span class='ocrx_word' id='word_1_358' title='bbox 2171 2138 2406 2192; x_wconf 87' lang='lat' dir='ltr'><strong>Ecclesia</strong></span> <span class='ocrx_word' id='word_1_359' title='bbox 2456 2137 2542 2191; x_wconf 87' lang='lat' dir='ltr'><strong>ubi</strong></span> <span class='ocrx_word' id='word_1_360' title='bbox 2585 2153 2682 2209; x_wconf 87' lang='lat' dir='ltr'><strong>pro</strong></span> <span class='ocrx_word' id='word_1_361' title='bbox 2715 2147 2954 2208; x_wconf 88' lang='lat' dir='ltr'><strong>tempore</strong></span> <span class='ocrx_word' id='word_1_362' title='bbox 2987 2137 3068 2191; x_wconf 89' lang='lat' dir='ltr'><strong>vel</strong></span> <span class='ocrx_word' id='word_1_363' title='bbox 3099 2137 3576 2192; x_wconf 84' lang='lat' dir='ltr'><strong>administrationis</strong></span> 
     </span>
    </p>
   </div>
   <div class='ocr_carea' id='block_1_52' title="bbox 1993 2227 3578 2297">
    <p class='ocr_par' dir='ltr' id='par_1_52' title="bbox 1993 2227 3578 2297">
     <span class='ocr_line' id='line_1_52' title="bbox 1993 2227 3578 2297; baseline -0.002 -14"><span class='ocrx_word' id='word_1_364' title='bbox 1993 2228 2311 2283; x_wconf 82' lang='lat' dir='ltr'><strong>necessitate</strong></span> <span class='ocrx_word' id='word_1_365' title='bbox 2339 2227 2502 2281; x_wconf 87' lang='lat' dir='ltr'><strong>fueris</strong></span> <span class='ocrx_word' id='word_1_366' title='bbox 2529 2239 2894 2282; x_wconf 81' lang='lat' dir='ltr'><strong>conversatus.</strong></span> <span class='ocrx_word' id='word_1_367' title='bbox 2929 2227 3175 2297; x_wconf 90' lang='lat' dir='ltr'><strong>Alioquin</strong></span> <span class='ocrx_word' id='word_1_368' title='bbox 3206 2227 3426 2296; x_wconf 81' lang='lat' dir='ltr'><strong>diligere</strong></span> <span class='ocrx_word' id='word_1_369' title='bbox 3453 2228 3578 2282; x_wconf 87' lang='lat' dir='ltr'><strong>soli-</strong></span> 
     </span>
    </p>
   </div>
   <div class='ocr_carea' id='block_1_53' title="bbox 1991 2321 3578 2390">
    <p class='ocr_par' dir='ltr' id='par_1_53' title="bbox 1991 2321 3578 2390">
     <span class='ocr_line' id='line_1_53' title="bbox 1991 2321 3578 2390; baseline 0 -17"><span class='ocrx_word' id='word_1_370' title='bbox 1991 2327 2064 2385; x_wconf 88' lang='lat' dir='ltr'><strong>ta,</strong></span> <span class='ocrx_word' id='word_1_371' title='bbox 2087 2333 2137 2376; x_wconf 90' lang='lat' dir='ltr'><strong>et</strong></span> <span class='ocrx_word' id='word_1_372' title='bbox 2167 2321 2388 2376; x_wconf 89' lang='lat' dir='ltr'><strong>horrere</strong></span> <span class='ocrx_word' id='word_1_373' title='bbox 2413 2321 2760 2376; x_wconf 84' lang='lat' dir='ltr'><strong>vehementer</strong></span> <span class='ocrx_word' id='word_1_374' title='bbox 2792 2321 3024 2386; x_wconf 69' lang='lat' dir='ltr'><strong>insolita,</strong></span> <span class='ocrx_word' id='word_1_375' title='bbox 3051 2321 3211 2375; x_wconf 89' lang='lat' dir='ltr'><strong>nimia</strong></span> <span class='ocrx_word' id='word_1_376' title='bbox 3240 2331 3325 2378; x_wconf 87' lang='lat' dir='ltr'><strong>est</strong></span> <span class='ocrx_word' id='word_1_377' title='bbox 3345 2321 3578 2390; x_wconf 70' lang='lat' dir='ltr'><strong>ju:titia,</strong></span> 
     </span>
    </p>
   </div>
   <div class='ocr_carea' id='block_1_54' title="bbox 1991 2411 3580 2483">
    <p class='ocr_par' dir='ltr' id='par_1_54' title="bbox 1991 2411 3580 2483">
     <span class='ocr_line' id='line_1_54' title="bbox 1991 2411 3580 2483; baseline 0 -16"><span class='ocrx_word' id='word_1_378' title='bbox 1991 2429 2096 2467; x_wconf 88' lang='lat' dir='ltr'><strong>non</strong></span> <span class='ocrx_word' id='word_1_379' title='bbox 2149 2413 2324 2479; x_wconf 90' lang='lat' dir='ltr'><strong>laude,</strong></span> <span class='ocrx_word' id='word_1_380' title='bbox 2359 2415 2452 2466; x_wconf 90' lang='lat' dir='ltr'><strong>scd</strong></span> <span class='ocrx_word' id='word_1_381' title='bbox 2493 2413 2914 2481; x_wconf 78' lang='lat' dir='ltr'><strong>reprehensione</strong></span> <span class='ocrx_word' id='word_1_382' title='bbox 2958 2411 3294 2483; x_wconf 82' lang='lat' dir='ltr'><strong>dignissima,</strong></span> <span class='ocrx_word' id='word_1_383' title='bbox 3322 2413 3368 2468; x_wconf 89' lang='lat' dir='ltr'><strong>si</strong></span> <span class='ocrx_word' id='word_1_384' title='bbox 3409 2413 3580 2482; x_wconf 70' lang='lat' dir='ltr'><strong>placet</strong></span> 
     </span>
    </p>
   </div>
   <div class='ocr_carea' id='block_1_55' title="bbox 1993 2501 3580 2575">
    <p class='ocr_par' dir='ltr' id='par_1_55' title="bbox 1993 2501 3580 2575">
     <span class='ocr_line' id='line_1_55' title="bbox 1993 2501 3580 2575; baseline 0 -17"><span class='ocrx_word' id='word_1_385' title='bbox 1993 2503 2377 2571; x_wconf 86' lang='lat' dir='ltr'><strong>sapientissimi</strong></span> <span class='ocrx_word' id='word_1_386' title='bbox 2423 2504 2689 2558; x_wconf 84' lang='lat' dir='ltr'><strong>sententia</strong></span> <span class='ocrx_word' id='word_1_387' title='bbox 2722 2501 3022 2558; x_wconf 80' lang='lat' dir='ltr'><strong>Salomonis</strong></span> <span class='ocrx_word' id='word_1_388' title='bbox 3053 2522 3065 2556; x_wconf 90' lang='lat'>:</span> <span class='ocrx_word' id='word_1_389' title='bbox 3103 2503 3230 2558; x_wconf 84' lang='lat' dir='ltr'><strong>Noli</strong></span> <span class='ocrx_word' id='word_1_390' title='bbox 3267 2521 3376 2560; x_wconf 77' lang='lat' dir='ltr'><strong>esse</strong></span> <span class='ocrx_word' id='word_1_391' title='bbox 3405 2506 3580 2575; x_wconf 72' lang='lat' dir='ltr'><strong>justus</strong></span> 
     </span>
    </p>
   </div>
   <div class='ocr_carea' id='block_1_56' title="bbox 1991 2593 3575 2662">
    <p class='ocr_par' dir='ltr' id='par_1_56' title="bbox 1991 2593 3575 2662">
     <span class='ocr_line' id='line_1_56' title="bbox 1991 2593 3575 2662; baseline 0.001 -17"><span class='ocrx_word' id='word_1_392' title='bbox 1991 2594 2235 2657; x_wconf 78' lang='lat' dir='ltr'><strong>multant;</strong></span> <span class='ocrx_word' id='word_1_393' title='bbox 2270 2608 2426 2662; x_wconf 82' lang='lat' dir='ltr'><strong>neque</strong></span> <span class='ocrx_word' id='word_1_394' title='bbox 2447 2594 2618 2662; x_wconf 77' lang='lat' dir='ltr'><strong>sapias</strong></span> <span class='ocrx_word' id='word_1_395' title='bbox 2646 2593 2761 2660; x_wconf 77' lang='lat' dir='ltr'><strong>plus</strong></span> <span class='ocrx_word' id='word_1_396' title='bbox 2785 2610 2935 2660; x_wconf 85' lang='lat' dir='ltr'><strong>quam</strong></span> <span class='ocrx_word' id='word_1_397' title='bbox 2959 2610 3158 2648; x_wconf 80' lang='lat' dir='ltr'><strong>necesse</strong></span> <span class='ocrx_word' id='word_1_398' title='bbox 3178 2602 3250 2648; x_wconf 75' lang='lat' dir='ltr'><strong>est</strong></span> <span class='ocrx_word' id='word_1_399' title='bbox 3270 2635 3286 2660; x_wconf 90' lang='lat'><strong>,</strong></span> <span class='ocrx_word' id='word_1_400' title='bbox 3316 2594 3575 2649; x_wconf 77' lang='lat' dir='ltr'><strong>tte&#39;obstn-</strong></span> 
     </span>
    </p>
   </div>
   <div class='ocr_carea' id='block_1_57' title="bbox 1989 2684 3578 2756">
    <p class='ocr_par' dir='ltr' id='par_1_57' title="bbox 1989 2684 3578 2756">
     <span class='ocr_line' id='line_1_57' title="bbox 1989 2684 3578 2756; baseline 0.003 -19"><span class='ocrx_word' id='word_1_401' title='bbox 1989 2700 2165 2755; x_wconf 75' lang='lat' dir='ltr'><strong>poscas</strong></span> <span class='ocrx_word' id='word_1_402' title='bbox 2200 2684 2398 2755; x_wconf 78' lang='lat' dir='ltr'><strong>(Eccle.</strong></span> <span class='ocrx_word' id='word_1_403' title='bbox 2423 2701 2516 2750; x_wconf 78' lang='lat' dir='ltr'><strong>ut,</strong></span> <span class='ocrx_word' id='word_1_404' title='bbox 2547 2686 2653 2753; x_wconf 82' lang='lat' dir='ltr'><strong>l7).</strong></span> <span class='ocrx_word' id='word_1_405' title='bbox 2681 2684 2814 2750; x_wconf 86' lang='lat' dir='ltr'><strong>Quid</strong></span> <span class='ocrx_word' id='word_1_406' title='bbox 2848 2695 2960 2752; x_wconf 85' lang='lat' dir='ltr'><strong>est,</strong></span> <span class='ocrx_word' id='word_1_407' title='bbox 2990 2701 3055 2740; x_wconf 91' lang='lat' dir='ltr'><strong>ne</strong></span> <span class='ocrx_word' id='word_1_408' title='bbox 3085 2687 3468 2756; x_wconf 86' lang='lat' dir='ltr'><strong>obstupescas?</strong></span> <span class='ocrx_word' id='word_1_409' title='bbox 3501 2688 3578 2744; x_wconf 80' lang='lat' dir='ltr'><strong>No</strong></span> 
     </span>
    </p>
   </div>
   <div class='ocr_carea' id='block_1_58' title="bbox 1991 2773 3577 2848">
    <p class='ocr_par' dir='ltr' id='par_1_58' title="bbox 1991 2773 3577 2848">
     <span class='ocr_line' id='line_1_58' title="bbox 1991 2773 3577 2848; baseline 0.001 -18"><span class='ocrx_word' id='word_1_410' title='bbox 1991 2788 2268 2830; x_wconf 80' lang='lat' dir='ltr'><strong>remaneas</strong></span> <span class='ocrx_word' id='word_1_411' title='bbox 2298 2773 2542 2846; x_wconf 83' lang='lat' dir='ltr'><strong>frigidus.</strong></span> <span class='ocrx_word' id='word_1_412' title='bbox 2571 2774 2699 2842; x_wconf 79' lang='lat' dir='ltr'><strong>Quis</strong></span> <span class='ocrx_word' id='word_1_413' title='bbox 2728 2784 2969 2830; x_wconf 89' lang='lat' dir='ltr'><strong>remanet</strong></span> <span class='ocrx_word' id='word_1_414' title='bbox 2995 2775 3249 2848; x_wconf 82' lang='lat' dir='ltr'><strong>frigidus?</strong></span> <span class='ocrx_word' id='word_1_415' title='bbox 3281 2775 3378 2831; x_wconf 87' lang='lat' dir='ltr'><strong>Cui</strong></span> <span class='ocrx_word' id='word_1_416' title='bbox 3405 2776 3577 2832; x_wconf 85' lang='lat' dir='ltr'><strong>fetvor</strong></span> 
     </span>
    </p>
   </div>
   <div class='ocr_carea' id='block_1_59' title="bbox 1991 2865 3575 2936">
    <p class='ocr_par' dir='ltr' id='par_1_59' title="bbox 1991 2865 3575 2936">
     <span class='ocr_line' id='line_1_59' title="bbox 1991 2865 3575 2936; baseline -0.003 -13"><span class='ocrx_word' id='word_1_417' title='bbox 1991 2866 2325 2924; x_wconf 86' lang='lat' dir='ltr'><strong>subtrahitur</strong></span> <span class='ocrx_word' id='word_1_418' title='bbox 2351 2865 2646 2926; x_wconf 88' lang='lat' dir='ltr'><strong>charitatis.</strong></span> <span class='ocrx_word' id='word_1_419' title='bbox 2674 2865 2789 2920; x_wconf 84' lang='lat' dir='ltr'><strong>Noli</strong></span> <span class='ocrx_word' id='word_1_420' title='bbox 2823 2881 2951 2936; x_wconf 89' lang='lat' dir='ltr'><strong>ergo</strong></span> <span class='ocrx_word' id='word_1_421' title='bbox 2981 2881 3103 2921; x_wconf 84' lang='lat' dir='ltr'><strong>esse</strong></span> <span class='ocrx_word' id='word_1_422' title='bbox 3133 2865 3351 2920; x_wconf 86' lang='lat' dir='ltr'><strong>multum</strong></span> <span class='ocrx_word' id='word_1_423' title='bbox 3381 2867 3575 2936; x_wconf 80' lang='lat' dir='ltr'><strong>justus.</strong></span> 
     </span>
    </p>
   </div>
   <div class='ocr_carea' id='block_1_60' title="bbox 2247 3017 3310 3082">
    <p class='ocr_par' dir='ltr' id='par_1_60' title="bbox 2247 3017 3310 3082">
     <span class='ocr_line' id='line_1_60' title="bbox 2247 3017 3310 3082; baseline -0.005 -10"><span class='ocrx_word' id='word_1_424' title='bbox 2247 3023 2408 3072; x_wconf 69' lang='lat' dir='ltr'><strong>Sun</strong></span> <span class='ocrx_word' id='word_1_425' title='bbox 2425 3034 2634 3072; x_wconf 65' lang='lat' dir='ltr'><strong>omnia.</strong></span> <span class='ocrx_word' id='word_1_426' title='bbox 2653 3018 2772 3072; x_wconf 79' lang='lat' dir='ltr'><strong>Noli</strong></span> <span class='ocrx_word' id='word_1_427' title='bbox 2791 3031 2898 3071; x_wconf 77' lang='lat' dir='ltr'><strong>esse</strong></span> <span class='ocrx_word' id='word_1_428' title='bbox 2920 3019 3120 3069; x_wconf 80' lang='lat' dir='ltr'><strong>multum</strong></span> <span class='ocrx_word' id='word_1_429' title='bbox 3143 3017 3310 3082; x_wconf 73' lang='lat' dir='ltr'><strong>iustus.</strong></span> 
     </span>
    </p>
   </div>
   <div class='ocr_carea' id='block_1_61' title="bbox 2065 3149 3578 3220">
    <p class='ocr_par' dir='ltr' id='par_1_61' title="bbox 2065 3149 3578 3220">
     <span class='ocr_line' id='line_1_61' title="bbox 2065 3149 3578 3220; baseline -0.003 -16"><span class='ocrx_word' id='word_1_430' title='bbox 2065 3153 2153 3208; x_wconf 77' lang='grc'><strong>18.</strong></span> <span class='ocrx_word' id='word_1_431' title='bbox 2186 3152 2254 3206; x_wconf 84' lang='grc' dir='ltr'><strong>Ει</strong></span> <span class='ocrx_word' id='word_1_432' title='bbox 2284 3152 2396 3205; x_wconf 71' lang='lat' dir='ltr'><strong>haec</strong></span> <span class='ocrx_word' id='word_1_433' title='bbox 2426 3150 2518 3206; x_wconf 91' lang='lat' dir='ltr'><strong>tibi</strong></span> <span class='ocrx_word' id='word_1_434' title='bbox 2545 3159 2693 3204; x_wconf 83' lang='lat' dir='ltr'><strong>sexta</strong></span> <span class='ocrx_word' id='word_1_435' title='bbox 2722 3149 2790 3203; x_wconf 88' lang='lat' dir='ltr'><strong>sit</strong></span> <span class='ocrx_word' id='word_1_436' title='bbox 2821 3149 3136 3204; x_wconf 72' lang='lat' dir='ltr'><strong>innocentia:</strong></span> <span class='ocrx_word' id='word_1_437' title='bbox 3175 3149 3384 3220; x_wconf 85' lang='lat' dir='ltr'><strong>regula,</strong></span> <span class='ocrx_word' id='word_1_438' title='bbox 3434 3149 3547 3204; x_wconf 86' lang='lat' dir='ltr'><strong>mili</strong></span> <span class='ocrx_word' id='word_1_439' title='bbox 3573 3181 3578 3186; x_wconf 91' lang='lat'><strong><em>-</em></strong></span> 
     </span>
    </p>
   </div>
   <div class='ocr_carea' id='block_1_62' title="bbox 298 3213 3580 3310">
    <p class='ocr_par' dir='ltr' id='par_1_62' title="bbox 298 3213 3580 3310">
     <span class='ocr_line' id='line_1_62' title="bbox 298 3213 3580 3310; baseline 0.002 -22"><span class='ocrx_word' id='word_1_440' title='bbox 298 3233 453 3290; x_wconf 84' lang='lat' dir='ltr'><strong>dere.</strong></span> <span class='ocrx_word' id='word_1_441' title='bbox 487 3235 544 3291; x_wconf 90' lang='lat' dir='ltr'><strong>Si</strong></span> <span class='ocrx_word' id='word_1_442' title='bbox 575 3237 719 3290; x_wconf 85' lang='lat' dir='ltr'><strong>enim</strong></span> <span class='ocrx_word' id='word_1_443' title='bbox 754 3237 991 3304; x_wconf 81' lang='lat' dir='ltr'><strong>publicas</strong></span> <span class='ocrx_word' id='word_1_444' title='bbox 1012 3213 1168 3306; x_wconf 73' lang='lat' dir='ltr'><strong>leges</strong></span> <span class='ocrx_word' id='word_1_445' title='bbox 1197 3239 1494 3308; x_wconf 85' lang='lat' dir='ltr'><strong>transgredi</strong></span> <span class='ocrx_word' id='word_1_446' title='bbox 1525 3238 1719 3293; x_wconf 87' lang='lat' dir='ltr'><strong>metuis</strong></span> <span class='ocrx_word' id='word_1_447' title='bbox 1755 3253 1888 3308; x_wconf 87' lang='lat' dir='ltr'><strong>quas</strong></span> <span class='ocrx_word' id='word_1_448' title='bbox 1919 3213 1964 3278; x_wconf 61' lang='grc' dir='ltr'><strong>(ἶ</strong></span> <span class='ocrx_word' id='word_1_449' title='bbox 1996 3245 2197 3300; x_wconf 75' lang='lat' dir='ltr'><strong>laribus</strong></span> <span class='ocrx_word' id='word_1_450' title='bbox 2243 3243 2452 3297; x_wconf 84' lang='lat' dir='ltr'><strong>actibus</strong></span> <span class='ocrx_word' id='word_1_451' title='bbox 2499 3250 2778 3310; x_wconf 79' lang='lat' dir='ltr'><strong>occupato.</strong></span> <span class='ocrx_word' id='word_1_452' title='bbox 2825 3240 3090 3310; x_wconf 85' lang='lat' dir='ltr'><strong>Quidquid</strong></span> <span class='ocrx_word' id='word_1_453' title='bbox 3142 3213 3284 3298; x_wconf 75' lang='lat' dir='ltr'><strong>enim</strong></span> <span class='ocrx_word' id='word_1_454' title='bbox 3333 3240 3534 3295; x_wconf 82' lang='lat' dir='ltr'><strong>dixeris</strong></span> <span class='ocrx_word' id='word_1_455' title='bbox 3563 3281 3580 3306; x_wconf 86' lang='lat'><strong>,</strong></span> 
     </span>
    </p>
   </div>
   <div class='ocr_carea' id='block_1_63' title="bbox 303 3322 1889 3398">
    <p class='ocr_par' dir='ltr' id='par_1_63' title="bbox 303 3322 1889 3398">
     <span class='ocr_line' id='line_1_63' title="bbox 303 3322 1889 3398; baseline 0.004 -20"><span class='ocrx_word' id='word_1_456' title='bbox 303 3322 472 3379; x_wconf 81' lang='lat' dir='ltr'><strong>homo</strong></span> <span class='ocrx_word' id='word_1_457' title='bbox 483 3327 1053 3395; x_wconf 74' lang='lat' dir='ltr'><strong>constituit,quomodo</strong></span> <span class='ocrx_word' id='word_1_458' title='bbox 1066 3328 1295 3398; x_wconf 88' lang='lat' dir='ltr'><strong>Spiritus</strong></span> <span class='ocrx_word' id='word_1_459' title='bbox 1306 3331 1472 3383; x_wconf 81' lang='lat' dir='ltr'><strong>sancti</strong></span> <span class='ocrx_word' id='word_1_460' title='bbox 1489 3329 1889 3384; x_wconf 79' lang='lat' dir='ltr'><strong>definitionibus</strong></span> 
     </span>
    </p>
   </div>
   <div class='ocr_carea' id='block_1_64' title="bbox 301 3415 1889 3490">
    <p class='ocr_par' dir='ltr' id='par_1_64' title="bbox 301 3415 1889 3490">
     <span class='ocr_line' id='line_1_64' title="bbox 301 3415 1889 3490; baseline 0.006 -22"><span class='ocrx_word' id='word_1_461' title='bbox 301 3415 522 3473; x_wconf 78' lang='lat' dir='ltr'><strong>obviare</strong></span> <span class='ocrx_word' id='word_1_462' title='bbox 551 3418 820 3473; x_wconf 69' lang='lat' dir='ltr'><strong>tentabis?</strong></span> <span class='ocrx_word' id='word_1_463' title='bbox 847 3421 927 3474; x_wconf 79' lang='lat' dir='ltr'><strong>An</strong></span> <span class='ocrx_word' id='word_1_464' title='bbox 960 3420 1172 3490; x_wconf 78' lang='lat' dir='ltr'><strong>ignoras</strong></span> <span class='ocrx_word' id='word_1_465' title='bbox 1199 3422 1320 3490; x_wconf 87' lang='lat' dir='ltr'><strong>quia</strong></span> <span class='ocrx_word' id='word_1_466' title='bbox 1347 3421 1545 3489; x_wconf 80' lang='lat' dir='ltr'><strong>Spiritu</strong></span> <span class='ocrx_word' id='word_1_467' title='bbox 1572 3431 1758 3476; x_wconf 76' lang='lat' dir='ltr'><strong>sancto</strong></span> <span class='ocrx_word' id='word_1_468' title='bbox 1785 3424 1889 3477; x_wconf 89' lang='lat' dir='ltr'><strong>acti</strong></span> 
     </span>
    </p>
   </div>
   <div class='ocr_carea' id='block_1_65' title="bbox 305 3507 1916 3582">
    <p class='ocr_par' dir='ltr' id='par_1_65' title="bbox 305 3507 1916 3582">
     <span class='ocr_line' id='line_1_65' title="bbox 305 3507 1916 3582; baseline 0.004 -20"><span class='ocrx_word' id='word_1_469' title='bbox 305 3507 471 3564; x_wconf 74' lang='lat' dir='ltr'><strong>luenti</strong></span> <span class='ocrx_word' id='word_1_470' title='bbox 502 3519 626 3564; x_wconf 88' lang='lat' dir='ltr'><strong>sunt</strong></span> <span class='ocrx_word' id='word_1_471' title='bbox 664 3511 870 3576; x_wconf 81' lang='lat' dir='ltr'><strong>Patres,</strong></span> <span class='ocrx_word' id='word_1_472' title='bbox 901 3528 1128 3582; x_wconf 87' lang='lat' dir='ltr'><strong>quorum</strong></span> <span class='ocrx_word' id='word_1_473' title='bbox 1160 3513 1201 3566; x_wconf 89' lang='lat' dir='ltr'><strong>si</strong></span> <span class='ocrx_word' id='word_1_474' title='bbox 1228 3511 1377 3582; x_wconf 76' lang='lat' dir='ltr'><strong>jussu</strong></span> <span class='ocrx_word' id='word_1_475' title='bbox 1410 3512 1783 3579; x_wconf 74' lang='lat' dir='ltr'><strong>rescindimus,</strong></span> <span class='ocrx_word' id='word_1_476' title='bbox 1809 3513 1916 3568; x_wconf 77' lang='lat' dir='ltr'><strong>lo-&#39;</strong></span> 
     </span>
    </p>
   </div>
   <div class='ocr_carea' id='block_1_66' title="bbox 300 3600 1892 3682">
    <p class='ocr_par' dir='ltr' id='par_1_66' title="bbox 300 3600 1892 3682">
     <span class='ocr_line' id='line_1_66' title="bbox 300 3600 1892 3682; baseline 0.003 -27"><span class='ocrx_word' id='word_1_477' title='bbox 300 3603 490 3670; x_wconf 62' lang='lat' dir='ltr'><strong>anuti</strong></span> <span class='ocrx_word' id='word_1_478' title='bbox 539 3617 635 3672; x_wconf 86' lang='lat' dir='ltr'><strong>per</strong></span> <span class='ocrx_word' id='word_1_479' title='bbox 675 3619 770 3660; x_wconf 86' lang='lat' dir='ltr'><strong>eos</strong></span> <span class='ocrx_word' id='word_1_480' title='bbox 807 3605 1188 3660; x_wconf 88' lang='lat' dir='ltr'><strong>contumeliam</strong></span> <span class='ocrx_word' id='word_1_481' title='bbox 1232 3606 1559 3676; x_wconf 82' lang='lat' dir='ltr'><strong>ingerimus?</strong></span> <span class='ocrx_word' id='word_1_482' title='bbox 1590 3600 1892 3682; x_wconf 76' lang='lat' dir='ltr'><strong>poteritque</strong></span> 
     </span>
    </p>
   </div>
   <div class='ocr_carea' id='block_1_67' title="bbox 308 3695 1894 3766">
    <p class='ocr_par' dir='ltr' id='par_1_67' title="bbox 308 3695 1894 3766">
     <span class='ocr_line' id='line_1_67' title="bbox 308 3695 1894 3766; baseline 0.003 -19"><span class='ocrx_word' id='word_1_483' title='bbox 308 3695 536 3750; x_wconf 72' lang='lat' dir='ltr'><strong>forsiun</strong></span> <span class='ocrx_word' id='word_1_484' title='bbox 589 3697 894 3766; x_wconf 69' lang='lat' dir='ltr'><strong>apostolica</strong></span> <span class='ocrx_word' id='word_1_485' title='bbox 955 3696 1110 3752; x_wconf 85' lang='lat' dir='ltr'><strong>nobis</strong></span> <span class='ocrx_word' id='word_1_486' title='bbox 1173 3697 1465 3762; x_wconf 75' lang='lat' dir='ltr'><strong>increpatio</strong></span> <span class='ocrx_word' id='word_1_487' title='bbox 1528 3708 1894 3766; x_wconf 85' lang='lat' dir='ltr'><strong>competenter</strong></span> 
     </span>
    </p>
   </div>
   <div class='ocr_carea' id='block_1_68' title="bbox 309 3783 1892 3857">
    <p class='ocr_par' dir='ltr' id='par_1_68' title="bbox 309 3783 1892 3857">
     <span class='ocr_line' id='line_1_68' title="bbox 309 3783 1892 3857; baseline 0 -16"><span class='ocrx_word' id='word_1_488' title='bbox 309 3783 482 3857; x_wconf 82' lang='lat' dir='ltr'><strong>aptari</strong></span> <span class='ocrx_word' id='word_1_489' title='bbox 509 3807 521 3840; x_wconf 93' lang='lat'>:</span> <span class='ocrx_word' id='word_1_490' title='bbox 551 3787 728 3842; x_wconf 75' lang='lat' dir='ltr'><strong>Zetum</strong></span> <span class='ocrx_word' id='word_1_491' title='bbox 756 3789 850 3844; x_wconf 87' lang='lat' dir='ltr'><strong>Dei</strong></span> <span class='ocrx_word' id='word_1_492' title='bbox 869 3789 1077 3856; x_wconf 79' lang='lat' dir='ltr'><strong>habent,</strong></span> <span class='ocrx_word' id='word_1_493' title='bbox 1101 3788 1187 3843; x_wconf 84' lang='lat' dir='ltr'><strong>sed</strong></span> <span class='ocrx_word' id='word_1_494' title='bbox 1213 3806 1308 3842; x_wconf 86' lang='lat' dir='ltr'><strong>non</strong></span> <span class='ocrx_word' id='word_1_495' title='bbox 1331 3789 1607 3843; x_wconf 74' lang='lat' dir='ltr'><strong>secundum</strong></span> <span class='ocrx_word' id='word_1_496' title='bbox 1630 3791 1892 3842; x_wconf 74' lang='lat' dir='ltr'><strong>scientiam</strong></span> 
     </span>
    </p>
   </div>
   <div class='ocr_carea' id='block_1_69' title="bbox 308 3878 1892 3948">
    <p class='ocr_par' dir='ltr' id='par_1_69' title="bbox 308 3878 1892 3948">
     <span class='ocr_line' id='line_1_69' title="bbox 308 3878 1892 3948; baseline 0.001 -17"><span class='ocrx_word' id='word_1_497' title='bbox 308 3878 494 3948; x_wconf 80' lang='lat' dir='ltr'><strong>(Rom.</strong></span> <span class='ocrx_word' id='word_1_498' title='bbox 519 3894 546 3931; x_wconf 71' lang='grc' dir='ltr'><strong>κ</strong></span> <span class='ocrx_word' id='word_1_499' title='bbox 564 3921 575 3944; x_wconf 87' lang='grc'>,</span> <span class='ocrx_word' id='word_1_500' title='bbox 594 3878 876 3948; x_wconf 70' lang='lat' dir='ltr'><strong>2).\-’olens</strong></span> <span class='ocrx_word' id='word_1_501' title='bbox 904 3895 1031 3948; x_wconf 85' lang='lat' dir='ltr'><strong>ergo</strong></span> <span class='ocrx_word' id='word_1_502' title='bbox 1057 3879 1255 3934; x_wconf 59' lang='lat' dir='ltr'><strong>habete</strong></span> <span class='ocrx_word' id='word_1_503' title='bbox 1285 3879 1455 3932; x_wconf 85' lang='lat' dir='ltr'><strong>zelum</strong></span> <span class='ocrx_word' id='word_1_504' title='bbox 1483 3879 1576 3933; x_wconf 88' lang='lat' dir='ltr'><strong>Dei</strong></span> <span class='ocrx_word' id='word_1_505' title='bbox 1603 3878 1892 3933; x_wconf 87' lang='lat' dir='ltr'><strong>secundum</strong></span> 
     </span>
    </p>
   </div>
   <div class='ocr_carea' id='block_1_70' title="bbox 315 3968 1888 4038">
    <p class='ocr_par' dir='ltr' id='par_1_70' title="bbox 315 3968 1888 4038">
     <span class='ocr_line' id='line_1_70' title="bbox 315 3968 1888 4038; baseline 0.002 -16"><span class='ocrx_word' id='word_1_506' title='bbox 315 3968 615 4034; x_wconf 87' lang='lat' dir='ltr'><strong>scientiam,</strong></span> <span class='ocrx_word' id='word_1_507' title='bbox 662 3979 784 4026; x_wconf 87' lang='lat' dir='ltr'><strong>tene</strong></span> <span class='ocrx_word' id='word_1_508' title='bbox 831 3971 1072 4025; x_wconf 88' lang='lat' dir='ltr'><strong>ordinem</strong></span> <span class='ocrx_word' id='word_1_509' title='bbox 1113 3978 1344 4032; x_wconf 83' lang='lat' dir='ltr'><strong>rectum,</strong></span> <span class='ocrx_word' id='word_1_510' title='bbox 1387 3984 1514 4024; x_wconf 69' lang='lat' dir='ltr'><strong>cave</strong></span> <span class='ocrx_word' id='word_1_511' title='bbox 1560 3984 1888 4038; x_wconf 85' lang='lat' dir='ltr'><strong>perversum.</strong></span> 
     </span>
    </p>
   </div>
   <div class='ocr_carea' id='block_1_71' title="bbox 315 4061 1895 4127">
    <p class='ocr_par' dir='ltr' id='par_1_71' title="bbox 315 4061 1895 4127">
     <span class='ocr_line' id='line_1_71' title="bbox 315 4061 1895 4127; baseline -0.002 -13"><span class='ocrx_word' id='word_1_512' title='bbox 315 4061 410 4116; x_wconf 72' lang='lat' dir='ltr'><strong>fiet</strong></span> <span class='ocrx_word' id='word_1_513' title='bbox 431 4071 516 4115; x_wconf 89' lang='lat' dir='ltr'><strong>tus</strong></span> <span class='ocrx_word' id='word_1_514' title='bbox 542 4063 675 4116; x_wconf 82' lang='lat' dir='ltr'><strong>ordo</strong></span> <span class='ocrx_word' id='word_1_515' title='bbox 701 4071 786 4117; x_wconf 85' lang='lat' dir='ltr'><strong>est</strong></span> <span class='ocrx_word' id='word_1_516' title='bbox 811 4073 868 4117; x_wconf 91' lang='lat' dir='ltr'><strong>ut</strong></span> <span class='ocrx_word' id='word_1_517' title='bbox 905 4061 1212 4118; x_wconf 81' lang='lat' dir='ltr'><strong>sacerdotes</strong></span> <span class='ocrx_word' id='word_1_518' title='bbox 1237 4061 1484 4127; x_wconf 90' lang='lat' dir='ltr'><strong>doceant,</strong></span> <span class='ocrx_word' id='word_1_519' title='bbox 1515 4062 1630 4116; x_wconf 88' lang='lat' dir='ltr'><strong>laici</strong></span> <span class='ocrx_word' id='word_1_520' title='bbox 1663 4061 1794 4116; x_wconf 87' lang='lat' dir='ltr'><strong>doce</strong></span> <span class='ocrx_word' id='word_1_521' title='bbox 1818 4081 1895 4113; x_wconf 42' lang='lat' dir='ltr'><strong>rn-</strong></span> 
     </span>
    </p>
   </div>
   <div class='ocr_carea' id='block_1_72' title="bbox 311 4150 1898 4222">
    <p class='ocr_par' dir='ltr' id='par_1_72' title="bbox 311 4150 1898 4222">
     <span class='ocr_line' id='line_1_72' title="bbox 311 4150 1898 4222; baseline -0.001 -18"><span class='ocrx_word' id='word_1_522' title='bbox 311 4163 432 4217; x_wconf 89' lang='lat' dir='ltr'><strong>tur;</strong></span> <span class='ocrx_word' id='word_1_523' title='bbox 465 4163 520 4208; x_wconf 88' lang='lat' dir='ltr'><strong>et</strong></span> <span class='ocrx_word' id='word_1_524' title='bbox 545 4153 722 4207; x_wconf 85' lang='lat' dir='ltr'><strong>omnis</strong></span> <span class='ocrx_word' id='word_1_525' title='bbox 750 4154 837 4222; x_wconf 90' lang='lat' dir='ltr'><strong>qui</strong></span> <span class='ocrx_word' id='word_1_526' title='bbox 888 4167 948 4208; x_wconf 88' lang='lat' dir='ltr'><strong>se</strong></span> <span class='ocrx_word' id='word_1_527' title='bbox 979 4153 1043 4208; x_wconf 90' lang='lat' dir='ltr'><strong>ad</strong></span> <span class='ocrx_word' id='word_1_528' title='bbox 1088 4152 1378 4208; x_wconf 88' lang='lat' dir='ltr'><strong>Ecclesiam</strong></span> <span class='ocrx_word' id='word_1_529' title='bbox 1407 4152 1674 4221; x_wconf 85' lang='lat' dir='ltr'><strong>pertinere</strong></span> <span class='ocrx_word' id='word_1_530' title='bbox 1703 4150 1898 4220; x_wconf 86' lang='lat' dir='ltr'><strong>gloria-</strong></span> 
     </span>
    </p>
   </div>
   <div class='ocr_carea' id='block_1_73' title="bbox 311 4230 1900 4316">
    <p class='ocr_par' dir='ltr' id='par_1_73' title="bbox 311 4230 1900 4316">
     <span class='ocr_line' id='line_1_73' title="bbox 311 4230 1900 4316; baseline -0.003 -16"><span class='ocrx_word' id='word_1_531' title='bbox 311 4255 424 4311; x_wconf 88' lang='lat' dir='ltr'><strong>tur,</strong></span> <span class='ocrx_word' id='word_1_532' title='bbox 445 4247 650 4316; x_wconf 83' lang='lat' dir='ltr'><strong>legibus</strong></span> <span class='ocrx_word' id='word_1_533' title='bbox 681 4247 822 4301; x_wconf 82' lang='lat' dir='ltr'><strong>vivat</strong></span> <span class='ocrx_word' id='word_1_534' title='bbox 852 4246 1125 4312; x_wconf 63' lang='lat' dir='ltr'><strong>Ecclesiae,</strong></span> <span class='ocrx_word' id='word_1_535' title='bbox 1147 4230 1382 4300; x_wconf 72' lang='lat' dir='ltr'><strong>maxime</strong></span> <span class='ocrx_word' id='word_1_536' title='bbox 1408 4244 1488 4299; x_wconf 93' lang='lat' dir='ltr'><strong>his</strong></span> <span class='ocrx_word' id='word_1_537' title='bbox 1513 4258 1644 4314; x_wconf 90' lang='lat' dir='ltr'><strong>quas</strong></span> <span class='ocrx_word' id='word_1_538' title='bbox 1670 4241 1900 4312; x_wconf 90' lang='lat' dir='ltr'><strong>antiqui-</strong></span> 
     </span>
    </p>
   </div>
   <div class='ocr_carea' id='block_1_74' title="bbox 315 4335 1897 4405">
    <p class='ocr_par' dir='ltr' id='par_1_74' title="bbox 315 4335 1897 4405">
     <span class='ocr_line' id='line_1_74' title="bbox 315 4335 1897 4405; baseline -0.003 -14"><span class='ocrx_word' id='word_1_539' title='bbox 315 4347 402 4392; x_wconf 81' lang='lat' dir='ltr'><strong>tas</strong></span> <span class='ocrx_word' id='word_1_540' title='bbox 425 4337 724 4404; x_wconf 82' lang='lat' dir='ltr'><strong>roboravit;</strong></span> <span class='ocrx_word' id='word_1_541' title='bbox 749 4336 888 4392; x_wconf 89' lang='lat' dir='ltr'><strong>unde</strong></span> <span class='ocrx_word' id='word_1_542' title='bbox 909 4339 1066 4392; x_wconf 60' lang='lat' dir='ltr'><strong>etiam</strong></span> <span class='ocrx_word' id='word_1_543' title='bbox 1095 4335 1424 4392; x_wconf 71' lang='lat' dir='ltr'><strong>consuetudo</strong></span> <span class='ocrx_word' id='word_1_544' title='bbox 1447 4337 1562 4390; x_wconf 88' lang='lat' dir='ltr'><strong>sine</strong></span> <span class='ocrx_word' id='word_1_545' title='bbox 1586 4336 1718 4405; x_wconf 89' lang='lat' dir='ltr'><strong>lege,</strong></span> <span class='ocrx_word' id='word_1_546' title='bbox 1741 4346 1897 4404; x_wconf 84' lang='lat' dir='ltr'><strong>quam</strong></span> 
     </span>
    </p>
   </div>
   <div class='ocr_carea' id='block_1_75' title="bbox 318 4423 1902 4496">
    <p class='ocr_par' dir='ltr' id='par_1_75' title="bbox 318 4423 1902 4496">
     <span class='ocr_line' id='line_1_75' title="bbox 318 4423 1902 4496; baseline -0.001 -15"><span class='ocrx_word' id='word_1_547' title='bbox 318 4439 496 4484; x_wconf 87' lang='lat' dir='ltr'><strong>tamen</strong></span> <span class='ocrx_word' id='word_1_548' title='bbox 527 4429 781 4484; x_wconf 71' lang='lat' dir='ltr'><strong>Ecclesia:</strong></span> <span class='ocrx_word' id='word_1_549' title='bbox 810 4440 1009 4484; x_wconf 65' lang='lat' dir='ltr'><strong>sanctae</strong></span> <span class='ocrx_word' id='word_1_550' title='bbox 1039 4429 1254 4484; x_wconf 86' lang='lat' dir='ltr'><strong>traditio</strong></span> <span class='ocrx_word' id='word_1_551' title='bbox 1281 4426 1678 4482; x_wconf 81' lang='lat' dir='ltr'><strong>custodiendam</strong></span> <span class='ocrx_word' id='word_1_552' title='bbox 1701 4423 1902 4496; x_wconf 84' lang='lat' dir='ltr'><strong>jugiter</strong></span> 
     </span>
    </p>
   </div>
   <div class='ocr_carea' id='block_1_76' title="bbox 313 4517 1898 4586">
    <p class='ocr_par' dir='ltr' id='par_1_76' title="bbox 313 4517 1898 4586">
     <span class='ocr_line' id='line_1_76' title="bbox 313 4517 1898 4586; baseline -0.002 -14"><span class='ocrx_word' id='word_1_553' title='bbox 313 4519 547 4586; x_wconf 81' lang='lat' dir='ltr'><strong>posteris</strong></span> <span class='ocrx_word' id='word_1_554' title='bbox 597 4518 846 4585; x_wconf 87' lang='lat' dir='ltr'><strong>tradidit,</strong></span> <span class='ocrx_word' id='word_1_555' title='bbox 879 4517 1068 4574; x_wconf 84' lang='lat' dir='ltr'><strong>eadem</strong></span> <span class='ocrx_word' id='word_1_556' title='bbox 1121 4535 1225 4572; x_wconf 63' lang='lat' dir='ltr'><strong>rem</strong></span> <span class='ocrx_word' id='word_1_557' title='bbox 1245 4518 1413 4572; x_wconf 83' lang='lat' dir='ltr'><strong>rentia</strong></span> <span class='ocrx_word' id='word_1_558' title='bbox 1459 4517 1669 4572; x_wconf 86' lang='lat' dir='ltr'><strong>videtur</strong></span> <span class='ocrx_word' id='word_1_559' title='bbox 1715 4525 1898 4571; x_wconf 91' lang='lat' dir='ltr'><strong>custo-</strong></span> 
     </span>
    </p>
   </div>
   <div class='ocr_carea' id='block_1_77' title="bbox 1991 3330 3583 3405">
    <p class='ocr_par' dir='ltr' id='par_1_77' title="bbox 1991 3330 3583 3405">
     <span class='ocr_line' id='line_1_77' title="bbox 1991 3330 3583 3405; baseline -0.002 -15"><span class='ocrx_word' id='word_1_560' title='bbox 1991 3335 2242 3405; x_wconf 78' lang='lat' dir='ltr'><strong>gcsseris,</strong></span> <span class='ocrx_word' id='word_1_561' title='bbox 2263 3331 2609 3400; x_wconf 78' lang='lat' dir='ltr'><strong>diSposueris,</strong></span> <span class='ocrx_word' id='word_1_562' title='bbox 2639 3340 2694 3384; x_wconf 91' lang='lat' dir='ltr'><strong>ut</strong></span> <span class='ocrx_word' id='word_1_563' title='bbox 2726 3330 2833 3386; x_wconf 89' lang='lat' dir='ltr'><strong>Deo</strong></span> <span class='ocrx_word' id='word_1_564' title='bbox 2861 3339 2914 3385; x_wconf 90' lang='lat' dir='ltr'><strong>et</strong></span> <span class='ocrx_word' id='word_1_565' title='bbox 2948 3331 3252 3386; x_wconf 86' lang='lat' dir='ltr'><strong>hominibus</strong></span> <span class='ocrx_word' id='word_1_566' title='bbox 3282 3332 3510 3400; x_wconf 83' lang='lat' dir='ltr'><strong>placeas,</strong></span> <span class='ocrx_word' id='word_1_567' title='bbox 3530 3339 3583 3387; x_wconf 83' lang='lat' dir='ltr'><strong>et</strong></span> 
     </span>
    </p>
   </div>
   <div class='ocr_carea' id='block_1_78' title="bbox 1993 3420 3578 3492">
    <p class='ocr_par' dir='ltr' id='par_1_78' title="bbox 1993 3420 3578 3492">
     <span class='ocr_line' id='line_1_78' title="bbox 1993 3420 3578 3492; baseline -0.002 -11"><span class='ocrx_word' id='word_1_568' title='bbox 1993 3427 2208 3482; x_wconf 86' lang='lat' dir='ltr'><strong>fervore</strong></span> <span class='ocrx_word' id='word_1_569' title='bbox 2234 3423 2515 3480; x_wconf 88' lang='lat' dir='ltr'><strong>cbaritatis</strong></span> <span class='ocrx_word' id='word_1_570' title='bbox 2547 3420 2866 3478; x_wconf 74' lang='lat' dir='ltr'><strong>mirabiliter</strong></span> <span class='ocrx_word' id='word_1_571' title='bbox 2891 3422 3181 3492; x_wconf 82' lang='lat' dir='ltr'><strong>iniquitatis</strong></span> <span class='ocrx_word' id='word_1_572' title='bbox 3204 3421 3372 3491; x_wconf 72' lang='lat' dir='ltr'><strong>frigus</strong></span> <span class='ocrx_word' id='word_1_573' title='bbox 3402 3423 3578 3478; x_wconf 76' lang='lat' dir='ltr'><strong>exclu-</strong></span> 
     </span>
    </p>
   </div>
   <div class='ocr_carea' id='block_1_79' title="bbox 1995 3511 3582 3582">
    <p class='ocr_par' dir='ltr' id='par_1_79' title="bbox 1995 3511 3582 3582">
     <span class='ocr_line' id='line_1_79' title="bbox 1995 3511 3582 3582; baseline -0.001 -12"><span class='ocrx_word' id='word_1_574' title='bbox 1995 3518 2119 3582; x_wconf 89' lang='lat' dir='ltr'><strong>das,</strong></span> <span class='ocrx_word' id='word_1_575' title='bbox 2160 3515 2268 3570; x_wconf 90' lang='lat' dir='ltr'><strong>noli</strong></span> <span class='ocrx_word' id='word_1_576' title='bbox 2319 3529 2438 3570; x_wconf 89' lang='lat' dir='ltr'><strong>esse</strong></span> <span class='ocrx_word' id='word_1_577' title='bbox 2484 3512 2707 3568; x_wconf 90' lang='lat' dir='ltr'><strong>multum</strong></span> <span class='ocrx_word' id='word_1_578' title='bbox 2748 3511 2956 3581; x_wconf 85' lang='lat' dir='ltr'><strong>justus,</strong></span> <span class='ocrx_word' id='word_1_579' title='bbox 2999 3526 3170 3580; x_wconf 87' lang='lat' dir='ltr'><strong>neque</strong></span> <span class='ocrx_word' id='word_1_580' title='bbox 3209 3512 3424 3577; x_wconf 82' lang='lat' dir='ltr'><strong>sapiens</strong></span> <span class='ocrx_word' id='word_1_581' title='bbox 3468 3513 3582 3581; x_wconf 86' lang='lat' dir='ltr'><strong>plus</strong></span> 
     </span>
    </p>
   </div>
   <div class='ocr_carea' id='block_1_80' title="bbox 1994 3601 3582 3679">
    <p class='ocr_par' dir='ltr' id='par_1_80' title="bbox 1994 3601 3582 3679">
     <span class='ocr_line' id='line_1_80' title="bbox 1994 3601 3582 3679; baseline -0.003 -16"><span class='ocrx_word' id='word_1_582' title='bbox 1994 3623 2152 3679; x_wconf 90' lang='lat' dir='ltr'><strong>quam</strong></span> <span class='ocrx_word' id='word_1_583' title='bbox 2183 3620 2404 3662; x_wconf 87' lang='lat' dir='ltr'><strong>necesse</strong></span> <span class='ocrx_word' id='word_1_584' title='bbox 2443 3613 2544 3659; x_wconf 84' lang='lat' dir='ltr'><strong>est.</strong></span> <span class='ocrx_word' id='word_1_585' title='bbox 2573 3603 2794 3659; x_wconf 87' lang='lat' dir='ltr'><strong>incurrit</strong></span> <span class='ocrx_word' id='word_1_586' title='bbox 2823 3601 3084 3671; x_wconf 85' lang='lat' dir='ltr'><strong>quispiam</strong></span> <span class='ocrx_word' id='word_1_587' title='bbox 3125 3602 3426 3672; x_wconf 85' lang='lat' dir='ltr'><strong>gravissimi</strong></span> <span class='ocrx_word' id='word_1_588' title='bbox 3455 3601 3582 3658; x_wconf 89' lang='lat' dir='ltr'><strong>faci-</strong></span> 
     </span>
    </p>
   </div>
   <div class='ocr_carea' id='block_1_81' title="bbox 1997 3695 3579 3768">
    <p class='ocr_par' dir='ltr' id='par_1_81' title="bbox 1997 3695 3579 3768">
     <span class='ocr_line' id='line_1_81' title="bbox 1997 3695 3579 3768; baseline -0.005 -12"><span class='ocrx_word' id='word_1_589' title='bbox 1997 3699 2140 3756; x_wconf 84' lang='lat' dir='ltr'><strong>noris</strong></span> <span class='ocrx_word' id='word_1_590' title='bbox 2168 3701 2399 3768; x_wconf 87' lang='lat' dir='ltr'><strong>culpam,</strong></span> <span class='ocrx_word' id='word_1_591' title='bbox 2429 3705 2660 3751; x_wconf 88' lang='lat' dir='ltr'><strong>merctur</strong></span> <span class='ocrx_word' id='word_1_592' title='bbox 2689 3695 2997 3764; x_wconf 72' lang='lat' dir='ltr'><strong>iudicialem</strong></span> <span class='ocrx_word' id='word_1_593' title='bbox 3027 3695 3225 3750; x_wconf 87' lang='lat' dir='ltr'><strong>sentire</strong></span> <span class='ocrx_word' id='word_1_594' title='bbox 3255 3698 3579 3750; x_wconf 75' lang='lat' dir='ltr'><strong>censuram?</strong></span> 
     </span>
    </p>
   </div>
   <div class='ocr_carea' id='block_1_82' title="bbox 1998 3788 3580 3862">
    <p class='ocr_par' dir='ltr' id='par_1_82' title="bbox 1998 3788 3580 3862">
     <span class='ocr_line' id='line_1_82' title="bbox 1998 3788 3580 3862; baseline -0.005 -13"><span class='ocrx_word' id='word_1_595' title='bbox 1998 3803 2258 3862; x_wconf 76' lang='lat' dir='ltr'><strong>tempera,</strong></span> <span class='ocrx_word' id='word_1_596' title='bbox 2287 3791 2393 3845; x_wconf 87' lang='lat' dir='ltr'><strong>dux</strong></span> <span class='ocrx_word' id='word_1_597' title='bbox 2428 3791 2648 3859; x_wconf 83' lang='lat' dir='ltr'><strong>optime,</strong></span> <span class='ocrx_word' id='word_1_598' title='bbox 2693 3788 2948 3858; x_wconf 88' lang='lat' dir='ltr'><strong>impetum</strong></span> <span class='ocrx_word' id='word_1_599' title='bbox 2997 3788 3329 3855; x_wconf 86' lang='lat' dir='ltr'><strong>severitatis;</strong></span> <span class='ocrx_word' id='word_1_600' title='bbox 3375 3797 3429 3843; x_wconf 86' lang='lat' dir='ltr'><strong>et</strong></span> <span class='ocrx_word' id='word_1_601' title='bbox 3457 3788 3580 3842; x_wconf 89' lang='lat' dir='ltr'><strong>dum</strong></span> 
     </span>
    </p>
   </div>
   <div class='ocr_carea' id='block_1_83' title="bbox 1997 3879 3581 3953">
    <p class='ocr_par' dir='ltr' id='par_1_83' title="bbox 1997 3879 3581 3953">
     <span class='ocr_line' id='line_1_83' title="bbox 1997 3879 3581 3953; baseline -0.003 -13"><span class='ocrx_word' id='word_1_602' title='bbox 1997 3901 2091 3941; x_wconf 88' lang='lat' dir='ltr'><strong>reo</strong></span> <span class='ocrx_word' id='word_1_603' title='bbox 2132 3883 2391 3953; x_wconf 88' lang='lat' dir='ltr'><strong>supplicia</strong></span> <span class='ocrx_word' id='word_1_604' title='bbox 2425 3880 2748 3946; x_wconf 81' lang='lat' dir='ltr'><strong>inferuntur,</strong></span> <span class='ocrx_word' id='word_1_605' title='bbox 2787 3879 3131 3934; x_wconf 89' lang='lat' dir='ltr'><strong>interioribus</strong></span> <span class='ocrx_word' id='word_1_606' title='bbox 3161 3879 3378 3934; x_wconf 89' lang='lat' dir='ltr'><strong>auribus</strong></span> <span class='ocrx_word' id='word_1_607' title='bbox 3411 3881 3581 3948; x_wconf 87' lang='lat' dir='ltr'><strong>pictas</strong></span> 
     </span>
    </p>
   </div>
   <div class='ocr_carea' id='block_1_84' title="bbox 1997 3968 3586 4044">
    <p class='ocr_par' dir='ltr' id='par_1_84' title="bbox 1997 3968 3586 4044">
     <span class='ocr_line' id='line_1_84' title="bbox 1997 3968 3586 4044; baseline -0.004 -13"><span class='ocrx_word' id='word_1_608' title='bbox 1997 3977 2142 4032; x_wconf 87' lang='lat' dir='ltr'><strong>dicat</strong></span> <span class='ocrx_word' id='word_1_609' title='bbox 2167 3991 2181 4029; x_wconf 89' lang='lat'>:</span> <span class='ocrx_word' id='word_1_610' title='bbox 2216 3973 2340 4028; x_wconf 76' lang='lat' dir='ltr'><strong>Noli</strong></span> <span class='ocrx_word' id='word_1_611' title='bbox 2365 3991 2471 4028; x_wconf 73' lang='lat' dir='ltr'><strong>esse</strong></span> <span class='ocrx_word' id='word_1_612' title='bbox 2492 3973 2707 4026; x_wconf 83' lang='lat' dir='ltr'><strong>multum</strong></span> <span class='ocrx_word' id='word_1_613' title='bbox 2720 3974 2896 4044; x_wconf 82' lang='lat' dir='ltr'><strong>ju.;tus</strong></span> <span class='ocrx_word' id='word_1_614' title='bbox 2917 3968 3138 4042; x_wconf 51' lang='lat' dir='ltr'><strong>(Ibid).</strong></span> <span class='ocrx_word' id='word_1_615' title='bbox 3168 3969 3430 4025; x_wconf 69' lang='lat' dir='ltr'><strong>Amicitia:</strong></span> <span class='ocrx_word' id='word_1_616' title='bbox 3454 3972 3586 4024; x_wconf 90' lang='lat' dir='ltr'><strong>alius</strong></span> 
     </span>
    </p>
   </div>
   <div class='ocr_carea' id='block_1_85' title="bbox 2000 4061 3587 4134">
    <p class='ocr_par' dir='ltr' id='par_1_85' title="bbox 2000 4061 3587 4134">
     <span class='ocr_line' id='line_1_85' title="bbox 2000 4061 3587 4134; baseline -0.004 -11"><span class='ocrx_word' id='word_1_617' title='bbox 2000 4071 2304 4134; x_wconf 84' lang='lat' dir='ltr'><strong>immemor,</strong></span> <span class='ocrx_word' id='word_1_618' title='bbox 2342 4065 2520 4120; x_wconf 80' lang='lat' dir='ltr'><strong>debita</strong></span> <span class='ocrx_word' id='word_1_619' title='bbox 2565 4063 2822 4118; x_wconf 74' lang='lat' dir='ltr'><strong>exhibere</strong></span> <span class='ocrx_word' id='word_1_620' title='bbox 2868 4062 3108 4134; x_wconf 78' lang='lat' dir='ltr'><strong>neglexit</strong></span> <span class='ocrx_word' id='word_1_621' title='bbox 3150 4061 3360 4116; x_wconf 85' lang='lat' dir='ltr'><strong>officia?</strong></span> <span class='ocrx_word' id='word_1_622' title='bbox 3393 4062 3587 4132; x_wconf 83' lang='lat' dir='ltr'><strong>dignus</strong></span> 
     </span>
    </p>
   </div>
   <div class='ocr_carea' id='block_1_86' title="bbox 2000 4155 3588 4228">
    <p class='ocr_par' dir='ltr' id='par_1_86' title="bbox 2000 4155 3588 4228">
     <span class='ocr_line' id='line_1_86' title="bbox 2000 4155 3588 4228; baseline -0.004 -13"><span class='ocrx_word' id='word_1_623' title='bbox 2000 4169 2086 4216; x_wconf 89' lang='lat' dir='ltr'><strong>est</strong></span> <span class='ocrx_word' id='word_1_624' title='bbox 2118 4159 2301 4228; x_wconf 89' lang='lat' dir='ltr'><strong>ahjici,</strong></span> <span class='ocrx_word' id='word_1_625' title='bbox 2333 4166 2570 4211; x_wconf 89' lang='lat' dir='ltr'><strong>meretur</strong></span> <span class='ocrx_word' id='word_1_626' title='bbox 2596 4155 2801 4210; x_wconf 87' lang='lat' dir='ltr'><strong>sentire</strong></span> <span class='ocrx_word' id='word_1_627' title='bbox 2833 4169 3076 4225; x_wconf 87' lang='lat' dir='ltr'><strong>asperam</strong></span> <span class='ocrx_word' id='word_1_628' title='bbox 3111 4155 3414 4220; x_wconf 72' lang='lat' dir='ltr'><strong>Itesionem,</strong></span> <span class='ocrx_word' id='word_1_629' title='bbox 3445 4155 3588 4208; x_wconf 86' lang='lat' dir='ltr'><strong>cohi-</strong></span> 
     </span>
    </p>
   </div>
   <div class='ocr_carea' id='block_1_87' title="bbox 2004 4247 3592 4320">
    <p class='ocr_par' dir='ltr' id='par_1_87' title="bbox 2004 4247 3592 4320">
     <span class='ocr_line' id='line_1_87' title="bbox 2004 4247 3592 4320; baseline -0.006 -13"><span class='ocrx_word' id='word_1_630' title='bbox 2004 4253 2096 4320; x_wconf 74' lang='lat' dir='ltr'><strong>be,</strong></span> <span class='ocrx_word' id='word_1_631' title='bbox 2121 4255 2368 4316; x_wconf 90' lang='lat' dir='ltr'><strong>obsecro,</strong></span> <span class='ocrx_word' id='word_1_632' title='bbox 2394 4257 2596 4304; x_wconf 89' lang='lat' dir='ltr'><strong>rectum</strong></span> <span class='ocrx_word' id='word_1_633' title='bbox 2623 4247 2891 4312; x_wconf 88' lang='lat' dir='ltr'><strong>dolorem,</strong></span> <span class='ocrx_word' id='word_1_634' title='bbox 2917 4247 3026 4302; x_wconf 91' lang='lat' dir='ltr'><strong>noli</strong></span> <span class='ocrx_word' id='word_1_635' title='bbox 3050 4248 3344 4302; x_wconf 87' lang='lat' dir='ltr'><strong>retribuere</strong></span> <span class='ocrx_word' id='word_1_636' title='bbox 3371 4247 3592 4302; x_wconf 87' lang='lat' dir='ltr'><strong>similia.</strong></span> 
     </span>
    </p>
   </div>
   <div class='ocr_carea' id='block_1_88' title="bbox 2005 4337 3589 4410">
    <p class='ocr_par' dir='ltr' id='par_1_88' title="bbox 2005 4337 3589 4410">
     <span class='ocr_line' id='line_1_88' title="bbox 2005 4337 3589 4410; baseline -0.005 -12"><span class='ocrx_word' id='word_1_637' title='bbox 2005 4343 2080 4400; x_wconf 85' lang='lat' dir='ltr'><strong>Ne</strong></span> <span class='ocrx_word' id='word_1_638' title='bbox 2111 4345 2346 4399; x_wconf 73' lang='lat' dir='ltr'><strong>mSIimes</strong></span> <span class='ocrx_word' id='word_1_639' title='bbox 2367 4341 2518 4410; x_wconf 85' lang='lat' dir='ltr'><strong>quasi</strong></span> <span class='ocrx_word' id='word_1_640' title='bbox 2558 4339 2855 4403; x_wconf 87' lang='lat' dir='ltr'><strong>inimicum,</strong></span> <span class='ocrx_word' id='word_1_641' title='bbox 2881 4337 2976 4394; x_wconf 86' lang='lat' dir='ltr'><strong>sed</strong></span> <span class='ocrx_word' id='word_1_642' title='bbox 3008 4339 3217 4408; x_wconf 71' lang='lat' dir='ltr'><strong>eorr‘pe</strong></span> <span class='ocrx_word' id='word_1_643' title='bbox 3243 4338 3423 4391; x_wconf 90' lang='lat' dir='ltr'><strong>adhuc</strong></span> <span class='ocrx_word' id='word_1_644' title='bbox 3450 4337 3589 4390; x_wconf 83' lang='lat' dir='ltr'><strong>velut</strong></span> 
     </span>
    </p>
   </div>
   <div class='ocr_carea' id='block_1_89' title="bbox 2008 4427 3587 4500">
    <p class='ocr_par' dir='ltr' id='par_1_89' title="bbox 2008 4427 3587 4500">
     <span class='ocr_line' id='line_1_89' title="bbox 2008 4427 3587 4500; baseline -0.008 -10"><span class='ocrx_word' id='word_1_645' title='bbox 2008 4437 2275 4499; x_wconf 86' lang='lat' dir='ltr'><strong>amicum;</strong></span> <span class='ocrx_word' id='word_1_646' title='bbox 2309 4431 2667 4500; x_wconf 85' lang='lat' dir='ltr'><strong>respondente</strong></span> <span class='ocrx_word' id='word_1_647' title='bbox 2699 4429 2790 4483; x_wconf 81' lang='lat' dir='ltr'><strong>tibi</strong></span> <span class='ocrx_word' id='word_1_648' title='bbox 2824 4427 3224 4496; x_wconf 88' lang='lat' dir='ltr'><strong>sapientissimo</strong></span> <span class='ocrx_word' id='word_1_649' title='bbox 3252 4428 3538 4480; x_wconf 84' lang='lat' dir='ltr'><strong>Salomone</strong></span> <span class='ocrx_word' id='word_1_650' title='bbox 3574 4443 3587 4478; x_wconf 89' lang='lat'><em>:</em></span> 
     </span>
    </p>
   </div>
   <div class='ocr_carea' id='block_1_90' title="bbox 2007 4516 3590 4590">
    <p class='ocr_par' dir='ltr' id='par_1_90' title="bbox 2007 4516 3590 4590">
     <span class='ocr_line' id='line_1_90' title="bbox 2007 4516 3590 4590; baseline -0.008 -8"><span class='ocrx_word' id='word_1_651' title='bbox 2007 4527 2137 4581; x_wconf 87' lang='lat' dir='ltr'><strong>Noli</strong></span> <span class='ocrx_word' id='word_1_652' title='bbox 2175 4541 2279 4579; x_wconf 77' lang='lat' dir='ltr'><strong>esse</strong></span> <span class='ocrx_word' id='word_1_653' title='bbox 2317 4525 2534 4575; x_wconf 86' lang='lat' dir='ltr'><strong>multum</strong></span> <span class='ocrx_word' id='word_1_654' title='bbox 2565 4523 2763 4590; x_wconf 73' lang='lat' dir='ltr'><strong>justus.</strong></span> <span class='ocrx_word' id='word_1_655' title='bbox 2795 4519 2923 4573; x_wconf 85' lang='lat' dir='ltr'><strong>Esto</strong></span> <span class='ocrx_word' id='word_1_656' title='bbox 2953 4532 3081 4586; x_wconf 85' lang='lat' dir='ltr'><strong>ergo</strong></span> <span class='ocrx_word' id='word_1_657' title='bbox 3114 4516 3311 4585; x_wconf 84' lang='lat' dir='ltr'><strong>justus,</strong></span> <span class='ocrx_word' id='word_1_658' title='bbox 3343 4516 3436 4570; x_wconf 88' lang='lat' dir='ltr'><strong>sed</strong></span> <span class='ocrx_word' id='word_1_659' title='bbox 3484 4516 3590 4569; x_wconf 89' lang='lat' dir='ltr'><strong>noli</strong></span> 
     </span>
    </p>
   </div>
   <div class='ocr_carea' id='block_1_91' title="bbox 310 4585 3593 4682">
    <p class='ocr_par' dir='ltr' id='par_1_91' title="bbox 310 4585 3593 4682">
     <span class='ocr_line' id='line_1_91' title="bbox 310 4585 3593 4682; baseline -0.005 -19"><span class='ocrx_word' id='word_1_660' title='bbox 310 4609 606 4676; x_wconf 71' lang='lat' dir='ltr'><strong>dienda,‘et</strong></span> <span class='ocrx_word' id='word_1_661' title='bbox 635 4609 936 4664; x_wconf 81' lang='lat' dir='ltr'><strong>nullatenus</strong></span> <span class='ocrx_word' id='word_1_662' title='bbox 966 4611 1255 4664; x_wconf 74' lang='lat' dir='ltr'><strong>amovenda</strong></span> <span class='ocrx_word' id='word_1_663' title='bbox 1290 4610 1332 4662; x_wconf 89' lang='lat' dir='ltr'><strong>si</strong></span> <span class='ocrx_word' id='word_1_664' title='bbox 1367 4624 1468 4662; x_wconf 90' lang='lat' dir='ltr'><strong>non</strong></span> <span class='ocrx_word' id='word_1_665' title='bbox 1495 4617 1583 4663; x_wconf 86' lang='lat' dir='ltr'><strong>est</strong></span> <span class='ocrx_word' id='word_1_666' title='bbox 1612 4608 1731 4662; x_wconf 82' lang='lat' dir='ltr'><strong>fidei</strong></span> <span class='ocrx_word' id='word_1_667' title='bbox 1759 4617 1898 4662; x_wconf 81' lang='lat' dir='ltr'><strong>verae</strong></span> <span class='ocrx_word' id='word_1_668' title='bbox 1930 4585 1983 4644; x_wconf 66' lang='grc' dir='ltr'><strong>Β</strong></span> <span class='ocrx_word' id='word_1_669' title='bbox 2010 4633 2130 4674; x_wconf 73' lang='lat' dir='ltr'><strong>esse</strong></span> <span class='ocrx_word' id='word_1_670' title='bbox 2165 4616 2388 4670; x_wconf 73' lang='lat' dir='ltr'><strong>multum</strong></span> <span class='ocrx_word' id='word_1_671' title='bbox 2418 4614 2614 4682; x_wconf 77' lang='lat' dir='ltr'><strong>justus,</strong></span> <span class='ocrx_word' id='word_1_672' title='bbox 2644 4611 2771 4664; x_wconf 74' lang='lat' dir='ltr'><strong>Esto</strong></span> <span class='ocrx_word' id='word_1_673' title='bbox 2789 4609 2988 4678; x_wconf 65' lang='lat' dir='ltr'><strong>justus,</strong></span> <span class='ocrx_word' id='word_1_674' title='bbox 3014 4617 3072 4663; x_wconf 81' lang='grc' dir='ltr'><strong>ιιι</strong></span> <span class='ocrx_word' id='word_1_675' title='bbox 3100 4607 3358 4677; x_wconf 66' lang='lat' dir='ltr'><strong>corripias</strong></span> <span class='ocrx_word' id='word_1_676' title='bbox 3391 4608 3593 4676; x_wconf 73' lang='lat' dir='ltr'><strong>inquic.</strong></span> 
     </span>
    </p>
   </div>
   <div class='ocr_carea' id='block_1_92' title="bbox 313 4699 1896 4756">
    <p class='ocr_par' dir='ltr' id='par_1_92' title="bbox 313 4699 1896 4756">
     <span class='ocr_line' id='line_1_92' title="bbox 313 4699 1896 4756; baseline -0.001 -3"><span class='ocrx_word' id='word_1_677' title='bbox 313 4700 606 4756; x_wconf 78' lang='lat' dir='ltr'><strong>contraria.</strong></span> <span class='ocrx_word' id='word_1_678' title='bbox 653 4699 763 4756; x_wconf 86' lang='lat' dir='ltr'><strong>Nec</strong></span> <span class='ocrx_word' id='word_1_679' title='bbox 806 4701 1041 4755; x_wconf 83' lang='lat' dir='ltr'><strong>offendat</strong></span> <span class='ocrx_word' id='word_1_680' title='bbox 1086 4701 1294 4754; x_wconf 88' lang='lat' dir='ltr'><strong>animos</strong></span> <span class='ocrx_word' id='word_1_681' title='bbox 1352 4711 1474 4753; x_wconf 83' lang='lat' dir='ltr'><strong>tuos</strong></span> <span class='ocrx_word' id='word_1_682' title='bbox 1535 4699 1896 4755; x_wconf 84' lang='lat' dir='ltr'><strong>Ecclesiarum</strong></span> 
     </span>
    </p>
   </div>
   <div class='ocr_carea' id='block_1_93' title="bbox 309 4791 1898 4860">
    <p class='ocr_par' dir='ltr' id='par_1_93' title="bbox 309 4791 1898 4860">
     <span class='ocr_line' id='line_1_93' title="bbox 309 4791 1898 4860; baseline -0.003 -12"><span class='ocrx_word' id='word_1_683' title='bbox 309 4793 647 4848; x_wconf 54' lang='lat' dir='ltr'><strong>Consuetudo</strong></span> <span class='ocrx_word' id='word_1_684' title='bbox 674 4795 908 4860; x_wconf 82' lang='lat' dir='ltr'><strong>diversa,</strong></span> <span class='ocrx_word' id='word_1_685' title='bbox 935 4794 1058 4846; x_wconf 91' lang='lat' dir='ltr'><strong>dum</strong></span> <span class='ocrx_word' id='word_1_686' title='bbox 1085 4794 1216 4847; x_wconf 80' lang='lat' dir='ltr'><strong>fides</strong></span> <span class='ocrx_word' id='word_1_687' title='bbox 1241 4801 1324 4846; x_wconf 86' lang='lat' dir='ltr'><strong>est</strong></span> <span class='ocrx_word' id='word_1_688' title='bbox 1349 4808 1471 4844; x_wconf 89' lang='lat' dir='ltr'><strong>una.</strong></span> <span class='ocrx_word' id='word_1_689' title='bbox 1499 4791 1736 4846; x_wconf 78' lang='lat' dir='ltr'><strong>Parvulis</strong></span> <span class='ocrx_word' id='word_1_690' title='bbox 1756 4793 1898 4846; x_wconf 73' lang='lat' dir='ltr'><strong>enim</strong></span> 
     </span>
    </p>
   </div>
   <div class='ocr_carea' id='block_1_94' title="bbox 316 4885 1904 4954">
    <p class='ocr_par' dir='ltr' id='par_1_94' title="bbox 316 4885 1904 4954">
     <span class='ocr_line' id='line_1_94' title="bbox 316 4885 1904 4954; baseline 0.001 -16"><span class='ocrx_word' id='word_1_691' title='bbox 316 4885 587 4939; x_wconf 82' lang='lat' dir='ltr'><strong>mentibus</strong></span> <span class='ocrx_word' id='word_1_692' title='bbox 616 4901 679 4940; x_wconf 89' lang='lat' dir='ltr'><strong>ac</strong></span> <span class='ocrx_word' id='word_1_693' title='bbox 712 4901 849 4954; x_wconf 88' lang='lat' dir='ltr'><strong>pene</strong></span> <span class='ocrx_word' id='word_1_694' title='bbox 877 4886 1080 4948; x_wconf 86' lang='lat' dir='ltr'><strong>stultis,</strong></span> <span class='ocrx_word' id='word_1_695' title='bbox 1107 4886 1206 4939; x_wconf 87' lang='lat' dir='ltr'><strong>hoc</strong></span> <span class='ocrx_word' id='word_1_696' title='bbox 1235 4885 1419 4953; x_wconf 84' lang='lat' dir='ltr'><strong>irrepit</strong></span> <span class='ocrx_word' id='word_1_697' title='bbox 1446 4885 1654 4950; x_wconf 87' lang='lat' dir='ltr'><strong>vitium,</strong></span> <span class='ocrx_word' id='word_1_698' title='bbox 1678 4899 1904 4940; x_wconf 84' lang='lat' dir='ltr'><strong>consue-</strong></span> 
     </span>
    </p>
   </div>
   <div class='ocr_carea' id='block_1_95' title="bbox 315 4975 1899 5043">
    <p class='ocr_par' dir='ltr' id='par_1_95' title="bbox 315 4975 1899 5043">
     <span class='ocr_line' id='line_1_95' title="bbox 315 4975 1899 5043; baseline 0.001 -13"><span class='ocrx_word' id='word_1_699' title='bbox 315 4978 558 5030; x_wconf 85' lang='lat' dir='ltr'><strong>tudinem</strong></span> <span class='ocrx_word' id='word_1_700' title='bbox 590 4991 701 5031; x_wconf 76' lang='lat' dir='ltr'><strong>sua:</strong></span> <span class='ocrx_word' id='word_1_701' title='bbox 733 4977 1006 5043; x_wconf 69' lang='lat' dir='ltr'><strong>Ecelesim,</strong></span> <span class='ocrx_word' id='word_1_702' title='bbox 1033 4977 1122 5030; x_wconf 88' lang='lat' dir='ltr'><strong>ubi</strong></span> <span class='ocrx_word' id='word_1_703' title='bbox 1155 4979 1232 5031; x_wconf 68' lang='lat' dir='ltr'><strong>\el</strong></span> <span class='ocrx_word' id='word_1_704' title='bbox 1259 4989 1413 5032; x_wconf 85' lang='lat' dir='ltr'><strong>natus</strong></span> <span class='ocrx_word' id='word_1_705' title='bbox 1437 4975 1516 5031; x_wconf 88' lang='lat' dir='ltr'><strong>vel</strong></span> <span class='ocrx_word' id='word_1_706' title='bbox 1545 4980 1827 5042; x_wconf 85' lang='lat' dir='ltr'><strong>enutritus,</strong></span> <span class='ocrx_word' id='word_1_707' title='bbox 1848 4976 1899 5032; x_wconf 90' lang='lat' dir='ltr'><strong>in</strong></span> 
     </span>
    </p>
   </div>
   <div class='ocr_carea' id='block_1_96' title="bbox 310 5067 1904 5138">
    <p class='ocr_par' dir='ltr' id='par_1_96' title="bbox 310 5067 1904 5138">
     <span class='ocr_line' id='line_1_96' title="bbox 310 5067 1904 5138; baseline 0.001 -17"><span class='ocrx_word' id='word_1_708' title='bbox 310 5068 435 5121; x_wconf 80' lang='lat' dir='ltr'><strong>a‘iis</strong></span> <span class='ocrx_word' id='word_1_709' title='bbox 475 5067 734 5122; x_wconf 82' lang='lat' dir='ltr'><strong>Eeelesiis</strong></span> <span class='ocrx_word' id='word_1_710' title='bbox 773 5083 1052 5137; x_wconf 65' lang='lat' dir='ltr'><strong>quaerere;</strong></span> <span class='ocrx_word' id='word_1_711' title='bbox 1083 5077 1136 5123; x_wconf 91' lang='lat' dir='ltr'><strong>et</strong></span> <span class='ocrx_word' id='word_1_712' title='bbox 1166 5069 1207 5122; x_wconf 88' lang='lat' dir='ltr'><strong>si</strong></span> <span class='ocrx_word' id='word_1_713' title='bbox 1241 5067 1474 5138; x_wconf 84' lang='lat' dir='ltr'><strong>aliquam</strong></span> <span class='ocrx_word' id='word_1_714' title='bbox 1522 5067 1904 5122; x_wconf 86' lang='lat' dir='ltr'><strong>dissonantiam</strong></span> 
     </span>
    </p>
   </div>
   <div class='ocr_carea' id='block_1_97' title="bbox 318 5158 1906 5230">
    <p class='ocr_par' dir='ltr' id='par_1_97' title="bbox 318 5158 1906 5230">
     <span class='ocr_line' id='line_1_97' title="bbox 318 5158 1906 5230; baseline 0.001 -19"><span class='ocrx_word' id='word_1_715' title='bbox 318 5159 732 5214; x_wconf 79' lang='lat' dir='ltr'><strong>consuetudinis</strong></span> <span class='ocrx_word' id='word_1_716' title='bbox 762 5159 976 5224; x_wconf 73' lang='lat' dir='ltr'><strong>vidrrit,</strong></span> <span class='ocrx_word' id='word_1_717' title='bbox 1009 5161 1205 5228; x_wconf 86' lang='lat' dir='ltr'><strong>patitur</strong></span> <span class='ocrx_word' id='word_1_718' title='bbox 1237 5171 1459 5230; x_wconf 85' lang='lat' dir='ltr'><strong>repente</strong></span> <span class='ocrx_word' id='word_1_719' title='bbox 1504 5158 1814 5214; x_wconf 89' lang='lat' dir='ltr'><strong>scandalum</strong></span> <span class='ocrx_word' id='word_1_720' title='bbox 1845 5160 1906 5213; x_wconf 61' lang='lat' dir='ltr'><strong>tio</strong></span> 
     </span>
    </p>
   </div>
   <div class='ocr_carea' id='block_1_98' title="bbox 312 5251 1905 5322">
    <p class='ocr_par' dir='ltr' id='par_1_98' title="bbox 312 5251 1905 5322">
     <span class='ocr_line' id='line_1_98' title="bbox 312 5251 1905 5322; baseline 0 -16"><span class='ocrx_word' id='word_1_721' title='bbox 312 5251 426 5306; x_wconf 84' lang='lat' dir='ltr'><strong>dei.</strong></span> <span class='ocrx_word' id='word_1_722' title='bbox 449 5252 532 5305; x_wconf 83' lang='lat' dir='ltr'><strong>&#39;l&#39;u</strong></span> <span class='ocrx_word' id='word_1_723' title='bbox 576 5266 724 5314; x_wconf 83' lang='lat' dir='ltr'><strong>vero,</strong></span> <span class='ocrx_word' id='word_1_724' title='bbox 761 5253 843 5306; x_wconf 90' lang='lat' dir='ltr'><strong>vir</strong></span> <span class='ocrx_word' id='word_1_725' title='bbox 872 5253 1107 5321; x_wconf 81' lang='lat' dir='ltr'><strong>sapiens,</strong></span> <span class='ocrx_word' id='word_1_726' title='bbox 1145 5252 1402 5308; x_wconf 70' lang='lat' dir='ltr'><strong>Ecclesia:</strong></span> <span class='ocrx_word' id='word_1_727' title='bbox 1431 5251 1497 5307; x_wconf 87' lang='lat' dir='ltr'><strong>ad</strong></span> <span class='ocrx_word' id='word_1_728' title='bbox 1527 5268 1683 5322; x_wconf 87' lang='lat' dir='ltr'><strong>quam</strong></span> <span class='ocrx_word' id='word_1_729' title='bbox 1717 5266 1905 5321; x_wconf 84' lang='lat' dir='ltr'><strong>perve-</strong></span> 
     </span>
    </p>
   </div>
   <div class='ocr_carea' id='block_1_99' title="bbox 315 5345 1908 5416">
    <p class='ocr_par' dir='ltr' id='par_1_99' title="bbox 315 5345 1908 5416">
     <span class='ocr_line' id='line_1_99' title="bbox 315 5345 1908 5416; baseline -0.002 -15"><span class='ocrx_word' id='word_1_730' title='bbox 315 5357 469 5401; x_wconf 80' lang='lat' dir='ltr'><strong>neris</strong></span> <span class='ocrx_word' id='word_1_731' title='bbox 497 5351 543 5399; x_wconf 87' lang='lat' dir='ltr'><strong>st</strong></span> <span class='ocrx_word' id='word_1_732' title='bbox 573 5346 838 5415; x_wconf 79' lang='lat' dir='ltr'><strong>approbas</strong></span> <span class='ocrx_word' id='word_1_733' title='bbox 872 5345 1029 5398; x_wconf 89' lang='lat' dir='ltr'><strong>fidem</strong></span> <span class='ocrx_word' id='word_1_734' title='bbox 1050 5387 1063 5411; x_wconf 89' lang='lat'><strong>,</strong></span> <span class='ocrx_word' id='word_1_735' title='bbox 1098 5361 1325 5416; x_wconf 84' lang='lat' dir='ltr'><strong>sequere</strong></span> <span class='ocrx_word' id='word_1_736' title='bbox 1354 5345 1530 5399; x_wconf 60' lang='lat' dir='ltr'><strong>statim</strong></span> <span class='ocrx_word' id='word_1_737' title='bbox 1563 5345 1908 5400; x_wconf 83' lang='lat' dir='ltr'><strong>consuetudi-</strong></span> 
     </span>
    </p>
   </div>
   <div class='ocr_carea' id='block_1_100' title="bbox 320 5439 1909 5510">
    <p class='ocr_par' dir='ltr' id='par_1_100' title="bbox 320 5439 1909 5510">
     <span class='ocr_line' id='line_1_100' title="bbox 320 5439 1909 5510; baseline -0.003 -14"><span class='ocrx_word' id='word_1_738' title='bbox 320 5458 472 5505; x_wconf 83' lang='lat' dir='ltr'><strong>nem,</strong></span> <span class='ocrx_word' id='word_1_739' title='bbox 494 5455 594 5496; x_wconf 90' lang='lat' dir='ltr'><strong>ncc</strong></span> <span class='ocrx_word' id='word_1_740' title='bbox 626 5456 855 5510; x_wconf 85' lang='lat' dir='ltr'><strong>usurpes</strong></span> <span class='ocrx_word' id='word_1_741' title='bbox 890 5439 1122 5508; x_wconf 86' lang='lat' dir='ltr'><strong>aliquam</strong></span> <span class='ocrx_word' id='word_1_742' title='bbox 1160 5441 1295 5494; x_wconf 82' lang='lat' dir='ltr'><strong>sacri</strong></span> <span class='ocrx_word' id='word_1_743' title='bbox 1329 5442 1456 5494; x_wconf 72' lang='lat' dir='ltr'><strong>ritus</strong></span> <span class='ocrx_word' id='word_1_744' title='bbox 1489 5439 1666 5494; x_wconf 82' lang='lat' dir='ltr'><strong>facere</strong></span> <span class='ocrx_word' id='word_1_745' title='bbox 1704 5439 1909 5492; x_wconf 81' lang='lat' dir='ltr'><strong>novita-</strong></span> 
     </span>
    </p>
   </div>
   <div class='ocr_carea' id='block_1_101' title="bbox 323 5529 1916 5598">
    <p class='ocr_par' dir='ltr' id='par_1_101' title="bbox 323 5529 1916 5598">
     <span class='ocr_line' id='line_1_101' title="bbox 323 5529 1916 5598; baseline -0.003 -12"><span class='ocrx_word' id='word_1_746' title='bbox 323 5543 456 5586; x_wconf 79' lang='lat' dir='ltr'><strong>tem.</strong></span> <span class='ocrx_word' id='word_1_747' title='bbox 492 5531 546 5587; x_wconf 89' lang='lat' dir='ltr'><strong>Si</strong></span> <span class='ocrx_word' id='word_1_748' title='bbox 576 5533 718 5586; x_wconf 89' lang='lat' dir='ltr'><strong>enim</strong></span> <span class='ocrx_word' id='word_1_749' title='bbox 753 5541 803 5586; x_wconf 90' lang='lat' dir='ltr'><strong>te</strong></span> <span class='ocrx_word' id='word_1_750' title='bbox 833 5531 1156 5585; x_wconf 84' lang='lat' dir='ltr'><strong>scanda‘izat</strong></span> <span class='ocrx_word' id='word_1_751' title='bbox 1187 5540 1387 5584; x_wconf 83' lang='lat' dir='ltr'><strong>mutata</strong></span> <span class='ocrx_word' id='word_1_752' title='bbox 1429 5529 1782 5591; x_wconf 86' lang='lat' dir='ltr'><strong>consuetudo,</strong></span> <span class='ocrx_word' id='word_1_753' title='bbox 1819 5543 1916 5598; x_wconf 91' lang='lat' dir='ltr'><strong>po-</strong></span> 
     </span>
    </p>
   </div>
   <div class='ocr_carea' id='block_1_102' title="bbox 321 5620 1912 5691">
    <p class='ocr_par' dir='ltr' id='par_1_102' title="bbox 321 5620 1912 5691">
     <span class='ocr_line' id='line_1_102' title="bbox 321 5620 1912 5691; baseline -0.006 -11"><span class='ocrx_word' id='word_1_754' title='bbox 321 5635 429 5680; x_wconf 83' lang='lat' dir='ltr'><strong>test</strong></span> <span class='ocrx_word' id='word_1_755' title='bbox 458 5623 704 5678; x_wconf 79' lang='lat' dir='ltr'><strong>similiter</strong></span> <span class='ocrx_word' id='word_1_756' title='bbox 731 5623 983 5691; x_wconf 79' lang='lat' dir='ltr'><strong>pOpulutn</strong></span> <span class='ocrx_word' id='word_1_757' title='bbox 1014 5622 1398 5685; x_wconf 74' lang='lat' dir='ltr'><strong>seandalizare,</strong></span> <span class='ocrx_word' id='word_1_758' title='bbox 1418 5620 1569 5689; x_wconf 85' lang='lat' dir='ltr'><strong>cujus</strong></span> <span class='ocrx_word' id='word_1_759' title='bbox 1587 5621 1912 5675; x_wconf 86' lang='lat' dir='ltr'><strong>voluntatem</strong></span> 
     </span>
    </p>
   </div>
   <div class='ocr_carea' id='block_1_103' title="bbox 321 5712 1917 5785">
    <p class='ocr_par' dir='ltr' id='par_1_103' title="bbox 321 5712 1917 5785">
     <span class='ocr_line' id='line_1_103' title="bbox 321 5712 1917 5785; baseline -0.005 -11"><span class='ocrx_word' id='word_1_760' title='bbox 321 5719 430 5774; x_wconf 79' lang='lat' dir='ltr'><strong>sibi</strong></span> <span class='ocrx_word' id='word_1_761' title='bbox 457 5716 564 5772; x_wconf 74' lang='lat' dir='ltr'><strong>dux</strong></span> <span class='ocrx_word' id='word_1_762' title='bbox 593 5719 829 5785; x_wconf 88' lang='lat' dir='ltr'><strong>optimus</strong></span> <span class='ocrx_word' id='word_1_763' title='bbox 877 5717 928 5769; x_wconf 94' lang='lat' dir='ltr'><strong>in</strong></span> <span class='ocrx_word' id='word_1_764' title='bbox 980 5720 1136 5770; x_wconf 46' lang='lat' dir='ltr'><strong>rebus</strong></span> <span class='ocrx_word' id='word_1_765' title='bbox 1177 5714 1333 5768; x_wconf 82' lang='lat' dir='ltr'><strong>bonis</strong></span> <span class='ocrx_word' id='word_1_766' title='bbox 1373 5728 1587 5782; x_wconf 85' lang='lat' dir='ltr'><strong>semper</strong></span> <span class='ocrx_word' id='word_1_767' title='bbox 1625 5712 1917 5768; x_wconf 87' lang='lat' dir='ltr'><strong>conciliare</strong></span> 
     </span>
    </p>
   </div>
   <div class='ocr_carea' id='block_1_104' title="bbox 325 5805 1916 5882">
    <p class='ocr_par' dir='ltr' id='par_1_104' title="bbox 325 5805 1916 5882">
     <span class='ocr_line' id='line_1_104' title="bbox 325 5805 1916 5882; baseline -0.004 -11"><span class='ocrx_word' id='word_1_768' title='bbox 325 5813 548 5872; x_wconf 69' lang='lat' dir='ltr'><strong>fe:tinat</strong></span> <span class='ocrx_word' id='word_1_769' title='bbox 589 5833 602 5870; x_wconf 88' lang='lat'><strong>:</strong></span> <span class='ocrx_word' id='word_1_770' title='bbox 644 5813 933 5882; x_wconf 78' lang='lat' dir='ltr'><strong>aposm‘ica</strong></span> <span class='ocrx_word' id='word_1_771' title='bbox 967 5810 1124 5866; x_wconf 86' lang='lat' dir='ltr'><strong>verba</strong></span> <span class='ocrx_word' id='word_1_772' title='bbox 1158 5807 1483 5878; x_wconf 81' lang='lat' dir='ltr'><strong>frequentius</strong></span> <span class='ocrx_word' id='word_1_773' title='bbox 1531 5812 1798 5874; x_wconf 83' lang='lat' dir='ltr'><strong>recolens,</strong></span> <span class='ocrx_word' id='word_1_774' title='bbox 1825 5805 1916 5861; x_wconf 88' lang='lat' dir='ltr'><strong>ubi</strong></span> 
     </span>
    </p>
   </div>
   <div class='ocr_carea' id='block_1_105' title="bbox 2010 4701 3594 4775">
    <p class='ocr_par' dir='ltr' id='par_1_105' title="bbox 2010 4701 3594 4775">
     <span class='ocr_line' id='line_1_105' title="bbox 2010 4701 3594 4775; baseline -0.008 -11"><span class='ocrx_word' id='word_1_775' title='bbox 2010 4720 2129 4775; x_wconf 87' lang='lat' dir='ltr'><strong>tos;</strong></span> <span class='ocrx_word' id='word_1_776' title='bbox 2165 4708 2272 4763; x_wconf 91' lang='lat' dir='ltr'><strong>noli</strong></span> <span class='ocrx_word' id='word_1_777' title='bbox 2307 4720 2428 4762; x_wconf 88' lang='lat' dir='ltr'><strong>esse</strong></span> <span class='ocrx_word' id='word_1_778' title='bbox 2460 4705 2683 4762; x_wconf 88' lang='lat' dir='ltr'><strong>multum</strong></span> <span class='ocrx_word' id='word_1_779' title='bbox 2722 4703 2928 4772; x_wconf 87' lang='lat' dir='ltr'><strong>justus,</strong></span> <span class='ocrx_word' id='word_1_780' title='bbox 2960 4710 3016 4754; x_wconf 91' lang='lat' dir='ltr'><strong>ut</strong></span> <span class='ocrx_word' id='word_1_781' title='bbox 3054 4701 3346 4755; x_wconf 65' lang='lat' dir='ltr'><strong>cottsoleris</strong></span> <span class='ocrx_word' id='word_1_782' title='bbox 3377 4701 3594 4771; x_wconf 81' lang='lat' dir='ltr'><strong>pusilla-</strong></span> 
     </span>
    </p>
   </div>
   <div class='ocr_carea' id='block_1_106' title="bbox 2013 4791 3593 4866">
    <p class='ocr_par' dir='ltr' id='par_1_106' title="bbox 2013 4791 3593 4866">
     <span class='ocr_line' id='line_1_106' title="bbox 2013 4791 3593 4866; baseline -0.004 -11"><span class='ocrx_word' id='word_1_783' title='bbox 2013 4802 2204 4866; x_wconf 89' lang='lat' dir='ltr'><strong>nimes,</strong></span> <span class='ocrx_word' id='word_1_784' title='bbox 2229 4809 2286 4852; x_wconf 91' lang='lat' dir='ltr'><strong>ut</strong></span> <span class='ocrx_word' id='word_1_785' title='bbox 2310 4796 2569 4865; x_wconf 86' lang='lat' dir='ltr'><strong>suscipias</strong></span> <span class='ocrx_word' id='word_1_786' title='bbox 2596 4793 2856 4857; x_wconf 84' lang='lat' dir='ltr'><strong>infirmos,</strong></span> <span class='ocrx_word' id='word_1_787' title='bbox 2879 4803 2928 4847; x_wconf 90' lang='lat' dir='ltr'><strong>et</strong></span> <span class='ocrx_word' id='word_1_788' title='bbox 2956 4793 3163 4861; x_wconf 91' lang='lat' dir='ltr'><strong>patiens</strong></span> <span class='ocrx_word' id='word_1_789' title='bbox 3194 4793 3265 4845; x_wconf 82' lang='lat' dir='ltr'><strong>sis</strong></span> <span class='ocrx_word' id='word_1_790' title='bbox 3289 4791 3356 4846; x_wconf 89' lang='lat' dir='ltr'><strong>ad</strong></span> <span class='ocrx_word' id='word_1_791' title='bbox 3382 4807 3593 4848; x_wconf 87' lang='lat' dir='ltr'><strong>omnes.</strong></span> 
     </span>
    </p>
   </div>
   <div class='ocr_carea' id='block_1_107' title="bbox 2011 4883 3594 4959">
    <p class='ocr_par' dir='ltr' id='par_1_107' title="bbox 2011 4883 3594 4959">
     <span class='ocr_line' id='line_1_107' title="bbox 2011 4883 3594 4959; baseline -0.008 -9"><span class='ocrx_word' id='word_1_792' title='bbox 2011 4891 2306 4950; x_wconf 87' lang='lat' dir='ltr'><strong>Considera</strong></span> <span class='ocrx_word' id='word_1_793' title='bbox 2335 4890 2530 4959; x_wconf 88' lang='lat' dir='ltr'><strong>quibus</strong></span> <span class='ocrx_word' id='word_1_794' title='bbox 2564 4887 2818 4954; x_wconf 89' lang='lat' dir='ltr'><strong>imperes,</strong></span> <span class='ocrx_word' id='word_1_795' title='bbox 2844 4891 2895 4938; x_wconf 87' lang='lat' dir='ltr'><strong>et</strong></span> <span class='ocrx_word' id='word_1_796' title='bbox 2932 4899 3089 4952; x_wconf 88' lang='lat' dir='ltr'><strong>quam</strong></span> <span class='ocrx_word' id='word_1_797' title='bbox 3129 4883 3262 4937; x_wconf 83' lang='lat' dir='ltr'><strong>dura</strong></span> <span class='ocrx_word' id='word_1_798' title='bbox 3308 4883 3468 4939; x_wconf 90' lang='lat' dir='ltr'><strong>corda</strong></span> <span class='ocrx_word' id='word_1_799' title='bbox 3498 4883 3594 4938; x_wconf 84' lang='lat' dir='ltr'><strong>lle-</strong></span> 
     </span>
    </p>
   </div>
   <div class='ocr_carea' id='block_1_108' title="bbox 2011 4972 3598 5049">
    <p class='ocr_par' dir='ltr' id='par_1_108' title="bbox 2011 4972 3598 5049">
     <span class='ocr_line' id='line_1_108' title="bbox 2011 4972 3598 5049; baseline -0.009 -10"><span class='ocrx_word' id='word_1_800' title='bbox 2011 4993 2155 5040; x_wconf 89' lang='lat' dir='ltr'><strong>ctere</strong></span> <span class='ocrx_word' id='word_1_801' title='bbox 2186 4981 2403 5049; x_wconf 85' lang='lat' dir='ltr'><strong>cupias;</strong></span> <span class='ocrx_word' id='word_1_802' title='bbox 2433 4988 2490 5032; x_wconf 91' lang='lat' dir='ltr'><strong>ut</strong></span> <span class='ocrx_word' id='word_1_803' title='bbox 2525 4977 2687 5032; x_wconf 88' lang='lat' dir='ltr'><strong>modo</strong></span> <span class='ocrx_word' id='word_1_804' title='bbox 2713 4973 2989 5038; x_wconf 87' lang='lat' dir='ltr'><strong>minando,</strong></span> <span class='ocrx_word' id='word_1_805' title='bbox 3013 4972 3172 5028; x_wconf 89' lang='lat' dir='ltr'><strong>modo</strong></span> <span class='ocrx_word' id='word_1_806' title='bbox 3207 4973 3466 5038; x_wconf 84' lang='lat' dir='ltr'><strong>feriendo,</strong></span> <span class='ocrx_word' id='word_1_807' title='bbox 3487 4987 3598 5027; x_wconf 84' lang='lat' dir='ltr'><strong>mo-</strong></span> 
     </span>
    </p>
   </div>
   <div class='ocr_carea' id='block_1_109' title="bbox 2012 5062 3602 5140">
    <p class='ocr_par' dir='ltr' id='par_1_109' title="bbox 2012 5062 3602 5140">
     <span class='ocr_line' id='line_1_109' title="bbox 2012 5062 3602 5140; baseline -0.009 -11"><span class='ocrx_word' id='word_1_808' title='bbox 2012 5074 2083 5129; x_wconf 86' lang='lat' dir='ltr'><strong>do</strong></span> <span class='ocrx_word' id='word_1_809' title='bbox 2115 5073 2318 5127; x_wconf 85' lang='lat' dir='ltr'><strong>veniam</strong></span> <span class='ocrx_word' id='word_1_810' title='bbox 2366 5066 2673 5140; x_wconf 87' lang='lat' dir='ltr'><strong>largiendo,</strong></span> <span class='ocrx_word' id='word_1_811' title='bbox 2714 5063 3022 5120; x_wconf 68' lang='lat' dir='ltr'><strong>nullatenus</strong></span> <span class='ocrx_word' id='word_1_812' title='bbox 3062 5062 3276 5132; x_wconf 82' lang='lat' dir='ltr'><strong>quidem</strong></span> <span class='ocrx_word' id='word_1_813' title='bbox 3321 5063 3602 5116; x_wconf 81' lang='lat' dir='ltr'><strong>remanere</strong></span> 
     </span>
    </p>
   </div>
   <div class='ocr_carea' id='block_1_110' title="bbox 2014 5154 3594 5234">
    <p class='ocr_par' dir='ltr' id='par_1_110' title="bbox 2014 5154 3594 5234">
     <span class='ocr_line' id='line_1_110' title="bbox 2014 5154 3594 5234; baseline -0.008 -15"><span class='ocrx_word' id='word_1_814' title='bbox 2014 5164 2273 5234; x_wconf 88' lang='lat' dir='ltr'><strong>impunita</strong></span> <span class='ocrx_word' id='word_1_815' title='bbox 2325 5161 2552 5215; x_wconf 88' lang='lat' dir='ltr'><strong>militum</strong></span> <span class='ocrx_word' id='word_1_816' title='bbox 2603 5163 2823 5228; x_wconf 77' lang='lat' dir='ltr'><strong>peccata</strong></span> <span class='ocrx_word' id='word_1_817' title='bbox 2867 5154 3146 5218; x_wconf 84' lang='lat' dir='ltr'><strong>dimittas,</strong></span> <span class='ocrx_word' id='word_1_818' title='bbox 3200 5169 3372 5223; x_wconf 81' lang='lat' dir='ltr'><strong>neque</strong></span> <span class='ocrx_word' id='word_1_819' title='bbox 3419 5164 3594 5208; x_wconf 88' lang='lat' dir='ltr'><strong>tamen</strong></span> 
     </span>
    </p>
   </div>
   <div class='ocr_carea' id='block_1_111' title="bbox 2015 5245 3600 5324">
    <p class='ocr_par' dir='ltr' id='par_1_111' title="bbox 2015 5245 3600 5324">
     <span class='ocr_line' id='line_1_111' title="bbox 2015 5245 3600 5324; baseline -0.008 -13"><span class='ocrx_word' id='word_1_820' title='bbox 2015 5269 2230 5324; x_wconf 88' lang='lat' dir='ltr'><strong>semper</strong></span> <span class='ocrx_word' id='word_1_821' title='bbox 2257 5250 2569 5308; x_wconf 82' lang='lat' dir='ltr'><strong>excessibus</strong></span> <span class='ocrx_word' id='word_1_822' title='bbox 2611 5260 2798 5304; x_wconf 87' lang='lat' dir='ltr'><strong>eorum</strong></span> <span class='ocrx_word' id='word_1_823' title='bbox 2841 5246 3101 5316; x_wconf 82' lang='lat' dir='ltr'><strong>supplicia</strong></span> <span class='ocrx_word' id='word_1_824' title='bbox 3140 5247 3400 5317; x_wconf 85' lang='lat' dir='ltr'><strong>condigna</strong></span> <span class='ocrx_word' id='word_1_825' title='bbox 3447 5245 3600 5298; x_wconf 85' lang='lat' dir='ltr'><strong>retri-</strong></span> 
     </span>
    </p>
   </div>
   <div class='ocr_carea' id='block_1_112' title="bbox 2015 5338 3603 5415">
    <p class='ocr_par' dir='ltr' id='par_1_112' title="bbox 2015 5338 3603 5415">
     <span class='ocr_line' id='line_1_112' title="bbox 2015 5338 3603 5415; baseline -0.009 -11"><span class='ocrx_word' id='word_1_826' title='bbox 2015 5351 2166 5415; x_wconf 79' lang='lat' dir='ltr'><strong>buas,</strong></span> <span class='ocrx_word' id='word_1_827' title='bbox 2198 5347 2385 5402; x_wconf 88' lang='lat' dir='ltr'><strong>dicens</strong></span> <span class='ocrx_word' id='word_1_828' title='bbox 2421 5343 2516 5398; x_wconf 87' lang='lat' dir='ltr'><strong>tibi</strong></span> <span class='ocrx_word' id='word_1_829' title='bbox 2563 5343 2666 5412; x_wconf 86' lang='lat' dir='ltr'><strong>ipsi</strong></span> <span class='ocrx_word' id='word_1_830' title='bbox 2715 5358 2729 5394; x_wconf 85' lang='lat'><strong>:</strong></span> <span class='ocrx_word' id='word_1_831' title='bbox 2775 5338 2904 5394; x_wconf 85' lang='lat' dir='ltr'><strong>Noli</strong></span> <span class='ocrx_word' id='word_1_832' title='bbox 2933 5356 3040 5394; x_wconf 79' lang='lat' dir='ltr'><strong>esse</strong></span> <span class='ocrx_word' id='word_1_833' title='bbox 3067 5339 3285 5392; x_wconf 76' lang='lat' dir='ltr'><strong>multum</strong></span> <span class='ocrx_word' id='word_1_834' title='bbox 3324 5340 3518 5408; x_wconf 78' lang='lat' dir='ltr'><strong>justus.</strong></span> <span class='ocrx_word' id='word_1_835' title='bbox 3559 5338 3603 5389; x_wconf 65' lang='grc' dir='ltr'><strong>(ζ’</strong></span> 
     </span>
    </p>
   </div>
   <div class='ocr_carea' id='block_1_113' title="bbox 2017 5429 3600 5510">
    <p class='ocr_par' dir='ltr' id='par_1_113' title="bbox 2017 5429 3600 5510">
     <span class='ocr_line' id='line_1_113' title="bbox 2017 5429 3600 5510; baseline -0.006 -20"><span class='ocrx_word' id='word_1_836' title='bbox 2017 5449 2233 5510; x_wconf 86' lang='lat' dir='ltr'><strong>quanta,</strong></span> <span class='ocrx_word' id='word_1_837' title='bbox 2259 5436 2365 5491; x_wconf 81' lang='lat' dir='ltr'><strong>dux</strong></span> <span class='ocrx_word' id='word_1_838' title='bbox 2390 5433 2811 5504; x_wconf 80' lang='lat' dir='ltr'><strong>sapientissime,</strong></span> <span class='ocrx_word' id='word_1_839' title='bbox 2833 5429 3215 5485; x_wconf 84' lang='lat' dir='ltr'><strong>dissimulanda</strong></span> <span class='ocrx_word' id='word_1_840' title='bbox 3243 5435 3383 5492; x_wconf 87' lang='lat' dir='ltr'><strong>sunt,</strong></span> <span class='ocrx_word' id='word_1_841' title='bbox 3410 5437 3600 5496; x_wconf 85' lang='lat' dir='ltr'><strong>quanta</strong></span> 
     </span>
    </p>
   </div>
   <div class='ocr_carea' id='block_1_114' title="bbox 2017 5517 3601 5598">
    <p class='ocr_par' dir='ltr' id='par_1_114' title="bbox 2017 5517 3601 5598">
     <span class='ocr_line' id='line_1_114' title="bbox 2017 5517 3601 5598; baseline -0.01 -13"><span class='ocrx_word' id='word_1_842' title='bbox 2017 5529 2311 5594; x_wconf 86' lang='lat' dir='ltr'><strong>toleranda,</strong></span> <span class='ocrx_word' id='word_1_843' title='bbox 2333 5536 2528 5598; x_wconf 87' lang='lat' dir='ltr'><strong>quanta</strong></span> <span class='ocrx_word' id='word_1_844' title='bbox 2559 5525 2750 5580; x_wconf 85' lang='lat' dir='ltr'><strong>leviter</strong></span> <span class='ocrx_word' id='word_1_845' title='bbox 2777 5519 3099 5590; x_wconf 85' lang='lat' dir='ltr'><strong>attingenda,</strong></span> <span class='ocrx_word' id='word_1_846' title='bbox 3125 5526 3324 5586; x_wconf 88' lang='lat' dir='ltr'><strong>quanta</strong></span> <span class='ocrx_word' id='word_1_847' title='bbox 3355 5517 3601 5570; x_wconf 78' lang='lat' dir='ltr'><strong>sacerdo-</strong></span> 
     </span>
    </p>
   </div>
   <div class='ocr_carea' id='block_1_115' title="bbox 2020 5604 3604 5688">
    <p class='ocr_par' dir='ltr' id='par_1_115' title="bbox 2020 5604 3604 5688">
     <span class='ocr_line' id='line_1_115' title="bbox 2020 5604 3604 5688; baseline -0.011 -13"><span class='ocrx_word' id='word_1_848' title='bbox 2020 5631 2130 5675; x_wconf 87' lang='lat' dir='ltr'><strong>tum</strong></span> <span class='ocrx_word' id='word_1_849' title='bbox 2160 5630 2371 5688; x_wconf 89' lang='lat' dir='ltr'><strong>qnoque</strong></span> <span class='ocrx_word' id='word_1_850' title='bbox 2404 5611 2883 5670; x_wconf 87' lang='lat' dir='ltr'><strong>intercessionibus</strong></span> <span class='ocrx_word' id='word_1_851' title='bbox 2911 5605 3276 5670; x_wconf 87' lang='lat' dir='ltr'><strong>concedenda,</strong></span> <span class='ocrx_word' id='word_1_852' title='bbox 3306 5606 3372 5659; x_wconf 88' lang='lat' dir='ltr'><strong>ab</strong></span> <span class='ocrx_word' id='word_1_853' title='bbox 3401 5604 3490 5658; x_wconf 73' lang='lat' dir='ltr'><strong>illo</strong></span> <span class='ocrx_word' id='word_1_854' title='bbox 3518 5607 3604 5672; x_wconf 89' lang='lat' dir='ltr'><strong>qni</strong></span> 
     </span>
    </p>
   </div>
   <div class='ocr_carea' id='block_1_116' title="bbox 2019 5695 3609 5780">
    <p class='ocr_par' dir='ltr' id='par_1_116' title="bbox 2019 5695 3609 5780">
     <span class='ocr_line' id='line_1_116' title="bbox 2019 5695 3609 5780; baseline -0.009 -17"><span class='ocrx_word' id='word_1_855' title='bbox 2019 5710 2288 5780; x_wconf 72' lang='lat' dir='ltr'><strong>Sapienter</strong></span> <span class='ocrx_word' id='word_1_856' title='bbox 2319 5707 2468 5760; x_wconf 85' lang='lat' dir='ltr'><strong>audit</strong></span> <span class='ocrx_word' id='word_1_857' title='bbox 2495 5722 2506 5756; x_wconf 87' lang='lat'><strong>:</strong></span> <span class='ocrx_word' id='word_1_858' title='bbox 2544 5700 2669 5755; x_wconf 83' lang='lat' dir='ltr'><strong>Noli</strong></span> <span class='ocrx_word' id='word_1_859' title='bbox 2697 5715 2804 5754; x_wconf 74' lang='lat' dir='ltr'><strong>esse</strong></span> <span class='ocrx_word' id='word_1_860' title='bbox 2835 5696 3050 5751; x_wconf 86' lang='lat' dir='ltr'><strong>multum</strong></span> <span class='ocrx_word' id='word_1_861' title='bbox 3081 5696 3290 5764; x_wconf 79' lang='lat' dir='ltr'><strong>justus!</strong></span> <span class='ocrx_word' id='word_1_862' title='bbox 3323 5695 3478 5750; x_wconf 77' lang='lat' dir='ltr'><strong>Potes</strong></span> <span class='ocrx_word' id='word_1_863' title='bbox 3508 5697 3609 5749; x_wconf 77' lang='lat' dir='ltr'><strong>alia</strong></span> 
     </span>
    </p>
   </div>
   <div class='ocr_carea' id='block_1_117' title="bbox 2020 5785 3608 5873">
    <p class='ocr_par' dir='ltr' id='par_1_117' title="bbox 2020 5785 3608 5873">
     <span class='ocr_line' id='line_1_117' title="bbox 2020 5785 3608 5873; baseline -0.01 -15"><span class='ocrx_word' id='word_1_864' title='bbox 2020 5813 2180 5873; x_wconf 81' lang='lat' dir='ltr'><strong>atque</strong></span> <span class='ocrx_word' id='word_1_865' title='bbox 2211 5798 2311 5854; x_wconf 84' lang='lat' dir='ltr'><strong>alia</strong></span> <span class='ocrx_word' id='word_1_866' title='bbox 2342 5800 2537 5855; x_wconf 82' lang='lat' dir='ltr'><strong>tacitus</strong></span> <span class='ocrx_word' id='word_1_867' title='bbox 2566 5792 2907 5849; x_wconf 78' lang='lat' dir='ltr'><strong>considerare</strong></span> <span class='ocrx_word' id='word_1_868' title='bbox 2942 5785 3192 5845; x_wconf 87' lang='lat' dir='ltr'><strong>vitiorum</strong></span> <span class='ocrx_word' id='word_1_869' title='bbox 3237 5802 3465 5862; x_wconf 76' lang='lat' dir='ltr'><strong>genera,</strong></span> <span class='ocrx_word' id='word_1_870' title='bbox 3495 5790 3608 5858; x_wconf 86' lang='lat' dir='ltr'><strong>qui-</strong></span> 
     </span>
    </p>
   </div>
  </div>
