3958 6358
368 348 469 413 θη

1273 344 1635 402 Fl'LCENTll
1679 342 2026 399 FERRANDI
2070 343 2341 400 DIACONI
2383 345 2727 401 CAIKTHAG.

3534 346 3644 400 013

363 464 463 519 bus
493 467 746 523 sanandis
770 464 1063 520 remedium
1092 461 1257 516 voluit
1286 460 1583 529 pmvidere
1607 470 1632 497 ι
1653 460 1743 529 qui
1765 460 1945 512 dixit:
1981 460 2030 519 Α
2056 460 2139 512 nis
2177 460 2401 514 crimine
2446 461 2587 512 nulla
2636 457 2963 514 matrimonii
3005 457 3279 517 dividendi
3318 473 3481 514 causa
3522 475 3647 527 pa.

365 554 493 609 Noli
521 574 628 611 esse
652 558 1089 625 multumjustur.
1120 556 1262 608 Inter
1290 554 1392 608 alia
1423 554 1639 622 quippe,
1664 551 1948 606 detractio-

362 648 447 703 nis
474 650 791 707 abscondito
818 649 995 717 jacqu
1030 649 1297 702 neminem
1331 646 1746 711 vulnerabimus,
1773 660 1869 699 nec
1898 646 1948 697 in

363 742 601 798 moribus
634 744 773 801 bene
804 744 1102 799 viventium
1137 741 1418 798 sollicitius
1450 739 1779 805 inquiremus
1813 736 1952 789 unde

361 834 665 900 culpentur,
693 835 737 888 si
772 836 1017 903 loquatur
1053 834 1336 898 unicuique
1378 838 1618 883 nostrum
1660 842 1751 895 per
1781 826 1951 891 Spiri-

363 933 472 975 tum
503 933 745 980 sattctum
784 924 955 978 fidelis
981 925 1253 993 Scriptura
1290 940 1302 973 :
1342 920 1462 974 Noli
1488 935 1594 973 esse
1623 918 1951 988 multumju-

358 1022 485 1066 stos.
520 1015 655 1080 Quia
691 1016 870 1081 utique
898 1015 1123 1067 multum
1151 1014 1328 1081 jusuts
1360 1026 1479 1064 esse
1508 1010 1843 1079 culpabiliter
1876 1011 1951 1063 ni-

364 1106 508 1167 titur,
534 1109 622 1175 qui
654 1123 746 1175 per
772 1123 987 1160 onmem
1012 1107 1270 1175 justitiam
1311 1105 1539 1174 proximi
1582 1104 1853 1167 examinat
1878 1106 1953 1155 vi-

364 1206 492 1261 tam,
532 1195 835 1267 fragilitatis
880 1199 1126 1252 humana:
1164 1197 1593 1251 COllalfiel'JllODC
1626 1196 1954 1264 postposita;

366 1297 620 1357 tanquam
651 1292 769 1347 sine
802 1300 1021 1359 peccatu
1052 1291 1225 1344 valeat
1263 1290 1445 1344 virere
1488 1288 1730 1357 quisquis
1776 1287 1957 1353 incipit

365 1390 581 1447 peccata
626 1382 826 1446 vitare;
877 1382 1169 1451 prmseitim
1218 1382 1420 1437 Jai-nbn
1467 1379 1714 1450 apostolo
1764 1380 1957 1432 confir-

366 1479 579 1525 mante:
608 1468 673 1523 In
705 1472 879 1527 multis
909 1474 1040 1529 enim
1068 1472 1377 1539 offendimus
1405 1487 1575 1522 omnes
1597 1468 1740 1537 (Jac.
1762 1484 1837 1531 tu,
1861 1467 1955 1537 2);

367 1559 505 1611 unde
538 1573 641 1613 non
685 1560 953 1616 immerito
992 1572 1272 1616 revocatur
1302 1561 1566 1627 superbus
1596 1560 1866 1613 detractor
1892 1562 1959 1610 ab

364 1648 597 1711 elatione
614 1650 912 1721 iudicandi,
935 1669 1056 1707 cum
1085 1654 1280 1707 dicitur
1309 1653 1358 1713 ei
1393 1670 1407 1707 :
1446 1651 1571 1706 Noli
1604 1668 1710 1705 esse
1744 1651 1959 1703 multum

368 1746 563 1806 ῐωιιωῐ
612 1758 665 1795 ut
716 1743 943 1798 libenter
987 1745 1207 1813 impleat
1247 1743 1388 1811 quod
1436 1743 1540 1797 Vas
1584 1742 1862 1797 electionis
1906 1749 1960 1793 et

2055 550 2297 605 mittitur.
2333 550 2611 604 Prohibuit
2642 552 2721 605 lex
2766 547 2959 603 falsum
2998 548 3215 618 iurare;
3256 551 3421 620 jussit
3469 550 3643 604 Eun:

2052 642 2243 706 geliutn
2300 642 2507 709 penitus
2562 656 2667 695 non
2715 640 2924 710 jurare.
2986 640 3243 694 Vindij
3288 642 3507 695 modum
3548 642 3635 695 lex

2054 743 2133 784 sta
2162 748 2313 798 nens,
2364 734 2501 788 dixit
2544 734 2812 797 antiquis:
2874 733 3092 785 Oculum
3123 750 3218 802 pro
3246 733 3418 795 oculo,
3445 736 3645 787 deue-

2055 838 2149 889 pro
2195 822 2516 891 dente(Lev.
2562 822 2786 889 κη’βο
2806 823 2858 891 );
2888 822 3180 891 (Πείίρυίυε
3216 838 3342 878 vero
3373 824 3646 894 Evangelii

2058 915 2253 965 nullam
2306 913 2471 966 voluit
2522 912 2768 971 Christus
2824 931 2889 967 cx
2924 926 3135 982 pectare
3185 915 3495 978 vindictam,
3552 918 3648 970 sed

2060 1018 2366 1067 rercussittu
2419 1006 2585 1059 semul
2637 1006 2951 1073 percutienti
2984 1008 3189 1060 monuit
3238 1008 3465 1062 alteram
3508 1024 3646 1077 σιη-

2058 1095 2186 1147 bere
2233 1094 2525 1147 maxillam.
2572 1096 2711 1147 Mille
2763 1111 2951 1164 passos
2977 1098 3308 1164 angariatum
3337 1100 3371 1151 d
3396 1116 3446 1152 ιο
3478 1101 3641 1153 milia

2059 1184 2331 1239 ambul-tre
2356 1202 2446 1256 pra
2466 1190 2631 1254 cepit,
2661 1188 2987 1245 interd;cens
3018 1188 3342 1242 omnimodis
3365 1191 3641 1246 talionem.

2058 1276 2166 1329 Lex
2219 1277 2446 1335 iniuriis
2500 1279 2681 1332 odium
2734 1280 2955 1332 retribui
2997 1283 3259 1348 permisit,
3306 1283 3646 1338 dilectiOnem

2059 1385 2187 1423 vero
2206 1372 2389 1423 τσιεσίειὶδ
2420 1370 2671 1431 indulsit;
2692 1371 2963 1440 Evangeli
2988 1387 3114 1426 vero
3147 1385 3297 1427 sacra
3320 1377 3607 1441 μηθεναο
3633 1394 3647 1425 :

2063 1460 2219 1533 Diligi
2249 1482 2293 1521 ι’,
2341 1462 2529 1528 inquit,
2584 1465 2815 1516 inimicos
2864 1477 3088 1531 uestros;
3121 1466 3401 1535 benefaeile
3444 1468 3525 1520 liis
3552 1471 3646 1537 qui

2060 1552 2271 1605 oderunt
2298 1568 2418 1618 vos;
2453 1564 2499 1605 et
2529 1565 2670 1606 orate
2705 1570 2797 1620 pro
2825 1556 3232 1625 persequentibus
3259 1567 3306 1610 el
3329 1558 3652 1611 calumnian-

2062 1647 2193 1699 libus
2245 1665 2326 1700 tor
2375 1647 2601 1716 (Matth.
2637 1664 2688 1713 v,
2730 1650 2853 1720 li).
2901 1649 3140 1721 Cumque
3189 1652 3270 1706 bis
3305 1655 3651 1723 amplioribus

2064 1740 2349 1791 virtutibus
2396 1741 2665 1795 CSCt‘liCl‘C
2708 1742 2809 1812 legi
2839 1741 3181 1811 Evangeliuat
3208 1745 3649 1807 demum-tiam.

370 1832 561 1884 doctor
600 1835 836 1903 gentium
887 1836 1119 1903 loquitur
1165 1835 1358 1888 Paulus
1403 1852 1416 1887 :
1468 1832 1528 1888 Si
1575 1846 1960 1901 prwoccupa'us
1994 1828 2092 1888 Ba
2130 1846 2263 1883 vana
2307 1832 2471 1899 g30ria
2504 1828 2867 1893 Christianum
2899 1834 3184 1897 revocavit,
3226 1846 3280 1888 et
3323 1837 3389 1888 ad
3434 1840 3651 1891 “1150.1?

372 1925 528 1993 fuerit
557 1924 707 1979 homo
754 1927 809 1979 in
842 1930 1016 1995 aliqua
1056 1929 1261 1993 delicto,
1290 1945 1377 1981 ros
1415 1930 1503 1998 qui
1540 1927 1796 1994 spiritales
1824 1928 1960 1985 estis,

371 2013 616 2069 instruite
642 2018 940 2085 Itujusmodi
965 2018 1015 2069 in
1044 2019 1227 2085 spiritu
1254 2035 1450 2071 manant
1469 2018 1692 2081 tudinis;
1726 2018 1963 2070 conside-

373 2121 497 2158 rans
522 2115 571 2159 te
598 2108 785 2173 ipsum,
811 2124 872 2161 ne
892 2118 938 2161 et
960 2117 1013 2160 tu
1038 2109 1241 2162 tentoria
1267 2108 1411 2177 (Cal.
1437 2125 1509 2174 γι,
1535 2109 1611 2179 1).
1638 2110 1750 2163 lloe
1768 2118 1851 2162 e~t
1872 2110 1967 2161 ita-

373 2212 479 2260 que
510 2213 525 2252 :
560 2196 688 2251 Noli
715 2215 823 2252 esse
845 2200 1060 2252 multum
1082 2200 1279 2269 justus,
1298 2200 1439 2269 quod
1470 2209 1587 2255 est:
1616 2198 1895 2259 Considera
1922 2210 1969 2254 te

379 2289 568 2355 ipsum,
592 2305 657 2341 rte
682 2300 728 2342 et
757 2302 807 2342 tu
837 2291 1067 2346 tenltris.
1090 2290 1355 2345 Cteterum
1387 2293 1475 2362 qui
1506 2294 1583 2346 sic
1610 2292 1963 2361 delinquenti-

383 2378 483 2443 bus
525 2380 794 2443 irascitur,
818 2381 971 2449 quasi
1014 2383 1129 2450 ipse
1172 2382 1492 2437 delictorum
1524 2385 1735 2451 penitus
1774 2398 1967 2450 expers

375 2468 653 2535 habeatur,
678 2472 937 2534 continuo
962 2472 1012 2524 in
1045 2472 1357 2534 barathrum
1387 2473 1718 2533 crudelitatis
1746 2474 1964 2529 misera-

376 2562 550 2629 biliter
582 2563 744 2617 cadit.
772 2563 837 2617 Et
863 2564 1131 2619 clamante
1170 2575 1467 2618 memorato
1495 2564 1739 2631 apostolo
1773 2581 1787 2618 :
1826 2564 1967 2619 Alter

373 2654 588 2708 alterius
609 2669 768 2707 onera
792 2665 1011 2725 portate,
1037 2664 1083 2707 et
1104 2656 1177 2708 sic
1197 2655 1541 2724 adimplebitis
1563 2656 1722 2725 legent
1742 2654 1965 2721 Christi;

375 2746 568 2800 nullius
598 2759 735 2799 onus
774 2756 990 2816 perlatis
1018 2761 1113 2821 per
1146 2748 1488 2813 patientiam,
1518 2746 1575 2799 fit
1608 2748 1965 2815 importabilis

375 2838 641 2900 omnibus,
673 2838 1033 2908 paulatimque
1068 2838 1195 2892 odio
1225 2848 1500 2893 crescente
1534 2838 1846 2901 multorum,
1875 2840 1989 2904 ja-,

378 2942 536 2980 uuam
568 2927 816 2995 primitus
855 2928 1239 2991 seditionibus,
1274 2928 1469 2983 deinde
1514 2927 1738 2995 publicis
1782 2928 1963 2996 aperit

382 3017 612 3087 prieliis;
636 3018 900 3087 cupiendo
921 3033 1042 3074 esse
1068 3019 1293 3077 multum
1319 3020 1339 3088 j
1366 3031 1520 3083 sstus,
1542 3033 1669 3074 vere
1696 3018 1868 3073 factus
1888 3020 1968 3074 in-

378 3110 566 3178 iustus,
590 3118 646 3164 et
674 3110 891 3166 nomine
920 3123 1012 3166 aut
1033 3112 1212 3167 officio
1238 3114 1387 3168 ducis
1417 3114 1685 3189 indignus.
1712 3113 1969 3169 Necessa-

2067 1921 2303 1975 cordiam
2334 1922 2415 1974 cui
2448 1924 2592 1975 solus
2626 1922 2764 1978 Deus
2791 1924 2940 1983 testis
2968 1935 3050 1976 est
3084 1930 3414 1992 provocavit.
3435 1929 3650 1983 Oratio-

2069 2015 2152 2066 nis
2204 2031 2417 2083 quoque
2450 2016 2682 2085 regulam
2711 2014 2949 2070 simulet
2975 2020 3133 2073 verba
3172 2020 3516 2079 credentibus
3540 2032 3651 2075 tra-.

2068 2103 2219 2167 deus,
2274 2106 2372 2157 hac
2408 2107 2714 2159 conditione
2756 2106 3068 2159 constrinxit
3094 2118 3327 2166 orantes.
3351 2122 3403 2162 ut
3426 2113 3651 2179 quicun-

2074 2214 2177 2267 que
2206 2199 2434 2265 tosttllat
2476 2198 2574 2251 sibi
2611 2198 2821 2266 propria
2854 2199 3030 2251 debita
3068 2199 3318 2265 relaxari,
3342 2203 3651 2269 proﬁteatur

2068 2306 2126 2343 se
2170 2291 2342 2344 aliena
2373 2291 2607 2345 donare:
2651 2291 2781 2343 nihil
2806 2301 3125 2358 accepturus
3150 2308 3179 2342 a
3214 2293 3454 2357 Domino,
3484 2295 3528 2348 si
3560 2298 3647 2348 ni-

2075 2381 2149 2435 bil
2184 2384 2410 2436 voluerit
2453 2393 2706 2451 przcslare
2749 2397 3026 2437 conservo.
3067 2383 3198 2449 Quia
3225 2393 3279 2435 et
3302 2382 3472 2453 jejuni
3499 2384 3652 2439 Chri—

2069 2475 2226 2527 stiani
2266 2474 2580 2544 simplicitas
2614 2473 2815 2545 justum
2850 2474 3084 2542 jUtIiCPtll
3115 2475 3395 2543 placat;et
3423 2472 3495 2528 ibi
3526 2489 3654 2530 con-

2070 2581 2289 2633 gregare
2337 2566 2570 2630 divitias,
2623 2566 2709 2620 ubi
2760 2579 2853 2619 cor
2906 2564 3103 2623 habere
3153 2565 3390 2633 iubetur,
3437 2572 3488 2620 tn
3514 2569 3652 2623 creto

2071 2656 2278 2711 scilicet
2313 2657 2399 2710 nbi
2438 2656 2678 2712 habitare
2721 2654 2957 2719 festinat,
3002 2671 3103 2709 non
3138 2659 3190 2708 in
3225 2666 3366 2712 terra
3399 2660 3536 2711 unde
3558 2674 3651 2725 per

2069 2744 2312 2815 singulos
2342 2746 2457 2800 dies
2500 2746 2723 2813 migrat:
2760 2760 3103 2800 remansuros
3141 2747 3194 2799 in
3221 2749 3457 2801 tenebris
3488 2759 3651 2814 totus,

2071 2838 2173 2892 nisi
2206 2840 2401 2893 mentis
2440 2838 2557 2907 ejus
2600 2837 2843 2905 intentio,
2887 2846 3133 2907 tanquam
3173 2840 3355 2893 oculus
3381 2844 3642 2909 corporis,

2070 2931 2137 2985 ad
2170 2931 2513 2985 illuminanda
2541 2931 2800 2988 bonorum
2835 2946 3054 2999 operum
3084 2933 3323 2988 membra
3340 2934 3653 3001 simpliciter

2072 3023 2264 3080 luceat.
2299 3022 2413 3077 Jam
2464 3038 2591 3076 vero
2623 3022 2760 3092 quod
2794 3039 2897 3079 non
2944 3023 3145 3076 servire
3174 3023 3384 3077 duobus
3419 3026 3601 3079 domin
3626 3044 3653 3081 s

2073 3117 2418 3178 admonetur,
2447 3120 2589 3181 quod
2611 3114 2677 3168 de
2707 3114 2943 3171 crastino
2969 3129 3073 3168 non
3103 3114 3360 3182 cogitare,
3388 3117 3527 3183 quod
3547 3132 3652 3172 non

378 3204 517 3258 rium
544 3205 768 3273 proinde
798 3220 1128 3269 sermonem,
1153 3207 1257 3259 dux
1288 3208 1507 3272 optime,
1533 3207 1729 3275 saepius
1760 3217 1961 3275 repeto,
1996 3205 2041 3265 (ἶ
2069 3208 2331 3273 judicare,
2383 3222 2449 3258 ue
2480 3206 2779 3273 judicetur;
2818 3204 2959 3274 quod
3006 3205 3058 3257 in
3100 3205 3254 3259 oculo
3289 3209 3466 3261 fratris
3487 3209 3653 3276 stipu-

378 3303 431 3348 et
459 3293 599 3349 hanc
640 3295 731 3349 tibi
772 3306 976 3350 sextam
1019 3296 1253 3367 regulam
1295 3298 1615 3351 innocen'ia:
1648 3298 1967 3352 militaribus

378 3386 584 3440 actibus
630 3400 891 3456 occupato
934 3387 1281 3441 vehementer
1323 3388 1531 3440 inculco
1598 3403 1612 3440 :
1678 3386 1803 3440 Noli
1865 3404 1971 3440 esse

377 3480 590 3533 malum
614 3483 803 3547 Ῑιωειη.
825 3478 997 3533 Pietas
1021 3481 1091 3531 ad
1110 3480 1283 3532 omnia
1311 3479 1450 3532 utilis
1474 3487 1545 3531 est
1571 3477 1621 3551 (Ι
1644 3477 1767 3531 Tim.
1788 3494 1857 3543 tv,
1875 3479 1965 3546 8);

379 3587 483 3628 non
510 3587 631 3643 ego,
656 3573 747 3627 sed
779 3571 918 3627 idem
952 3572 1323 3626 sanctissimus
1357 3572 1550 3635 Paulus
1582 3578 1785 3625 narrat.
1824 3570 1969 3625 Licet

374 3662 578 3732 justitia
625 3663 781 3717 iaciat
817 3663 1008 3717 ducem
1049 3664 1367 3727 terribilem,
1401 3664 1569 3730 pietas
1610 3662 1735 3716 facit
1766 3662 1971 3717 amabi-

375 3757 502 3825 lem.
537 3753 919 3808 Gubernationi
952 3764 1127 3807 autem
1160 3752 1492 3819 reipublicre,
1525 3754 1799 3807 securitati
1830 3752 1971 3805 salu-

380 3847 480 3908 tis,
524 3845 665 3901 bono
713 3846 1015 3900 concordia:
1066 3846 1184 3915 plus
1229 3846 1573 3913 prospicitur,
1612 3843 1824 3913 quando
1864 3843 1970 3896 dux

380 3940 615 4013 Optimus
645 3939 811 3992 amari
840 3938 1014 4009 eligit,
1054 3953 1157 3991 non
1196 3936 1396 3990 timeri.
1434 3935 1546 3989 Dux
1576 3936 1818 3988 amabilis
1856 3950 1970 3987 mu-

383 4046 480 4084 rus
505 4041 587 4083 est
617 4032 815 4097 patrial.
846 4028 943 4094 Qui
969 4044 1096 4081 vero
1126 4027 1179 4079 in
1205 4027 1348 4077 otnni
1380 4035 1638 4091 tempore,
1667 4024 1973 4077 continuato

388 4119 573 4190 vigure
600 4129 710 4173 met
746 4121 916 4171 endus
942 4127 1183 4182 apparet,
1210 4128 1398 4167 omnes
1425 4113 1669 4166 subditos
1693 4112 1857 4165 efficit
1891 4113 1969 4164 itt-

389 4215 604 4276 fiileles;
650 4211 807 4263 facile
856 4214 929 4261 tiu
954 4219 1008 4263 et
1059 4209 1434 4277 proditionem,
1470 4205 1677 4257 facilius
1718 4206 1914 4273 patitur
1957 4220 1972 4257 ξ

388 4318 678 4361 extraneus
706 4301 833 4355 vivit
862 4302 999 4355 inle
1031 4314 1185 4365 suos;
1228 4308 1428 4350 tantum
1476 4309 1745 4364 postremo
1793 4295 1971 4360 timet,

393 4406 648 4468 quantum
689 4396 937 4459 timetur;
976 4403 1031 4447 et
1069 4393 1169 4445 huc
1201 4390 1287 4444 iub
1313 4388 1523 4442 licitatis
1566 4386 1778 4457 flagello
1809 4386 1978 4439 nulla-

389 4502 541 4544 tunn
568 4498 734 4551 caret,
763 4484 1108 4548 nisi,cunctis
1137 4489 1442 4535 In;tt.8uelus
1464 4488 1517 4533 et
1540 4478 1709 4532 comis
1730 4475 1971 4540 effectus,

388 4583 634 4637 didicerit
679 4580 779 4634 sibi
824 4578 1036 4648 quando
1066 4577 1291 4631 alterum
1324 4572 1527 4642 iudicat
1555 4571 1734 4626 dicere
1787 4587 1800 4622 :

384 4689 495 4727 esse
512 4675 683 4744 justus
709 4653 945 4741 multum.

574 4775 780 4823 Summ
802 4788 1005 4823 ιιεςυιι.
1034 4774 1270 4820 Memento
1294 4775 1339 4819 te
1360 4782 1461 4819 esse
1482 4766 1822 4819 Christianum.

468 4880 555 4933 ω.
577 4879 841 4933 Memento
869 4890 918 4932 te
941 4892 1062 4934 esse
1088 4876 1471 4936 Christianum.
1490 4889 1598 4945 quo
1624 4872 1832 4927 facilius
1859 4886 1973 4941 pos-

390 4972 468 5028 sis
496 4981 761 5041 pra-cepta
788 4970 982 5025 Christi
1021 4985 1257 5025 servare.
1285 4968 1529 5022 Christus
1557 4969 1701 5025 enim
1735 4980 1979 5019 mansue-

394 5065 633 5123 tudinem
673 5063 893 5127 docens,
922 5064 1053 5133 legis
1090 5080 1303 5134 quoque
1334 5063 1591 5130 justitiam
1636 5058 1979 5129 temperavit;

399 5160 498 5213 hac
537 5156 880 5210 distinctione
930 5155 1099 5225 legem
1158 5153 1608 5224 l~.vangelimnque
1648 5151 1979 5206 discernens.

403 5250 468 5302 fit
496 5246 618 5315 quia
648 5246 701 5299 in
734 5244 851 5314 lege
882 5259 986 5309 non
1020 5242 1205 5307 licebat
1250 5244 1518 5306 occidere,
1557 5258 1660 5301 non
1708 5240 1887 5295 licebit
1931 5238 1982 5293 in

401 5337 694 5408 Evangebo
742 5336 821 5391 tel
866 5336 1047 5391 irasci.
1090 5336 1143 5393 lu
1205 5337 1321 5406 lese
1379 5351 1610 5405 namque
1664 5334 1981 5389 adulterium

401 5429 725 5497 vetabatur;
777 5430 831 5484 in
892 5428 1218 5497 Evangelio,
1268 5429 1426 5484 etiam
1492 5425 1674 5480 videre
1734 5424 1799 5478 ad
1860 5438 1889 5477 c
1927 5439 1987 5476 n-

398 5523 780 5595 cupisccndum
827 5522 1104 5575 mulierem
1157 5535 1279 5586 pars
1322 5533 1441 5572 esse
1495 5518 1783 5585 perpetrati
1834 5513 1986 5566 adul-

405 5616 521 5670 terii
562 5614 847 5681 iudicatur.
881 5612 936 5666 In
969 5612 1081 5681 lege
1110 5611 1319 5665 libellus
1367 5608 1568 5674 repudii
1598 5607 1753 5667 suftic
1774 5607 1896 5659 ebit
1925 5603 1987 5656 ad

407 5708 664 5777 coniuges
699 5704 1054 5774 separandos;
1089 5704 1140 5758 in
1185 5700 1491 5770 Evangelia,
1524 5699 1637 5753 sine
1686 5698 1707 5751 f
1742 5697 1988 5752 ruit-atie-

481 5852 504 5889 α
532 5843 611 5898 Att
645 5844 942 5901 nrttiitlcre.’
970 5843 1071 5896 Sed
1107 5841 1231 5897 nihil
1266 5850 1437 5894 muto.

2014 3352 2029 3366 ,
2071 3298 2173 3351 lam
2198 3300 2398 3360 videre,
2433 3300 2482 3352 in
2510 3312 2609 3351 suo
2658 3298 2861 3350 trabem
2916 3310 3020 3349 non
3070 3296 3252 3350 videre
3296 3299 3654 3367 culpa-nnc!

2072 3390 2368 3457 imperatur
2394 3390 2444 3442 ei
2492 3403 2559 3443 ne
2591 3398 2829 3441 sanetum
2860 3388 3082 3441 canibus
3111 3389 3219 3454 det,
3251 3403 3320 3443 ne
3340 3392 3655 3459 margaritas

2072 3479 2285 3534 mittere
2322 3479 2514 3532 audeat
2549 3489 2673 3532 ante
2708 3493 2932 3547 porcos;
2986 3480 3246 3546 petiturus
3300 3489 3358 3532 ut
3401 3482 3651 3548 accipia-,

2071 3570 2394 3640 qua'siturus
2442 3580 2499 3622 ut
2543 3570 2796 3630 inveniat,
2850 3570 3154 3635 pulsaturus
3195 3578 3249 3622 ut
3275 3569 3543 3638 aperiatur
3571 3588 3602 3622 e
3640 3588 3654 3621 :

2074 3662 2255 3717 multis
2302 3661 2474 3715 modis
2515 3670 2571 3715 et
2618 3661 2911 3715 rationibus
2965 3660 3363 3716 demonstratur
3399 3672 3656 3729 quantum

2074 3755 2266 3809 debeat
2289 3753 2568 3808 laudabilis
2600 3753 2855 3822 propositi
2879 3767 3059 3807 curam
3090 3769 3275 3823 gerere
3300 3754 3654 3824 Christianus,

2076 3862 2143 3901 ne
2174 3846 2226 3900 in
2256 3860 2322 3900 eo
2355 3846 2486 3899 tanti
2523 3844 2763 3899 vocabuli
2785 3844 3016 3914 dignitas
3047 3846 3285 3899 videatur
3311 3861 3514 3901 errare.

2144 3937 2236 3992 20.
2300 3937 2586 4004 Pr0pterca
2648 3946 2820 4001 utpcr
2876 3936 3079 4003 singula
3127 3951 3247 4004 qua:
3298 3938 3543 4003 superius
3590 3954 3655 3992 ex

2079 4027 2373 4097 Evangelia
2420 4028 2744 4081 iuseruimus
2782 4035 3023 4081 recurrat
3062 4028 3305 4093 intentio,
3356 4030 3567 4097 quando
3606 4041 3663 4084 te

2078 4129 2314 4189 potestas
2362 4121 2515 4176 ducis
2559 4120 2755 4189 ejicere
2784 4120 3014 4186 gladium
3043 4119 3111 4175 de
3137 4122 3322 4189 vagina
3362 4124 3657 4191 compellit,

2080 4226 2350 4271 memento
2376 4225 2429 4272 te
2469 4230 2588 4270 esse
2615 4214 2999 4277 Christianum,
3045 4216 3128 4269 cui
3155 4217 3270 4269 sine
3313 4230 3473 4269 causa
3513 4216 3661 4270 fratri

2078 4322 2177 4362 suo
2223 4308 2381 4363 irasci
2431 4323 2535 4361 non
2575 4309 2731 4372 licet;
2780 4316 2832 4360 et
2877 4305 3073 4360 diutius
3104 4308 3296 4377 cogita,
3328 4323 3397 4361 ne
3430 4307 3664 4361 vindicia

2079 4414 2237 4467 quam
2286 4398 2489 4453 videris
2519 4398 2721 4453 inferre
2747 4400 2945 4467 justum
2981 4408 3217 4453 transeat
3242 4399 3480 4453 modum.
3513 4400 3659 4465 Qun-

2081 4492 2221 4543 ninm
2253 4490 2297 4543 si
2326 4489 2481 4544 irasci
2538 4488 2689 4543 nefas
2718 4500 2801 4544 est
2828 4487 3154 4553 Christiano,
3185 4489 3352 4542 multo
3382 4490 3548 4557 magis
3571 4505 3665 4544 oc-

1854 4570 1977 4624 Νοίί
2009 4580 2057 4645 D
2082 4583 2281 4636 cidere.
2312 4581 2401 4638 Sic
2427 4598 2555 4653 ergo
2582 4581 2705 4651 puni
2729 4596 2902 4646 reum,
2928 4583 3032 4635 dux
3074 4579 3391 4643 Christiane,
3421 4591 3481 4635 ut
3508 4583 3665 4636 misr-

2086 4675 2367 4729 ricorditer
2398 4676 2613 4735 feriens,
2635 4690 2740 4727 non
2768 4674 3058 4738 hominem,
3101 4672 3195 4727 sed
3231 4674 3414 4727 vitium
3438 4675 3666 4743 perdere

2084 4770 2297 4839 cupias;
2327 4779 2381 4824 et
2416 4767 2677 4837 publicam
2709 4766 3064 4834 disciplinam,
3091 4782 3157 4820 ne
3190 4776 3391 4833 pereat,
3424 4782 3521 4822 reo
3542 4784 3663 4836 per-

2086 4877 2267 4926 eunte,
2298 4875 2619 4915 conservare
2651 4860 2885 4914 festines.
2928 4859 3136 4924 Ubique
3165 4858 3285 4912 fidei
3317 4866 3418 4911 tur
3436 4875 3666 4919 memor.

2085 4954 2222 5016 sicut
2252 4953 2302 5006 in
2342 4950 2663 5006 facinoribus
2706 4951 2983 5014 evitandis,
3033 4952 3099 5003 ita
3152 4950 3203 5003 in
3244 4949 3456 5019 flagitiis
3502 4953 3666 5006 (οι-εἰς

2088 5046 2295 5114 gendis.
2327 5043 2473 5099 Solet
2510 5043 2708 5112 quippe
2737 5044 2968 5096 maxima
3015 5052 3249 5111 potestas
3289 5043 3355 5096 ad
3400 5058 3588 5112 pinnas
3611 5060 3673 5099 se

2094 5138 2274 5197 laxare
2316 5136 2544 5207 peccati.
2592 5135 2802 5206 quoties
2836 5135 2966 5189 falsa
3013 5135 3235 5189 felicitas
3274 5138 3385 5205 ipsa
3424 5138 3479 5189 fit
3505 5138 3669 5206 major

2095 5229 2412 5294 infelicitas;
2458 5237 2517 5283 ut
2565 5228 2683 5295 quia
2737 5226 3021 5296 prohibere
3065 5241 3223 5280 nemo
3266 5226 3426 5280 audet
3472 5228 3675 5281 scelera

2093 5320 2535 5382 committentem,
2556 5329 2649 5372 aut
2673 5317 2837 5372 libxat
2861 5316 3001 5387 quod
3028 5317 3172 5374 licet.
3204 5325 3293 5370 aut
3332 5316 3497 5371 licere
3528 5322 3673 5384 [nute-

2097 5424 2181 5469 tnr
2210 5429 2370 5468 omne
2424 5411 2563 5478 quod
2595 5410 2741 5465 libet.
2789 5409 3007 5464 Talibus
3066 5409 3243 5477 itaque
3292 5408 3680 5465 mutationibus

2098 5504 2431 5575 pulsantibus
2486 5510 2741 5562 utentem,
2776 5500 3019 5569 quamvis
3065 5509 3313 5566 Suppetat
3350 5497 3577 5552 bonntis
3607 5502 3684 5555 di-

2096 5599 2289 5669 gnitas,
2323 5596 2682 5664 clientumque
2702 5608 2984 5649 numerosa
3018 5593 3249 5657 familia;
3281 5597 3521 5661 quamvis
3551 5593 3684 5649 forte

2099 5690 2338 5745 laudetur
2369 5696 2616 5761 peccator
2670 5686 2721 5751 in
2768 5685 3049 5750 desideriis
3089 5685 3464 5760 animzsum.
3525 5694 3577 5741 et
3598 5685 3683 5753 qui
