3958 6358
358 265 452 322 951

357 473 483 522 rant
513 466 693 537 (Cone.
742 467 797 522 Μ
803 466 1050 537 aeriam).

422 578 519 635 24.
565 579 635 636 Ut
656 580 833 635 nullus
868 580 1154 650 episcopus
1198 579 1408 650 plebem
1459 578 1688 634 alienam
1719 586 1941 648 usurpet

354 673 534 741 (Coac.
565 673 806 744 Carthag.
848 674 939 728 ub
969 682 1148 728 sancto
1182 672 1366 737 Grato,
1403 674 1486 726 tit.
1517 672 1582 737 9;
1626 686 1771 725 conc.
1814 668 1941 725 Car-

355 765 498 837 thag.
528 766 617 820 sub
646 766 873 821 antistite
909 763 1202 831 Genethlt'o,
1230 764 1311 821 tit.
1364 763 1429 827 9;
1480 763 1599 821 item
1637 778 1782 819 conc.
1812 759 1939 819 Car-

355 862 519 928 thag.,
550 860 623 914 tit.
664 860 743 925 5).

416 961 515 1027 '25.
576 972 642 1028 Ut
680 973 970 1043 cpiscopus
1017 972 1106 1042 qui
1154 972 1273 1027 sine
1312 973 1686 1042 episcoporum
1740 968 1941 1039 jlldiCiu

355 1062 565 1132 plebem
593 1064 825 1132 aliquam
858 1076 1015 1132 quam
1052 1063 1118 1116 ad
1145 1076 1296 1117 suam
1319 1062 1631 1119 cathedram
1666 1060 1941 1117 existimat

356 1153 646 1221 pertinere,
687 1155 942 1223 tenuerit,
972 1168 1184 1209 causam
1220 1154 1431 1209 amittat
1458 1153 1636 1223 (Cone.
1667 1151 1938 1223 Cat'tltag.,

355 1245 435 1299 tit.
463 1242 575 1312 t2).

423 1355 515 1410 26.
556 1355 626 1413 Ut
664 1357 716 1410 in
748 1358 909 1428 plebe
939 1359 1109 1412 aliena
1143 1359 1322 1413 nullus
1371 1359 1472 1412 sibi
1518 1359 1802 1428 epi~c0pus
1845 1374 1939 1412 au-

357 1449 478 1506 deat
508 1449 779 1505 vindicare
802 1451 983 1522 (Cone.
1007 1450 1299 1521 Jttnccns.).

425 1564 518 1621 27.
583 1564 647 1620 Ut
696 1567 986 1636 ep'scopns
1028 1566 1259 1620 alienum
1302 1566 1558 1620 clericum
1606 1580 1711 1619 non
1766 1566 1937 1621 susci-

357 1661 488 1730 piat.
522 1672 696 1725 neque
749 1657 961 1719 ordinet
1007 1656 1187 1725 (Com.
1237 1656 1463 1720 Ninum,
1513 1658 1591 1713 tit.
1648 1659 1744 1723 l2;
1794 1674 1935 1712 conc.

1340 261 1709 321 FULGEN’I‘II
1754 260 2105 321 FERRANDI
2144 262 2416 322 DIACONI
2454 263 2799 323 CARTIIAG.

356 384 579 432 ventore
599 376 675 433 sic
700 384 1029 443 remaneant,
1064 374 1294 447 quandiu
1315 374 1416 429 sibi
1442 376 1759 446 episcopum
1794 389 1937 446 qum-
1965 376 2021 439 Α

3521 271 3635 327 952

2114 373 2205 433 41.
2246 374 2313 433 Ut
2351 378 2586 447 episcopi
2627 378 2767 435 ﬁlios
2808 392 2935 435 suos
2978 393 3082 434 non
3137 380 3477 452 emancipent
3522 384 3631 444 nisi

2037 469 2147 539 jam
2181 471 2432 541 probatos
2461 473 2638 544 (Cone.
2664 472 2930 544 Carthag.,
2959 476 3036 530 tit.
3063 474 3179 543 22).

2110 580 2203 636 42.
2246 580 2312 638 Ut
2339 584 2573 653 episc0pi
2601 600 2707 640 non
2737 586 2937 654 passim
2960 585 3028 641 ad
3054 588 3368 643 comitatum
3400 600 3633 658 pergant

2040 671 2221 745 (Cone.
2248 674 2479 741 Sardic.,
2510 676 2588 729 tit.
2614 673 2668 744 9,
2700 678 2818 733 item
2844 677 2927 730 tit.
2954 678 3042 742 10,
3067 678 3187 732 item
3209 680 3291 733 tit.
3332 680 3393 733 il
3419 698 3433 745 ;
3479 697 3625 737 tunc.

2041 761 2300 828 Antioch"
2333 767 2413 818 tit.
2434 764 2555 834 il).

2111 851 2201 907 45.
2234 852 2301 910 Ut
2338 855 2638 923 quicunque
2666 857 2949 926 episcopus
2989 857 3059 912 ab
3102 859 3423 928 imperatore
3451 861 3633 927 publi-

2042 957 2163 1000 cum
2208 945 2465 1014 judicium
2494 950 2865 1018 postulaverit,
2900 952 3102 1006 honore
3146 951 3361 1020 proprio
3384 952 3634 1020 privetur

2042 1033 2224 1103 (Cone.
2254 1036 2519 1110 Carthag.,
2549 1041 2627 1096 tit.
2658 1039 2735 1110 9).

2112 1124 2202 1181 Η.
2245 1126 2313 1183 Ut
2365 1128 2520 1186 liceat
2563 1131 2850 1202 unicuique
2893 1133 3146 1201 episcopo
3190 1148 3376 1203 preces
3422 1135 3630 1191 consti-

2043 1226 2213 1277 tuere.
2246 1218 2461 1287 quando
2487 1219 2556 1275 de
2589 1220 2801 1290 iudiciis
2832 1222 3064 1290 publicis
3107 1234 3295 1278 contra
3346 1225 3634 1282 haereticos

2042 1307 2240 1370 aliquid
2274 1319 2354 1364 est
2382 1312 2669 1381 petendum
2698 1310 2881 1382 (Cone.
2916 1313 3235 1384 Marcum).

2113 1398 2202 1454 45.
2249 1400 2315 1455 Ut
2355 1401 2641 1473 episcopus
2677 1404 2794 1459 sine
2821 1405 3214 1473 metropolitani
3245 1407 3472 1463 consilio
3494 1408 3632 1462 nihil

2042 1502 2194 1560 agat,
2209 1493 2305 1547 nisi
2338 1509 2402 1550 ea
2431 1490 2634 1551 tantum
2664 1512 2783 1566 qui:
2811 1496 2877 1553 ad
2901 1498 3340 1567 gubernationem
3372 1497 3632 1556 Ecclesia!

2042 1601 2153 1641 suae
2178 1572 2443 1655 pertinent
2468 1573 2650 1658 (Cone.
2678 1591 2937 1655 Antioch.,
2967 1592 3043 1644 tit.
3073 1592 3153 1659 9).

2116 1676 2204 1733 46.
2247 1678 2315 1735 Ut
2335 1680 2570 1749 episcopi
2596 1681 2711 1739 sine
2737 1681 2958 1737 formata
2986 1682 3225 1753 primatis
3256 1699 3359 1739 non
3382 1685 3634 1756 navigent

357 1752 589 1843 δαίτης..
635 1753 713 1843 tit.
768 1752 855 1815 l9,
907 1751 1025 1804 item
1070 1750 1166 1816 20;
1192 1842 1195 1843 ν
1220 1768 1365 1805 conc.
1415 1753 1678 1815 Antioclt.,
1712 1753 1790 1806 tit.
1833 1753 1934 1817 22;
1970 1750 2015 1812 B
2045 1767 2222 1840 ((ςοησ⁹
2248 1768 2609 1843 ςαηιιαθηιίι,
2631 1771 2746 1842 56).

356 1860 501 1899 conc.
534 1842 781 1913 Carthag.
829 1844 921 1897 sub
963 1852 1139 1897 sancto
1169 1842 1351 1910 Grato,
1405 1845 1483 1898 tit.
1532 1842 1595 1910 2;
1630 1845 1747 1901 item
1792 1861 1933 1900 conc.

354 1934 625 2005 Carthag.,
662 1934 741 1988 tit.
770 1932 885 2005 28).

426 2048 519 2109 28.
556 2048 627 2105 Ut
674 2047 853 2105 nullus
900 2048 1183 2119 episcopus
1209 2049 1444 2105 alienum
1485 2047 1803 2105 monachum
1855 2050 1940 2104 vcl

356 2142 409 2194 in
455 2139 682 2195 ecclesia
713 2138 946 2201 ordinet,
978 2138 1058 2193 vel
1112 2140 1163 2193 in
1192 2138 1519 2196 mona-terio
1548 2155 1646 2195 suo
1678 2142 1939 2212 praeposi-

356 2239 466 2285 tum
498 2229 653 2286 faciat
682 2229 858 2299 (Cone.
892 2230 1161 2300 Carthag.,
1194 2231 1269 2286 tit.
1304 2232 1419 2303 14).

425 2320 516 2377 29.
554 2320 621 2377 Ut
649 2322 931 2391 episcopus
972 2324 1328 2391 prmscntibus
1370 2325 1767 2381 catechumenis
1796 2328 1943 2383 ordi-

355 2417 626 2473 nationem
656 2430 763 2469 non
793 2414 953 2471 faciat
979 2414 1160 2486 (Cone.
1188 2415 1427 2483 Laodic.,
1462 2418 1542 2473 tit.
1574 2418 1652 2488 ει).

423 2504 515 2563 50.
558 2505 626 2561 Ut
657 2507 940 2575 episcopus
966 2504 1058 2576 qui
1090 2507 1409 2563 necessitate
1434 2510 1791 2579 compellentc
1818 2521 1944 2568 ante

355 2598 540 2669 viginti
566 2599 803 2669 quinque
825 2612 997 2655 annos
1025 2598 1287 2669 virginem
1312 2599 1588 2664 velaverit,
1616 2601 1745 2657 nihil
1773 2603 1822 2658 ei
1848 2605 1942 2660 ob-

354 2693 425 2750 sit
450 2692 734 2750 concilium
757 2693 897 2764 quod
926 2694 1031 2748 isto
1056 2707 1283 2750 numero
1301 2709 1565 2751 annorum
1592 2698 1940 2753 constitutum

353 2794 440 2843 est
458 2782 643 2857 (Cotta.
669 2784 943 2857 Carthag.,
977 2786 1058 2841 tit.
1089 2787 1203 2856 i8).

422 2876 515 2935 51.
557 2877 628 2934 Ut
664 2892 753 2935 res
776 2878 1014 2947 episcopi
1041 2892 1149 2933 non
1175 2879 1284 2935 sint
1306 2877 1556 2935 obnoxia:
1587 2880 1746 2937 rebus
1766 2883 1940 2938 eccle-

353 2969 605 3036 siasticis,
623 2970 720 3026 sed
746 2969 815 3026 de
836 2968 921 3026 his
949 2969 1066 3041 ipse
1091 2970 1237 3042 quod
1264 2969 1493 3027 voluerit
1510 2972 1725 3030 ordinet
1757 2973 1939 3046 (Coac.

355 3060 616 3126 Antioch.,
643 3061 725 3114 tit.
751 3058 867 3130 24).

2116 1861 2205 1918 47.
2249 1863 2314 1919 Ut
2338 1865 2573 1934 episcopi
2613 1879 2727 1921 rem
2757 1864 2961 1921 Ecclcsi
2980 1885 3006 1919 υ
3042 1868 3159 1921 sine
3186 1865 3429 1935 primatis
3454 1866 3634 1920 consi-

2046 1955 2117 2009 lio
2147 1972 2252 2009 non
2284 1956 2516 2013 vendant
2546 1955 2723 2028 (Cone.
2755 1956 3024 2027 Cartlmg.,
3056 1958 3135 2013 tit.
3160 1955 3233 2022 5;
3259 1972 3400 2011 conc.
3428 1956 3634 2027 Hippo-

2044 2048 2230 2118 πένθει..
2259 2048 2337 2102 tit.
2359 2046 2441 2116 9).

2118 2136 2207 2190 45.
2252 2136 2319 2193 Ut
2364 2138 2599 2208 episcopi
2653 2139 2982 2209 providentia
3030 2139 3320 2209 virginibus
3360 2154 3483 2210 qua:
3532 2154 3637 2206 pno

2051 2227 2195 2297 pilltc
2258 2228 2480 2294 fuerint,
2513 2230 2603 2286 ubi
2632 2230 2873 2287 habitent
2900 2231 3128 2300 eligatur
3154 2230 3328 2302 (Cone.
3380 2228 3634 2300 Carttmg,

2047 2321 2128 2377 tit.
2156 2319 2225 2376 40
2251 2322 2320 2391 κ).

2119 2411 2207 2467 49.
2251 2413 2320 2469 Ut
2364 2414 2736 2484 episcoporum
2782 2414 2981 2485 judicio
3027 2402 3353 2485 paenitentia:
3393 2426 3633 2483 tempora

2046 2505 2426 2576 pmnitentibus
2475 2508 2829 2561 decernantur
2859 2506 3034 2580 (Cone.
3070 2507 3346 2577 Carthug.,
3394 2508 3471 2559 tit.
3512 2504 3632 2574 59).

2119 2596 2207 2653 50.
2253 2596 2320 2653 Ut
2357 2596 2595 2668 cpiscOpi
2624 2597 2826 2668 judicio
2873 2598 3160 2654 Donatista:
3198 2598 3289 2668 qui
3336 2598 3475 2658 apud
3504 2613 3635 2651 suos

2048 2700 2163 2748 acta
2207 2691 2515 2761 paenitentia
2566 2690 2915 2758 convertitur,
2949 2700 3156 2760 tempus
3180 2689 3507 2761 paenitentia:
3549 2690 3634 2744 vel

2049 2778 2496 2839 reconciliationis
2522 2782 2842 2838 decernatur
2866 2781 3046 2851 (Cone.
3070 2782 3339 2851 Cartlmg.,
3368 2783 3446 2834 tit.
3476 2779 3558 2850 2).

2119 2872 2211 2931 51.
2253 2873 2322 2930 Ut
2340 2874 2623 2945 cpiscopus
2648 2884 2925 2931 accusatos
2950 2878 3290 2947 presbyteros
3320 2876 3634 2929 convocatis

2048 2970 2283 3038 quittque
2320 2968 2589 3038 episcopis
2636 2968 2857 3036 audiat;
2900 2968 3242 3023 diaconorum
3285 2982 3407 3021 cum
3437 2966 3634 3035 tribus,

2050 3060 2378 3130 reliquorum
2432 3076 2561 3116 vero
2589 3075 2777 3117 causas
2835 3062 2948 3131 ipse
2977 3062 3122 3118 solus
3169 3058 3422 3119 discutiat
3451 3058 3633 3129 (Coac.

425 3151 518 3211 32.
558 3106 631 3209 th
674 3106 855 3210 nullo;
895 3152 1182 3223 episcopus
1228 3152 1472 3212 heredes
1517 3166 1824 3221 extraneos,
1857 3158 1939 3214 vel
1967 3127 2014 3190 (ἶ
2048 3106 2316 3224 (ἴαηλαςη
2347 3157 2425 3209 tit.
2456 3155 2566 3225 17).

358 3243 643 3301 haereticos
663 3243 824 3299 etiam
850 3246 1275 3318 consanguineos
1288 3245 1449 3303 faciat
1470 3247 1650 3319 (Cane.
1673 3249 1940 3323 Carthag.,

356 3336 437 3389 tit.
467 3333 579 3404 15).

427 3424 519 3479 55.
562 3424 631 3482 Ut
677 3424 915 3497 episcopi
957 3427 1042 3483 vel
1086 3429 1266 3486 clerici
1310 3430 1395 3487 his
1423 3433 1513 3501 qui
1555 3432 1803 3491 catholici
1834 3452 1941 3493 non

359 3528 503 3585 sunt,
538 3516 668 3573 nihil
692 3532 787 3589 per
809 3517 1124 3577 donationes
1148 3520 1425 3580 conferant
1452 3523 1635 3593 (Cant.
1667 3525 1939 3600 Carthag.,

357 3607 435 3661 m.
456 3605 571 3677 εδ).

425 3696 515 3752 54.
558 3697 627 3754 Ut
645 3698 883 3769 episcopi
909 3700 1023 3756 sive
1050 3701 1347 3773 presbyteri
1380 3718 1440 3760 ca
1471 3721 1588 3774 qm:
1615 3719 1742 3763 sunt
1779 3710 1832 3766 in
1864 3710 1942 3765 lo-

356 3790 435 3845 cis
478 3790 565 3845 ubi
596 3788 912 3846 ordinantur
931 3789 1000 3847 ad
1032 3792 1135 3847 alia
1166 3793 1281 3849 loca
1314 3810 1418 3851 non
1470 3800 1814 3867 transferant,
1840 3803 1940 3859 nisi

355 3896 544 3938 causas
573 3891 697 3939 ante
741 3882 1073 3941 reddiderint
1110 3883 1292 3955 (Cone.
1324 3887 1693 3961 Hipponireg.,
1735 3894 1814 3947 tit.
1860 3894 1936 3964 5).

425 3975 517 4030 55.
560 3975 628 4032 Ut
654 3976 890 4047 ep’scopi
914 3977 1170 4048 quidquid
1197 3979 1411 4035 nomine
1454 3997 1551 4036 suo
1588 3999 1939 4052 comparave-

356 4066 486 4128 t-int,
514 4076 773 4134 cogantur
817 4066 1074 4121 Ecclesia:
1102 4066 1425 4137 refundere;
1457 4072 1714 4143 quidquid
1759 4086 1935 4133 autem

355 4156 434 4210 eis
462 4155 640 4209 donat-
667 4170 716 4220 r,
744 4156 831 4211 cui
861 4155 1130 4215 voluerint
1158 4160 1437 4217 conteram
1463 4162 1643 4231 (Conc.
1678 4164 1937 4239 Hipponi-

353 4260 483 4316 τις..
506 4247 586 4300 tit.
617 4246 698 4316 8).

422 4335 513 4392 56.
558 4337 626 4393 Ut
652 4336 814 4394 rebus
840 4338 1216 4397 ecclesiasticis
1246 4343 1618 4415 dispensandis
1653 4351 1934 4423 episcopus

352 4436 670 4502 potestatem
701 4429 896 4486 habeat
923 4429 1104 4502 (Cone.
1136 4434 1399 4505 Antioch.,
1428 4438 1508 4495 tit.
1536 4439 1649 4510 25).

2119 3244 2208 3298 52.
2252 3245 2319 3300 Ut
2366 3256 2547 3301 autem
2597 3261 2736 3301 unus
2783 3247 3066 3316 cpiscopus
3119 3244 3477 3315 cognitionem
3530 3245 3633 3299 sibi

2049 3348 2156 3389 non
2208 3335 2479 3401 vindicet,
2530 3335 2737 3392 hocin
2792 3334 2898 3390 alio
2926 3335 3154 3391 concilio
3200 3334 3633 3405 Carthaginiensi

2045 3436 2219 3482 actum
2250 3439 2352 3483 CSl.

2117 3517 2203 3571 55.
2246 3517 2315 3574 Ut
2356 3520 2536 3576 nullus
2565 3519 2871 3589 cpiscopus.
2900 3518 2982 3573 vcl
3007 3515 3308 3588 presbyter,
3340 3517 3423 3571 vel
3450 3515 3641 3569 diaco-

2045 3628 2144 3667 nus
2171 3613 2663 3668 cxcommunicatus
2690 3611 3052 3667 communicet
3078 3609 3260 3677 (Cone.
3294 3608 3522 3671 Metam,
3548 3618 3630 3661 tet.

2044 3701 2115 3769 5;
2165 3719 2310 3758 conc.
2344 3702 2576 3768 Sardic.,
2619 3705 2700 3757 tit.
2745 3702 2851 3769 i7;
2894 3718 3038 3756 conc.
3083 3698 3354 3772 Carthag.,
3384 3701 3460 3753 tit.
3493 3700 3528 3755 8
3566 3698 3630 3764 ιη

2043 3809 2185 3851 cont.
2214 3791 2472 3860 Antioch.,
2504 3794 2581 3846 tit.
2611 3791 2694 3862 2).

2116 3883 2205 3937 54.
2249 3886 2318 3942 Ut
2339 3886 2381 3940 si
2410 3887 2528 3955 quis
2552 3887 2834 3955 cpiscopus
2860 3901 2888 3939 a
2918 3885 3123 3956 synodo
3146 3884 3302 3939 fuerit
3323 3899 3628 3939 excommu-

2043 3973 2272 4043 nicatus,
2330 3976 2725 4030 communicare
2779 3991 2886 4030 non
2933 3975 3162 4039 audeat;
3214 3983 3267 4028 ct
3321 3976 3364 4028 si
3423 3975 3628 4038 it-corit,

2041 4078 2189 4133 spem
2222 4067 2572 4121 restitutionis
2595 4082 2697 4120 non
2733 4067 2927 4121 haheat
2954 4064 3132 4135 (Cone.
3160 4064 3420 4131 Antioch,
3449 4066 3528 4118 tit.
3564 4066 3628 4127 5;

2043 4174 2187 4214 conc.
2218 4159 2583 4230 IIipponireg.,
2616 4161 2694 4213 tit.
2726 4158 2805 4228 5).

2114 4247 2203 4302 55.
2248 4248 2316 4304 Ut
2344 4252 2647 4320 episcopus,
2677 4249 2721 4303 si
2750 4263 2965 4302 causam
2996 4248 3264 4313 habuerit,
3288 4262 3316 4299 a
3343 4245 3628 4299 duodecim

2036 4344 2298 4413 episcOpis
2345 4343 2588 4395 audiatur
2630 4339 2808 4411 (Cone.
2842 4339 3086 4412 Carr/tog.
3126 4340 3218 4393 sub
3253 4347 3429 4391 sancto
3465 4335 3627 4391 Gene-

2039 4433 2187 4499 thh’o,
2216 4435 2292 4485 tit.
2325 4430 2403 4501 8).

423 4520 512 4575 57.
556 4521 625 4581 Ut
677 4529 873 4591 praeter
918 4497 1301 4581 conscientiam
1348 4497 1935 4600 episcopi'oblationcs

2113 4497 2201 4579 55.
2247 4522 2314 4578 Ut
2355 4497 2590 4591 episcopi
2621 4522 2711 4591 qui
2750 4522 2803 4575 in
2833 4536 2992 4576 causa
3018 4520 3224 4589 iudices
3266 4520 3461 4574 dantur
3488 4520 3625 4575 deft-

353 4613 618 4669 frnctuum
665 4613 906 4672 ecclesiae
935 4615 1140 4673 debitas
1171 4619 1345 4675 nullus
1378 4622 1460 4677 vel
1499 4623 1628 4679 dare
1659 4627 1740 4681 vel
1788 4628 1933 4682 acci-

351 4720 479 4774 pere
517 4705 709 4763 audeat
739 4704 918 4777 (Cone.
947 4705 1169 4778 Sanga,
1203 4710 1282 4764 tit.
1309 4712 1364 4777 7,
1391 4711 1471 4783 8).

418 4796 509 4851 58.
552 4797 621 4852 Ut
648 4799 931 4867 episcOpus
979 4803 1215 4857 matricis
1260 4818 1365 4859 non
1406 4817 1628 4876 usurpet
1677 4809 1931 4879 quidquid

353 4887 514 4942 fuerit
539 4887 794 4943 donatum
824 4890 1067 4946 ecclesiis
1103 4909 1225 4963 qua:
1276 4893 1328 4951 in
1366 4896 1585 4953 dimcesi
1630 4901 1931 4958 constituta:

340 4989 477 5039 sunt
500 4978 676 5044 (Cone.
712 4980 1075 5055 llipponireg.,
1101 4988 1182 5039 tit.
1207 4984 1287 5055 9).

420 5072 510 5125 59.
552 5058 615 5126 Ut
650 5070 742 5125 lilii
781 5074 1150 5144 episcoporum
1182 5080 1492 5148 gentilibus,
1527 5083 1607 5137 vel
1641 5084 1926 5153 haueticis,

349 5173 439 5217 aut
467 5163 822 5219 schismaticis
843 5167 1182 5232 matrimonio
1207 5187 1313 5233 non
1336 5175 1724 5247 conjungantur
1747 5178 1924 5249 (Cone.

348 5251 615 5322 Βαγώαις..
648 5252 726 5308 tit.
748 5251 865 5324 21).
1442 5250 1445 5251 ν

421 5343 507 5397 40.
556 5342 625 5398 Ut
671 5344 763 5399 filii
820 5347 1189 5417 cpiscoiiorum
1219 5365 1307 5409 aut
1351 5355 1667 5413 clericorum
1714 5369 1925 5428 Specta-

347 5436 618 5597 051³2οἳοη
672 5439 959 5498 exhibeant
1008 5459 1105 5501 nec
1154 5457 1397 5519 spectent
1438 5448 1615 5520 (Cone.
1660 5452 1926 5525 Cat'tltag.,

347 5537 422 5582 Μ.
557 5568 569 5583 .

347 5537 422 5582 Μ.
455 5537 569 5583 20).

344 5770 352 5780 _
425 5703 452 5737 ⁸
480 5702 619 5769 ιιι.
645 5704 803 5767 τηε.
830 5711 911 5769 tu.
952 5712 1041 5769 tt.

2042 4617 2153 4670 nito
2181 4615 2439 4684 tompvwis
2465 4614 2553 4669 die
2579 4622 2905 4683 cognoscant
2927 4613 3107 4683 (Cane.
3141 4610 3531 4681 Septintstnic.).

2113 4706 2199 4760 57.
2245 4706 2311 4761 Ut
2350 4707 2393 4761 si
2424 4706 2530 4760 duo
2554 4704 2789 4774 episcopi
2819 4706 2869 4758 in
2899 4721 3003 4759 una
3026 4705 3296 4773 provincia
3328 4705 3625 4758 contentio-

2041 4815 2163 4853 nem
2183 4797 2484 4863 habucrint,
2499 4812 2561 4850 ex
2586 4796 2685 4851 alia
2709 4797 2984 4865 provincia
3011 4810 3115 4851 non
3130 4796 3392 4851 advocent
3415 4799 3601 4865 episco

2040 4902 2137 4960 pos
2165 4888 2230 4942 ad
2253 4888 2508 4957 judicium
2542 4886 2724 4957 (Cane.
2753 4885 2987 4954 Sardic.,
3012 4888 3092 4941 tit.
3124 4886 3202 4955 4).

2104 4979 2197 5034 58.
2231 4979 2300 5035 Ut
2346 4978 2391 5033 si
2436 4978 2502 5034 de
2550 4986 2801 5034 accusata
2831 4978 3085 5047 episcopo
3116 4977 3299 5033 multa:
3338 4980 3623 5033 sententia:

2034 5072 2231 5131 iuerint
2257 5071 2649 5142 episcoporum,
2676 5072 3117 5140 metroliolitanus
3144 5069 3366 5124 alterius
3394 5072 3587 5137 provin
3608 5100 3621 5109 ς

2033 5167 2132 5220 ciae
2157 5176 2484 5220 convocetur
2506 5165 2690 5227 (Cotto.
2726 5166 2989 5231 Antioch.,
3023 5166 3104 5220 tit.
3134 5162 3244 5232 M).
3274 5164 3409 5228 Quid
3441 5162 3493 5215 in
3536 5178 3620 5214 ar-

2034 5257 2397 5312 cusationihus
2444 5257 2815 5324 episcoporum
2868 5254 3141 5311 observari
3192 5253 3386 5307 debeat
3435 5252 3617 5329 (Cum.

2036 5347 2300 5416 Cartltag.,
2331 5348 2407 5400 tit.
2443 5344 2551 5414 15).

2109 5438 2195 5494 59.
2239 5438 2305 5493 Ut
2335 5440 2666 5509 adjudicatus
2714 5440 2995 5509 cpiscopus
3024 5439 3089 5493 ad
3134 5437 3478 5506 apostolicam
3536 5449 3623 5489 sc-

2037 5528 2183 5595 dem,
2214 5531 2258 5584 si
2287 5529 2536 5585 voluerit.
2568 5530 2798 5599 appellet
2831 5530 3006 5597 ((ἷοηε.
3060 5528 3291 5591 Surdic.,
3322 5530 3397 5581 tit.
3429 5523 3506 5593 5)-

2111 5703 2135 5741 δ
2177 5705 2303 5759 Cod.
2340 5705 2524 5772 Corb.,
2557 5708 2633 5759 tit.
2667 5706 2720 5761 9.
