3958 6358
207 341 313 399 955

1411 349 1784 409 BREVlATIO
1820 349 2169 410 CANONUM.

3385 364 3487 418 951

280 459 368 514 60.
412 458 478 514 Ut
503 458 549 513 si
578 461 926 531 appellaverit
955 472 978 500 ι
1005 465 1056 517 iu
1085 463 1338 521 culte-Ira
1370 465 1537 535 ipsius
1568 480 1673 520 non
1700 478 1788 520 or-
1819 465 1865 522 Α
1964 465 2048 522 79.
2095 467 2165 522 Ut
2210 467 2604 538 chorepiseopi,
2641 470 2689 524 id
2735 481 2818 526 est
2869 472 3051 537 vicarii
3081 474 3478 544 episcoporum,

209 549 424 604 dinetur
448 547 628 616 (Cone.
662 550 893 618 Surdic.,
922 554 1001 608 tit.
1024 552 1102 616 6).

280 640 372 698 ﬁt.
416 640 483 696 Ut
508 641 551 695 si
580 656 609 696 a
633 639 904 712 iudicibus
932 659 1066 712 quos
1096 644 1292 714 primas
1326 644 1532 699 dederit
1558 645 1793 714 appella-

1903 570 2000 610 nec
2045 560 2379 629 presbyteros
2426 576 2524 618 nec
2554 562 2806 616 diaconos
2836 565 3102 629 ordinent,
3139 567 3238 624 nisi
3272 576 3477 627 tantum

1899 645 2052 700 subdi
2072 662 2252 703 tconos
2281 649 2455 720 (Cone.
2490 651 2772 723 Anquirit.,
2805 655 2883 708 tit.
2914 655 3016 720 15;
3048 672 3192 710 conc.
3223 654 3484 726 Antioclt.,

210 743 368 799 veru,
401 733 720 801 aliijndiccs
769 739 1042 804 amplioris
1084 741 1288 794 numeri
1320 741 1696 796 decernuntur.
1732 739 1800 796 Ut
1901 740 1980 793 tit.
2012 741 2117 809 10).

209 826 254 879 si
289 823 488 896 [Fortc,
519 827 582 879 At
615 826 680 898 si]
727 836 779 881 et
809 827 876 882 ab
905 829 1032 897 ipsis
1072 832 1438 899 appellaverit,
1475 832 1540 886 ad
1584 839 1800 886 senten-

211 917 336 972 tiam
358 917 567 971 concilii
593 917 866 974 dltl‘eratur
892 919 1068 991 (Cone.
1095 920 1340 991 Tltenit.).

281 1007 372 1064 62.
417 1007 485 1064 Ut
510 1009 776 1079 episc0pis
799 1011 1160 1080 judicantibus
1182 1014 1565 1070 condemnatus
1593 1017 1799 1085 episco-

212 1114 354 1170 pus,
405 1102 449 1156 si
498 1102 655 1157 fuerit
705 1103 846 1172 apud
895 1106 1131 1174 potiores
1177 1106 1458 1176 episcopos
1503 1109 1797 1175 absolutus,

210 1190 344 1247 nihil
381 1192 458 1246 eis
489 1202 681 1248 noceat
725 1195 772 1250 si
820 1195 962 1250 bono
991 1197 1172 1253 animo
1214 1198 1568 1269 iudicaverint
1617 1193 1797 1274 (Cone.

211 1281 480 1354 Carthag.,
512 1286 592 1339 tit.
626 1284 738 1356 11).
1079 1287 1081 1290 ⁴

284 1372 376 1431 65.
422 1374 487 1432 Ut
529 1377 811 1448 episcopus
834 1380 928 1450 qui
967 1380 1042 1437 ab
1083 1383 1336 1438 omnibus
1359 1384 1632 1455 episcopis
1679 1364 1818 1455 pro?

211 1465 405 1522 vincite
451 1465 614 1526 fuerit
653 1465 1062 1537 condemnatus,
1096 1474 1400 1530 facultatem
1427 1475 1613 1544 iudicii
1648 1484 1800 1546 repe‘-

213 1558 360 1615 tendi
383 1574 490 1614 non
511 1559 712 1618 habeat
746 1560 929 1632 (Cone.
958 1564 1227 1633 Antioch,
1259 1566 1338 1619 tit.
1365 1565 1478 1634 15).

1972 851 2060 909 80.
2104 854 2174 909 Ut
2218 856 2426 914 vicariis
2468 859 2841 928 episcoporum
2893 861 3048 920 liccat
3092 863 3352 921 formatas
3408 864 3478 922 fa-

1902 960 2024 1001 cere
2055 948 2236 1017 (Cone.
2262 952 2521 1016 Antioch,
2553 952 2630 1005 tit.
2661 951 2738 1020 8).

1974 1057 2061 1112 81.
2106 1059 2172 1115 Ut
2199 1061 2386 1128 prima
2406 1063 2553 1118 sedis
2577 1063 2860 1133 episcopus
2883 1079 2989 1117 non
3014 1067 3311 1134 appelletur
3343 1068 3489 1135 priu-

1902 1168 2028 1223 ceps
2066 1156 2422 1222 sacerdotum,
2455 1158 2539 1213 vel
2567 1172 2809 1213 summu;
2855 1159 3107 1213 sacerdos
3137 1158 3320 1228 (Cone.
3363 1159 3490 1213 Car-

1835 1307 1844 1318 .
1905 1245 2070 1312 thag.,
2102 1247 2178 1298 tit.
2206 1243 2320 1301 54).

1975 1357 2064 1410 82.
2109 1357 2174 1412 Ut
2206 1358 2484 1426 primatem
2534 1358 2804 1428 proprium
2857 1359 3168 1414 Mauritania
3224 1359 3494 1416 Sitifensis

1905 1445 2094 1502 habeat
2125 1447 2301 1519 (Cane.
2330 1448 2600 1517 Cartltag.,
2634 1450 2712 1502 tit.
2744 1447 2821 1518 6).

1976 1557 2065 1613 85.
2107 1557 2178 1615 Ut
2208 1561 2390 1629 prima:
2433 1561 2576 1616 sedis
2615 1560 2850 1629 episcopi
2895 1576 2962 1616 ex
3003 1561 3229 1616 concilio
3257 1564 3492 1616 Cartha-

280 1648 375 1704 61.
416 1648 484 1704 Ut
530 1651 814 1721 episcopus
856 1653 926 1708 ab
973 1653 1053 1708 eis
1095 1656 1359 1726 epist-epis
1402 1671 1535 1727 quos
1579 1659 1801 1729 elegerit
1904 1649 2128 1721 ginicnsi
2161 1652 2400 1724 episcOpi
2433 1653 2848 1720 constituantur,
2880 1653 3092 1719 quando
3124 1654 3281 1709 fuerit
3305 1655 3492 1709 oborta

211 1738 834 1808 iudicescondernnatus,
851 1745 1119 1814 appellare
1139 1746 1262 1800 alibi
1282 1763 1385 1802 non
1408 1749 1600 1805 audeat
1615 1750 1795 1814 (Cone.

211 1831 482 1905 Cartlmg.,
511 1834 590 1891 tit.
613 1832 669 1902 3,
700 1836 820 1890 item
845 1837 923 1891 tit.
958 1835 1070 1905 l5).

281 1920 372 1977 65.
415 1923 481 1979 Ut
506 1923 745 1997 episcOpi
767 1927 855 1996 qui
883 1926 936 1982 in
962 1927 1135 1998 aliqua
1159 1942 1318 1984 causa
1343 1929 1555 1999 judiccs
1581 1931 1800 2000 dantur,

214 2015 320 2085 ipsi
362 2015 537 2072 locum
565 2017 854 2074 audientiae
882 2019 1115 2092 deligant
1142 2022 1323 2088 (Cone.
1354 2022 1628 2096 Zellens.).

253 2107 255 2111 ’
281 2105 373 2162 66.
405 2105 472 2163 Ut
487 2109 761 2178 depositus
789 2111 1092 2181 episcopus,
1109 2113 1173 2166 ad
1197 2113 1571 2182 imperatorem
1593 2130 1806 2171 causam

212 2212 368 2254 suam
397 2215 500 2254 non
528 2200 731 2277 deferat
757 2201 937 2272 (Cone.
971 2203 1230 2271 Amice/1.,
1259 2205 1340 2260 tit.
1365 2205 1476 2277 12).

286 2287 378 2344 67.
422 2289 492 2347 Ut
516 2275 798 2347 accusatus
818 2297 1100 2365 episcOpus
1121 2295 1207 2350 vel
1229 2275 1531 2365 quicunque
1571 2312 1635 2352 ex
1660 2295 1808 2352 clero

213 2381 384 2438 fuerit
411 2384 552 2456 apud
586 2384 878 2441 Ecclesiam
909 2397 1214 2455 accusatus,
1247 2388 1324 2452 ad
1353 2389 1553 2459 judicia
1597 2389 1804 2459 publica

211 2489 324 2530 non
352 2485 587 2531 transeat
617 2476 795 2547 (Cone.
819 2475 1091 2550 Βαγώας..
1124 2480 1207 2536 tit.
1235 2478 1347 2550 18).

291 2564 382 2620 68.
423 2565 492 2623 Ut
519 2568 804 2636 episcopus
826 2569 915 2637 qui
941 2568 1173 2624 secunda
1203 2570 1283 2625 vel
1308 2571 1461 2624 tertia
1490 2572 1808 2636 auctoritate

213 2665 510 2714 conventus
532 2659 712 2727 fuerit,
738 2669 792 2714 et
813 2661 994 2715 venire
1015 2662 1419 2731 contempserit,
1439 2661 1506 2718 ab
1527 2662 1807 2734 episcopo-

213 2761 335 2803 rum
364 2747 634 2804 consortio
659 2749 1018 2820 suspendatur
1045 2748 1225 2821 (Cone.
1257 2750 1531 2824 Zellens.).

287 2836 379 2892 69.
424 2838 492 2922 Ut
517 2839 694 2896 nullus
738 2845 1041 2912 episcopus,
1067 2842 1146 2897 vel
1178 2842 1479 2913 presbyter,
1513 2844 1596 2900 vel
1625 2843 1809 2918 diaco-

218 2945 324 2986 nus
370 2945 491 2986 cum
533 2929 731 2988 Judzcis
777 2933 976 3003 pascha
1024 2933 1262 2992 celebret
1313 2933 1496 3010 (Cone.
1539 2936 1804 3004 ΑηιὶοοΙι..

218 3021 304 3076 tit.
356 3019 435 3090 1).

287 3114 380 3170 70.
425 3116 494 3174 Ut
519 3119 777 3189 episcopi,
813 3119 1132 3191 presbyteri,
1165 3118 1245 3174 vel
1293 3120 1506 3176 diaconi
1552 3138 1657 3177 non
1700 3123 1808 3179 sint

1839 1836 1888 1896 B

1904 1744 2175 1798 contentio
2209 1745 2389 1814 (Coac.
2417 1743 2688 1815 Carthag.,
2717 1746 2796 1798 tit.
2825 1743 2905 1814 7).

1983 1835 2073 1890 84.
2119 1834 2184 1892 Ut
2211 1836 2466 1905 primates
2491 1837 2826 1890 diversarum
2865 1835 3252 1904 provinciarum
3284 1835 3495 1888 numina

1911 1929 2285 1996 episc0p0rum
2318 1926 2383 1982 ad
2417 1927 2709 1984 Ecclesiam
2741 1925 3234 1996 Carthaginiensem
3284 1927 3495 1984 mittant

1912 2018 2092 2089 (Cone.
2123 2018 2394 2089 Cartliag.,
2421 2021 2502 2073 tit.
2533 2018 2612 2088 5).

1981 2109 2074 2166 85.
2118 2110 2184 2166 Ut
2231 2111 2510 2182 presbyter
2535 2120 2663 2167 ante
2708 2112 2921 2182 triginta
2969 2126 3231 2167 annorum
3262 2119 3498 2177 aetatem,

1910 2204 2153 2275 quamvis
2196 2205 2270 2258 sit
2310 2203 2524 2276 dignus,
2554 2219 2658 2260 non
2698 2205 2977 2261 ordinetur
3021 2203 3204 2278 (Cone.
3252 2203 3497 2260 Nortiae-

1909 2311 2012 2349 sur.
2027 2337 2040 2356 ,
2074 2295 2154 2356 ιὶι.
2181 2295 2295 2364 10).

1981 2385 2072 2442 86.
2116 2385 2184 2443 Ut
2211 2385 2300 2456 qui
2330 2386 2382 2440 in
2414 2384 2732 2456 aegritudine
2759 2385 2922 2441 fuerit
2951 2385 3246 2456 baptizatus
3279 2401 3382 2440 non
3413 2402 3498 2442 or-

1909 2482 2124 2538 dinetur
2173 2482 2452 2554 presbyter
2481 2499 2497 2549 ;
2526 2480 2627 2538 nisi
2657 2481 2795 2536 forte
2825 2489 3043 2551 propter
3074 2483 3234 2536 vitam
3284 2482 3498 2546 bonam,

1909 2583 1997 2628 aut
2022 2573 2298 2628 hominum
2344 2571 2613 2628 raritatem
2640 2571 2820 2643 (Conc.
2874 2570 3228 2637 Novaca'srtr"
3275 2575 3352 2626 tit.
3385 2572 3499 2641 11).

1981 2664 2071 2720 87.
2115 2665 2185 2721 Ut
2233 2667 2514 2737 presbyter
2559 2665 2838 2722 ordinatus
2869 2665 2916 2721 si
2942 2665 3010 2720 de
3054 2661 3233 2735 aliquo
3271 2666 3497 2720 crimine

1909 2757 2188 2819 confessus
2216 2755 2322 2828 [An
2353 2756 2650 2829 convictus)
2696 2757 2880 2824 fuerit,
2904 2765 2994 2812 aut
3036 2756 3102 2812 de
3132 2757 3215 2811 his
3237 2759 3324 2825 qui
3358 2758 3494 2826 lapsi

1910 2859 2054 2915 sunt,
2083 2866 2188 2905 non
2209 2851 2530 2919 suscipiatur
2551 2847 2730 2920 (Cone.
2761 2849 2988 2917 Νἰοανηη
3013 2851 3094 2904 tit.
3125 2851 3188 2918 8;
3217 2867 3362 2906 conc.
3395 2851 3500 2906 No-

1911 2959 2181 3006 vactrsar.,
2213 2943 2296 2997 tit.
2330 2941 2443 3008 1-1).

1980 3034 2070 3089 88.
2117 3033 2184 3089 Ut
2213 3034 2490 3105 presbyter
2522 3033 2574 3088 in
2613 3033 2860 3088 convivio
2889 3033 3244 3090 secundarum
3287 3036 3500 3104 nuptia-

1911 3144 2030 3186 rum
2061 3142 2166 3181 non
2216 3125 2426 3181 lntcrsit
2451 3126 2630 3195 (Coac.
2671 3125 3027 3194 Novamsan,
3060 3127 3141 3184 tit.
3169 3127 3247 3196 7).

216 3210 598 3282 conductores,
642 3224 735 3269 aut
777 3225 1150 3285 procuratores
1181 3215 1363 3287 (Conc.
1412 3214 1680 3289 Carthag.,
1730 3219 1809 3274 tit.
1838 3209 1884 3272 C
1989 3217 2080 3273 89.
2125 3218 2193 3273 Ut
2237 3217 2305 3272 de
2347 3216 2621 3274 oblatione
2663 3218 2960 3290 presbyteri
3009 3220 3278 3290 conjugati
3333 3199 3504 3275 nullus

217 3305 347 3375 es).

293 3396 385 3450 7|.
431 3397 499 3454 Ut
525 3397 785 3468 episcOpi,
827 3399 938 3455 sive
965 3400 1144 3456 clerici
1189 3402 1242 3456 in
1275 3402 1498 3475 ecclesia
1530 3417 1636 3459 non
1678 3417 1809 3457 con-

217 3485 490 3551 viventur,
519 3486 618 3541 nisi
647 3494 982 3544 transeuntes
1012 3490 1190 3561 (Cone.
1215 3489 1483 3564 Carthag.,
1516 3493 1594 3546 tit.
1623 3491 1739 3561 58).

291 3575 386 3630 72.
433 3575 500 3631 Ut
526 3577 766 3646 episcopi
795 3587 849 3632 ct
901 3579 1195 3650 presbyteri
1239 3583 1288 3635 in
1323 3582 1482 3635 domo
1523 3597 1620 3639 sua
1658 3581 1811 3640 obla-

220 3667 400 3721 tiones
427 3683 534 3721 non
565 3668 762 3722 iaciant
790 3667 972 3739 (Conc.
1009 3667 1238 3737 Laertia,
1271 3672 1352 3726 tit.
1382 3670 1498 3741 56).

293 3755 383 3811 75.
438 3757 505 3813 Ut
533 3758 814 3828 episcopus
864 3774 894 3814 a
942 3761 1322 3817 communione
1367 3779 1470 3818 non
1525 3768 1815 3833 suspendat

215 3862 348 3905 cum
403 3861 561 3918 quem
601 3842 793 3905 asSerit
823 3852 892 3907 de
921 3861 1143 3922 peccato
1183 3854 1363 3924 aliquo
1395 3853 1496 3909 sibi
1527 3857 1626 3910 soli
1655 3856 1815 3914 fuisse

218 3937 531 3994 confessum
561 3938 742 4010 (Cone.
764 3939 1032 4014 Carthag.,
1057 3942 1135 3998 tit.
1166 3941 1246 4014 2).

296 4033 387 4088 7t.
429 4034 496 4090 Ut
545 4036 830 4106 episcopus
884 4037 986 4092 sibi
1048 4051 1416 4096 successorem
1475 4056 1580 4096 non
1630 4041 1811 4113 eligat.

222 4126 414 4195 (Cone.
447 4127 708 4196 Αιιιὶοεὴη
743 4129 820 4183 tit.
844 4127 916 4186 23
941 4129 1014 4200 1³).

298 4218 388 4272 75.
433 4217 497 4274 Ut
523 4221 760 4290 episcopi
807 4222 872 4276 ad
903 4222 1187 4280 concilium
1227 4235 1543 4295 occurrant;
1588 4241 1681 4284 aut
1709 4245 1815 4286 non

223 4315 594 4374 occurrentes,
627 4311 678 4364 in
712 4312 984 4374 tractoria,
1016 4313 1096 4368 vel
1135 4317 1276 4382 apud
1321 4317 1602 4385 primatem
1651 4335 1814 4374 excu-

223 4399 466 4460 sationes
503 4415 630 4456 suas
659 4401 890 4474 allegent
927 4401 1111 4476 (Cone.
1145 4403 1382 4470 Laodic.,
1417 4406 1496 4462 tit.
1527 4405 1635 4472 38;
1669 4425 1813 4465 conc.

224 4489 500 4563 Carthag.,
530 4493 612 4548 tit.
644 4493 760 4563 11).

1917 3309 2111 3364 audeat
2137 3323 2242 3362 non
2273 3307 2674 3363 communicare
2704 3306 2885 3379 (Cone.
2920 3307 3140 3382 Gnngr.,
3177 3311 3255 3364 tit.
3285 3310 3364 3380 4).

1990 3400 2080 3454 90.
2124 3397 2191 3455 Ut
2221 3398 2501 3467 presbyter
2530 3397 2830 3453 inconsulto
2873 3399 3151 3468 episcopo,
3183 3399 3234 3452 in
3264 3399 3506 3468 quolibet

1919 3489 2037 3544 loco
2072 3487 2277 3560 agenda
2309 3503 2414 3544 non
2455 3487 2651 3542 audeat
2695 3487 2973 3543 celebrare
3003 3485 3186 3558 (Cone.
3228 3487 3505 3559 Cartltag.,

1916 3580 1994 3633 tit.
2027 3577 2108 3651 7).

1988 3670 2079 3724 9|.
2121 3667 2189 3724 Ut
2214 3667 2492 3739 presbyter
2521 3667 2826 3723 inconsulto
2851 3668 3104 3739 episcopo
3137 3668 3372 3739 virgines
3401 3685 3505 3725 non

1917 3768 2230 3826 consecret;
2275 3758 2511 3816 chrisma
2567 3774 2696 3814 vero
2725 3774 2997 3830 nunquam
3045 3761 3293 3818 conﬁciat
3324 3761 3512 3830 (Cone.

1919 3851 2190 3921 Carthag.,
2216 3853 2296 3906 tit.
2328 3850 2440 3924 45).

1989 3943 2081 3998 92.
2123 3943 2193 4000 Ut
2235 3944 2537 4015 presbyteri
2567 3943 2802 4000 civitatis
2833 3945 2949 4000 sine
2983 3945 3130 4014 jussu
3155 3945 3390 4017 episcopi
3426 3949 3506 4002 ni-

1921 4035 1994 4091 hil
2019 4035 2263 4106 jubeant,
2293 4051 2391 4090 nec
2421 4036 2470 4090 in
2507 4051 2822 4106 unaquaque
2868 4037 3098 4108 partecia
3128 4039 3325 4107 aliquid
3352 4048 3507 4108 agant

1921 4129 2100 4204 (Cone.
2134 4131 2416 4203 Attqui.it.,
2441 4132 2523 4185 tit.
2558 4129 2667 4199 1-1).

1991 4221 2081 4277 93.
2125 4222 2191 4279 Ut
2219 4223 2519 4294 presbyteri
2543 4223 2877 4278 abstinentes
2916 4239 2945 4277 a
2987 4222 3259 4288 carnibus,
3293 4233 3509 4294 tangant

1920 4329 2042 4381 eas;
2075 4313 2147 4369 ita
2171 4324 2227 4368 ut
2256 4315 2417 4370 etiam
2449 4315 2598 4370 olera
2623 4329 2742 4384 qum
2780 4329 2902 4370 cum
2931 4315 3184 4370 carnibus
3207 4324 3510 4385 cuquuntur

1919 4406 2207 4463 comedant
2227 4404 2410 4477 (Cone.
2440 4407 2725 4475 Anquirit.,
2755 4405 2831 4462 tit.
2864 4403 2974 4475 l-i).

1992 4498 2081 4554 94.
2123 4498 2193 4553 Ut
2221 4497 2548 4569 presbyteris
2576 4496 2833 4560 formatas
2861 4498 2989 4558 dare
3011 4513 3117 4556 non
3148 4498 3302 4554 liceat
3324 4497 3522 4569 (Cone.-

298 4583 390 4642 76.
437 4585 502 4640 Ut
530 4587 770 4655 exceptis
793 4587 1010 4644 senibus
1039 4590 1127 4658 qui
1171 4589 1290 4643 loco
1318 4591 1519 4646 moveri
1549 4607 1654 4646 mn
1686 4607 1810 4662 pos-
1838 4589 1891 4652 D
1920 4591 2182 4653 Antioch.,
2211 4591 2294 4645 tit.
2316 4585 2396 4657 8).

221 4686 356 4732 sunt
396 4689 446 4731 ct
494 4678 716 4733 inﬁrmis
747 4676 1032 4748 cpisc0pis,
1065 4681 1154 4748 qui
1201 4680 1505 4738 admonitus
1534 4682 1599 4736 ad
1631 4682 1814 4738 conci-

224 4769 360 4831 lium
410 4783 522 4824 non-
554 4770 881 4835 crcurrerit,
925 4773 1305 4827 communione
1355 4773 1592 4843 privetur
1630 4774 1813 4845 (Caua.

224 4862 544 4931 Mantum;
572 4880 715 4918 conc.
742 4863 1006 4920 Thusdrit.
1031 4883 1046 4933 ;
1077 4866 1197 4920 item
1222 4883 1368 4921 conc.
1398 4865 1602 4922 Tltenit.
1625 4884 1640 4935 ;
1667 4883 1813 4925 conc.

224 4957 626 5027 Sep'imunic.).

301 5050 395 5104 77.
437 5049 507 5105 Ut
532 5051 813 5121 episcopus
837 5051 951 5122 qui,
983 5067 1088 5107 non
1110 5059 1356 5122 suscepta
1387 5052 1670 5125 legatione,
1695 5057 1814 5110 uni-

222 5142 423 5198 versali
453 5141 679 5197 concilio
705 5145 965 5199 interesse
986 5144 1404 5216 przcsumpserit,
1419 5145 1484 5200 ab
1511 5147 1588 5201 eis
1611 5147 1821 5216 episco-

225 5237 315 5304 pis
363 5235 450 5304 qui
502 5233 823 5306 legationem
852 5235 1172 5304 suscipiunt,
1216 5234 1281 5291 ad
1314 5236 1486 5308 ipsum
1534 5237 1817 5294 concilium

223 5344 339 5383 non
369 5328 679 5382 admittatur
705 5328 886 5400 (Cone.
918 5327 1234 5398 Thusdrit.).

304 5418 393 5470 78.
435 5417 504 5474 Ut
534 5419 708 5474 nuilus
738 5420 1020 5490 cpiscopus
1072 5420 1336 5488 prioribus
1367 5421 1477 5478 suis
1522 5437 1580 5478 se
1626 5423 1817 5479 audeat

223 5519 560 5578 anteponere
590 5509 764 5579 (lianc.
800 5510 1137 5576 Milevitutit.
1173 5509 1251 5582 9.).

307 5696 330 5721 ι
377 5685 594 5741 Videtur
626 5687 709 5741 hic
739 5687 929 5742 deesse
951 5687 1102 5742 alius.

306 5757 326 5792 ε
371 5756 494 5825 Leg.
530 5757 609 5809 tit.
636 5755 689 5809 6.

309 5837 330 5865 ³
375 5827 551 5892 fretu,
580 5828 659 5882 tit.
689 5827 742 5884 9.

1997 4683 2088 4738 97$.
2133 4681 2198 4738 Ut
2246 4681 2544 4752 presbyteri
2573 4697 2683 4737 rem
2715 4680 2972 4739 Ecclesia:
3013 4681 3130 4738 sine
3177 4683 3514 4752 conscientia

1923 4773 2162 4845 episcopi
2191 4789 2298 4829 non
2344 4774 2580 4830 vendant
2607 4773 2788 4845 (Cone.
2817 4772 3098 4842 Auquirit.,
3125 4775 3201 4828 tit.
3236 4771 3335 4839 15;
3360 4791 3504 4831 conc.

1924 4868 2286 4940 llipponireg.,
2317 4869 2398 4922 tit.
2431 4867 2542 4938 11).

1993 4959 2082 5016 96.
2124 4959 2194 5016 Ut
2223 4959 2504 5031 presbyter
2542 4960 2630 5028 qui
2664 4969 2870 5014 reatum
2901 4958 3207 5022 incurrerit,
3241 4973 3270 5012 a
3300 4974 3392 5015 sex
3421 4962 3505 5018 vel

1923 5062 2130 5121 septem
2160 5052 2429 5121 epist-epis
2466 5050 2710 5106 audiatur
2737 5049 2920 5124 (Cone.
2965 5048 3208 5123 Carthag.
3251 5051 3344 5110 sub
3374 5053 3508 5106 anti-

1921 5147 2036 5202 uite
2064 5143 2349 5211 Gencthlio,
2376 5145 2454 5198 tit.
2483 5145 2516 5199 8
2545 5144 2616 5215 ε).

1993 5237 2083 5292 97.
2115 5238 2183 5293 Ut
2238 5237 2514 5309 presbyter
2544 5235 2636 5307 qui
2665 5235 2958 5292 immolavit
3000 5235 3188 5302 idolis,
3221 5244 3276 5291 et
3319 5246 3505 5304 postea

1926 5348 2021 5402 pro
2054 5332 2152 5385 ﬁde
2182 5331 2419 5386 conﬂixit
2441 5374 2455 5398 ,
2501 5331 2704 5384 lion:th
2733 5329 2946 5400 quidem
2990 5345 3094 5385 non
3122 5330 3394 5398 privetur;
3429 5337 3507 5380 ta-

1925 5440 2045 5476 tncn
2081 5437 2177 5475 nec
2204 5422 2489 5484 sacriﬁcet,
2523 5435 2617 5474 nec
2647 5436 2950 5473 sermonem
2982 5419 3139 5473 faciat
3170 5417 3218 5471 ά.

1996 5512 2084 5566 98.
2123 5513 2188 5568 Ut
2217 5511 2515 5584 presbyter,
2543 5511 2586 5566 si
2622 5527 2838 5565 uxorem
2863 5509 3094 5571 duxerit,
3115 5508 3436 5576 deponatur;
3461 5505 3506 5558 si

1950 5761 1962 5774 .
1999 5690 2328 5815 diSumptus
2386 5704 2466 5751 est
2510 5708 2680 5749 canon
2723 5709 2787 5749 cx
2838 5690 3066 5746 conctlio
3142 5688 3507 5759 Auquiritauo,

1952 5773 2008 5815 ιι.
2077 5799 2094 5815 .

1927 5773 2008 5819 ιιι.
2047 5773 2094 5817 1.
