3942 6344
1756 345 1813 398 8.
1853 343 2040 398 JUSTI
2084 303 2555 397 URGELLENSIS

3727 336 3845 398 εδδ

2843 469 3126 478 Ἥ.

570 691 572 693 ι
1049 615 1243 729 .s.
1323 572 1858 732 ausu
1932 553 3179 729 attenuatus
3519 730 3524 734 .

645 834 808 962 IN
881 827 1599 961 CANTICA
1680 827 2720 957 CANTICORUM
2788 823 3703 963 SALOMONIS

1252 1075 2226 1182 EXPLICATIO
2313 1071 2992 1178 MYSTICA
3017 1135 3055 1174 .

1970 1271 1975 1278 .
2067 1269 2070 1272 ι
2237 1267 2241 1270 ~
2309 1267 2742 1286 ___._____.

583 1409 765 1463 Carus
789 1414 1011 1462 ratuuu.
1033 1402 1269 1459 ——Nttm.
1305 1401 1355 1458 l.
1392 1402 1662 1456 Oscniefur
1688 1419 1764 1455 me
1795 1400 2107 1456 osculo‘bris
2134 1400 2181 1458 A
2214 1398 2358 1451 tione
2389 1399 2556 1450 rullus
2585 1395 2710 1465 ejus
2739 1394 2997 1464 spienduit
3031 1397 3162 1452 sicut
3193 1397 3294 1466 sol,
3346 1412 3400 1455 ut
3426 1403 3476 1458 in
3510 1397 3817 1478 Evangelia

513 1499 614 1555 sui.
645 1499 756 1554 Vox
792 1496 1061 1553 Ecclesia!
1087 1496 1199 1549 lucc
1227 1505 1311 1549 est
1353 1494 1618 1548 venientis
1643 1493 1708 1545 ad
1749 1491 1857 1546 Cltr
1878 1499 2018 1545 stum
2050 1491 2104 1544 in

513 1591 734 1656 osculo;
765 1588 1024 1644 offensam
1043 1601 1198 1658 quam
1231 1585 1370 1655 apud
1403 1585 1570 1639 Deum
1604 1583 1849 1638 homines
1873 1595 2102 1651 peccan-

517 1683 587 1735 du
633 1687 1018 1736 contraxerant
1047 1677 1242 1732 resolvi
1273 1674 1556 1745 cupientis,
1591 1685 1644 1730 et
1676 1685 1859 1744 pacem
1893 1675 1946 1728 in
1977 1683 2101 1742 qua,

511 1775 638 1826 dum
665 1785 906 1826 cssemns
949 1769 1063 1823 Deo
1110 1766 1254 1821 Patri
1299 1766 1521 1829 inimici,
1553 1782 1647 1834 per
1685 1765 1858 1834 ipsum
1910 1761 2101 1818 Filium

512 1866 628 1932 ejus
672 1861 1117 1922 reconciliatnur,
1150 1857 1399 1912 invenire
1448 1856 1804 1911 desiderantis
1838 1872 1851 1907 :
1885 1863 2104 1924 prepter

511 1955 653 2026 quod
690 1954 948 2022 propheta
977 1951 1043 2004 ad
1074 1951 1242 2005 Deum
1269 1968 1281 2004 :
1314 1950 1504 2004 Pacem
1543 1958 1681 2002 tuam
1703 1990 1716 2012 ,
1767 1946 2005 2010 Domine,
2035 1948 2103 2001 da

511 2045 678 2111 nobis,
707 2055 754 2098 et
784 2044 956 2099 omnia
985 2042 1254 2095 reddidisti
1284 2041 1425 2095 nobis
1449 2038 1588 2111 (Isa.
1617 2040 1788 2109 XXVI).
1822 2039 1876 2092 ln
1915 2039 2102 2091 Evan-

510 2140 655 2211 gelio
682 2151 894 2207 quoque
927 2133 1076 2205 (Luc.
1107 2135 1200 2203 xv)
1226 2134 1540 2188 redeuntem
1580 2147 1610 2186 a
1633 2131 1851 2202 regione
1894 2131 2101 2200 longin-

508 2248 613 2304 qua
659 2231 824 2285 ﬁlium
872 2240 1022 2298 pater
1052 2230 1396 2285 deosculatus
1448 2240 1548 2285 est.
1585 2232 1736 2286 Tunc
1764 2229 1906 2285 enim
1967 2244 2100 2299 quo.

508 2323 796 2378 dattttnodo
826 2322 1163 2378 venientibus
1187 2322 1250 2374 at]
1274 2337 1334 2376 se
1359 2324 1596 2378 osculum
1623 2323 1860 2387 tradidit,
1885 2321 2098 2392 quando

509 2418 722 2473 unicum
746 2431 900 2470 suum
927 2414 978 2467 in
1007 2399 1391 2468 ltomine‘nasci
1416 2414 1605 2480 voluit,
1632 2429 1724 2483 per
1746 2428 1904 2484 quem
1936 2415 2095 2472 etiam

513 2520 572 2562 ttt
597 2508 646 2562 ei
680 2507 824 2576 pacis
851 2504 1065 2559 vinculo
1093 2503 1462 2559 adltmreamus
1491 2504 1752 2559 attribuit.
1780 2503 2018 2573 Denique
2043 2509 2100 2558 et

507 2601 701 2667 angeli,
738 2607 991 2652 nascente
1015 2596 1264 2651 Christo:
1291 2592 1471 2650 Gloria
1499 2597 1551 2648 in
1573 2596 1783 2650 excelsis
1816 2593 1945 2660 Deo,
1973 2603 2018 2649 et
2042 2596 2096 2650 in

508 2703 642 2746 terra
669 2706 770 2758 pax
791 2687 1083 2742 hominibus
1099 2687 1246 2740 bona:
1269 2687 1544 2740 uoluntalis
1568 2685 1720 2757 (Luc.
1795 2688 1873 2756 tt),
1897 2686 2095 2742 idcirco

2211 1489 2466 1559 legimus,
2508 1499 2554 1543 et
2606 1490 2905 1544 indumenta
2936 1491 3094 1560 ipsius
3136 1494 3270 1548 velut
3305 1495 3396 1550 nia:
3421 1500 3645 1554 candida
3676 1504 3814 1571 facta

2205 1589 2324 1634 sunt
2357 1580 2514 1650 (Mat.
2543 1597 2683 1645 vivit;
2711 1580 2840 1636 Luc.
2862 1585 2935 1653 ts)
2953 1624 2969 1650 ,
2993 1601 3107 1653 qua:
3135 1587 3261 1641 talia
3288 1589 3461 1646 nullus
3491 1593 3622 1662 fullo
3654 1613 3811 1651 δῆμον

2207 1680 2396 1725 terram
2421 1677 2587 1741 facere
2610 1674 2795 1741 potuit.
2826 1674 3012 1742 Nullus
3031 1678 3172 1731 enim
3197 1679 3475 1736 doctorum
3505 1685 3572 1737 ad
3597 1694 3805 1742 tantum

2209 1760 2433 1818 nitorem
2460 1764 2603 1820 sicut
2627 1764 2714 1820 ille
2741 1766 3032 1838 discipulos
3056 1785 3181 1823 suos
3204 1771 3491 1844 aliquando
3519 1778 3802 1842 perduxit;

2211 1854 2292 1909 vel
2318 1855 2397 1910 sic
2419 1871 2448 1909 :t
2479 1856 2699 1911 maculis
2731 1858 2962 1924 ablutos,
2999 1861 3168 1916 instar
3196 1863 3331 1919 nivis
3378 1868 3635 1923 candidos
3663 1871 3719 1926 iu
3749 1884 3807 1927 se

2204 1946 2483 2002 credentes
2514 1947 2658 2002 facit.
2690 1947 2839 2004 llunc
2887 1965 3017 2022 ergo
3073 1948 3504 2026 adulescentula,
3563 1961 3653 2016 vel
3709 1976 3807 2017 nos

2205 2036 2357 2090 vellze
2381 2035 2641 2093 Ecclesia:
2664 2040 2744 2094 vel
2766 2039 3090 2112 incorrupr
3112 2046 3302 2100 anima:
3327 2047 3661 2116 dilexerunt;
3683 2068 3802 2123 qua:

2203 2129 2364 2184 etiam
2393 2128 2638 2200 ﬂagranti
2687 2145 2960 2203 unguento
3009 2136 3228 2206 repletae
3270 2154 3389 2193 cum
3437 2144 3700 2211 Apostolo
3722 2145 3804 2200 di-

2202 2229 2329 2274 cunt
2357 2238 2368 2272 :
2396 2218 2633 2276 Charitas
2664 2221 2760 2278 Dei
2807 2225 2996 2291 di/fusa
3025 2236 3099 2282 est
3146 2228 3200 2282 in
3230 2232 3464 2288 cordibus
3495 2237 3684 2290 nostris
3714 2245 3805 2308 per

2203 2311 2454 2381 Spiritum
2479 2324 2729 2380 sanctum,
2760 2318 2847 2382 qui
2874 2318 3022 2372 datus
3051 2327 3125 2373 est
3147 2323 3290 2375 nobis
3320 2323 3498 2394 (Rom.
3530 2330 3612 2398 v).

2272 2403 2428 2458 Nunt.
2457 2405 2512 2458 4.
2543 2405 2716 2460 Tralte
2743 2424 2823 2461 me
2848 2419 2960 2476 post
2984 2420 3050 2476 te,
3082 2427 3341 2468 cut-remus
3369 2417 3421 2470 in
3451 2418 3681 2473 odorem.
3711 2420 3800 2476 Dia

2199 2495 2272 2547 cit
2297 2493 2554 2550 Dominus
2578 2496 2632 2550 in
2659 2497 2952 2569 Evangelio
2979 2519 2991 2554 :
3021 2501 3194 2558 Nemo
3216 2508 3345 2559 venit
3378 2508 3446 2561 ad
3469 2526 3546 2562 me
3568 2512 3667 2565 nisi
3692 2511 3798 2566 Pa-

2200 2597 2294 2651 ter,
2322 2589 2410 2658 qui
2435 2589 2570 2642 misit
2602 2604 2706 2654 me,
2729 2594 2997 2645 attraxerit
3027 2611 3141 2647 eum
3167 2594 3346 2666 (loon.
3373 2599 3470 2668 v.).
3497 2601 3796 2660 Attrahitur

2197 2681 2342 2736 enim
2373 2681 2438 2735 ad
2460 2676 2730 2737 Christum
2756 2686 2845 2754 qui
2864 2686 3034 2741 credit
3061 2688 3114 2742 in
3138 2687 3387 2758 Christo;
3414 2692 3487 2746 illi
3519 2711 3648 2750 vero
3673 2713 3798 2751 cur-

506 2795 638 2839 voce
685 2794 920 2837 οοηεινιιθ
949 2779 1342 2842 clamaverunt,
1374 2777 1497 2847 quia
1541 2779 1713 2846 ipsum
1745 2777 1837 2847 qui
1883 2787 1966 2833 est
1991 2792 2091 2848 pax
2127 2776 2173 2835 B
2203 2779 2324 2826 runt
2353 2784 2474 2843 post
2498 2787 2644 2840 eum,
2669 2769 2758 2844 qui
2781 2790 2901 2830 eum
2924 2776 3201 2834 imitantur
3234 2782 3313 2836 ve!
3347 2783 3435 2851 qui
3464 2775 3797 2855 donoipsias

507 2887 687 2933 nostra
747 2879 900 2934 nobis
935 2881 1116 2949 utique
1139 2878 1263 2932 talia
1294 2876 1544 2942 dicendo,
1579 2876 1864 2946 perspicue
1890 2876 2092 2931 docue-

505 2983 650 3025 runt.
886 2972 897 2978 ’

575 3063 732 3120 Num.
763 3065 818 3118 ‘2.
853 3065 986 3132 Quia
1015 3066 1226 3119 meliora
1254 3073 1374 3119 sunt
1406 3064 1564 3118 ubera
1591 3075 1676 3117 tua
1699 3064 1836 3133 uino,
1861 3065 2094 3136 ﬂagran-

506 3157 575 3208 tia
606 3158 878 3226 unguentis
908 3158 1132 3226 aptimis.
1167 3151 1339 3212 Ubera
1367 3155 1584 3222 Christi,
1607 3156 1903 3226 apostolos,
1926 3170 2093 3211 evan-

503 3247 720 3317 gelistas
751 3264 855 3302 non
881 3249 1174 3318 incongrue
1202 3248 1524 3317 accipimus;
1556 3263 1652 3318 per
1691 3249 1835 3318 ipsos
1865 3247 2008 3314 enim
2041 3248 2091 3302 in

471 3339 476 3344 ’
501 3340 608 3396 ﬁde
634 3343 896 3395 nutrimur
919 3351 971 3395 et
1002 3341 1260 3410 spirituali
1288 3341 1547 3395 alimento
1571 3339 1857 3395 relicimttr.
1886 3339 2091 3394 idcirco

499 3444 677 3487 autem
733 3433 949 3486 meliora
996 3433 1119 3487 vino
1152 3432 1464 3502 probantur,
1496 3432 1619 3502 quia
1658 3445 1837 3500 evang
1863 3428 1960 3485 lica
1995 3429 2090 3485 do-

498 3527 672 3579 ctrina
722 3524 1044 3580 eminentior
1072 3540 1230 3594 quam
1264 3525 1348 3578 lex
1382 3524 1509 3578 olim
1565 3523 1685 3578 data
1738 3521 2086 3592 dignoscitur.

501 3619 733 3687 Denique.
766 3617 873 3672 illic
905 3616 1093 3687 ﬁgura,
1119 3617 1204 3671 hic
1234 3617 1464 3684 veritas;
1497 3615 1605 3671 illic
1637 3625 1885 3686 tanquam
1912 3621 2086 3668 auste-

495 3707 625 3761 ritas
658 3707 766 3762 vini
799 3704 1124 3776 diligendum
1159 3707 1531 3761 tantummodo
1577 3709 1876 3777 proximum
1905 3716 1958 3762 et
1988 3705 2085 3759 iui-

501 3803 696 3855 micum
730 3800 1017 3854 odit-udum
1067 3801 1331 3864 ostendit,
1368 3799 1453 3853 hic
1491 3798 1719 3854 dulcedo
1767 3798 1952 3868 gratia:
1992 3812 2086 3866 ιιι-ο

493 3889 724 3948 inimicis
748 3893 1031 3959 orandum,
1047 3901 1100 3947 et
1123 3905 1218 3946 eos
1238 3892 1325 3960 qui
1352 3906 1450 3945 nos
1472 3891 1700 3946 oderunt
1723 3890 1975 3945 admonet
2003 3888 2084 3943 die

492 3983 757 4052 ligendos'.
784 3983 897 4051 Ipsa
916 3995 1127 4049 quoque
1156 3981 1351 4035 Christi
1384 3982 1568 4045 ubera,
1595 3981 1646 4034 id
1675 3989 1758 4035 est
1786 3980 2080 4046 apostolos,

494 4073 779 4143 unguentis
801 4071 1017 4140 optimis
1044 4070 1321 4139 ﬂagrantia
1349 4069 1606 4134 declarat,
1633 4069 1755 4137 quia
1783 4070 1946 4122 tantis
1977 4068 2083 4122 vir-

2203 2865 2372 2933 ipsum
2405 2866 2676 2934 sequendo
2707 2861 3013 2936 proﬁciunt.

2270 2952 2426 3012 Num.
2467 2955 2522 3011 5.
2568 2953 2866 3014 Introduxit
2895 2977 2972 3014 me
3001 2978 3092 3017 rex
3119 2962 3168 3018 in
3213 2966 3425 3020 cellaria
3469 2984 3589 3024 sua.
3623 2970 3793 3026 lntrm

2198 3045 2348 3101 duxit
2387 3045 2634 3104 Christus
2661 3049 2957 3106 Ecclesiam
2989 3043 3041 3107 in
3072 3067 3168 3108 sua
3201 3056 3443 3127 cellaria,
3477 3074 3600 3114 cum
3629 3063 3677 3117 ei
3704 3078 3790 3117 re.

2198 3141 2393 3195 velavit
2424 3141 2821 3214 Scrip'urarum
2856 3146 3067 3201 occulta
3091 3151 3369 3219 mysteria,
3393 3154 3532 3206 sicut
3561 3155 3790 3224 Apost!»

2196 3229 2280 3288 ius
2305 3233 2410 3302 ait,
2437 3243 2490 3287 nt
2519 3237 2804 3290 ostenderet
2825 3237 2876 3290 in
2906 3239 3109 3294 strculis
3127 3242 3596 3309 superuenientibus
3627 3247 3796 3299 abun-

2195 3323 2376 3379 dantes
2415 3325 2620 3381 divitias
2668 3328 2848 3398 gratite
2877 3343 2982 3382 sum
3035 3329 3089 3384 in
3139 3328 3361 3386 bonitate
3409 3349 3568 3405 super
3605 3349 3700 3390 nos
3739 3339 3787 3392 ἐι

2195 3417 2398 3471 Christo
2424 3414 2548 3472 Jesu
2577 3415 2793 3489 (Ep/tes.
2822 3419 2906 3489 tt).
2933 3419 3024 3476 Vel
3051 3427 3180 3476 tunc
3205 3438 3267 3476 ex
3289 3429 3409 3477 toto
3430 3427 3605 3480 sancti
3630 3427 3788 3482 intro-

2193 3509 2460 3563 ducantur
2491 3510 2541 3563 in
2568 3509 2771 3565 Christi
2797 3511 3039 3579 cellaria,
3073 3526 3192 3568 cunt
3214 3512 3295 3569 eis
3323 3516 3375 3569 in
3403 3515 3511 3570 line
3533 3517 3783 3573 dicetur:

2201 3598 2405 3665 Venite,
2438 3600 2684 3654 benedicti
2729 3601 2902 3656 Patris
2949 3604 3080 3673 mei,
3107 3606 3355 3674 percipite
3399 3621 3616 3679 regnum
3649 3612 3786 3679 quod

2192 3691 2330 3743 vobis
2354 3701 2593 3761 paratum
2617 3701 2691 3746 est
2721 3693 2784 3747 ab
2813 3693 3010 3765 origine
3041 3696 3216 3748 mundi
3246 3696 3460 3768 ('Mattlt.
3487 3697 3649 3772 xxv).

2260 3785 2416 3840 Num.
2450 3786 2502 3842 6.
2537 3785 2922 3843 Exsuitabimus
2950 3799 2999 3843 et
3035 3789 3329 3846 lwtabinsur
3369 3794 3423 3847 in
3456 3805 3504 3848 te
3541 3814 3783 3856 memores

2190 3879 2398 3933 uberum
2429 3889 2637 3934 tuorum
2684 3898 2836 3952 super
2871 3897 3047 3936 unum.
3079 3882 3358 3942 Exsultattt
3395 3891 3568 3944 sancti
3597 3900 3652 3946 et
3687 3893 3780 3948 Iz-

2189 3983 2368 4029 tantur
2414 3977 2465 4030 iu
2511 3975 2774 4044 Domino,
2797 3992 2917 4033 cum
2952 3981 3304 4035 recordamur
3330 3984 3779 4053 quemadmodum

2188 4081 2282 4135 per
2308 4067 2471 4120 ubera
2493 4067 2716 4135 Christi,
2750 4071 3110 4138 apostolorum
3135 4073 3340 4127 scilicet
3361 4074 3645 4143 doctrinis,
3673 4081 3778 4148 spi.

494 4163 698 4216 ttttibtts
725 4163 989 4236 tantiSquc
1018 4159 1264 4214 enituere
1294 4159 1587 4223 miraculis,
1617 4168 1675 4211 ut
1705 4159 1838 4214 odor
1861 4158 2080 4227 iustitia:
2111 4145 2157 4208 C
2190 4158 2364 4213 rituali
2400 4160 2535 4214 lacte
2575 4160 2758 4214 nutriti
2800 4173 2944 4215 sunt.
3002 4164 3170 4229 Quam
3228 4163 3527 4221 doctrinam
3571 4145 3774 4224 Christi

487 4270 674 4307 corum
707 4253 862 4321 longe
894 4253 1103 4320 lateque
1125 4250 1348 4305 diﬂ‘usus
1383 4257 1509 4304 tunc
1547 4250 1813 4304 intuentes
1843 4249 2082 4306 oblecta-

489 4357 592 4411 ret,
619 4353 674 4399 rt
696 4358 867 4414 usque
895 4345 997 4398 huc
1018 4358 1207 4397 omnes
1239 4342 1440 4396 relic'at
1459 4342 1751 4406 audientes,
1779 4343 1916 4398 sicut
1944 4358 2080 4398 unus
2119 4352 2121 4354 ’

485 4457 553 4495 ex
601 4438 730 4509 ipsis
778 4437 1086 4507 pronuntiat
1125 4435 1360 4492 dicens:
1409 4435 1516 4490 Deo
1543 4445 1712 4491 autem
1755 4434 1942 4509 g'rat'a,
1991 4439 2078 4507 qui

482 4549 680 4605 semper
707 4529 987 4598 triumphat
1020 4545 1114 4583 nos
1141 4530 1199 4583 in
1227 4527 1428 4583 Christo
1458 4526 1605 4597 Iesu,
1635 4541 1681 4582 et
1711 4530 1918 4582 odorem
1943 4531 2076 4582 noti-

483 4629 570 4680 tia:
599 4641 706 4679 sum
738 4624 1027 4694 manifestat
1065 4623 1118 4674 in
1151 4622 1290 4674 omni
1319 4621 1430 4674 loco
1457 4637 1549 4689 pro
1578 4622 1718 4674 nobis
1752 4619 1804 4680 tl
1840 4615 1956 4675 Cor.
1993 4620 2072 4687 ιι).

556 4717 714 4773 Num.
755 4715 807 4770 5.
855 4717 1035 4771 Oleum
1092 4715 1310 4783 effusum
1349 4731 1530 4767 nomen
1557 4723 1730 4778 tuum,
1761 4714 1872 4766 ideo
1902 4715 2075 4768 adole-

482 4809 728 4862 scentqu
755 4809 1039 4862 dilexerunt
1067 4817 1134 4861 te.
1165 4808 1332 4873 Quem
1365 4803 1513 4859 onxit
1543 4805 1700 4869 Deus,
1737 4805 1785 4858 id
1817 4814 1897 4858 est
1921 4805 2073 4858 Clui-

485 4909 651 4963 stum,
681 4900 792 4952 oleo
821 4899 1034 4964 laetitia’,
1066 4913 1172 4967 pra:
1197 4896 1530 4967 participibus
1559 4897 1664 4949 suis
1695 4894 1868 4966 (I’sal.
1903 4895 2069 4964 κων).

486 4987 644 5056 hujus
674 4986 832 5042 etiam
866 4988 1010 5041 velut
1059 4988 1236 5041 oletnn
1273 4983 1498 5041 cliusunt
1544 4997 1624 5041 est
1664 4999 1857 5040 nomen
1896 5001 1910 5038 :
1956 4989 2072 5054 qui-

482 5096 694 5150 cunque
711 5080 854 5135 enim
885 5080 1171 5134 Christiani
1201 5095 1230 5133 a
1251 5079 1464 5134 Christo
1484 5084 1830 5134 nominantur
1862 5079 2070 5147 ipsique

480 5171 775 5227 chrismate
813 5182 1196 5239 perunguntur,
1226 5181 1383 5239 atque
1420 5172 1472 5226 in
1498 5170 1616 5241 ejus
1646 5171 1861 5226 nomine
1895 5170 2065 5240 bapti-

484 5262 590 5318 z:tti
618 5273 804 5317 sancto
834 5262 1036 5329 Spiritu
1069 5262 1444 5330 adimplentur,
1487 5274 1545 5318 ut
1570 5274 1892 5332 unguentum
1925 5268 2063 5331 quod

475 5353 756 5408 descendit
783 5367 812 5406 a
850 5354 1027 5421 capite
1070 5354 1122 5406 in
1150 5353 1359 5408 barbam
1397 5356 1568 5409 Aaron
1610 5355 1784 5426 (Psnl.
1823 5357 2060 5425 exuti);

479 5446 621 5512 quod
645 5462 850 5512 verum,
881 5445 1197 5516 perfectura,
1223 5456 1382 5516 atque
1414 5434 1760 5502 fortissiutun't
1792 5449 2004 5502 deelara
2043 5464 2058 5512 ;

2185 4251 2309 4305 dum
2364 4253 2552 4318 prisca:
2587 4253 2716 4322 legis
2743 4255 3025 4324 prteceptis
3055 4257 3342 4325 ittSpiciunt
3370 4258 3687 4323 clariorem,
3722 4261 3773 4317 in

2185 4341 2271 4396 iila
2295 4345 2376 4397 vel
2415 4360 2480 4398 ex
2506 4345 2616 4415 ipsa
2640 4344 2910 4400 Christum
2940 4348 3209 4404 intuentes
3233 4349 3555 4421 intelligunt,
3579 4355 3772 4422 quibus

2183 4434 2299 4503 ipse
2330 4435 2380 4489 itt
2414 4435 2705 4506 Evangelia
2735 4435 2863 4494 dicit
2899 4457 2911 4493 :
2953 4439 3121 4494 Vestri
3144 4440 3274 4495 beati
3304 4443 3442 4496 oculi
3465 4447 3556 4514 qui
3579 4447 3769 4514 uident,

2179 4536 2226 4578 et
2255 4542 2405 4580 aures
2426 4543 2540 4596 qua:
2565 4529 2817 4596 audiunt;
2841 4547 2986 4585 amen
3013 4533 3128 4586 dico
3149 4534 3309 4599 vobis,
3341 4535 3493 4589 multi
3513 4538 3772 4610 prophetat

2178 4627 2224 4672 et
2254 4635 2397 4688 reges
2423 4621 2734 4690 quaesierunt
2757 4623 2923 4676 videre
2943 4639 3054 4686 qua:
3080 4625 3280 4691 ridetis,
3312 4637 3357 4680 et
3380 4644 3481 4682 non
3506 4629 3769 4698 uiderunt;

2177 4723 2222 4763 et
2250 4712 2431 4766 audire
2462 4729 2575 4779 qua!
2600 4715 2818 4770 audistis
2839 4756 2854 4782 ,
2886 4727 2933 4769 et
2957 4734 3053 4772 non
3085 4720 3360 4775 audierunt
3388 4721 3609 4792 (Matth.
3641 4741 3769 4791 ut;

2179 4802 2305 4856 an.
2334 4803 2404 4873 tt).

2247 4897 2403 4951 Num.
2439 4898 2490 4950 7.
2530 4897 2673 4952 liecti
2709 4899 2928 4971 diligunt
2956 4911 3021 4954 te.
3055 4901 3161 4955 Nec
3186 4903 3328 4956 enim
3363 4905 3512 4974 pravi
3545 4918 3768 4975 possunt

2173 4991 2396 5058 dd‘gerc
2441 4992 2743 5058 aequitatem
2779 5009 2792 5044 :
2827 4993 2902 5046 illi
2936 4995 3078 5045 enim
3125 4997 3256 5049 recti
3303 5009 3430 5049 sunt
3456 5011 3510 5051 et
3537 4997 3761 5068 ddigunt

2177 5083 2358 5144 lit-nm,
2388 5084 2472 5148 qui
2495 5099 2598 5135 non
2625 5099 2807 5137 amore
2837 5095 3092 5138 creatura:
3112 5085 3310 5152 captivi
3334 5096 3586 5142 tenentur
3605 5107 3622 5166 ξ
3644 5093 3762 5153 sed,

2171 5189 2196 5227 s
2222 5183 2308 5227 rut
2356 5185 2529 5227 rtctos
2561 5175 2742 5240 decet,
2793 5177 3082 5243 pretiosum
3123 5193 3318 5231 munus
3354 5191 3757 5248 praeponentes.

2173 5267 2280 5320 Duo
2300 5268 2501 5320 auctori
2521 5269 2758 5320 omnium
2779 5267 3064 5322 dilectione
3086 5267 3152 5322 io:
3169 5267 3372 5324 tissima
3393 5272 3758 5328 :udltmserunt.

2171 5357 2274 5412 Sed
2307 5369 2358 5412 et
2384 5358 2459 5412 illi
2487 5358 2654 5412 Deum
2686 5369 2830 5412 recte
2862 5358 3090 5428 diligere
3117 5360 3501 5435 approbantur,
3535 5368 3623 5432 qui
3653 5381 3756 5419 non

2168 5448 2340 5503 solum
2373 5449 2424 5501 itt
2457 5447 2755 5514 beneﬁciis,
2783 5449 2875 5502 sed
2926 5451 2979 5502 in
3011 5449 3231 5518 ﬂagellis
3263 5451 3433 5521 ipsius
3458 5457 3754 5516 constituti,

476 5538 527 5592 id
557 5548 641 5594 est
667 5553 821 5594 socer
850 5539 1099 5607 Spiritus,
1127 5541 1214 5609 qui
1246 5554 1275 5594 a
1306 5542 1412 5597 Deo
1439 5541 1662 5596 dilTusus
1707 5553 1782 5596 e3!
1815 5543 1865 5596 in
1899 5542 2057 5596 Chri-
2091 5527 2143 5587 Β
2166 5539 2412 5595 similiter
2441 5540 2643 5611 gratias
2673 5551 2833 5611 agunt
2881 5541 3016 5596 sicut
3044 5550 3096 5595 ct
3127 5541 3217 5596 ille
3253 5543 3469 5600 dicebat
3497 5565 3511 5599 :
3538 5545 3750 5602 Benedi-

475 5642 578 5693 sto,
599 5629 859 5685 descendit
882 5632 1038 5684 etiam
1059 5633 1108 5684 in
1137 5649 1274 5684 orant
1303 5635 1581 5685 vcstitnmti
1625 5634 1756 5701 ejus,
1784 5649 1846 5686 ac
1869 5644 2058 5698 totam,

470 5732 645 5790 usque
680 5719 732 5772 in
763 5720 953 5786 linctn,
984 5720 1277 5774 Ecclesiant
1318 5721 1518 5787 replet;
1553 5739 1669 5790 quae
1708 5724 1756 5777 ei
1793 5725 2058 5780 inhmrcn-

469 5811 562 5876 de.
588 5810 700 5869 siue
744 5811 904 5867 dubio
937 5813 1100 5868 vestis
1131 5811 1293 5879 ipsius
1323 5824 1422 5872 cst.
1457 5814 1586 5872 Nam
1620 5817 1671 5872 in
1707 5818 2055 5887 transfigura-

2169 5649 2283 5685 eam
2318 5633 2595 5687 Dominum
2632 5633 2681 5687 in
2717 5634 2854 5687 omni
2887 5643 3130 5703 tempore,
3162 5637 3276 5690 laus
3301 5638 3408 5707 ejus
3439 5640 3488 5692 in
3529 5657 3617 5695 ore
3645 5658 3751 5697 nus

2166 5724 2338 5795 (Psal.
2369 5728 2590 5794 xxxiii):
2627 5725 2799 5792 idest,
2830 5727 3116 5796 ctqttando
3146 5728 3378 5782 itctitiam
3413 5747 3476 5786 es
3510 5732 3750 5788 donara-

2168 5819 2276 5887 pio,
2298 5828 2348 5873 et
2368 5819 2580 5885 quando
2607 5817 2849 5874 dolorem
2881 5818 3090 5888 (eodem
3114 5820 3460 5892 corripientc)
3489 5825 3746 5896 suscipio.
