3958 6358
238 358 344 431 eos

1206 354 1268 410 IN
1307 352 1598 410 CANTICA
1639 349 2081 408 CANTICORUM
2125 350 2556 408 ESPLICATLO.

3412 351 3522 408 παι

233 474 386 530 Sicut
421 470 558 526 alius
587 483 798 539 quoque
825 467 1294 524 vehementissima
1341 470 1590 537 passione
1635 467 1825 538 pruha-
1856 475 1904 532 Λ
1934 484 2087 523 uram
2114 469 2428 524 custodiret.
2465 470 2524 523 [Et
2549 467 2789 537 sequitur
2814 511 2826 534 ,
2869 468 3078 523 Vineam
3106 481 3394 524 meam‘non
3419 485 3515 524 ουκ

237 574 348 629 tus,
380 577 544 617 carne
589 562 864 630 putt-idus,
894 568 948 613 r-t
987 561 1230 614 sincerus
1260 563 1422 614 corde
1461 561 1669 614 locutus
1699 571 1780 614 est
1812 576 1824 612 :

240 657 300 713 Si
331 657 463 710 bona
491 653 921 723 suscepimus-de
961 669 1117 708 manu
1162 652 1403 720 Domini,
1437 652 1572 705 mala
1610 667 1700 704 cur
1729 667 1847 704 non

220 745 626 802 .sastirteamus?
665 744 919 799 Dominus
946 745 1115 806 dedit,
1149 743 1400 796 Dominus
1439 743 1664 808 abstulit,
1697 748 1830 796 sicut

237 837 466 892 Domino
496 837 688 904 placuit
711 836 782 889 ita
809 835 1001 902 factum
1025 844 1095 888 est
1115 851 1135 901 ;
1160 837 1223 888 sit
1246 851 1452 898 nomen,
1485 847 1590 888 etc.

305 930 463 986 Num.
498 930 550 984 8.
590 927 755 998 Nigra
799 943 940 991 sum,
967 933 1053 980 sed
1085 928 1330 997 formosa,
1357 927 1469 995 [ilia
1507 925 1823 994 Jerusalem,

235 1025 367 1078 ricat
395 1021 726 1102 tabernacula
776 1019 961 1073 (It-dar.
995 1019 1151 1089 Nigra
1200 1020 1541 1074 confessione
1583 1030 1830 1088 peccato-

235 1133 379 1181 rum,
412 1115 646 1170 tortuosa
679 1114 847 1184 gratia
878 1114 1223 1179 sacramenti,
1255 1112 1360 1167 lilia
1393 1113 1712 1176 Jerusalem.
1752 1117 1828 1170 Ex

235 1208 326 1261 illa
351 1209 495 1262 enim
522 1206 913 1274 primitivurum
945 1193 1184 1260 Ecclesia
1207 1221 1301 1274 per
1332 1206 1678 1275 Evangelium
1697 1217 1830 1260 nata

233 1310 319 1354 est
347 1313 468 1368 quae
499 1297 669 1366 prima
699 1297 926 1352 credidit
945 1297 995 1350 in
1015 1296 1308 1352 Jerusalem
1331 1340 1344 1362 ,
1368 1300 1454 1352 vel
1486 1310 1666 1365 certe,
1692 1298 1753 1350 si!
1775 1309 1831 1353 ut

234 1391 529 1461 Apostolus
549 1388 683 1443 dicit
707 1406 720 1440 :
758 1389 862 1443 Illa
884 1405 1001 1459 (μίαν
1021 1406 1224 1443 sursum
1254 1401 1322 1443 est
1343 1388 1652 1452 Jerusalem,
1672 1391 1831 1444 libera

233 1494 332 1549 est,
362 1499 475 1552 qua:
496 1492 568 1536 est
597 1492 759 1536 mater
787 1492 961 1536 nostra
994 1481 1190 1552 (Galat.
1220 1482 1322 1553 tv}.
1360 1486 1423 1537 l-.t
1463 1486 1675 1547 tnerito,
1707 1487 1830 1553 quia

232 1576 494 1629 assimitat
526 1587 587 1629 se
616 1573 972 1628 tabernaculis
1000 1572 1206 1639 Cedar;
1241 1575 1380 1643 qum]
1413 1573 1826 1644 interpretatur,

233 1665 587 1721 obscuritatis
614 1681 628 1729 ;
659 1665 726 1718 ad
758 1665 914 1734 cujus
939 1664 1080 1718 lilios
1099 1665 1390 1733 Apostolus
1418 1663 1550 1719 dicit
1584 1683 1596 1718 :
1632 1663 1830 1721 Fuistis

233 1757 515 1826 aliquando
543 1757 780 1821 trnebm,
809 1772 943 1809 nunc
967 1763 1140 1808 autent
1164 1757 1256 1809 lux
1277 1757 1330 1809 in
1362 1756 1579 1810 Domino
1610 1756 1824 1827 (Ephes.

1931 561 2134 613 stodivi.
2170 562 2363 616 Faczus
2392 561 2534 614 enim
2558 576 2622 615 es
2646 561 2807 616 Saulu
2839 560 3054 628 Paulus,
3086 578 3151 616 ex
3176 572 3524 631 persecutore

1932 655 2274 723 prmdicator,
2304 655 2430 708 dum
2452 655 2668 709 verbum
2694 654 2789 709 Dei
2810 654 3010 709 Juda'is
3029 655 3522 711 contradicentibus

1935 744 2253 810 praedicarit
2278 757 2330 798 et
2349 747 2566 800 omnino
2597 757 2966 814 sperneretur,
3000 747 3202 802 eisdem
3229 747 3524 804 incredulis

1932 833 2066 888 dixit
2092 851 2104 886 :
2143 834 2294 889 Vobis
2317 837 2520 905 quidem
2564 838 2822 906 Oportebat
2867 839 3141 907 pra-dicari
3171 837 3375 891 rerbum
3405 838 3521 905 D.i,

1930 928 2020 979 sed
2059 928 2298 994 quoniam
2326 929 2586 996 rcpulistis
2634 930 2763 982 illud
2793 939 2840 983 et
2881 931 3115 998 mdiguos
3141 947 3225 985 ros
3246 931 3524 1000 judicastis

1907 1088 1910 1091 τ
1933 1028 2076 1071 tanta
2104 1019 2288 1086 salute,
2313 1036 2424 1073 crce
2445 1022 2780 1074 convertimur
2807 1022 2874 1073 ad
2903 1039 2944 1090 g.
2965 1033 3095 1088 ntes,
3129 1023 3201 1074 sic
3225 1023 3357 1075 enim
3388 1035 3521 1092 prta-

1931 1111 2059 1180 cepit
2090 1109 2234 1164 nobis
2257 1128 2348 1181 per
2380 1111 2701 1182 Scripturam
2727 1110 3014 1164 Dominus:
3040 1110 3174 1165 Decii
3203 1120 3250 1164 te
3277 1113 3328 1165 in
3359 1111 3524 1164 lucem

1931 1202 2178 1272 gentium,
2207 1213 2262 1254 ut
2291 1204 2358 1256 sis
2387 1205 2440 1255 in
2492 1205 2708 1255 salutem
2757 1218 2914 1269 usque
2959 1201 3029 1254 ad
3061 1213 3340 1255 extremum
3375 1211 3526 1255 terra!

1932 1291 2048 1362 (Act
2102 1307 2228 1358 snt;
2256 1290 2366 1346 Isa.
2397 1297 2566 1363 sur).
2605 1293 2696 1348 Vel
2725 1295 2864 1348 sicut
2894 1295 3005 1363 ipse
3031 1293 3096 1346 ad
3137 1293 3352 1347 Galatas
3389 1291 3524 1347 scri-

1929 1386 2066 1452 psit,
2102 1385 2334 1436 Audistis
2362 1386 2792 1458 cotwtrsationem
2823 1402 2981 1438 meant
3012 1385 3062 1436 in
3086 1382 3381 1448 Judaismo,
3402 1382 3526 1452 quia

1930 1476 2266 1546 persequebar
2313 1474 2594 1530 Ecclcs'am
2638 1477 2770 1543 Dei,
2802 1488 2847 1530 et
2889 1475 3242 1547 expugnabam
3280 1473 3428 1528 illam
3475 1482 3524 1528 et

1933 1566 2258 1634 proﬁciebam
2299 1567 2349 1620 in
2379 1566 2651 1622 Juduismo
2681 1585 2840 1635 supra
2873 1569 3016 1621 mult;
3035 1585 3056 1622 ε
3083 1582 3366 1621 coartaneos
3388 1582 3524 1620 meos

1932 1660 1984 1713 in
2012 1677 2195 1730 genere
2231 1679 2340 1716 meo
2361 1704 2376 1728 ,
2401 1662 2744 1717 abundantius
2782 1661 3051 1717 (circulator
3080 1663 3304 1715 existens
3347 1670 3523 1730 pater-

1936 1769 2121 1806 narum
2167 1772 2392 1808 mearum
2432 1757 2764 1810 traditionum
2793 1755 2933 1825 (Gal.
2963 1752 3024 1826 t).
3059 1755 3121 1808 Et
3150 1754 3342 1810 iterum
3371 1772 3384 1808 :
3417 1753 3524 1808 Sed

235 1850 319 1918 v).
354 1849 532 1903 Potest
576 1848 738 1902 ctiam
772 1849 920 1918 nigra
946 1849 1154 1912 vocari,
1187 1861 1307 1902 cum
1339 1848 1696 1917 passiouibus,
1729 1866 1828 1919 op-
1864 1848 1906 1906 Β
1937 1863 2050 1914 qtae
2077 1849 2200 1901 mihi
2225 1851 2427 1916 [uerunt
2459 1850 2628 1916 lucra,
2655 1850 2764 1902 Ita'c
2783 1850 3056 1902 arbitratus
3084 1863 3196 1900 sum
3221 1847 3528 1900 detrimenta

233 1941 500 2009 probriis,
543 1939 882 1994 contumeliis
939 1949 993 1994 ct
1035 1941 1309 2008 despectui
1353 1940 1602 1994 traditur.
1635 1940 1826 1994 Consi-

231 2033 364 2086 dera
391 2031 597 2101 nigram
627 2040 786 2099 atque
809 2029 1101 2085 formosam
1131 2049 1144 2086 :
1179 2033 1232 2085 in
1261 2031 1428 2086 Paulo
1453 2047 1468 2084 :
1494 2030 1561 2085 In
1590 2033 1826 2086 omnibus

233 2124 619 2177 tribulationem
647 2123 903 2192 patimur,
952 2122 1048 2175 sed
1070 2139 1170 2176 non
1199 2125 1589 2192 angustiamur;
1620 2125 1832 2200 aporiaf

231 2233 372 2280 mur,
401 2217 490 2272 sed
514 2231 617 2270 non
641 2214 1008 2279 destituimur;
1039 2215 1331 2283 dejicimur,
1363 2216 1451 2270 sed
1476 2233 1579 2269 non
1604 2217 1828 2281 perimus

234 2307 323 2375 ill
343 2308 463 2363 Cor.
496 2308 595 2376 tv).
619 2306 1080 2373 Quemadmodum
1111 2308 1454 2364 tabernacula
1479 2309 1684 2375 Cedar;
1716 2320 1828 2364 tan-

229 2418 391 2470 quam
421 2410 758 2470 purgamenta
802 2401 958 2468 hujus
989 2401 1166 2454 mundi
1216 2403 1341 2468 facti
1379 2418 1575 2470 suntne,
1601 2404 1829 2456 omnium

233 2494 561 2562 pcripscma;
591 2504 646 2546 et
677 2493 818 2546 sicut
844 2492 996 2559 pellis
1023 2491 1346 2557 Salomonis,
1382 2509 1584 2563 semper
1609 2495 1828 2564 morti/i-

231 2586 494 2639 rationem
522 2584 650 2638 Jcsu
683 2583 874 2640 Christi
916 2588 968 2638 in
993 2601 1150 2639 carne
1199 2595 1372 2648 nostra
1398 2587 1828 2657 circumferentes,

232 2690 294 2732 ut
319 2680 418 2732 rita
445 2676 571 2732 Jesu
602 2679 955 2746 mani/‘estetur
996 2677 1049 2730 in
1087 2693 1241 2731 carne
1279 2688 1455 2731 nostra
1494 2679 1720 2733 ntortali.

312 2772 470 2832 Nam.
502 2771 556 2825 9.
583 2769 765 2826 Nolite
794 2787 872 2825 me
894 2772 1218 2826 considerare
1240 2773 1378 2840 quod
1399 2775 1545 2843 fusca
1568 2773 1687 2838 sint,
1710 2772 1832 2842 quia

169 2881 182 2886 ·
233 2863 554 2918 decolorarit
580 2879 659 2916 me
687 2864 786 2917 sol.
827 2863 880 2916 Id
908 2872 991 2918 est
1017 2881 1032 2917 :
1063 2865 1231 2918 nolite
1275 2879 1360 2919 me
1396 2848 1754 2931 conetitutaur
1777 2864 1831 2917 in

240 2957 627 3026 persecutione
671 2955 990 3026 despicere;
1022 2965 1184 3012 aestus
1235 2956 1378 3012 enim
1431 2956 1830 3010 tribulationum

231 3049 504 3112 sustinui,
535 3059 591 3102 et
627 3051 781 3118 quasi
826 3047 1078 3103 decorem
1119 3049 1436 3114 temporalis
1479 3047 1832 3117 iucunditatis

233 3142 429 3195 amisi:
465 3139 565 3194 Per
593 3142 779 3215 multas
806 3139 948 3195 enim
990 3139 1339 3194 tribulationes
1387 3153 1582 3208 Oportet
1642 3155 1727 3194 me
1753 3140 1834 3192 in-

1931 1941 2158 2013 (l’hilip.
2193 1941 2294 2013 ηι),
2332 1953 2582 2014 tanquam
2616 1944 2716 1998 sub
2763 1943 3046 2011 atnigmate
3075 1942 3259 1997 dicens
3285 1959 3300 1996 :
3329 1939 3525 1996 Parue—

1930 2046 2047 2088 runt
2076 2051 2154 2088 me
2200 2037 2465 2092 custodem
2500 2037 2677 2100 vineis,
2706 2037 2906 2089 vineam
2935 2050 3098 2088 meam
3128 2035 3270 2089 enim
3302 2049 3405 2088 non
3437 2047 3526 2087 cu-

1931 2125 2136 2178 stodiri.
2527 2185 2530 2190 ι

2002 2218 2162 2272 Nunt.
2201 2218 2283 2272 12.
2314 2218 2497 2272 Indica
2528 2219 2651 2272 mihi
2693 2234 2840 2288 quem
2869 2218 3038 2290 diligit
3068 2218 3242 2271 artium
3274 2233 3416 2280 mea,
3438 2215 3526 2268 ubi

1937 2326 2118 2379 pascas
2138 2349 2153 2374 ,
2185 2310 2269 2362 ubi
2292 2312 2444 2363 cubas
2473 2311 2524 2364 in
2551 2312 2777 2366 meridie.
2811 2309 3063 2378 Legimus
3105 2309 3158 2363 in
3193 2307 3482 2378 Evangelia
3509 2325 3521 2358 :

1934 2402 1994 2458 Si
2024 2403 2284 2470 dixerint,
2320 2401 2450 2455 Ecce
2479 2401 2566 2456 hic
2608 2411 2682 2456 est
2728 2400 2994 2463 Christus,
3027 2416 3138 2454 ecce
3181 2400 3323 2465 illic,
3369 2397 3527 2452 nolite

1932 2497 2074 2550 exire
2094 2494 2310 2566 (Matth.
2343 2510 2468 2549 xstv
2490 2512 2506 2562 ;
2531 2493 2700 2549 Marc.
2743 2495 2884 2564 xm).
2918 2493 3014 2548 llic
3040 2492 3184 2548 enim
3213 2502 3371 2562 atque
3393 2491 3524 2558 illic,

1935 2597 2116 2657 partes
2159 2602 2281 2642 esse
2320 2597 2649 2651 noscuntur;
2676 2583 2920 2640 Christus
2956 2592 3134 2638 autt-m
3178 2584 3230 2637 in
3280 2583 3524 2638 Ecclesia

1933 2677 2197 2732 catholica
2228 2687 2478 2746 tanquam
2521 2677 2572 2730 in
2602 2675 2826 2731 meridie
2854 2676 3085 2740 cubans,
3123 2675 3381 2729 mundum
3407 2671 3526 2729 uni-

1935 2783 2156 2822 versum
2179 2782 2277 2822 suo
2319 2767 2527 2836 fulgore
2572 2766 2835 2836 pet-ludit,
2865 2775 2920 2821 et
2951 2767 3002 2821 in
3033 2767 3226 2836 spiritu
3270 2765 3525 2822 ferventi-

1937 2859 2036 2913 bus
2060 2855 2366 2928 requiescit,
2399 2870 2557 2928 atque
2587 2872 2651 2914 ex
2675 2873 2737 2914 ea
2769 2859 3032 2914 charitate
3061 2873 3163 2929 qua
3187 2859 3372 2914 orbem
3403 2860 3523 2914 uni-

1940 2963 2155 3004 versum
2197 2949 2442 3018 irradiat,
2475 2950 2771 3019 credentes.
2810 2951 2865 3005 in
2913 2966 2973 3006 se
3023 2951 3249 3021 populos
3288 2951 3531 3022 quotidie

1939 3041 2129 3110 pascit.

2009 3135 2162 3188 Num.
2203 3135 2288 3189 l3.
2324 3134 2606 3206 Nc-oagari
2635 3135 2879 3204 incipiam
2924 3149 3017 3203 per
3050 3150 3226 3205 greges
3270 3132 3529 3188 sodalium

233 3232 380 3286 (rare
406 3232 458 3284 in
494 3246 708 3301 regnum
741 3226 836 3284 Dei
881 3231 1020 3298 (Act.
1053 3233 1188 3300 xlv).
1222 3230 1278 3284 lu
1319 3229 1422 3285 illis
1449 3245 1678 3300 namque
1712 3245 1832 3284 sum
1864 3225 1910 3288 C
1942 3237 2143 3281 tuorum
2169 3226 2262 3282 :id
2288 3237 2391 3293 est,
2413 3227 2531 3282 siin
2552 3242 2616 3282 ea
2641 3227 2886 3283 claritate
2915 3244 3015 3298 qua
3049 3227 3282 3283 lidclium
3315 3237 3528 3284 tuorutu

233 3328 310 3382 de
347 3325 539 3394 quibus
579 3325 836 3394 scriptum
871 3332 951 3377 est
986 3341 998 3376 ε
1037 3323 1180 3376 Beati
1217 3324 1306 3393 qui
1355 3323 1561 3394 lugent,
1592 3324 1838 3391 quoniam

232 3419 342 3502 ipsi
364 3418 759 3472 consolabuntur
777 3433 796 3470 :
824 3426 872 3470 et
904 3433 991 3470 vos
1025 3418 1228 3486 quidem
1271 3417 1534 3470 tristitiam
1563 3415 1831 3482 habebitis,

233 3511 466 3574 mundus
494 3522 666 3564 autem
690 3511 951 3581 gaudebit,
984 3509 1075 3563 sed
1097 3512 1192 3563 tris
1217 3511 1310 3564 itia
1325 3522 1486 3565 vestra
1515 3514 1567 3565 in
1587 3512 1836 3583 gaudium

233 3615 559 3658 conuertetur
587 3603 802 3672 (Matth.
835 3619 894 3667 v;
922 3600 1083 3657 Joan.
1121 3604 1258 3673 xvr).

322 3693 477 3750 Nunt.
519 3695 599 3749 10.
633 3694 759 3750 Filii
787 3701 963 3751 multis
989 3713 1112 3750 mea:
1142 3707 1490 3769 pugna-vetant
1530 3708 1708 3751 contra
1735 3714 1832 3751 me.

159 3831 164 3836 .
235 3785 368 3840 Filii
401 3785 603 3842 scilicet
635 3789 952 3858 Synagogze,
983 3789 1072 3857 qui
1116 3791 1394 3842 docentem
1440 3799 1494 3843 ct
1521 3802 1832 3858 arguentem

233 3874 578 3943 Stephanum
604 3887 892 3947 martyrem
920 3878 1288 3946 lapidaverunt
1311 3895 1324 3931 :
1359 3877 1425 3932 Et
1453 3881 1592 3948 facta
1621 3888 1696 3933 est
1719 3899 1834 3948 pcr-

237 3967 439 4021 secutt'o
472 3984 522 4021 ru
555 3985 661 4038 grta
701 3970 753 4022 in
786 3968 1016 4023 Ecclesia
1053 3985 1168 4039 qua:
1209 3981 1318 4023 erat
1351 3969 1750 4040 Hierosolymis,
1784 3982 1830 4024 ct

236 4076 420 4115 omnes
448 4065 630 4131 fratres
658 4064 876 4133 dispersi
908 4073 1024 4117 sunt
1055 4081 1146 4133 per
1165 4065 1394 4134 regiones
1424 4063 1623 4120 Judtrtc
1653 4077 1697 4119 et
1731 4068 1832 4120 Su-

243 4155 434 4208 mario:
465 4153 582 4223 (Act
631 4153 874 4224 \‘t:t).Vcl
901 4156 971 4210 illi
999 4158 1158 4210 t-tiam
1187 4169 1550 4227 pugnaverunt
1573 4160 1830 4215 adtersns

244 4246 571 4312 Ecclesiam,
604 4249 695 4315 qui
723 4248 942 4301 Paulum
970 4249 1346 4313 praedicantem
1371 4249 1421 4304 in
1447 4251 1710 4320 gentibus,
1729 4267 1830 4319 per

240 4339 493 4394 civitates
521 4341 756 4408 singulas
782 4343 1045 4410 persecui
1082 4351 1226 4397 sunt.
1271 4344 1528 4398 Similiter
1555 4354 1608 4397 et
1635 4344 1709 4397 illi
1742 4345 1829 4413 qui

242 4431 450 4501 bisqui
469 4446 536 4486 es
563 4431 809 4500 gentibus
833 4433 1190 4497 crediderant,
1211 4450 1372 4489 (meta
1400 4435 1530 4505 legis
1553 4436 1831 4504 imponen-

239 4525 320 4582 da
347 4527 658 4589 censebant,
689 4541 806 4594 qua:
837 4527 894 4580 lt.
926 4527 1155 4581 Jacobns
1186 4544 1303 4582 cum
1333 4528 1543 4583 cceteris
1571 4529 1829 4597 apostolis

239 4617 536 4674 salubriter
560 4618 885 4672 removenda
911 4617 1551 4688 dccrevit(ztct.xv).Nam
1573 4630 1622 4674 et
1647 4619 1722 4674 illi
1746 4622 1834 4690 qui
1865 4597 1918 4657 D

245 4708 468 4763 Galatas
500 4708 550 4762 in
577 4709 790 4762 Christo
835 4710 1118 4765 credentes
1154 4710 1464 4766 circumcidi
1509 4723 1787 4766 suaserant
1819 4754 1834 4778 ,

244 4805 628 4869 perturbamus
672 4802 1034 4872 evangelicam
1077 4804 1414 4860 traditionem
1449 4804 1705 4858 adversus
1739 4804 1838 4859 Ec-

241 4897 473 4951 clcsiam
497 4911 764 4966 pugnasse
790 4897 1071 4964 docentur,
1104 4897 1170 4952 de
1191 4900 1386 4966 quibus
1411 4899 1604 4953 Paulus
1625 4909 1840 4968 aposto.

225 4991 334 5044 .Ins
363 4988 472 5040 ait:
505 4987 686 5057 Neque
735 4989 880 5044 enim
930 4988 981 5041 hi
1027 4989 1115 5058 qui
1166 4989 1621 5043 circumciduntur
1667 4990 1838 5059 legem

238 5081 580 5145 custodiunt,
602 5080 696 5135 sed
718 5080 894 5135 volunt
918 5095 1004 5134 vos
1030 5081 1326 5134 circumcidi
1346 5080 1466 5133 utin
1497 5097 1651 5136 carne
1677 5092 1840 5136 uestra

237 5171 532 5241 glorientur
563 5170 710 5242 (Gal.
731 5171 822 5241 rt).
858 5171 933 5228 De
956 5170 1086 5241 ipsis
1111 5172 1271 5225 etiam
1293 5172 1426 5226 dixit
1459 5189 1472 5225 :
1506 5171 1717 5227 Utinam
1746 5174 1838 5227 ab-

233 5263 554 5318 srindantur
583 5264 671 5330 qui
699 5279 786 5317 vos
807 5265 1112 5318 conturbant
1138 5262 1357 5334 (Ibid).

323 5354 481 5408 Nam.
518 5355 600 5408 Η.
639 5355 927 5410 l’osuerunt
960 5372 1038 5408 me
1065 5357 1324 5408 custodem
1355 5357 1406 5408 in
1446 5356 1621 5409 vineis.
1662 5355 1842 5410 Vinea:

235 5461 464 5514 quoque
494 5444 627 5510 istm,
659 5445 955 5516 Synagogm
979 5455 1104 5499 sunt
1132 5464 1144 5499 :
1188 5450 1459 5516 deceperat
1488 5447 1685 5515 quippe
1707 5448 1836 5501 Sau-

239 5544 338 5596 lus
367 5548 706 5606 potestatem,
741 5549 794 5593 et
821 5538 1065 5606 epistolas
1087 5557 1116 5590 a
1149 5539 1461 5607 principibus
1489 5539 1836 5600 sacerdotum,

239 5644 306 5688 ut
354 5650 677 5703 quoscunque
712 5624 970 5688 credentes
999 5635 1049 5686 in
1091 5632 1294 5687 Christo
1325 5635 1592 5702 reperisset
1621 5638 1754 5688 viros
1778 5651 1838 5686 ac

233 5726 510 5787 mulieres,
537 5727 588 5780 in
611 5727 869 5778 custodias
894 5727 1093 5777 tradere
1127 5734 1179 5777 ut
1211 5725 1513 5793 punirentur
1540 5727 1673 5798 (Act.
1715 5739 1827 5782 txct

235 5816 395 5889 un)
424 5835 436 5868 ι
468 5828 524 5874 ut
565 5819 690 5876 dum
721 5819 822 5875 ista
861 5825 1210 5890 perpetraret,
1245 5818 1394 5886 quasi
1427 5816 1723 5893 Synaguga:
1752 5822 1828 5874 vi-

1947 3323 2271 3378 univcrsitas
2311 3321 2558 3378 consistit
2581 3364 2595 3387 ,
2627 3332 2676 3376 te
2706 3321 3031 3391 habitantem
3064 3323 3404 3392 ignoravere,
3435 3337 3534 3389 per

1943 3429 2134 3486 greges
2160 3413 2448 3479 sodalium,
2474 3413 2526 3468 id
2560 3421 2640 3469 est
2663 3428 2758 3484 per
2778 3414 3220 3483 congregatioues
3244 3414 3528 3470 heretico-

1943 3522 2084 3572 rum,
2138 3506 2386 3576 incipiam
2428 3506 2702 3560 oberrare.
2735 3504 2960 3562 Sodales
2996 3505 3195 3576 quippe
3234 3503 3434 3560 Christi
3459 3520 3524 3560 ex

1941 3597 2172 3666 quadam
2199 3609 2347 3664 parte
2369 3596 2604 3651 luereiiti
2637 3595 2995 3665 appellentur,
3021 3595 3143 3665 quia
3169 3594 3525 3659 nativitatem,

1942 3690 2268 3760 pusionem,
2303 3700 2357 3745 et
2383 3689 2830 3744 resurrectionem
2848 3685 3022 3756 ipsius
3049 3687 3400 3758 profitentur;
3432 3690 3527 3742 sed

1941 3785 2062 3852 quia
2091 3784 2157 3838 de
2178 3783 2311 3852 ipsis
2338 3783 2627 3852 Apostolus
2649 3781 2754 3836 ait:
2788 3774 3047 3834 Habentes
3083 3781 3301 3851 formam
3323 3781 3528 3850 pietatis

1939 3890 1986 3930 et
2017 3877 2224 3931 virtutes
2248 3879 2358 3948 ejus
2379 3876 2682 3946 abnegantes
2705 3871 2792 3943 (ll
2828 3872 3028 3926 Tim.ttt
3067 3912 3081 3938 ,
3113 3888 3212 3927 non
3236 3872 3345 3940 jam
3372 3873 3529 3926 soda-

1946 3970 2045 4034 lt'S,
2075 3967 2170 4024 sed
2203 3967 2496 4023 adversarii
2524 3966 2959 4037 comprobantur.

2013 4062 2170 4117 Num.
2217 4062 2302 4117 14.
2336 4063 2394 4118 Si
2422 4063 2630 4134 ignoras
2653 4070 2721 4126 te,
2750 4078 2778 4112 ο
2811 4058 3156 4128 pulcherrima
3181 4058 3316 4110 inter
3343 4054 3528 4109 mulie-

1938 4172 2039 4222 res,
2090 4159 2324 4228 egredere
2345 4164 2391 4209 et
2426 4155 2509 4209 abi
2558 4163 2670 4223 post
2705 4153 2936 4224 vestigia.
2984 4150 3094 4205 Vox
3125 4149 3327 4206 Christi
3351 4159 3435 4204 est
3461 4149 3532 4204 ad

1940 4247 2238 4302 Ecclesium
2257 4286 2271 4310 ,
2298 4245 2359 4301 Si
2385 4247 2596 4316 ignoras
2635 4255 2702 4310 te,
2733 4261 2761 4297 ο
2790 4243 3012 4314 pulchra
3035 4242 3164 4296 inter
3189 4241 3426 4296 mulieres
3443 4254 3463 4294 :
3484 4239 3536 4296 si

1939 4354 2042 4392 non
2074 4337 2325 4406 intelligis
2352 4337 2471 4406 quia
2514 4346 2568 4390 tu
2596 4352 2654 4391 es
2702 4337 2790 4390 illa
2838 4336 2924 4390 cui
2961 4336 3015 4389 in
3045 4335 3248 4405 psalmo
3294 4333 3530 4389 dicitur:

1937 4429 2093 4493 Audi,
2129 4430 2238 4498 ﬁlia
2260 4469 2275 4492 ,
2305 4435 2350 4481 et
2398 4429 2511 4480 vide
2530 4467 2545 4493 ,
2577 4437 2626 4481 et
2672 4428 2862 4480 inclina
2885 4443 3057 4481 aurem
3087 4435 3250 4493 tuam,
3281 4437 3329 4479 et
3353 4424 3532 4478 obliri—

1937 4539 2076 4576 scere
2105 4521 2350 4591 populum
2379 4531 2520 4572 tuum
2547 4532 2596 4574 et
2623 4523 2832 4574 domum
2871 4522 3034 4590 patris
3057 4521 3152 4583 tui,
3200 4519 3319 4588 quia
3349 4535 3533 4572 concu-

1943 4616 2091 4684 piscit
2123 4629 2214 4666 rex
2254 4610 2685 4681 pulchritudinem
2739 4621 2877 4664 tuum
2913 4609 3083 4682 (Psal.
3115 4609 3295 4677 κων),
3325 4609 3446 4678 quia
3473 4618 3531 4663 tu

1945 4707 2055 4758 sola
2083 4703 2336 4772 accepisti
2367 4704 2615 4758 decorem
2640 4700 3062 4771 incorruptibilis
3086 4701 3432 4754 sacramenti.
3465 4699 3536 4754 Et

1943 4798 2081 4851 bene
2109 4795 2202 4862 ait,
2235 4797 2365 4848 inter
2413 4795 2680 4860 mulieres,
2707 4795 2757 4848 id
2790 4803 2890 4857 cst,
2917 4793 3149 4864 gloriosa
3183 4792 3322 4848 inter
3361 4792 3534 4849 hatre-

1943 4905 2074 4946 ses:
2121 4905 2360 4960 congrue
2397 4889 2542 4945 enim
2595 4889 2881 4944 mulierum
2931 4887 3148 4944 nomine
3192 4889 3529 4955 vocitantur,

1944 4984 2066 5054 quia
2093 4983 2449 5052 virginitatem
2473 4997 2593 5050 qua:
2613 4981 2766 5036 estin
2791 4980 3005 5036 Christo
3024 4979 3342 5035 amiserunt.
3370 4978 3536 5050 Igitur

1947 5092 2052 5130 non
2081 5076 2320 5142 oberres,
2354 5089 2440 5131 nte
2466 5074 2593 5132 alibi
2620 5083 2769 5129 extra
2795 5083 2847 5130 te
2885 5071 3177 5144 querendo
3203 5072 3312 5127 ullo
3334 5075 3533 5138 modo;

1945 5169 1999 5224 in
2025 5178 2074 5224 te
2103 5183 2300 5238 quippe
2321 5167 2408 5222 ubi
2433 5183 2518 5222 me
2541 5167 2802 5222 hactenus
2823 5181 2928 5224 non
2952 5165 3251 5234 quaerebas,
3283 5173 3536 5234 tanquam

1947 5263 2000 5316 in
2035 5260 2257 5315 meridie
2297 5261 2602 5329 requiesco.
2629 5257 2748 5313 Jam
2784 5259 3021 5328 intellige
3053 5258 3141 5312 ubi
3186 5272 3271 5314 me
3301 5271 3537 5327 pascen-

1947 5361 2052 5406 tem
2085 5360 2138 5406 et
2168 5353 2553 5422 gubernantem
2588 5350 2928 5417 temetipsum
2959 5362 3189 5419 quaeras.
3219 5363 3286 5403 ne
3313 5345 3460 5401 velut
3481 5345 3535 5399 in

1951 5455 2106 5500 nocte
2137 5445 2498 5515 quorumlibet
2541 5444 2811 5498 simulatio
2844 5453 2894 5497 te
2933 5443 3204 5498 abducat:
3241 5438 3363 5509 quia
3413 5445 3536 5491 tan-

1951 5541 2228 5597 tummodo
2257 5539 2308 5593 in
2340 5549 2393 5594 te
2434 5553 2582 5594 certa
2615 5539 2902 5593 sinrctitas
2928 5551 3012 5588 tne
3040 5532 3178 5600 apud
3209 5541 3260 5585 te
3283 5538 3540 5599 regnante

1950 5633 2234 5701 perdurat.
2267 5630 2318 5684 in
2352 5630 2458 5684 illis
2489 5643 2539 5682 te
2581 5643 2703 5683 esse
2741 5639 3026 5696 euguoscc,
3056 5623 3246 5690 quibus
3289 5626 3411 5690 post
3455 5632 3539 5671 re-

1947 5725 2336 5780 sin-rectionem
2391 5736 2562 5777 meam
2609 5720 2872 5774 veraciter
2915 5711 3196 5779 rcpromisi
3227 5729 3240 5764 :
3274 5709 3403 5764 Ecce
3447 5722 3543 5776 ego

1949 5820 2201 5875 vobiscum
2223 5832 2335 5871 sum
2361 5829 2516 5884 usque
2537 5814 2603 5868 ad
2621 5807 3101 5868 consummationem
3126 5805 3298 5861 stt'culi
3326 5799 3543 5888 (Matth.
