3942 6344
509 333 610 396 967

1748 337 1807 396 S.
1849 335 2036 396 JUSTI
2077 327 2553 393 URGELLENSIS

3696 336 3813 399 968

515 456 727 528 uvni).
758 456 907 526 Quod
952 458 997 512 si
1025 455 1253 527 quadam
1284 453 1678 524 promissorum
1722 466 1963 507 meorum
1997 450 2093 504 du-
2124 456 2171 510 Α
2203 448 2452 506 fessionis
2486 453 2756 509 odorifero
2787 458 3056 523 unguento
3085 471 3206 511 eum
3250 456 3537 527 perunxit,
3571 466 3637 512 ut
3674 474 3810 514 cum

513 550 769 604 bitatione
798 550 975 618 aliquo
1004 548 1163 603 modo
1191 548 1438 614 lluctuas,
1487 561 1587 601 nec
1628 559 1800 600 meam
1852 557 2089 613 prasen-

510 646 663 713 tiam,
693 658 791 699 nec
816 652 962 697 tuam
996 641 1445 709 pulchritudinem
1478 640 1759 707 cognoscis
1786 652 1799 689 :
1828 636 2089 706 egredere,

508 749 555 791 et
575 736 659 790 abi
688 745 800 805 pott
821 735 1029 804 vestigia
1047 749 1254 804 gregum
1285 742 1511 785 tuorum.
1538 730 1727 783 Merito
1748 728 1943 782 etenim
1974 732 2094 793 post

508 828 726 898 vestigia
755 841 972 897 gregum
1009 835 1210 894 perget,
1233 825 1353 894 quia
1381 823 1610 893 pastoris
1635 820 1973 891 prmsentiam
2000 816 2092 872 de-

508 919 738 987 reliquit.
774 918 838 972 Et
862 936 1010 989 pasce
1036 917 1208 972 [tardos
1234 928 1344 970 tuos
1370 919 1527 989 juxta
1556 914 1883 968 tabernacula
1912 919 2088 983 pasto-

505 1027 663 1066 rum:
694 1012 920 1081 injustas
974 1012 1220 1065 homines
1261 1011 1532 1065 obiectans
1584 1006 1961 1063 traditionibus
2007 1008 2090 1062 vel

504 1105 896 1160 conventiculis
927 1106 1320 1159 hmreticoruzn.
1355 1104 1447 1157 His
1477 1103 1674 1157 etenim
1703 1102 2093 1170 redargutioni-

509 1184 607 1253 lius
635 1198 905 1267 obiurgari
952 1206 1253 1257 merentur,
1288 1195 1379 1265 qui
1408 1195 1679 1251 Christum
1727 1196 1778 1249 in
1829 1195 2091 1251 catholica

508 1288 768 1355 Ecclesia,
795 1289 879 1343 Vel
907 1290 1117 1359 seipsos
1147 1289 1440 1344 Ecclesium
1483 1288 1805 1345 catholicam
1837 1302 1958 1344 esse
1986 1304 2091 1342 non

502 1390 851 1453 Cognoscttnt.

574 1476 734 1529 Nam.
766 1475 852 1531 15.
883 1475 1149 1547 Equitatui
1176 1492 1282 1530 meo
1309 1478 1359 1529 in
1386 1475 1619 1529 curribus
1652 1474 1964 1529 Pharaonis.
1998 1474 2089 1528 Di-

504 1569 579 1621 eit
630 1567 843 1625 Abacne
891 1572 1150 1640 prepheta
1181 1588 1193 1622 :
1226 1570 1476 1640 Nunquid
1505 1572 1556 1623 in
1585 1570 1883 1639 [luun'nibus
1927 1570 2094 1623 iratus

500 1683 553 1720 es
573 1712 585 1732 ,
621 1667 834 1723 Domine
851 1711 864 1733 ,
894 1678 983 1723 aut
1008 1670 1061 1723 in
1083 1670 1380 1740 ﬂuminibus
1403 1670 1549 1740 furor
1578 1680 1697 1724 tuus
1720 1711 1734 1735 ,
1759 1670 1836 1723 uel
1878 1671 1935 1724 in
1959 1670 2094 1725 mari

500 1761 791 1831 indignatio
822 1771 927 1827 tua,
959 1764 1047 1832 qui
1094 1764 1327 1817 ascendis
1356 1780 1508 1833 super
1546 1780 1701 1834 equos
1736 1774 1867 1829 tuos,
1895 1772 1942 1818 et
1968 1780 2095 1834 qua-

2200 538 2495 595 voluntaric
2524 557 2736 610 passum
2785 544 2980 609 fuisse,
3016 552 3071 599 et
3097 560 3126 598 a
3164 547 3390 601 mortuis
3420 551 3810 605 resurrexisse

2197 629 2285 683 die
2333 631 2491 685 tertia
2543 635 2735 688 virtute
2780 636 3028 705 propria,
3074 636 3138 690 in.
3173 639 3401 693 salutem
3446 641 3804 697 credentium

2199 724 2496 791 prmdicare
2528 740 2634 781 non
2661 738 2855 782 cesset.

2266 814 2423 869 Num.
2448 817 2535 870 20.
2568 815 2685 871 East
2702 819 2867 872 iculus
2892 820 3111 891 nigri/ne
3131 820 3347 877 dilectus
3368 836 3531 878 meus.
3559 823 3805 894 Myrrha:

2195 910 2437 975 species,
2469 917 2799 963 mortuorum
2834 911 3153 980 corporibus
3199 911 3520 969 condiendis
3552 925 3686 983 apta
3722 918 3804 970 di-

2193 1003 2491 1071 gnoscitur.
2525 1001 2835 1058 Fasciculus
2863 1004 3044 1073 itaque
3074 1005 3307 1074 myrrha:
3329 1002 3579 1060 Christus
3596 1022 3801 1077 passus

2194 1102 2249 1148 et
2276 1102 2515 1150 mortuus
2545 1104 2598 1149 et
2625 1095 2887 1163 Sepultus.
2936 1095 3079 1150 Inter
3106 1098 3261 1149 ubera
3299 1112 3410 1150 mea
3448 1099 3800 1151 coiunwrabg-

2196 1196 2301 1242 tur.
2332 1186 2502 1241 Ubera
2528 1187 2784 1242 Ecclesiae
2809 1202 2930 1243 esse
2953 1188 3151 1243 eruditi
3173 1198 3231 1243 et
3250 1189 3514 1257 spirituali
3545 1191 3694 1245 lacte
3722 1208 3796 1245 re-

2195 1278 2494 1334 dundantes
2523 1281 2612 1349 qni
2641 1290 2926 1336 nascentes
2949 1282 2998 1335 in
3028 1283 3132 1337 ﬁde
3161 1283 3383 1353 populos
3405 1284 3689 1351 nutriunt,
3724 1287 3794 1339 illi

2195 1375 2312 1430 sine
2339 1376 2503 1430 dubio
2525 1376 2964 1444 comprobantur,
3007 1377 3095 1443 qui
3129 1385 3357 1431 mortem
3387 1375 3630 1443 Domini,
3656 1380 3794 1435 sicut

2198 1480 2521 1539 prmi-cptum
2551 1480 2664 1534 est,
2690 1470 3012 1533 annuntiare
3060 1470 3233 1525 donec
3275 1471 3488 1538 veniat,
3531 1473 3791 1528 omnibus

2197 1563 2369 1617 modis
2392 1577 2495 1616 non
2517 1561 2804 1617 desistunt.
2888 1608 2893 1615 .

2266 1654 2427 1710 Nom.
2449 1654 2539 1708 21.
2558 1651 2743 1707 Botrus
2764 1654 2922 1724 Cypri
2948 1653 3161 1708 dilectus
3186 1670 3347 1709 meus.
3372 1654 3571 1709 Botrus
3602 1658 3659 1709 in
3688 1657 3789 1726 Cy-

2199 1765 2316 1819 pro,
2346 1747 2592 1803 Christus
2620 1762 2916 1817 suSpensus
2948 1748 2998 1802 in
3030 1747 3204 1802 crucis
3238 1748 3415 1817 ligno:
3445 1749 3591 1816 quod
3621 1764 3791 1817 genus

503 1851 665 1920 driga:
697 1860 798 1905 tum
841 1853 979 1906 salus
1015 1852 1481 1924 (Abac.tu)?Quos
1518 1870 1703 1925 equos,
1736 1856 2012 1925 apostolos
2043 1868 2081 1910 e1

2202 1841 2329 1910 ligni
2350 1841 2680 1897 odoriferam
2709 1856 2925 1911 semper
2948 1849 3003 1897 et
3030 1840 3398 1910 incorruptum
3436 1850 3545 1905 est,
3576 1842 3791 1911 signum

502 1950 863 2020 evangelistas
908 1951 1239 2019 accipimus?
1289 1951 1412 2006 Ideo
1452 1952 1700 2007 Christus
1744 1952 1980 2022 loquitur
2028 1951 2093 2005 ad

508 2044 819 2098 licclcsiamr
852 2043 1002 2099 Tunc
1025 2047 1274 2115 equitatui
1302 2063 1412 2100 meo
1445 2047 1500 2101 in
1534 2048 1764 2101 curribus
1801 2047 2094 2103 Pharaonis

503 2136 787 2191 assimilavi
833 2148 879 2191 te
901 2178 914 2202 ,
962 2152 1082 2192 cum
1112 2139 1380 2206 sapientes
1407 2141 1590 2195 mundi
1617 2141 1684 2195 ad
1728 2156 1900 2197 meam
1934 2140 2091 2196 tidem

498 2231 806 2284 evocandos
836 2232 1102 2296 converti,
1137 2241 1194 2286 ut
1220 2231 1466 2302 deposito
1507 2241 1714 2289 tumore
1754 2233 1960 2298 surculi,
1993 2232 2092 2287 sub

502 2335 587 2373 me
609 2319 719 2389 (qni
751 2333 871 2372 sum
897 2321 1044 2375 salus
1073 2324 1223 2389 vera)
1248 2323 1514 2378 currendo
1547 2325 1863 2390 proﬁciant;
1897 2338 2089 2392 meque

498 2409 928 2465 circumferendo
958 2409 1059 2480 piis
1088 2410 1558 2481 praedicationibus
1580 2456 1594 2481 ,
1624 2414 1957 2469 credentium
1985 2414 2089 2470 [ide

496 2502 670 2557 oculis
701 2500 1065 2557 manilestent.
1117 2504 1194 2557 Ac
1232 2503 1365 2558 sicut
1398 2505 1647 2575 princeps
1696 2505 1880 2560 mundi
1930 2504 2087 2575 hujus

496 2594 587 2662 qui
607 2592 719 2663 jam
745 2594 959 2648 missus
989 2603 1071 2649 est
1101 2592 1264 2660 foras,
1290 2594 1441 2651 falsis
1470 2597 1804 2667 philosophis
1835 2608 2086 2669 tanquam

500 2685 659 2741 claris
704 2686 952 2741 curribus
984 2700 1113 2742 usus
1138 2696 1224 2742 est
1270 2687 1336 2741 ad
1368 2688 1686 2756 perniciem,
1718 2688 1790 2743 ita
1819 2701 1920 2759 ego
1968 2702 2086 2743 mea

502 2777 764 2845 sapientia
804 2779 1023 2847 repletis
1071 2778 1333 2848 apostolis
1354 2819 1370 2845 ,
1403 2780 1686 2836 credentes
1712 2779 1986 2834 instituam
2017 2780 2083 2834 ad

498 2868 752 2925 salutem.

570 2961 729 3017 Num.
776 2962 861 3018 l6.
907 2959 1148 3017 Pulchra:
1184 2972 1302 3016 sunt
1340 2977 1482 3033 gente
1521 2972 1623 3018 tua:
1666 2963 1793 3018 sicut
1844 2964 2081 3018 turturis.

497 3054 810 3111 Castitalem
853 3057 1104 3109 comitem
1155 3053 1488 3110 verecundiae
1514 3054 1844 3124 praedicavit.
1879 3053 2086 3111 Dicitur

495 3147 639 3200 enim
667 3161 836 3215 genus
861 3154 1125 3201 turturum
1159 3145 1359 3201 amisso
1387 3146 1657 3215 corporali
1688 3147 1966 3202 consortio
1995 3160 2085 3202 so-

500 3238 732 3295 litarium
761 3238 1026 3304 incedere,
1058 3254 1156 3294 nec
1184 3239 1453 3294 carnalem
1482 3240 1729 3309 cepulam
1751 3241 1890 3294 ultra
1917 3241 2069 3311 reqoi

496 3340 634 3385 rere.
666 3329 835 3385 liabet
881 3331 1056 3400 itaque
1094 3327 1291 3386 Chrisﬂ
1323 3345 1523 3402 sponsa
1563 3331 1812 3387 eximiam
1846 3333 2084 3401 pulchri-

494 3422 759 3487 tudinem,
791 3422 1004 3492 quando
1025 3436 1145 3478 cum
1190 3423 1395 3493 pudore
1424 3424 1619 3479 retinet
1649 3424 1975 3479 castitatem.

570 3511 727 3566 Nam.
764 3512 852 3566 l7.
880 3510 1087 3567 Collum
1133 3523 1274 3566 tuum
1298 3513 1428 3567 sicut
1471 3514 1705 3567 monilia.
1746 3512 1802 3566 lu
1858 3514 1996 3571 collo
2027 3513 2083 3570 hi

495 3605 832 3662 insinuantur
863 3607 954 3676 qui
985 3607 1154 3678 legem
1188 3607 1281 3663 Dei
1313 3608 1499 3663 diebus
1525 3624 1588 3662 ac
1630 3610 1876 3665 noctibus
1916 3610 2085 3667 medi-

495 3708 597 3761 tari
623 3723 737 3760 non
757 3705 1043 3773 desistunt,
1067 3708 1267 3778 quique
1288 3708 1448 3763 etiam
1480 3708 1626 3764 velut
1652 3709 1849 3764 munda
1876 3710 2081 3765 anima-

497 3797 593 3863 lia,
622 3798 911 3852 salutarem
938 3797 1236 3852 doctrinam
1261 3796 1459 3867 iugiter
1478 3799 1797 3855 ruminando
1827 3800 2078 3856 reddunt.

497 3889 582 3958 lli,
616 3892 735 3961 quia
782 3893 1033 3961 prmclara
1086 3894 1338 3949 Ecclesia:
1384 3906 1698 3950 ornamenta
1749 3904 1901 3964 sunt,
1941 3896 2085 3950 velut

491 4004 706 4053 sponsa
734 3989 952 4043 monilia
981 3988 1380 4044 describuntur.

566 4080 722 4135 Num.
746 4082 843 4137 i8.
872 4079 1174 4135 Murenulas
1197 4092 1380 4135 aureas
1412 4082 1666 4149 faciamus
1697 4084 1805 4137 tibi.
1837 4083 1948 4138 Vox
1983 4085 2081 4140 ista

491 4173 776 4227 doctorum
806 4182 911 4237 est,
940 4173 1035 4241 qui
1066 4183 1188 4228 tunc
1216 4184 1532 4228 ornamenta
1564 4172 1818 4229 Ecclesia:
1840 4190 1972 4229 auro
2000 4190 2084 4230 ar-

494 4272 765 4331 gentoque
795 4260 1054 4329 permixta
1098 4261 1420 4330 disponunt,
1451 4263 1666 4331 quando
1691 4265 1963 4334 spiritales
1997 4266 2081 4319 iu-

494 4351 820 4423 tclligeutias
843 4351 1039 4419 eloquii
1071 4352 1243 4407 nitore
1268 4352 1557 4409 disserunt.
1586 4354 1876 4411 ltlurenulte
1904 4368 2080 4413 autem

492 4456 522 4495 a
553 4444 732 4511 capite
776 4441 1107 4506 detinentes,
1138 4443 1315 4498 solent.
1362 4446 1427 4498 ad
1473 4446 1738 4501 cervicem
1789 4449 2080 4503 ornandam

495 4535 669 4603 aptari
700 4549 712 4586 :
746 4542 799 4587 et
828 4524 1171 4589 idcircoillte
1201 4532 1458 4590 doctrinae
1491 4536 1761 4607 praeclarae
1789 4551 1934 4605 sunt,
1961 4556 2078 4609 quae

490 4638 527 4677 a'
562 4624 757 4693 capite,
794 4624 847 4679 id
889 4632 975 4679 est
1016 4624 1249 4693 Christo,
1292 4629 1663 4695 procedentes,
1696 4631 1776 4685 sic
1815 4633 2074 4701 spirituali

494 4715 675 4771 ofﬁcio
704 4717 1030 4785 ministrant,
1071 4726 1130 4773 ut
1153 4720 1415 4774 cervicem
1458 4731 1695 4776 nostram
1728 4723 1857 4793 jugo
1880 4724 2078 4779 Christi

493 4810 827 4866 subdendum
866 4812 1154 4878 edoceant,
1187 4815 1256 4869 ita
1290 4824 1347 4868 ut
1378 4816 1575 4871 talibus
1603 4818 1671 4872 ab
1712 4821 1970 4889 Apostolo
2001 4822 2079 4874 di-

488 4914 684 4955 catur:
722 4901 841 4956 Non
874 4904 981 4957 alta
1012 4906 1263 4976 sapientes
1290 4905 1465 4977 (Rom.
1504 4907 1609 4976 tu),
1639 4918 1744 4962 ctc.

564 4994 723 5049 Num.
768 4998 854 5051 l9.
900 4995 1034 5050 Dum
1065 5008 1194 5053 esset
1232 5015 1322 5054 rea:
1358 4999 1410 5053 in
1440 5003 1678 5053 accubitu
1707 5017 1822 5054 suo.
1850 5001 2081 5055 Narrant

492 5085 781 5156 Evangelia
810 5088 1003 5155 (.‘llarc.
1032 5105 1152 5156 xlv;
1202 5088 1359 5147 Joan.
1390 5090 1684 5161 xu),'aute
1726 5092 1946 5148 biduum
1983 5093 2081 5148 l’a-

493 5180 671 5247 schae,
700 5182 1042 5237 recumbente
1075 5184 1333 5250 Domino,
1366 5200 1395 5239 a
1424 5187 1645 5241 muliere
1692 5186 1921 5242 habente
1970 5189 2082 5242 ala-

492 5272 732 5329 Itastrum
759 5275 1011 5342 unguenti
1059 5278 1209 5330 nanli
1256 5277 1429 5346 pistici
1458 5279 1574 5345 ejus
1622 5280 1782 5347 capiti
1827 5281 2075 5348 superfu-

491 5380 634 5431 sum,
664 5374 719 5420 et
745 5366 829 5420 hic
852 5368 1124 5436 prophetia
1149 5368 1279 5424 dicit
1305 5386 1319 5423 :
1345 5371 1470 5424 Cum
1496 5382 1625 5426 esset
1653 5388 1742 5426 rea:
1766 5374 1817 5426 in
1840 5374 2075 5427 accubitu

490 5474 604 5526 suo,
637 5462 829 5514 nardus
858 5475 966 5514 mea
994 5460 1133 5513 dedit
1160 5462 1365 5516 odorem
1407 5479 1571 5517 suum.
1615 5463 1778 5535 igitur
1819 5476 1922 5519 tant
1958 5465 2072 5521 haec

490 5567 649 5621 quam
674 5553 762 5606 illa
786 5555 1007 5621 ﬁgurate
1029 5553 1168 5606 dicta
1189 5552 1270 5607 vel
1295 5553 1427 5608 facta
1452 5568 1765 5621 noscuntur,
1791 5558 1912 5625 quia
1932 5555 2074 5624 Rege

492 5657 676 5701 nostro
714 5647 820 5718 (vel
868 5648 921 5703 in
968 5663 1127 5703 cruce
1169 5648 1254 5702 ubi
1308 5648 1564 5703 inclinato
1598 5652 1774 5719 capite
1820 5652 2066 5717 spiritum

486 5740 741 5807 reddidit,
773 5741 853 5797 vel
900 5740 952 5796 in
999 5743 1248 5811 sepulcro
1286 5743 1372 5797 ubi
1420 5757 1645 5812 c0rpore
1690 5746 1938 5798 conditus
1985 5760 2071 5800 re-

488 5832 708 5895 quievit)
734 5835 782 5888 in
812 5848 910 5891 suo
931 5836 1174 5893 accubitu
1202 5835 1516 5900 consului»,
1553 5835 1786 5892 Eccles’a
1807 5837 1910 5899 pia:
1938 5851 2068 5892 con-

2197 1939 2395 1993 etenim
2428 1939 2627 2003 crucis,
2659 1952 2784 1994 cum
2807 1939 2974 1994 odore
3006 1938 3314 1992 chrismatis
3340 1946 3718 2007 [immolemus
3740 1937 3791 1993 in

2198 2031 2389 2087 fronte.
2424 2030 2570 2086 Bene
2598 2040 2780 2086 autem
2821 2033 2898 2086 ait
2923 2047 2937 2084 :
2971 2029 3161 2086 Botrus
3190 2030 3369 2101 Cypri,
3394 2030 3621 2085 dilectus
3651 2048 3791 2086 lucus

2197 2126 2344 2191 mihi,
2372 2127 2499 2194 quia
2536 2140 2641 2180 non
2679 2125 2790 2180 illis
2815 2125 2902 2195 qui
2933 2126 3341 2189 crnciﬁxerunt,
3370 2124 3468 2179 sed
3494 2123 3584 2177 his
3610 2127 3709 2195 qui
3738 2126 3789 2177 in

2195 2218 2509 2272 cruciﬁxum
2534 2217 2900 2283 crediderunt,
2922 2218 3065 2271 botri
3092 2216 3246 2271 istius
3268 2215 3498 2273 dulcedo
3526 2229 3787 2271 concessa

2193 2323 2293 2369 eSt.
2320 2311 2386 2366 In
2414 2314 2571 2367 vincis
2598 2312 2869 2383 Engaddi;
2895 2311 2950 2365 iu
2975 2311 3274 2383 Synagogtc
3304 2311 3541 2382 populis,
3570 2312 3665 2366 ubi
3690 2313 3789 2367 do-

2193 2405 2391 2458 minica
2416 2413 2632 2473 peracta
2653 2411 2735 2458 est
2758 2403 2967 2472 passio.
2986 2401 3227 2472 lt‘ngaddi
3249 2401 3636 2471 interpretatur
3664 2416 3789 2459 oeu-

2199 2496 2284 2551 lus
2331 2497 2641 2552 tentationis
2689 2510 2846 2550 metu.
2889 2495 3030 2565 Lege
3060 2494 3427 2563 Evangelium,
3456 2503 3511 2549 et
3546 2495 3788 2551 invenies

2194 2588 2499 2645 Pharismus
2529 2598 2584 2644 et
2624 2586 2951 2646 Ssdduc‘aeos
2992 2587 3124 2641 nihil
3163 2586 3307 2641 aliud
3348 2586 3650 2641 intendisse
3678 2587 3787 2642 suis

2192 2682 2725 2753 interrogationibus,
2762 2681 2869 2735 nisi
2905 2690 2959 2734 ut
2992 2679 3272 2734 Dominum
3301 2693 3397 2748 per
3416 2678 3630 2749 singula
3662 2688 3786 2735 tunc

2194 2784 2390 2835 tarent.
2426 2784 2483 2829 et
2522 2774 2824 2828 invenirent
2870 2785 3061 2828 causa
3091 2771 3376 2827 accusandi
3409 2772 3785 2843 columinibus

2191 2866 2308 2934 ipse
2335 2866 2496 2920 dicit:
2532 2864 2668 2931 Quid
2694 2880 2772 2918 me
2799 2863 3029 2927 tentads,
3057 2861 3338 2932 hypocrita:
3364 2861 3592 2933 (Matth.
3614 2862 3786 2929 nu)?

2191 2955 2299 3012 Sed
2329 2964 2533 3009 tantum
2580 2956 2779 3010 bonum
2828 2955 3093 3023 passionis
3132 2953 3370 3029 Christi,
3398 2953 3510 3009 illis
3565 2954 3783 3026 quidem

2188 3058 2420 3118 gestum,
2440 3047 2593 3103 nobis
2609 3058 2786 3104 autem
2809 3045 2901 3116 qui
2923 3046 3255 3103 credidimus
3273 3056 3481 3102 constat
3508 3062 3639 3104 esse
3656 3063 3785 3105 cons

2189 3154 2421 3197 cessum.

2262 3231 2420 3286 Num.
2452 3230 2544 3284 ἓξ.
2577 3228 2709 3284 Ecce
2735 3237 2789 3283 tu
2829 3228 3048 3300 pulchra
3079 3245 3154 3295 es,
3178 3230 3351 3283 antica
3376 3244 3509 3283 mea.
3532 3228 3783 3288 Christus

2195 3324 2510 3391 Ecclesium,
2544 3338 2704 3394 quam
2732 3324 2959 3378 amicam
2989 3321 3132 3390 pacis
3172 3337 3285 3377 suae.
3308 3322 3495 3378 osculo
3519 3322 3673 3393 fecit,
3702 3326 3783 3381 his

2192 3413 2836 3485 pulchrampronuntiat,
2863 3416 3005 3467 chut
3046 3412 3339 3481 Apostolus
3380 3423 3619 3468 nam
3668 3430 3783 3470 cors

2189 3533 2315 3587 pore
2336 3525 2382 3570 et
2406 3516 2589 3585 spiritu
2610 3512 2663 3586 (1
2679 3512 2797 3568 Cor.
2822 3512 2919 3583 ru)
2941 3526 3065 3568 esse
3092 3511 3293 3581 docuit,
3319 3512 3620 3583 adﬁciens,
3647 3517 3785 3570 oculi

2190 3611 2263 3665 tui
2290 3607 2662 3663 columbarum.
2695 3604 2840 3661 Nihil
2869 3614 2951 3660 est
2981 3606 3149 3676 magis
3174 3605 3313 3674 quod
3335 3604 3530 3661 facient
3549 3617 3713 3662 ornet
3731 3608 3782 3663 in

2189 3715 2416 3772 corpore
2444 3715 2602 3770 quam
2628 3697 2913 3767 dispositio
2940 3698 3215 3753 oculorum
3236 3738 3249 3761 ,
3285 3711 3381 3767 per
3406 3711 3550 3767 quos
3578 3712 3783 3754 conte.

2190 3794 2401 3848 nienter
2424 3801 2639 3846 sanctos
2661 3789 2936 3859 apostolos
2968 3788 3280 3857 accipimus,
3303 3787 3580 3858 quietiam
3604 3789 3783 3846 future

2192 3884 2507 3955 proSpicere
2552 3890 2866 3951 potuerunt;
2898 3893 3126 3948 quorum
3164 3878 3439 3949 privilegia
3487 3880 3782 3951 designans

2191 3976 2376 4029 beatus
2411 3972 2605 4027 Paulus
2634 3970 2909 4041 apostolus
2939 3969 3003 4024 ad
3030 3969 3340 4025 Corinthios
3380 3970 3632 4027 scribens
3667 3973 3780 4029 ait:

2197 4066 2300 4121 Vos
2342 4067 2461 4121 estis
2491 4080 2677 4135 corpus
2720 4064 2910 4118 Christi
2937 4062 2992 4135 (Ι
3022 4063 3144 4119 Cor.
3187 4065 3308 4133 xtl).
3345 4064 3413 4119 Et
3451 4066 3565 4121 alio
3617 4068 3779 4124 imo:

2191 4161 2454 4226 Quosdam
2477 4160 2684 4228 quidem
2712 4158 2878 4224 posuit
2907 4158 3046 4211 Deus
3069 4157 3123 4210 in
3145 4154 3381 4213 Ecclesia
3404 4158 3636 4229 primum
3657 4177 3779 4229 cpe-

2188 4251 2345 4305 stolos
2376 4250 2591 4323 (Epltes.
2624 4250 2728 4321 Iv),
2755 4260 2861 4306 etc.
2890 4251 3005 4306 Iam
3049 4264 3172 4306 cum
3212 4250 3374 4318 dicit,
3406 4252 3547 4305 oculi
3596 4254 3675 4307 αἱ
3700 4270 3778 4307 ca-

2188 4345 2496 4409 lcantur-um,
2523 4345 2670 4413 ipsos
2697 4343 2993 4413 apostolos,
3028 4342 3224 4414 quibus
3252 4355 3588 4414 praeceptum
3614 4356 3700 4403 est
3726 4352 3777 4402 ut

2188 4450 2368 4495 e~sent
2388 4439 2548 4494 astuti
2574 4438 2705 4491 sicut
2730 4447 3007 4508 serpentes,
3030 4446 3078 4491 et
3099 4438 3355 4508 simplices
3380 4439 3517 4493 sicut
3530 4442 3777 4495 colente

2194 4532 2405 4603 (Matth.
2434 4534 2515 4601 x),
2552 4530 2831 4586 evidenter
2863 4529 3136 4585 ostendit:
3170 4545 3267 4601 per
3301 4531 3460 4602 cujus
3488 4534 3609 4588 avis
3634 4534 3777 4590 simis

2194 4623 2495 4701 lizudinem,
2520 4622 2746 4677 eosdem
2778 4631 2966 4677 sancto
2980 4620 3141 4678 etiam
3159 4621 3368 4692 Spiritu
3394 4624 3641 4695 repletos
3664 4638 3780 4682 esse

2191 4724 2541 4777 demonstrat.

2262 4814 2420 4866 Num.
2463 4814 2554 4868 25.
2598 4812 2733 4866 Ecce
2778 4820 2832 4865 tu
2884 4811 3097 4882 pulcher
3138 4829 3221 4882 es,
3267 4813 3449 4868 dilecte
3496 4817 3589 4870 mi.
3625 4815 3777 4874 Chri-

2189 4916 2352 4968 stum,
2386 4920 2542 4975 quem
2573 4905 2859 4975 pulchrum
2890 4914 2941 4961 et
2965 4906 3221 4961 decorum
3253 4907 3494 4964 Ecclesia
3526 4908 3638 4966 hoc
3661 4911 3776 4967 loco

2189 5007 2608 5067 commemorat,
2670 4997 2952 5054 Psalmista
3002 4998 3081 5052 sic
3136 5000 3485 5068 pronuntiat,
3545 5001 3775 5056 dicens:

2190 5087 2464 5157 Speciosus
2491 5088 2660 5156 forma
2690 5101 2796 5158 prta
2821 5086 2943 5155 ﬁliis
2972 5086 3255 5152 hominum,
3280 5086 3475 5155 diffusa
3505 5098 3581 5142 est
3611 5090 3775 5159 gratis

2184 5182 2237 5234 in
2265 5179 2414 5235 labiis
2443 5181 2544 5234 tuis
2574 5177 2744 5250 (Psal.
2790 5178 2959 5248 ιιιν).
3004 5177 3109 5233 Sed
3134 5177 3254 5232 hinc
3298 5190 3386 5232 tua
3431 5180 3774 5249 pulchritudo

2181 5271 2373 5329 exinde
2403 5281 2504 5340 est,
2532 5272 2654 5341 quia
2685 5269 2745 5325 In
2767 5270 3021 5342 principio
3049 5280 3159 5326 erat
3196 5269 3439 5339 Verbum,
3464 5285 3515 5327 et
3558 5272 3773 5329 Verbs:-

2181 5373 2291 5419 erat
2321 5364 2465 5436 apud
2513 5363 2707 5429 Deum,
2733 5371 2782 5417 et
2832 5363 2966 5417 Deus
2993 5374 3102 5417 erat
3151 5362 3415 5429 Verbum;
3450 5375 3507 5419 et
3554 5365 3771 5419 Verbum

2182 5478 2303 5517 caro
2331 5463 2522 5533 factum
2545 5472 2636 5526 est,
2667 5467 2714 5515 et
2728 5459 2976 5513 habitavit
3002 5461 3055 5513 in
3089 5460 3235 5513 nobis
3264 5458 3441 5525 (Joan.
3471 5463 3531 5526 ι).
3560 5461 3771 5515 Αόἀεης

2183 5563 2385 5621 autem,
2417 5553 2629 5607 lectulus
2656 5562 2825 5607 noster
2856 5552 3295 5631 ﬂoridus,jpsrrm
3320 5567 3520 5621 corpus
3542 5553 3769 5607 domini-

2183 5668 2302 5711 cum
2347 5653 2396 5708 in
2426 5667 2532 5723 quo
2563 5650 2741 5707 Deitas
2792 5650 3082 5722 reqrvievit,
3115 5654 3384 5708 sincerum
3412 5653 3765 5717 odoriferam.

2183 5763 2243 5803 ex
2280 5745 2499 5814 Virgine
2524 5750 2706 5797 natum
2739 5743 2996 5799 ostendit.

2253 5839 2403 5895 Num.
2435 5834 2528 5890 26.
2575 5836 2726 5891 Tecta
2755 5837 3023 5891 domorum
3051 5845 3366 5893 nostrarum.
3411 5838 3611 5894 Domus
3654 5842 3767 5894 ista
