3958 6358
6 436 57 472 «Ei;
74 440 115 489 Et};

12 527 23 561 2
40 528 117 568 Ξῖὶὶπ

10 624 23 656 li
44 624 109 663 tibi

6 813 13 846 ῖ
26 797 115 849 iisti

6 906 33 941 ⁵5
53 906 113 943 ΓΜ

6 986 111 1053 syria;

14 1086 111 1130 ιὲτηι

6 1178 32 1225 lii
41 1190 63 1226 t1
70 1175 113 1239 se

6 1284 111 1337 eum

21 1380 109 1419 Maii

6 1480 63 1519 tristi
80 1476 110 1513 ia

11 1660 107 1703 ww

6 1750 52 1803 ei;
65 1750 99 1813 la

209 344 315 405 969

1222 348 1287 405 IN
1326 349 1617 406 CANTICA
1658 346 2095 407 CtNTICORUM
2135 348 2559 408 EXPLICATIO.

3382 354 3488 417 97o

209 464 264 519 lu
294 458 490 530 quibus
524 458 771 516 Christus
812 457 1047 527 habitat,
1089 464 1260 518 sancti
1292 474 1455 519 sunt:
1506 466 1641 520 sicut
1680 480 1803 534 pro-
1830 475 1880 529 Α
1906 466 2201 536 cmpissent
2234 464 2378 536 loqui
2404 466 2568 523 variis
2598 466 2812 537 linguis,
2846 479 3022 526 musto
3052 472 3192 541 pleni
3226 487 3254 528 a
3287 481 3492 548 populo

210 552 370 621 pheta
425 550 554 606 dicit
601 568 615 604 :
666 552 911 622 quoniam
943 552 1176 607 habitabo
1228 557 1281 608 in
1313 556 1386 609 eis
1415 554 1600 626 (Levit.
1631 571 1752 610 xxVI
1781 571 1797 620 ;

209 644 275 699 II
308 645 431 700 Cor.
464 644 559 715 vi).
592 644 756 700 Tecla
788 658 963 701 autem
993 656 1049 702 et
1075 648 1343 716 laquearia
1368 648 1649 702 domorum
1674 650 1802 703 ista-

208 754 329 795 rum
374 737 593 793 cedriua
624 746 679 792 et
726 739 1058 809 cypressiua,
1100 755 1219 809 quae
1268 740 1697 808 iucorruptibilia
1744 750 1802 796 et

206 832 478 887 odorifera
513 831 921 901 dignoscuntur,
958 833 1310 889 directionem
1340 835 1434 889 Dei
1457 845 1509 890 et
1542 835 1795 903 proximi,

206 941 328 993 qua:
358 940 453 994 per
480 924 738 993 Spiritum
772 934 1014 981 sanctum
1046 927 1275 993 desuper
1305 942 1557 983 concessa
1591 936 1673 983 est
1718 928 1797 998 (id

204 1026 289 1071 est
318 1027 373 1071 ut
405 1018 576 1071 sancti
612 1019 661 1070 in
695 1032 753 1072 se
776 1018 905 1083 sint)
935 1019 1292 1073 demonstrat.

274 1107 405 1163 Car.
433 1108 494 1162 II.
521 1139 583 1149 —
623 1108 778 1164 Num.
804 1108 893 1164 25.
924 1109 1036 1180 Ego
1065 1113 1161 1181 flos
1185 1112 1374 1181 campi,
1405 1122 1450 1166 et
1474 1112 1639 1167 lilium
1677 1128 1799 1167 con-

202 1204 432 1256 vallium.
470 1202 580 1271 Ego
606 1202 771 1257 decus
801 1203 1007 1272 mundi,
1041 1218 1108 1260 ex
1137 1204 1441 1275 virginitate
1469 1204 1767 1261 humilium.

272 1294 431 1348 Num.
460 1293 551 1349 9.6.
586 1294 736 1349 Sicut
761 1295 927 1349 lilium
953 1297 1083 1350 inter
1104 1297 1299 1367 spinas.
1327 1296 1561 1367 Expulso
1589 1298 1794 1353 homini

200 1386 269 1441 de
294 1386 549 1441 Paradiso
576 1385 773 1442 dicitur
800 1402 815 1441 :
847 1384 1127 1441 Maledicta
1157 1396 1292 1441 terra
1316 1388 1370 1441 in
1399 1389 1635 1459 operibus
1667 1391 1792 1456 tuis,

197 1480 376 1545 spinas
398 1487 442 1531 et
469 1479 684 1532 tribulos
708 1479 1008 1550 germinabit
1041 1479 1130 1534 tibi
1155 1479 1308 1550 (Gen.
1333 1482 1451 1549 tu);
1479 1497 1598 1551 qua:
1627 1492 1792 1549 terra,

199 1570 383 1639 utique
411 1584 540 1624 caro
571 1570 821 1625 humana.
842 1570 1175 1642 intelligitur,
1207 1588 1325 1642 que
1365 1574 1585 1629 aculeos
1611 1574 1795 1629 libidi-

196 1677 327 1715 num
360 1670 413 1716 et
441 1662 999 1730 concupiscentiarum
1028 1663 1213 1733 spinas
1244 1663 1545 1734 producere
1564 1679 1794 1720 consue-

196 1756 296 1810 vit.
338 1755 679 1825 Quapropter
732 1754 874 1824 quod
919 1754 1038 1809 ait:
1101 1753 1247 1810 Sicut
1298 1754 1465 1810 lilium
1518 1757 1574 1809 in
1624 1756 1792 1811 media

1906 555 2251 624 putabantur.
2286 556 2435 611 Tunc
2459 557 2639 627 itaque
2661 558 2901 614 Ecclesia
2935 560 2990 616 in
3012 563 3200 619 cellam
3226 566 3484 626 vinariam

1906 646 2283 713 introducitur,
2312 647 2528 716 quando
2570 647 2685 703 hate
2727 652 3023 718 aposmlica
3056 662 3404 727 congregatio
3438 663 3491 717 in

1905 738 2108 793 unitate
2154 752 2498 807 permanens,
2539 737 2737 808 Spiritu
2762 752 2947 797 sancto
2979 745 3233 815 repletur,
3263 752 3403 805 sicut
3433 768 3487 809 et

1907 831 2193 899 Apostolus
2239 831 2407 886 dicit:
2441 830 2506 885 In
2534 848 2636 885 una
2662 833 2865 903 Spiritu
2903 851 3076 890 omnes
3116 856 3210 894 nos
3243 843 3493 911 ὺαρῑὶιαιί

1904 945 2102 994 sumus,
2130 930 2233 984 sive
2259 934 2409 995 servi,
2444 933 2546 986 sive
2575 932 2737 1000 liberi,
2780 944 2826 990 et
2854 951 3026 991 omnes
3056 940 3108 993 in
3151 956 3255 994 una
3286 940 3489 1012 Spiritu

1903 1021 2065 1090 palati
2091 1037 2268 1075 sumus
2298 1020 2353 1091 (1
2377 1022 2497 1077 Cor.
2523 1022 2646 1094 xu).
2678 1026 2812 1093 Quia
2845 1041 2973 1082 vero
2995 1028 3228 1084 charitas
3260 1034 3489 1102 pchpi-

1903 1112 2062 1167 ritum
2092 1122 2336 1170 sanctum
2371 1117 2576 1186 piorum
2621 1120 2673 1173 in
2725 1119 2887 1176 corde
2934 1121 3267 1190 diﬁ‘unditur,
3302 1126 3483 1180 statim

1902 1202 2199 1272 subjunxit,
2229 1204 2500 1261 Ordinavit
2523 1209 2575 1262 in
2619 1225 2699 1263 me
2724 1211 3043 1266 charitatem.
3083 1213 3204 1269 Ηωο
3233 1217 3374 1269 enim
3405 1225 3491 1272 est

1902 1294 2149 1351 ordinata
2192 1297 2449 1364 Charitas,
2484 1308 2541 1355 ut
2569 1301 2754 1372 diligat
2784 1303 2945 1359 homo
2990 1308 3294 1374 proximum
3325 1322 3487 1364 suum

1904 1395 2157 1459 tanquam
2196 1391 2469 1461 seipsum;
2502 1394 2583 1448 sic
2626 1409 2755 1450 vero
2802 1396 2989 1466 diligat
3015 1398 3203 1465 Deum,
3238 1411 3288 1454 ut
3322 1401 3484 1455 etiam

1901 1481 2137 1549 seipsum
2179 1483 2410 1554 abneget
2452 1495 2672 1556 propter
2701 1488 2898 1559 ipsum.
2939 1490 3195 1562 Diligitur
3218 1503 3397 1549 autem
3432 1495 3484 1549 in

1901 1572 2060 1627 malis
2102 1590 2314 1646 quoque
2343 1591 2450 1632 non
2494 1578 2745 1647 iniquitas
2791 1595 2951 1651 quam
2998 1582 3094 1651 ipsi
3126 1583 3345 1651 faciunt,
3390 1587 3487 1641 sed

1902 1672 2147 1719 creatura
2176 1666 2230 1720 in
2271 1683 2374 1737 qua
2400 1668 2523 1725 boni
2553 1684 2585 1724 a
2618 1670 2726 1725 Deo
2758 1671 2970 1727 formati
2992 1684 3138 1730 sunt.
3171 1676 3277 1731 Sed
3305 1686 3360 1732 et
3388 1678 3479 1732 illa

1900 1737 2145 1811 ordinaia
2172 1756 2428 1825 charitas,
2451 1768 2509 1815 ut
2535 1763 2677 1816 servi
2706 1762 2987 1819 Dominum
3018 1781 3121 1819 non
3149 1767 3289 1821 sicut
3317 1769 3487 1823 male-

6 1856 102 1907 :m
192 1849 484 1917 spinarum,
530 1848 606 1902 sic
646 1849 812 1902 amica
842 1864 953 1902 mea
980 1849 1111 1903 inter
1151 1849 1290 1917 ﬁlias
1318 1866 1337 1904 :
1362 1849 1500 1904 ﬁlias
1551 1850 1788 1907 haereses
1820 1831 1867 1890 Β
1893 1844 2127 1902 iactares
2166 1851 2419 1917 sentiant,
2472 1867 2575 1908 nec
2623 1853 2763 1909 sicut
2792 1855 3131 1911 lascivientes
3161 1859 3487 1915 exsecrabii

189 1939 351 2006 dicit,
404 1955 526 2010 quas
579 1956 676 2010 per
727 1941 1049 2013 baptismum
1082 1943 1231 2013 quasi
1282 1952 1508 2012 renatae,
1561 1944 1789 2000 ﬁliarum

189 2031 417 2086 nomine
465 2040 873 2103 nuncupantur;
925 2034 1020 2089 sed
1059 2034 1229 2103 spinis
1270 2045 1615 2106 comparatae,
1664 2051 1789 2093 cor-

189 2135 511 2193 rumpentes
541 2134 595 2180 et
635 2124 1012 2195 corruptibiles
1040 2126 1419 2196 perducentur.
1470 2127 1640 2195 Quam
1669 2143 1791 2185 cor-

188 2216 502 2283 ruptionem
538 2217 779 2273 Ecclesia
820 2218 1014 2284 nescit,
1059 2233 1181 2289 quae
1221 2220 1452 2275 liliorum
1496 2221 1787 2278 sinceritati

187 2318 526 2377 comparata,
557 2309 699 2364 ultro
725 2310 969 2380 citroque
993 2310 1201 2366 redolet
1230 2325 1294 2367 ac
1326 2312 1651 2382 resplendet.

265 2398 425 2452 Num.
453 2398 544 2453 27.
580 2399 727 2455 Sicut
761 2403 933 2457 malus
997 2402 1132 2457 inter
1169 2402 1314 2473 ligna
1348 2405 1617 2459 silvarum.
1652 2405 1787 2461 Dicit

189 2490 664 2561 Psalmographus,
717 2493 962 2562 quoniam
1004 2495 1117 2563 quis
1145 2494 1199 2549 in
1230 2496 1447 2550 nubibus
1493 2498 1786 2567 aequabitur

88 2622 93 2639 ,η
188 2578 438 2643 Domino,
463 2591 554 2634 aut
581 2581 695 2650 quis
722 2583 904 2637 similis
931 2583 1024 2637 erit
1044 2581 1149 2638 Dea
1181 2585 1311 2639 inter
1336 2585 1472 2653 ﬁlias
1488 2585 1583 2640 Dei
1609 2586 1782 2657 (Psal.

186 2670 485 2741 suum)?
530 2672 640 2728 Illic
668 2674 980 2744 adoptione,
1027 2674 1117 2729 hic
1159 2685 1347 2731 natura
1394 2691 1476 2732 est
1507 2678 1677 2743 ﬁlius;
1730 2690 1787 2735 ct

186 2762 318 2819 Ideo
371 2764 550 2819 nullus
593 2765 643 2819 in
690 2768 913 2833 sanctis,
947 2765 1034 2821 vel
1066 2767 1116 2819 in
1166 2766 1416 2822 universo
1455 2782 1652 2838 genere
1688 2769 1784 2823 ho-

184 2855 418 2920 minam,
450 2857 744 2927 quamlibet
787 2858 881 2912 ﬁlii
922 2857 1186 2913 vocabulo
1221 2868 1526 2925 censeatur,
1568 2858 1785 2915 Christo

183 2947 383 3002 similis
413 2950 713 3018 reperitur;
746 2953 836 3020 qui
869 2951 1072 3007 fructus
1099 2952 1183 3007 sui
1216 2952 1498 3009 dulcedine
1531 2950 1784 3011 refectio-

183 3054 368 3109 neque
396 3040 598 3095 electos
627 3041 1036 3112 incomparabili
1085 3043 1285 3100 decore
1304 3043 1580 3114 praecedit.

259 3130 418 3184 Nutu.
464 3130 555 3186 28.
614 3132 723 3186 Sub
755 3134 933 3187 umbra
974 3134 1116 3188 illius
1156 3151 1305 3204 quem
1352 3134 1779 3191 desideraverant.

1895 1949 2081 1993 amore
2108 1952 2167 1993 se
2193 1938 2437 2010 diligant,
2471 1945 2566 1999 sed
2609 1946 2771 2000 etiam
2810 1947 2899 2001 ubi
2940 1963 3162 2005 necesse
3193 1950 3354 2007 fuerit
3395 1968 3486 2008 se-

1895 2030 2155 2100 metipsos
2185 2043 2372 2089 mutuo
2410 2038 2632 2106 expulsa
2675 2041 3059 2109 superstitione
3085 2059 3207 2099 cum
3238 2045 3486 2101 Iihertatu

1893 2120 2208 2190 corripiant,
2238 2126 2533 2182 secundum
2565 2128 2693 2185 illud
2727 2147 2740 2184 :
2776 2130 2997 2187 Meliora
3019 2145 3137 2188 sunt
3169 2138 3381 2192 vulnera
3404 2142 3485 2192 di-

1893 2210 2115 2281 ligentis,
2153 2232 2311 2286 quam
2349 2219 2682 2287 fraudulenta
2724 2225 2901 2278 oscula
2942 2225 3252 2284 b'audientis
3300 2230 3482 2301 (Prov.

1892 2304 2090 2375 xxvu);
2122 2314 2177 2361 et
2207 2307 2399 2363 iterum
2426 2327 2440 2364 :
2475 2311 2577 2376 Qui
2599 2324 2819 2382 arguunt
2846 2314 3221 2385 laudabuntur,
3254 2331 3300 2373 et
3328 2337 3483 2389 super

1890 2394 2031 2464 ipsas
2059 2399 2223 2451 veniet
2253 2398 2537 2456 benedictio
2575 2402 2757 2474 (Prov.
2794 2407 2962 2477 μιν).

1962 2488 2123 2544 Num.
2171 2490 2259 2545 5i.
2318 2491 2526 2549 Fulcite
2571 2513 2650 2550 me
2675 2499 2911 2567 ﬂoribus,
2956 2503 3143 2571 stipate
3184 2521 3264 2558 me
3307 2506 3481 2559 malis.

1890 2580 2213 2638 Sanctorum
2238 2585 2468 2642 statibus
2498 2588 2752 2659 conjungi
2790 2592 2872 2646 vel
2906 2594 3225 2651 circumdari
3271 2596 3481 2653 deside-

1892 2683 1997 2737 rat,
2038 2690 2157 2744 qua:
2190 2675 2275 2746 pio
2304 2686 2360 2732 et
2404 2690 2556 2734 casto
2588 2694 2773 2738 amore
2824 2683 3150 2755 languescit;
3189 2689 3312 2757 quia
3371 2688 3481 2742 Ian-

1888 2780 2026 2835 guor
2054 2782 2159 2823 non
2202 2778 2286 2824 est
2313 2770 2507 2838 morbi,
2535 2773 2629 2828 sed
2663 2773 2947 2832 ineﬁ‘abilis
2987 2778 3242 2834 desiderii
3283 2794 3480 2836 secun-

1890 2857 2019 2912 dum
2050 2858 2179 2914 illud
2207 2878 2219 2913 :
2260 2858 2460 2933 Defecit
2487 2864 2542 2918 in
2590 2865 2805 2921 salutari
2837 2877 2926 2922 tua
2952 2870 3126 2924 anima
3166 2888 3302 2937 mea,
3350 2882 3400 2926 et
3429 2876 3480 2927 in

1887 2950 2096 3005 verbum
2147 2961 2295 3007 tuum
2339 2958 2717 3027 supersperavi,
2751 2960 3044 3031 defecerunt
3084 2966 3224 3019 oculi
3280 2966 3381 3020 mei
3427 2968 3480 3020 in

1889 3040 2152 3113 eloquium
2205 3056 2351 3098 tuum
2405 3048 2629 3104 dicentes
2673 3066 2692 3104 :
2738 3050 2958 3116 Quando
3004 3056 3353 3111 cansalaberis
3399 3074 3480 3112 me

1890 3133 2061 3206 (Psal.
2087 3136 2307 3208 cxvtu)?
2326 3138 2532 3195 Felices
2557 3141 2633 3197 illi
2661 3143 2750 3212 qui
2771 3146 2859 3200 tali
2891 3146 3131 3216 profectu
3154 3150 3440 3220 proﬁciunt
3464 3170 3476 3204 :

183 3222 397 3279 Eodem
430 3232 740 3294 protegente
767 3240 925 3295 quem
955 3240 1171 3296 semper
1199 3227 1390 3284 adesse
1418 3218 1659 3299 quaesivi,
1690 3229 1788 3284 hu-
1813 3218 1860 3283 C
1898 3226 2299 3295 quodammodo
2327 3231 2497 3295 enim,
2529 3232 2621 3302 qui
2667 3235 2890 3290 multum
2937 3218 3231 3303 desiderat,
3265 3241 3479 3312 langue-

182 3319 339 3373 milis
365 3333 426 3372 ac
452 3333 639 3374 secura
673 3320 958 3389 permensi.

258 3408 423 3463 Num.
453 3407 544 3464 29.
580 3408 647 3462 Et
674 3414 871 3481 [ructus
900 3414 1011 3482 ejus
1054 3412 1221 3467 dulcis
1252 3413 1447 3483 gutturi
1489 3430 1623 3468 meo.
1650 3413 1788 3469 Dicit

178 3501 241 3556 in
272 3500 562 3570 Evangelia
609 3501 902 3557 Dominus:
936 3501 1050 3576 Ego
1077 3520 1188 3558 sum
1225 3506 1359 3574 vitis,
1389 3522 1478 3561 vos
1518 3508 1641 3561 estis
1673 3508 1788 3577 pal-

179 3594 341 3646 mi:es
359 3610 375 3655 ;
396 3593 479 3659 qui
512 3604 679 3646 manet
696 3594 747 3647 in
770 3610 865 3660 me,
901 3603 948 3647 et
975 3610 1069 3665 ego
1089 3596 1141 3648 in
1168 3611 1248 3660 eo,
1269 3595 1355 3649 hic
1382 3596 1532 3664 aliert
1558 3600 1787 3668 fructum

177 3685 434 3751 ntultum,
466 3686 589 3753 quia
619 3686 728 3739 sine
760 3703 839 3741 me
868 3686 999 3739 nihil
1026 3688 1235 3757 potestis
1264 3690 1431 3757 facere
1454 3686 1638 3758 (Jaan.
1670 3690 1782 3759 xv).

176 3775 444 3845 Quamvis
474 3776 635 3846 igitur
665 3776 872 3832 fructus
901 3778 1108 3832 oriatur
1138 3778 1193 3832 in
1224 3778 1468 3847 palmite,
1513 3779 1581 3833 ad
1616 3779 1781 3836 vitem

178 3878 371 3923 tamen
392 3867 732 3937 deputandus
778 3878 877 3936 est,
912 3885 977 3925 ex
1018 3869 1173 3940 cujus
1212 3872 1397 3929 radice
1426 3872 1632 3943 palmes
1659 3887 1781 3927 cum

178 3962 370 4018 fructu
396 3963 695 4032 processit;
724 3976 779 4019 et
802 3964 925 4019 ideo
953 3965 1209 4036 quidquid
1236 3965 1366 4036 justi
1398 3967 1451 4022 in
1474 3968 1630 4024 bonis
1655 3982 1785 4039 ope-

177 4054 346 4110 ribus
368 4054 712 4123 iruetiﬁcant,
734 4064 902 4111 totum
932 4066 1016 4113 est
1045 4057 1385 4114 referendum
1407 4058 1473 4114 ad
1485 4058 1779 4116 Christum.

180 4149 248 4204 In
301 4147 453 4217 cnjus
498 4147 762 4204 fructibus
792 4149 1229 4220 incomparabilis
1260 4150 1491 4207 dulcedo
1529 4153 1781 4209 sentitur.

181 4239 269 4294 Illi
301 4239 464 4293 etiam
490 4239 666 4294 sancti
690 4240 779 4310 qui
813 4255 910 4310 per
953 4243 1184 4311 gutturis
1230 4242 1467 4313 speciem
1507 4245 1783 4301 ruminare

175 4346 314 4402 quas
339 4339 705 4401 gustaverant.
744 4332 794 4387 id
824 4339 909 4388 est
937 4333 1185 4389 meditari
1227 4350 1349 4405 qua
1395 4334 1592 4392 Christi
1634 4347 1781 4405 sunt,

176 4434 625 4488 consueverant,
675 4423 780 4494 ipsi
833 4424 997 4480 etiam
1049 4424 1270 4482 nimiam
1324 4427 1664 4484 dulcedinem
1713 4445 1782 4486 ex

176 4516 319 4583 ejus
339 4513 510 4570 fructu
535 4515 863 4585 percipiunt.

1892 3322 2001 3375 scit
2024 3328 2080 3375 et
2108 3319 2289 3377 deﬁcit
2317 3321 2489 3380 donec
2517 3332 2698 3394 optata
2727 3329 2809 3382 vel
2835 3331 3057 3397 quaesita
3088 3334 3342 3401 reperiat.

1962 3412 2126 3469 Num.
2150 3412 2240 3469 52.
2272 3414 2428 3470 Lteva
2449 3421 2564 3489 ejus
2584 3419 2680 3473 sub
2713 3421 2884 3492 capite
2902 3439 3029 3477 mea.
3080 3424 3200 3494 Ipse
3225 3426 3478 3485 Salomon

1893 3505 1946 3560 in
1977 3505 2284 3564 Proverbiis
2306 3510 2380 3564 ait
2404 3527 2417 3565 :
2449 3508 2637 3566 Beatus
2658 3512 2809 3568 homo
2832 3516 2923 3583 qui
2942 3517 3131 3571 invenit
3152 3520 3479 3590 sapientiam,

1890 3605 1949 3650 et‘
1971 3599 2133 3668 aﬂluit
2165 3602 2475 3670 prudentia;
2510 3602 2784 3675 longitudo
2828 3607 3029 3662 dierum
3059 3611 3111 3663 in
3143 3612 3327 3666 dextra
3362 3616 3481 3685 ejus

1890 3699 1937 3745 et
1958 3692 2011 3745 in
2030 3693 2238 3747 sinistra
2264 3696 2375 3765 ejus
2399 3697 2591 3751 divitite
2618 3708 2665 3753 et
2693 3698 2882 3771 gloria.
2898 3703 2975 3757 Ac
2994 3702 3073 3759 sic
3091 3704 3260 3760 electa
3274 3706 3478 3763 Christi

1894 3780 2133 3837 Ecclesia
2187 3784 2462 3841 sinistram
2522 3786 2726 3844 habens
2778 3792 2880 3847 sub
2925 3794 3119 3864 capite,
3166 3801 3479 3867 temporalia

1889 3875 1990 3931 sibi
2020 3876 2261 3947 subjecta
2290 3880 2579 3952 describit;
2603 3894 2658 3941 et
2692 3886 2882 3943 dextra
2908 3890 3025 3960 ejus
3069 3907 3131 3947 se
3156 3894 3476 3964 amplexari,

1889 3966 2016 4024 dum
2047 3979 2249 4027 :eterna
2276 3977 2627 4047 concupiscit,
2653 3980 2887 4038 edocuit.

1960 4061 2122 4119 Num.
2154 4062 2247 4120 '55.
2274 4066 2476 4140 Adjura
2505 4086 2613 4140 vos,
2652 4071 2777 4140 ﬁlice
2793 4071 3105 4143 Jerusalem,
3130 4096 3220 4149 per
3242 4097 3478 4151 capreas.

1890 4152 2053 4211 Filias
2077 4156 2399 4230 Jerusalem,
2434 4172 2654 4220 sanctas
2694 4175 2745 4221 et
2779 4166 3026 4237 paciﬁcas
3048 4169 3327 4228 doctorum
3365 4178 3479 4230 ani-

1888 4262 2005 4303 mas
2032 4248 2192 4316 dicit;
2224 4266 2378 4323 quas,
2412 4269 2508 4324 per
2527 4257 2724 4312 munda
2748 4267 2805 4315 et
2833 4260 3039 4316 velocia
3073 4264 3326 4321 animalia
3358 4284 3478 4338 quae

1887 4341 2161 4400 ruminare
2204 4358 2312 4400 non
2361 4346 2639 4415 desinunt,
2697 4360 2753 4407 et
2798 4353 2850 4409 in
2900 4357 3105 4427 campis
3161 4370 3469 4416 sanctarum

1887 4431 2286 4504 Scripturarum
2317 4437 2554 4508 aluntur,
2586 4442 2851 4513 conjurat,
2883 4463 2945 4501 ne
2970 4450 3214 4505 suscitare
3256 4454 3473 4522 faciant.

1889 4526 2051 4580 donec
2100 4526 2215 4597 ipsa
2261 4530 2586 4603 velit:un
2639 4536 2858 4591 Paulum
2923 4542 3225 4609 apostolum
3282 4545 3474 4601 feciSSe

259 4606 425 4661 Num.
451 4606 541 4662 50.
572 4606 873 4662 Introduxit
901 4624 982 4663 me
1006 4609 1060 4663 in
1081 4610 1263 4665 cellam
1284 4612 1554 4667 vinariam.
1583 4614 1785 4669 Ascen-
1814 4604 1866 4665 Ι)
1891 4621 2291 4688 cognoscimus,
2322 4637 2444 4680 cum
2478 4626 2770 4695 virginibus
2796 4628 2863 4684 de
2882 4604 3245 4687 conservanda
3277 4637 3476 4691 sancti-

174 4712 355 4756 surus
386 4699 437 4752 in
467 4699 637 4756 caelos
677 4700 935 4755 Dominus
976 4702 1218 4771 prmcipit
1261 4703 1522 4769 apostolis
1548 4704 1616 4760 ab
1645 4704 1783 4762 Ilie-

174 4789 483 4859 rosolymis
512 4805 582 4847 ne
610 4789 971 4859 discederent,
1016 4792 1207 4849 dicens
1237 4792 1303 4848 ad
1350 4810 1444 4851 eos
1471 4812 1486 4850 :
1524 4795 1778 4865 Gaudete,

171 4883 313 4947 quia
342 4883 438 4936 vici
466 4882 739 4948 mundum,
767 4892 814 4937 et
842 4883 974 4937 vada
1002 4884 1070 4936 ad
1097 4882 1342 4951 Patrem;
1359 4902 1444 4940 vos
1468 4903 1586 4942 vera
1613 4889 1782 4944 sedete

172 4979 239 5031 in
271 4977 475 5031 civitate
500 4978 832 5046 quoadusque
882 4977 1172 5031 induamini
1209 4980 1392 5034 virtute
1433 4996 1497 5034 ea:
1542 4981 1669 5035 alta.
1714 4980 1783 5037 Et

172 5072 336 5125 sicut
360 5070 411 5121 in
437 5070 660 5125 Actibus
685 5071 1054 5139 apostolorum
1092 5072 1351 5141 scriptum
1384 5081 1493 5129 est:
1524 5072 1669 5129 Tunc
1696 5091 1779 5130 re-

172 5162 325 5219 versi
348 5172 464 5215 sunt
505 5163 559 5215 in
588 5160 877 5217 Ierusalem
917 5178 950 5216 a
997 5172 1165 5217 mante
1189 5166 1278 5229 qui
1319 5175 1529 5219 vocatur
1576 5166 1783 5233 Oliveti,

166 5254 281 5323 qui
329 5260 403 5307 est
440 5253 599 5323 juxta
626 5251 937 5319 Jerusalem,
967 5253 1165 5309 sabbati
1194 5256 1382 5312 habens
1410 5258 1528 5312 iter.
1576 5258 1643 5314 Et
1668 5277 1785 5315 cum

166 5350 467 5404 intrassent
514 5348 566 5401 in
615 5348 960 5415 ccenaculum,
1006 5351 1345 5407 ascenderunt
1392 5354 1479 5408 ubi
1510 5356 1785 5411 manebunt

176 5439 385 5495 Petrus
432 5449 479 5493 et
524 5440 774 5497 Joannes.
827 5442 896 5497 Et
941 5452 1064 5513 post
1091 5459 1283 5514 pauca,
1326 5444 1401 5500 Hi
1431 5458 1579 5501 erant
1608 5465 1781 5503 omnes

164 5531 502 5589 unanimiter
528 5536 827 5606 congregati
865 5552 983 5590 cum
1023 5538 1345 5598 mulieribus.
1387 5553 1435 5593 et
1463 5552 1623 5596 matre
1656 5542 1782 5597 Iesu

164 5624 387 5683 Maria.
436 5638 481 5680 et
530 5627 779 5700 fratribus
807 5630 953 5700 ejus;
983 5637 1093 5683 erat
1124 5639 1294 5684 autem
1331 5631 1485 5685 turba
1515 5633 1781 5687 hominum

166 5724 301 5792 fere
339 5729 539 5773 centum
566 5699 746 5792 viginti
774 5699 911 5793 (Act.
938 5721 1070 5792 uta)
1099 5723 1153 5778 in
1184 5723 1285 5778 hoc
1314 5723 1433 5779 loco
1461 5726 1779 5794 constituti;

166 5825 244 5871 et
270 5813 685 5883 superveniente
710 5813 854 5883 Spiri
882 5829 915 5868 u
942 5824 1127 5871 sancto
1148 5815 1339 5887 repleti
1366 5829 1489 5877 sunt
1512 5839 1527 5892 ;
1566 5832 1623 5882 et
1652 5836 1777 5879 cum

518 5910 796 5972 PATROL.
830 5909 1082 5972 LXVII.

1892 4709 2094 4777 monia,
2127 4722 2234 4767 non
2265 4724 2610 4784 praeceptum,
2644 4718 2739 4773 sed
2771 4720 3055 4776 consilium
3088 4723 3237 4778 dedit
3270 4723 3324 4795 (I
3350 4724 3472 4782 Cor.

1893 4797 2025 4868 vn);
2056 4810 2109 4855 et
2155 4800 2209 4855 in
2244 4802 2533 4870 Evangelia
2568 4807 2721 4863 diviti
2748 4809 2985 4865 dicitur:
3021 4812 3082 4866 Si
3112 4815 3183 4868 vis
3221 4822 3475 4886 perfectus

1889 4908 2018 4957 esse,
2044 4894 2173 4948 vade
2190 4905 2239 4948 et
2262 4898 2422 4951 vende
2442 4900 2611 4954 omnia
2642 4916 2755 4969 qua:
2776 4902 2947 4969 habes,
2978 4913 3026 4957 et
3066 4906 3133 4958 da
3168 4909 3476 4975 pauperibus

1891 4985 2107 5056 (Matth.
2127 4988 2263 5059 xu).
2289 4991 2356 5046 Et
2384 4992 2489 5046 alio
2513 4993 2633 5049 loco
2660 4996 2746 5051 ubi
2775 4996 3029 5066 spadones
3054 4998 3364 5069 laudantur,
3389 5006 3477 5074 qui

1891 5093 1946 5131 se
1964 5080 2111 5151 ipsos
2149 5092 2491 5137 castrat-erunt
2518 5097 2728 5156 propter
2747 5104 2960 5160 regnum
2989 5091 3263 5158 caelorum;
3289 5104 3344 5149 et
3366 5106 3479 5151 εω-

1892 5169 1984 5224 tim
2007 5169 2275 5240 adjicitur,
2298 5174 2384 5243 qui
2405 5184 2566 5244 potest
2593 5193 2773 5247 capere
2792 5180 2982 5250 capiat.
3020 5182 3086 5236 Et
3108 5182 3300 5240 iterum
3335 5188 3477 5257 Apo-

1890 5263 2081 5330 stolas,
2112 5279 2232 5320 cum
2262 5267 2326 5321 ad
2360 5269 2743 5326 continentiam
2768 5273 3015 5330 hortatur
3042 5295 3054 5329 :
3089 5276 3204 5332 Iloc
3226 5280 3295 5333 ad
3336 5282 3475 5335 utili-

1888 5364 2044 5410 tatem
2064 5368 2279 5413 vestram
2307 5362 2421 5416 dico
2451 5364 2691 5436 (inquit),
2719 5384 2820 5422 non
2843 5379 2894 5422 ut
2915 5370 3153 5442 laqueum
3184 5374 3321 5427 vobis
3346 5376 3448 5446 inji
3470 5410 3478 5417 -

1890 5447 2043 5513 ciam,
2074 5450 2163 5503 sed
2183 5452 2250 5504 ad
2275 5452 2329 5505 id
2350 5457 2484 5523 quod
2507 5455 2772 5512 honestum
2800 5471 2895 5529 est,
2930 5461 3135 5527 hortor,
3164 5475 3209 5516 et
3232 5466 3371 5535 quod
3392 5465 3476 5535 [a-

1884 5547 2121 5601 cultatern
2152 5551 2370 5618 praebeat
2416 5556 2525 5608 sine
2561 5556 2922 5626 impedimenta
2963 5556 3125 5613 Deum
3174 5560 3475 5616 absecrandi

1883 5637 1940 5708 (Ι
1961 5637 2084 5695 Cor.
2113 5642 2227 5713 vn).
2266 5644 2327 5699 Et
2351 5660 2537 5702 rursus
2564 5648 2631 5701 ad
2665 5647 3036 5704 Philemonem
3064 5669 3075 5702 :
3110 5650 3234 5707 Sine
3261 5653 3483 5707 consilio

1883 5742 2050 5786 autem
2077 5744 2164 5788 tua
2188 5734 2315 5788 nihil
2339 5740 2476 5793 volui
2505 5738 2691 5806 facere,
2727 5741 2801 5818 uti
2827 5756 2892 5794 ne
2920 5741 3052 5796 velut
3078 5758 3143 5797 ex
3178 5744 3481 5799 necessitate

1885 5825 2073 5882 bonum
2112 5837 2255 5883 tuum
2290 5843 2443 5902 esset,
2491 5831 2578 5884 sed
2618 5831 2988 5888 voluntarium.
3023 5834 3175 5893 Tunc
3222 5836 3365 5895 enim
3393 5836 3476 5892 tli-

2884 5926 2957 5987 31
