3958 6358
482 346 576 399 971

1712 351 1767 408 S.
1807 350 1995 409 SUSTI
2040 350 2520 412 URGELLENSlS

3664 360 3776 415 972

440 420 617 520 ilccta
668 468 1015 538 quotdttsquo
1082 468 1214 523 velit
1275 467 1424 523 nullo
1492 468 1653 522 modo
1723 470 2019 522 suscitatur
2048 508 2061 531 ,
2094 473 2132 528 Α
2244 469 2403 525 Num.
2447 470 2536 525 44.
2590 471 2700 526 l'nx
2729 474 2942 526 turturis
2971 472 3145 526 audita
3174 482 3246 526 es!
3280 473 3332 526 in
3365 482 3517 525 terra.
3550 470 3771 536 Anima,

474 557 688 628 quando
730 571 1036 616 sanctorum
1090 571 1212 615 vota
1256 563 1529 618 voluntate
1596 573 1899 632 spontaneo
1960 566 2066 619 Do-

478 650 624 706 mino
651 652 968 707 offeruntur.

544 742 706 798 Num.
743 741 836 798 54.
887 740 1000 797 νοτ
1044 745 1216 798 dilecti
1245 746 1362 799 mei.
1396 745 1521 799 ιιωο
1550 760 1653 800 vox
1682 744 1905 807 Christi,
1951 760 2071 815 qua:

471 837 524 891 in
557 837 657 892 hac
682 838 965 908 prophetia
993 846 1207 892 tantum
1238 848 1716 905 commemoratur,
1744 854 1848 893 non
1879 838 2070 893 inscite

470 927 537 981 de
582 928 673 982 illa
718 926 980 998 accipitur
1008 944 1115 997 qua
1142 943 1311 997 genus
1341 938 1677 984 mortuorum
1709 929 1987 982 hominum
2017 928 2069 982 in

474 1019 769 1091 l-Zvangelio
798 1020 1147 1085 suscitantur,
1178 1020 1319 1076 sicut
1347 1021 1461 1090 ipse
1486 1021 1799 1089 pronuntiat
1836 1022 2021 1076 dicens
2052 1038 2066 1075 :

471 1109 634 1163 Amen
673 1126 821 1163 amen
860 1110 974 1164 dico
996 1113 1155 1178 vobis,
1182 1113 1302 1181 quia
1334 1115 1491 1167 veniet
1522 1118 1648 1168 hora
1675 1117 1728 1169 in
1769 1132 1871 1183 qua
1900 1131 2071 1169 omnes

470 1203 557 1265 qui
583 1206 633 1257 in
660 1208 992 1258 monumentis
1021 1215 1137 1259 sunt
1158 1208 1362 1260 audient
1392 1224 1559 1261 vocem
1583 1210 1774 1280 ejus,el
1802 1210 2070 1274 precedent

472 1293 564 1349 qui
604 1294 737 1347 bona
783 1294 1010 1362 fecerunt
1056 1299 1107 1349 in
1150 1300 1574 1352 resurrectionem
1602 1301 1717 1353 vilic
1759 1298 1938 1365 (Joan.
1988 1302 2067 1369 γ).

477 1381 545 1436 Et
576 1384 627 1437 in
654 1386 978 1455 Apocalypsi
1006 1386 1199 1441 dicitur
1224 1405 1237 1441 :
1267 1387 1454 1442 Beatus
1475 1390 1561 1458 qui
1584 1370 1734 1443 Ιιαὺῖι
1799 1393 2069 1457 partemin

474 1475 843 1529 resurrectione
874 1478 1039 1545 prima
1071 1476 1254 1547 (Apoc.
1291 1477 1402 1550 xx).
1432 1478 1525 1533 ille
1572 1479 1626 1533 in
1677 1479 1844 1549 prima
1889 1494 2069 1535 resur-

472 1568 713 1621 rectione
744 1578 947 1636 partem
975 1569 1199 1633 invenit,
1225 1571 1313 1637 qui
1345 1581 1530 1627 erutus
1559 1571 1627 1627 de
1660 1573 1801 1626 mala
1840 1587 2067 1628 consue-

472 1660 679 1725 tudine,
714 1671 963 1730 tanquam
992 1678 1020 1714 a
1049 1673 1221 1717 morte
1247 1664 1468 1719 Christo
1491 1662 1795 1719 viviﬁcante
1817 1665 2063 1735 resurgit.

544 1750 705 1807 Num.
753 1752 843 1807 55.
872 1751 1004 1806 Ecce
1025 1759 1118 1808 iste
1140 1756 1268 1809 t'em't
1293 1756 1483 1809 saliens
1514 1757 1566 1808 in
1602 1758 1876 1810 montibus.
1913 1757 2068 1811 Venit

2174 563 2228 616 in
2267 563 2579 633 Evangelia,
2610 565 2878 632 octoginta
2904 557 3138 632 'quatuor
3170 578 3435 615 annorum
3467 564 3772 618 castissima

2172 657 2353 722 vidua;
2384 674 2488 713 nan
2521 659 2781 713 recedens
2812 660 2879 712 de
2908 658 3128 724 templo,
3165 657 3219 709 in
3246 654 3464 725 jejuniis
3486 667 3543 710 et
3570 659 3773 711 oratiu-

2174 745 2327 802 nibus
2364 746 2636 803 Christum
2682 749 2945 816 agnoscit,
2975 756 3031 800 et
3064 747 3296 816 locpiitur
3325 748 3394 801 de
3424 765 3490 802 eo
3518 750 3773 802 omnibus

2171 840 2261 910 qui
2291 841 2673 909 exspectabant
2714 839 3133 907 redemptionem
3168 840 3327 892 Israel
3352 837 3510 910 (Luc.
3539 839 3623 909 ιι).
3646 841 3776 892 Ista-

2174 945 2295 986 rum
2324 948 2535 1001 quoque
2562 932 2744 986 avium
2772 930 3225 986 combinationcm
3258 931 3309 983 in
3336 929 3531 983 sacrifit
3554 932 3664 983 ium
3694 952 3706 978 ι
3730 931 3772 982 ι-

2173 1022 2300 1079 ierri
2328 1024 2617 1090 mandavit,
2651 1025 2740 1092 qui
2774 1023 2847 1077 nil
2875 1022 3097 1077 omnino
3130 1023 3181 1075 in
3214 1022 3484 1076 oblatione
3518 1023 3607 1076 Dei
3637 1038 3771 1091 prm-

2170 1117 2395 1180 clarum,
2424 1115 2523 1169 nisi
2551 1129 2671 1169 cum
2702 1114 2888 1169 ﬁdeles
2910 1130 3140 1183 corpore
3160 1124 3213 1167 et
3238 1114 3429 1183 spiritu
3450 1114 3681 1168 sanctifi.
3698 1119 3770 1166 ati

2178 1206 2401 1261 Domino
2428 1206 2745 1261 oliernntnr.

2242 1297 2402 1353 Num.
2425 1296 2515 1353 45.
2545 1295 2700 1350 Ficus
2723 1297 2933 1360 protulit
2955 1314 3158 1367 grossos
3178 1314 3318 1352 suos.
3345 1297 3587 1352 Tandem
3606 1298 3769 1352 etiam

2172 1392 2448 1460 Syuagnga
2469 1391 2750 1444 credentes
2780 1392 2830 1443 in
2851 1391 3067 1444 Christo
3093 1391 3339 1458 produxit
3355 1391 3647 1455 Israelitas,
3667 1394 3771 1445 sic-

2174 1482 2241 1537 ut‘
2266 1494 2323 1539 et
2366 1484 2652 1551 Apostolus
2702 1482 2775 1535 ait
2817 1499 2829 1533 :
2867 1480 3011 1535 Nolo
3058 1498 3144 1535 vos
3193 1482 3431 1551 ignorare
3469 1485 3767 1552 mysterium

2171 1575 2286 1638 hoc,
2318 1576 2435 1642 quia
2462 1574 2664 1627 caecitas
2688 1590 2751 1627 er
2777 1583 2921 1643 parte
2949 1574 3157 1642 contigit
3186 1574 3238 1627 in
3266 1571 3455 1636 Israel,
3475 1577 3641 1628 donec
3662 1576 3769 1643 ple-

2173 1668 2351 1720 nitudo
2380 1668 2607 1737 gentium
2635 1667 2869 1730 intraret,
2897 1676 2945 1719 et
2986 1665 3061 1717 sic
3090 1666 3255 1719 omnis
3280 1664 3449 1719 Israel
3476 1669 3651 1719 salvus
3678 1668 3769 1733 [ie-

2171 1775 2245 1814 ret
2275 1763 2455 1832 (liam.
2489 1761 2587 1830 ιι).

473 1841 720 1897 Christus
748 1845 938 1898 saliens
966 1847 1017 1897 in
1045 1847 1317 1911 montibus,
1343 1862 1464 1901 cum
1498 1847 1783 1917 perfectior
1812 1848 2061 1917 perfectis
2096 1844 2139 1903 Β
2236 1854 2395 1907 Num.
2438 1851 2529 1905 46.
2579 1851 2753 1906 Vinea:
2773 1855 3011 1922 ﬂorentes
3100 1852 3346 1904 dederunt
3368 1852 3601 1905 odorem.
3634 1852 3769 1905 Con-

472 1935 747 2003 apparuit;
790 1938 1083 1992 transiliens
1123 1938 1301 2005 colles,
1333 1954 1454 1994 cum
1499 1955 1712 1996 onmem
1755 1951 2060 1996 sanctorum

472 2027 805 2082 altitudinem
836 2045 947 2083 suae
978 2032 1271 2099 maiestatis
1319 2032 1636 2087 excellentia
1660 2033 1952 2103 superavit.

542 2120 702 2176 Num.
734 2122 825 2178 56.
855 2122 1053 2180 Similis
1082 2134 1155 2179 est
1183 2125 1400 2179 dilectus
1432 2142 1570 2180 meus
1608 2143 1828 2195 caprea'.
1862 2126 2065 2182 Similis

471 2224 554 2270 est
578 2230 809 2286 capreae,
841 2217 965 2287 quia
1008 2219 1060 2271 in
1087 2219 1424 2272 similitudine
1459 2221 1628 2273 carnis
1668 2221 1858 2284 peccati
1887 2219 2062 2285 (Rom.

472 2307 612 2375 vin),
642 2306 794 2362 nobis
813 2310 1093 2377 apparuit;
1126 2309 1315 2363 similis
1340 2309 1503 2363 etiam
1538 2326 1797 2363 cervorum
1826 2310 2063 2376 Itinnqu,

472 2398 595 2466 quia
643 2399 711 2455 de
758 2401 962 2456 sanctis
1003 2402 1091 2470 qui
1140 2412 1446 2471 serpentem
1477 2405 1741 2470 vicerunt,
1771 2405 2063 2460 secundum

472 2507 690 2549 carnem
724 2493 878 2549 duxit
903 2494 1187 2564 originem.

539 2584 699 2641 Num.
738 2583 831 2641 57.
872 2585 953 2640 En
984 2589 1089 2657 ipse
1138 2596 1238 2641 stat
1292 2600 1401 2655 post
1454 2591 1717 2657 parietem.
1777 2591 1896 2645 Stat
1949 2599 2069 2659 post

474 2679 729 2747 parietem
769 2690 1014 2735 nostrum
1048 2695 1170 2734 cum
1224 2680 1461 2735 induitur
1515 2682 1778 2736 velamine
1823 2683 2068 2751 corporis

471 2770 665 2826 nostri.

542 2862 705 2918 Num.
746 2862 837 2918 58.
882 2865 1176 2936 Respiciens
1217 2881 1307 2934 per
1350 2868 1617 2933 fenestras.
1651 2864 1783 2918 Cum
1815 2863 2065 2933 quiddam

470 2956 549 3011 sui
578 2957 836 3024 occuluit,
867 2957 1121 3027 quiddam
1154 2968 1330 3011 autem
1364 2955 1762 3021 manifestavit;
1789 2955 1938 3024 quasi
1974 2971 2067 3021 per

472 3049 737 3104 lenestras
762 3056 819 3105 ct
838 3050 1103 3105 cancellos
1136 3052 1431 3118 prospexit.
1465 3050 1579 3103 Non
1608 3051 1750 3102 enim
1782 3063 1841 3103 se
1862 3063 1925 3103 ex
1955 3056 2067 3102 toto

471 3141 736 3209 prmipue
776 3141 1068 3197 secundum
1115 3140 1283 3196 Deum
1313 3141 1567 3207 ostendit,
1599 3141 1687 3211 qui
1718 3140 1930 3196 Patrem
1982 3142 2065 3195 vi-

2166 1946 2503 2015 gregationcs
2547 1945 2887 2006 clericorum,
2921 1944 3307 1996 monachorum
3336 1956 3552 2011 quoque
3579 1955 3635 1996 et
3664 1945 3768 1995 νιτ-

2166 2042 2346 2109 ginum
2372 2039 2424 2092 in
2457 2038 2697 2093 Ecclesia
2725 2038 3028 2106 proliciunt,
3052 2046 3101 2089 et
3136 2051 3230 2104 per
3260 2036 3454 2090 bonam
3488 2035 3689 2089 faniam
3717 2049 3765 2091 ct

2166 2130 2629 2185 εοηνειιεθιὶοιιοιιι
2662 2129 3034 2184 innotuerunt.

2237 2224 2394 2278 Num.
2438 2222 2525 2276 47.
2568 2225 2751 2295 Surge,
2787 2224 2953 2275 antica
2984 2239 3119 2286 mea,
3150 2233 3196 2275 et
3226 2223 3456 2290 speciosa
3488 2238 3631 2276 mea.
3666 2222 3767 2276 Ptis

2168 2317 2617 2388 appellationibus
2659 2330 2875 2384 semper
2907 2315 3152 2369 hortatur
3184 2314 3423 2369 Ecclesia
3455 2324 3515 2368 ut
3566 2316 3769 2368 relictis

2171 2410 2558 2481 temporalibus
2586 2410 2651 2463 ad
2684 2419 2885 2464 atterna
2914 2410 3169 2474 suspiret.

2240 2504 2401 2557 Num.
2440 2501 2530 2556 48.
2570 2499 2819 2555 Columba
2848 2517 2961 2554 mea
2989 2502 3041 2553 in
3073 2500 3413 2570 foraminibus
3446 2510 3627 2570 petrar.
3657 2499 3767 2555 Non

2170 2598 2317 2651 aliud
2354 2595 2588 2651 Ecclesia
2640 2593 2886 2650 columba
2929 2603 3171 2658 vocatur,
3206 2594 3309 2647 nisi
3355 2595 3476 2659 quia
3519 2605 3601 2648 est
3654 2596 3767 2647 sine

2169 2690 2295 2744 dolo
2319 2699 2373 2743 et
2400 2688 2598 2759 Spiritu
2629 2697 2813 2741 s:mcto
2843 2686 3118 2753 repletur;
3157 2687 3359 2741 habitat
3404 2686 3457 2740 in
3489 2688 3767 2740 iurant-mi-

2171 2783 2270 2837 bus
2305 2795 2489 2851 patrm,
2521 2781 2642 2850 quia
2675 2794 2891 2849 semper
2934 2780 3334 2848 receptaculum
3384 2782 3545 2833 habet
3576 2782 3631 2834 in
3666 2782 3767 2843 his,

2171 2888 2235 2928 ex
2284 2875 2476 2941 quibus
2515 2882 2698 2925 sanata
2750 2881 2852 2933 est,
2885 2871 3194 2927 vulneribus
3238 2871 3459 2925 Christi.
3495 2871 3589 2925 lies
3612 2873 3664 2941 ip
3689 2883 3769 2925 tnr

2169 2973 2332 3021 etiam
2362 2980 2413 3017 tn
2442 2979 2722 3017 cavernam
2748 2964 3155 3026 mat'eri.e,cum
3180 2974 3364 3017 Sancta
3388 2977 3450 3017 cx
3479 2964 3771 3030 Scriptnris

2169 3059 2540 3115 consolatione
2571 3057 2802 3120 fovetur,
2835 3058 2916 3109 vel
2950 3072 3070 3109 rum
3109 3054 3528 3125 prtecedentium
3563 3071 3693 3109 sane
3717 3076 3771 3104 u-

2172 3168 2289 3207 rum
2320 3152 2528 3206 meritis
2556 3160 2717 3218 atque
2746 3150 3079 3203 oratiunihus
3108 3164 3173 3203 es
3217 3159 3330 3201 tato
3360 3148 3683 3217 lrotegitur.
3718 3149 3771 3201 lc-

472 3231 604 3288 dere
632 3233 862 3301 cupienti
892 3233 1135 3302 Philippo
1164 3233 1298 3287 dixit
1330 3250 1344 3289 :
1378 3232 1543 3287 Tanta
1564 3244 1786 3302 tempore
1813 3232 2065 3287 vobiscum
2092 3225 2137 3286 C
2171 3245 2255 3300 his
2295 3244 2643 3299 foraminibus
2694 3252 2881 3309 patrm,
2927 3242 3161 3296 Thomas
3191 3242 3465 3311 apostolus
3515 3251 3767 3311 tanquam

472 3339 607 3385 sum,
663 3333 708 3377 et
750 3340 849 3377 non
888 3326 1191 3395 cognouistis
1215 3340 1329 3391 me;
1358 3334 1412 3379 ct
1450 3324 1554 3379 alio
1582 3326 1700 3380 loco
1724 3340 1739 3379 :
1766 3326 1867 3391 Qui
1896 3324 2063 3396 diligit

472 3434 555 3472 me
585 3420 827 3471 inundata
850 3432 959 3473 mm
986 3418 1211 3473 custodit
1241 3429 1290 3473 rt
1320 3435 1416 3489 ego
1440 3419 1655 3490 diligam
1685 3435 1799 3471 eum
1822 3429 1867 3473 et
1898 3420 2067 3471 mani-

473 3512 667 3583 festabo
692 3515 736 3567 ei
772 3515 1018 3581 meipsum
1047 3512 1228 3581 (Joan.
1258 3516 1390 3581 stv).
1409 3512 1503 3567 Vel
1538 3522 1660 3567 tunc
1691 3528 1785 3582 per
1809 3515 2067 3566 lencstras

472 3613 527 3660 et
567 3604 832 3661 cancellos
878 3604 1171 3673 prospexit,
1208 3604 1419 3674 quando
1472 3604 1682 3673 plebem
1708 3602 1763 3656 in
1795 3602 2067 3671 parabolis

476 3695 711 3751 edocuit.
736 3694 929 3752 Potest
960 3698 1120 3751 etiam
1144 3695 1365 3766 intelligi
1399 3694 1539 3765 quod
1555 3704 1680 3749 tunc
1699 3708 1793 3763 per
1810 3693 2068 3747 lt-nestras

474 3789 768 3858 prospexit,
783 3789 993 3857 quando
1008 3789 1057 3840 in
1081 3788 1352 3857 passione,
1374 3788 1554 3841 lancea
1582 3785 1850 3855 perforato
1880 3785 2064 3845 latere.

473 3880 730 3948 sanguine
773 3888 827 3934 et
872 3896 1008 3949 aqua
1039 3888 1309 3943 inuitante,
1340 3877 1720 3946 redemptionis
1773 3885 1826 3933 et
1870 3874 2065 3930 lavacri

476 3983 825 4025 sacramenta
859 3970 1127 4040 produxit.
1506 4014 1513 4019 .

540 4062 699 4118 Nutu.
739 4062 828 4119 59.
873 4061 1098 4115 Dilectus
1127 4077 1268 4114 meus
1296 4061 1521 4129 loquitur
1568 4060 1711 4112 mihi.
1751 4060 1984 4115 Dilectus
2013 4060 2064 4113 in

475 4157 575 4211 hoc
614 4156 749 4208 libro
787 4169 930 4222 saepe
961 4152 1284 4208 describitur
1318 4171 1332 4206 :
1364 4153 1483 4222 quis
1521 4152 1664 4207 enim
1698 4164 1805 4206 tam
1838 4152 2065 4208 dilectus

475 4247 731 4302 Ecclesia:
783 4260 939 4314 quam
987 4245 1076 4299 ille
1118 4251 1337 4314 propter
1366 4259 1523 4313 quem
1565 4253 1829 4315 martyres
1857 4243 2066 4299 animas

472 4336 799 4408 posuerunt?
834 4336 1024 4407 Surge,
1049 4351 1269 4405 propera
1290 4343 1336 4389 et
1361 4335 1471 4389 veni
1499 4351 1713 4406 :surge,
1730 4337 1920 4400 Crede;
1945 4350 2063 4401 pro.

471 4448 617 4505 pera,
648 4439 863 4502 peracto
909 4445 1071 4485 cursu
1126 4429 1197 4498 pii
1251 4429 1449 4483 laboris
1493 4432 1771 4498 prtemium
1829 4428 2060 4495 suscipe.

472 4524 652 4579 Amica
678 4540 810 4591 mea,
844 4522 1183 4577 reconciliata
1233 4520 1358 4574 mihi
1396 4536 1488 4589 per
1521 4531 1786 4585 inertem;
1835 4520 2062 4589 formosa

472 4634 607 4683 mea,
637 4616 833 4672 munda
864 4615 999 4670 facta
1029 4630 1122 4683 per
1152 4614 1441 4667 lavacrum.

544 4710 703 4766 Num.
731 4707 821 4764 40.
853 4707 973 4762 Jam
1001 4707 1136 4762 enim
1165 4706 1324 4759 hiems
1354 4706 1571 4758 transiit.
1597 4703 1731 4771 Quia
1761 4703 2066 4774 temporalis

474 4804 750 4859 tribulatio
782 4805 941 4857 linem
973 4803 1197 4870 accepit.

546 4894 709 4950 Num.
751 4895 840 4948 il.
884 4892 1054 4947 Imber
1084 4895 1208 4947 abiit
1239 4903 1286 4946 et
1317 4894 1539 4947 recessit.
1571 4891 1768 4945 Crebra
1800 4899 1855 4944 ct
1886 4891 2065 4944 ninlti-

475 4990 599 5058 plex
630 4990 874 5053 tentatio,
909 4987 993 5042 vel
1037 5001 1361 5057 paganorum
1410 4984 1708 5054 persecutio
1735 4986 1953 5053 quievit.

547 5079 708 5134 Num.
750 5077 840 5131 ω.
884 5076 1067 5132 Flores
1095 5093 1443 5149 apparuerunt
1488 5079 1540 5130 iu
1569 5086 1727 5131 terra.
1759 5078 1942 5132 Sancti
1974 5090 2069 5131 re-

477 5170 855 5225 dundaverunt
900 5172 949 5222 in
1001 5172 1226 5236 mundo,
1278 5184 1465 5226 mense
1513 5172 1803 5235 Novarum,
1854 5171 2067 5240 quando

478 5265 682 5319 Pascha
707 5263 1030 5330 celebratur,
1059 5266 1269 5329 exorti;
1317 5263 1511 5333 quibus
1555 5263 1843 5332 Aposolus
1896 5264 2065 5318 dicit:

478 5358 539 5413 Si
565 5357 957 5412 consurrexistis
979 5372 1095 5411 cum
1120 5354 1339 5423 Christo,
1369 5373 1482 5424 qute
1507 5374 1709 5411 sursum
1739 5368 1855 5412 sunt
1880 5359 2067 5427 sapite,

476 5466 579 5504 non
607 5464 722 5521 qua
750 5463 903 5520 super
931 5459 1116 5502 terram
1147 5446 1288 5520 (σει.
1319 5449 1423 5517 ιιι).

546 5542 705 5597 Νυιιι.
745 5539 836 5596 43.
879 5539 1400 5611 Tempusputationis
1423 5542 1648 5613 advenit.
1683 5543 1743 5597 lli
1771 5543 1860 5612 qui
1889 5543 1941 5598 in
1968 5544 2066 5599 doc

476 5649 564 5689 tuo
593 5633 801 5688 Domini
846 5641 967 5686 sunt
1015 5632 1257 5703 plautati,
1291 5632 1529 5687 adhibita
1577 5634 1871 5703 disciplina:
1911 5635 2067 5702 falce,

475 5729 544 5780 ab
563 5729 707 5782 omni
732 5727 1109 5795 superstitione
1131 5726 1359 5797 purgati,
1387 5729 1623 5789 venturis
1650 5728 1908 5785 fructibus
1931 5745 2071 5799 pra:-

476 5836 755 5893 parantur.

2169 3335 2441 3400 columba,
2465 3334 2853 3403 protectionem
2879 3332 3240 3401 invenit,enm
3268 3349 3301 3402 p
3325 3341 3390 3385 nst
3419 3336 3768 3389 resurrectio-

2170 3446 2290 3487 nem
2322 3428 2665 3483 contrectatis
2685 3424 2880 3481 Christi
2914 3426 3191 3479 vulnerum
3218 3426 3370 3489 locis,
3391 3439 3600 3479 remota
3625 3429 3769 3479 omni

2169 3524 2458 3585 dubietate,
2492 3522 2626 3574 Deus
2654 3536 2794 3573 meus
2824 3528 2870 3571 et
2902 3516 3153 3570 Dominus
3176 3533 3315 3570 meus
3347 3516 3527 3587 (Joan.
3561 3520 3678 3589 ax),
3712 3524 3772 3572 lio

2171 3616 2363 3672 deliter
2385 3616 2594 3671 exclam
2615 3615 2727 3667 ivit.

2241 3708 2397 3762 Num.
2439 3706 2526 3762 49.
2561 3705 2781 3760 Ostende
2812 3706 2936 3758 mihi
2960 3706 3144 3776 faciem
3173 3715 3329 3767 tuam,
3358 3702 3507 3757 Sion.
3542 3704 3677 3757 Sion
3706 3706 3773 3755 ἠς

2175 3807 2507 3870 terprctntur
2529 3798 2847 3867 Speculatio,
2874 3814 2991 3867 quae
3028 3799 3221 3851 merito
3246 3796 3299 3849 in
3331 3796 3433 3849 illis
3463 3795 3774 3865 intelligitur

2170 3895 2260 3964 qni
2284 3909 2405 3948 cum
2427 3892 2682 3961 Apostolo
2708 3891 2893 3945 dicunt
2919 3907 2935 3944 :
2963 3889 3074 3944 Nos
3091 3900 3258 3942 autem
3281 3888 3504 3959 gloriam
3536 3888 3633 3941 Dei
3655 3905 3773 3955 spe«

2171 3987 2414 4050 calantes,
2435 3988 2485 4037 in
2505 3985 2729 4038 eamdem
2751 3984 3021 4053 imaginem
3036 3993 3149 4034 tran
3160 3983 3465 4049 ,zfortnamur
3479 3999 3510 4033 a
3526 3981 3771 4033 claritate

2171 4079 2221 4130 in
2237 4077 2774 4146 cluritacmtanquam
2794 4092 2823 4128 a
2848 4076 3051 4128 Domini
3072 4075 3273 4144 spiritu.
3300 4075 3365 4127 l‘lt
3386 4073 3575 4126 iterum
3604 4092 3619 4124 :
3654 4074 3772 4127 Non

2167 4171 2622 4240 contemplantibus
2676 4168 2819 4222 nobis
2894 4183 3011 4237 qua:
3066 4166 3339 4227 videntur,
3376 4165 3464 4218 sed
3510 4180 3626 4232 qua!
3674 4180 3772 4217 nos

2170 4265 2411 4317 videntur
2440 4260 2527 4333 (ll
2563 4260 2683 4315 Cor.
2747 4262 2827 4332 v).
2859 4259 2991 4335 Qua:
3021 4258 3163 4313 enim
3188 4257 3436 4311 videntur
3456 4255 3773 4324 temporalia

2170 4364 2316 4418 sunt,
2333 4370 2450 4425 qum
2469 4362 2645 4409 autem
2673 4368 2777 4408 non
2800 4353 3047 4406 videntur
3066 4360 3265 4405 acterna
3283 4356 3425 4403 sunt.
3443 4347 3565 4401 Haec
3592 4349 3773 4415 itaque

2172 4448 2429 4501 invitatur
2454 4456 2512 4502 ut
2567 4460 2781 4515 semper
2805 4454 2929 4499 ante
2979 4444 3142 4499 Deum
3174 4445 3419 4507 assistat,
3454 4442 3593 4495 sicut
3629 4440 3774 4494 Elia:

2168 4542 2257 4610 qui
2282 4538 2495 4594 dicebat
2522 4555 2537 4591 :
2575 4537 2706 4592 Vivit
2725 4536 2993 4599 Dominus,
3009 4537 3058 4588 in
3078 4538 3229 4603 cuius
3257 4542 3522 4601 conspectu
3542 4543 3665 4585 asto
3688 4535 3776 4584 bo-

2089 4601 2141 4660 D
2286 4630 2391 4701 (IV
2421 4631 2550 4702 lleg.
2585 4630 2694 4698 ιιι);
2725 4644 2825 4683 nec
2852 4631 2920 4682 sit
2948 4630 3015 4682 de
3061 4601 3169 4682 illis
3208 4641 3342 4695 quos
3383 4625 3643 4695 propheta
3679 4625 3776 4679 de.-

2174 4732 2323 4779 notat
2372 4721 2556 4775 dicens
2592 4737 2604 4774 :
2645 4718 2913 4772 Venerunt
2943 4718 3011 4770 ad
3036 4734 3115 4771 me
3145 4727 3344 4786 tergunt
3373 4726 3420 4769 et
3454 4732 3552 4768 non
3580 4716 3777 4783 facit-nt

2175 4814 2419 4885 (Jerem.
2470 4811 2580 4884 tt);
2614 4821 2689 4877 el,
2738 4827 2833 4865 eoa:
2870 4822 2990 4875 tua,
3034 4810 3227 4878 inquit,
3294 4809 3345 4861 in
3391 4807 3605 4860 auribus
3654 4812 3778 4863 meis

2174 4906 2294 4977 (111
2342 4907 2467 4975 lieg.
2518 4907 2680 4974 xvn);
2710 4913 2784 4971 et,
2831 4904 3179 4957 (laniaverant
3224 4903 3369 4971 iusti,
3417 4911 3463 4955 et
3512 4899 3779 4956 Dominus

2173 4999 2428 5052 exaudivit
2455 5012 2540 5052 eos
2570 5007 2615 5049 et
2641 5013 2705 5050 ea:
2729 4996 2966 5049 omnibus
2992 4992 3408 5048 tribuldionibus
3433 5008 3616 5045 eorum
3646 4993 3779 5047 libe-

2173 5093 2303 5147 ravit
2328 5108 2411 5146 eos
2440 5088 2614 5161 (Psal.
2642 5090 2857 5159 xxxiii).

2246 5184 2407 5239 Num.
2436 5184 2526 5238 5').
2573 5180 2690 5236 Vox
2716 5184 2851 5235 enim
2889 5190 2977 5233 tua
3015 5179 3204 5233 dulcis.
3237 5178 3519 5232 Orationes
3554 5188 3775 5232 sancto

2173 5291 2289 5330 rum
2313 5288 2525 5342 semper
2553 5274 2774 5326 Domino
2799 5281 3055 5340 acceptae,
3085 5270 3362 5342 gratiaque
3388 5266 3502 5337 ejus
3526 5281 3782 5336 prxseu-

2176 5379 2279 5433 tes,
2309 5369 2431 5440 quia
2460 5368 2527 5421 de
2557 5366 2755 5421 Christi
2788 5366 2989 5420 lumine
3019 5372 3362 5431 acceperim,
3395 5370 3451 5413 ut
3485 5361 3533 5412 in
3568 5359 3775 5413 decore

2176 5461 2390 5533 inmitia:
2418 5465 2813 5528 pernmncrent.

2248 5551 2409 5605 Num.
2439 5551 2531 5605 5|.
2582 5548 2763 5614 Capite
2802 5548 2943 5600 nobis
2983 5545 3157 5616 culpes
3197 5543 3458 5612 μανι-κιαι.
3488 5542 3634 5597 Dicit
3683 5560 3776 5612 per

2176 5643 2481 5713 parabolam
2526 5642 2579 5695 in
2633 5638 2922 5707 Evangelio
2952 5638 3209 5692 Dominus
3250 5636 3458 5706 (Matth.
3495 5640 3615 5695 ιιιι)
3649 5651 3775 5691 cum

2175 5733 2431 5789 crevisset
2460 5732 2645 5795 herba,
2676 5738 2731 5785 et
2773 5732 3002 5784 fructum
3034 5728 3275 5795 fecisset,
3330 5738 3457 5782 tunc
3497 5744 3773 5798 apparue-

2177 5836 2301 5882 runt
2329 5827 2528 5881 zizaniu
2558 5841 2571 5879 :
2605 5825 2652 5880 id
2685 5833 2786 5891 cst,
2824 5822 3137 5894 proliciente
3177 5822 3416 5877 Ecclesia
3460 5836 3775 5877 numerosa
