3958 6358
239 415 346 470 975

1240 423 1305 479 ΙΝ
1343 424 1637 482 CANTICA
1675 424 2118 487 CANTICORUM
2160 432 2408 512 EXP‘LIC
2430 436 2590 493 \TlO.

3426 446 3531 501 974

236 530 401 583 etiam
455 529 689 588 hmrescs
728 545 1098 607 surrexerunt,
1129 538 1215 596 vel
1254 542 1305 595 in
1346 542 1434 597 illa
1487 542 1589 598 ﬁde
1631 559 1836 613 perma-
1864 546 1912 605 Α
1942 546 2036 600 sed
2087 551 2175 616 qui
2226 552 2427 606 sanctis
2479 553 2750 610 laboribus
2786 555 3202 627 invigilavi'rint,
3254 559 3353 628 ipsi
3403 574 3527 614 cum

235 631 401 676 nente
430 637 591 691 quam
622 639 784 694 prave
817 628 1082 685 sentirent
1104 633 1434 703 investigata;
1463 645 1608 691 sunt.
1650 638 1738 694 Sic
1778 648 1834 695 et

235 710 327 767 ille
371 712 623 782 Samson,
654 717 743 786 qui
796 719 1181 790 interpretatur
1215 725 1316 791 sol,
1355 729 1525 797 captis
1578 735 1832 788 trecentis

236 804 508 874 vulpibus,
537 823 726 864 eorum
768 812 956 868 caudis
996 814 1170 883 ignem
1211 823 1481 888 apposuit,
1525 833 1579 878 et
1626 826 1831 883 fructus

236 895 575 954 inimicorum
606 904 851 958 accendit
878 904 1076 976 (Judic.
1106 908 1219 979 xv).
1245 910 1470 982 Semper
1495 915 1636 971 enim
1662 918 1833 974 haere-

235 987 326 1043 tici
359 990 411 1043 in
442 992 769 1063 primordiis,
804 999 950 1053 velut
978 997 1097 1054 [icta
1132 1003 1389 1072 religione
1426 1010 1731 1079 conspicui,
1775 1011 1827 1067 in

236 1085 494 1139 extremis
522 1086 633 1142 suis
659 1087 833 1157 ignem
864 1090 1101 1159 trahunt,
1142 1095 1403 1163 gehenum
1444 1100 1691 1157 incendio
1733 1103 1830 1159 de-

237 1175 431 1242 putati.
464 1176 528 1231 Et
556 1178 677 1233 ideo
704 1181 884 1247 Capite
904 1183 1051 1239 nobis
1079 1185 1256 1248 vulpes
1281 1204 1300 1245 :
1331 1191 1635 1247 convincite
1661 1193 1828 1251 luere-

239 1264 396 1330 ticos,
449 1282 745 1337 eorumque
777 1274 1043 1328 versutias
1088 1288 1394 1333 sanctarum
1428 1281 1826 1351 Scripturarum

236 1358 541 1413 concludite
591 1362 931 1419 testimoniis.
977 1366 1121 1433 Quos
1166 1370 1351 1437 vulpes
1396 1373 1645 1442 parvulas
1675 1377 1824 1447 dicit,

234 1447 361 1515 quia
419 1448 551 1503 nihil
601 1452 777 1521 magni
821 1456 1114 1511 secundum
1169 1468 1370 1514 rectam
1422 1462 1578 1517 Iidem
1634 1467 1829 1521 intelli-

236 1539 411 1608 gendo
433 1544 742 1610 continent;
767 1560 928 1602 omne
958 1550 1100 1603 enim
1125 1552 1265 1619 quod
1294 1555 1528 1623 sapiunt,
1549 1558 1820 1625 exhibent;

236 1631 332 1699 qui
362 1632 537 1701 pusilli
569 1646 690 1689 sunt
720 1636 1084 1694 demoliuntur
1108 1643 1313 1709 vineas,
1357 1645 1673 1702 subvertunt
1711 1650 1825 1717 ple-

234 1721 357 1786 bes,
392 1726 568 1791 pravis
614 1740 706 1779 eas
750 1728 1127 1785 traditionibus
1168 1746 1595 1804 corrumpentes.
1665 1737 1827 1793 Vinea

231 1825 409 1869 nostra
457 1820 658 1887 ﬂoruit.
702 1820 939 1877 Ecclesia
989 1825 1251 1880 catholica
1287 1827 1653 1886 indeclinabili
1693 1847 1823 1903 aug-

230 1921 419 1962 mento
448 1910 676 1977 prolicit.

308 2018 465 2074 Num.
496 2020 588 2075 52.
613 2022 845 2079 Dilectus
874 2042 1013 2080 meus
1042 2029 1189 2097 mihi,
1219 2040 1264 2085 et
1285 2048 1376 2100 ego
1400 2033 1496 2087 illi.
1523 2033 1658 2090 Dicit
1685 2037 1828 2106 Apo-

227 2112 445 2168 stolus:
479 2113 647 2167 Erunt
686 2117 791 2171 duo
834 2120 887 2173 in
928 2136 1081 2173 carne
1132 2138 1255 2177 una.
1304 2124 1701 2181 Sacramentum
1734 2130 1829 2182 hoc

227 2222 477 2276 magnum
518 2219 611 2275 (st,
648 2224 743 2282 ego
768 2220 936 2266 autem
986 2214 1102 2267 dico
1140 2218 1193 2269 in
1236 2214 1442 2272 Christo
1496 2228 1543 2273 et
1594 2218 1827 2274 Ecclesia

228 2297 454 2369 (Ep/tes.
481 2300 557 2373 v).
590 2302 665 2358 De
696 2304 812 2373 ipso
841 2306 984 2360 enim
1012 2308 1200 2363 eadem
1235 2309 1471 2366 Ecclesia
1513 2313 1640 2369 dicit
1669 2332 1681 2367 :
1717 2315 1824 2368 Do-

228 2394 404 2448 minus
433 2412 552 2463 pars
579 2395 891 2452 haereditatis
931 2418 1056 2455 mea;
1086 2402 1309 2473 (Psalm.
1358 2407 1467 2475 xv).
1522 2407 1589 2461 Et
1634 2409 1825 2464 iterum

228 2498 262 2537 a
296 2484 451 2541 Patre
474 2487 614 2543 Filio
640 2489 834 2545 dicitur
862 2510 873 2544 :
910 2492 1131 2547 Postulo
1152 2511 1182 2547 a
1207 2512 1309 2559 me,
1341 2507 1388 2551 et
1418 2499 1550 2552 dabo
1591 2500 1679 2553 tibi
1702 2518 1827 2572 gen-

227 2588 307 2633 tes
336 2580 680 2636 litereditatem
709 2594 869 2651 tuam,
916 2598 961 2641 et
1006 2592 1374 2656 possessionem
1403 2604 1543 2648 tuam
1582 2598 1827 2653 terminos

226 2684 382 2729 terra:
412 2674 637 2748 (Psalm.
663 2679 745 2750 ιι).
777 2680 949 2736 llabet
978 2685 1136 2752 igitur
1161 2685 1406 2742 Christus
1443 2689 1739 2746 Ecclesiam
1771 2694 1823 2747 in

226 2783 334 2823 suo
376 2785 604 2840 corpore
647 2784 699 2828 ct
750 2773 990 2831 Ecclesia
1035 2776 1304 2835 Christum
1353 2780 1405 2836 in
1449 2784 1623 2852 capite
1660 2801 1673 2839 :
1707 2800 1827 2857 quae

225 2865 499 2918 connexio
551 2867 672 2936 quia
716 2868 989 2926 dissociari
1036 2887 1140 2928 non
1185 2884 1382 2944 potest,
1414 2880 1606 2935 merito
1650 2879 1823 2937 dixit:

226 2952 462 3009 Dilectus
494 2974 632 3012 meus
654 2961 803 3013 mihi.

300 3067 461 3125 Num.
496 3074 584 3128 S3.
645 3074 747 3142 Qui
776 3077 1002 3145 pascitur
1028 3079 1164 3133 inter
1214 3082 1344 3137 tilia.
1398 3083 1641 3141 Pascitur
1686 3087 1827 3144 inter

226 3161 341 3216 lilia
366 3163 610 3221 Christus
637 3169 849 3238 quando
880 3186 1074 3241 corpus
1102 3172 1235 3241 ejus,
1272 3177 1413 3244 quod
1445 3187 1528 3233 est
1562 3177 1821 3248 Ecclesia,

227 3265 540 3312 sanctorum
571 3268 623 3313 et
645 3260 914 3331 virginum
946 3264 1174 3319 cmtibus
1199 3268 1507 3325 decoratur,

302 3371 463 3427 Nunt.
497 3371 585 3427 5i.
628 3374 803 3429 Donec
832 3380 1053 3447 exspiret
1091 3380 1222 3449 dies,
1259 3391 1306 3436 et
1353 3383 1667 3440 inclinentur
1713 3403 1827 3441 um-

220 3468 353 3520 brae.
391 3465 568 3520 Donec
596 3468 904 3539 evangelica
940 3471 1155 3527 traditio
1197 3474 1248 3528 in
1288 3475 1519 3532 clariore
1545 3478 1662 3534 luce
1705 3495 1826 3549 pro-

227 3552 393 3621 ﬁciat,
424 3564 479 3610 et
507 3556 687 3628 ﬁgura:
720 3559 924 3616 Veteris
954 3561 1317 3631 Testamenti,
1357 3582 1477 3637 qua:
1519 3570 1662 3624 velut
1704 3587 1822 3625 um-

224 3650 363 3715 brae,
407 3650 459 3704 in
507 3652 613 3706 ritu
661 3655 1069 3723 sacriﬁciorum,
1112 3659 1303 3731 typicis
1360 3663 1823 3721 observationibus

225 3750 648 3809 praeesserunt,
679 3745 1041 3814 depellantur.

301 3857 460 3913 Nunt.
491 3860 581 3915 55.
610 3861 898 3931 lievertere,
925 3866 1108 3923 similis
1136 3878 1263 3937 esto,
1296 3870 1479 3927 dilecte
1507 3874 1652 3929 mihi.
1687 3876 1818 3932 Dum

222 3946 486 4003 dilectum
544 3952 777 4008 insinuat
824 3959 1057 4026 regredi,
1115 3960 1452 4028 similemque
1504 3980 1713 4035 Caprea:
1768 3976 1823 4022 ct

224 4037 455 4093 ltittnulo
484 4040 636 4107 dicit,
669 4044 866 4098 Christi
894 4047 944 4100 in
968 4050 1136 4104 cretes
1169 4057 1565 4120 ascensionem,
1607 4058 1823 4114 mundis

220 4142 283 4186 et
327 4132 600 4190 velocibus
645 4138 965 4195 anintaiibns
1002 4147 1415 4213 comparandam
1459 4149 1817 4208 demonstran

224 4224 357 4279 "me
385 4230 529 4281 cnim
558 4229 718 4283 celeri
750 4232 911 4296 saltu,
939 4237 1202 4291 montium
1241 4239 1431 4294 altiora
1464 4244 1773 4301 transiliunt
1799 4264 1812 4311 ;

220 4333 728 4389 supergressuaest
758 4336 935 4380 autem
983 4328 1230 4385 Christus
1258 4332 1435 4387 omnia
1468 4351 1585 4401 quze
1631 4337 1816 4391 viden-

223 4414 315 4459 tur
340 4410 572 4474 excelsa,
604 4411 723 4480 quia
768 4413 837 4467 de
881 4414 998 4483 ipso
1044 4420 1331 4486 Apostolus
1372 4422 1540 4477 dicit:
1594 4424 1814 4493 Propter

219 4502 364 4570 quod
387 4500 526 4557 Deus
548 4505 787 4559 rxaltavit
816 4507 983 4576 illum,
1014 4520 1059 4563 et
1092 4512 1233 4565 dedit
1260 4513 1340 4566 illi
1370 4530 1549 4569 nomen
1577 4520 1715 4584 quod
1740 4530 1814 4574 est

217 4609 379 4661 super
401 4610 545 4648 omne
567 4612 769 4663 nomen,
795 4608 847 4651 ut
871 4601 921 4652 in
944 4602 1144 4656 nomine
1163 4604 1285 4657 Jesu
1308 4622 1455 4660 onme
1481 4626 1612 4677 genu
1640 4613 1816 4679 ﬂecta-

216 4693 331 4745 tur,
388 4687 680 4754 (caelestium,
724 4692 1037 4745 terrestrium
1076 4704 1123 4747 et
1173 4696 1516 4764 infernarum,
1566 4710 1613 4754 et
1657 4705 1821 4757 omnis
1852 4681 1901 4741 Ι)

217 4776 403 4846 lingua
434 4783 741 4842 confiteatur
764 4785 883 4851 quia
912 4784 1160 4839 Dominus
1178 4785 1330 4841 Jesus
1353 4789 1405 4842 in
1434 4792 1603 4861 gloria
1623 4806 1697 4848 est
1726 4793 1821 4850 Dei

220 4868 402 4923 Patris
433 4870 634 4941 (Philip
681 4873 763 4945 ιι).
800 4876 986 4930 Betltel
1018 4888 1193 4933 autem
1226 4880 1609 4951 interpretatur
1625 4886 1821 4943 domus

220 4962 325 5015 Dei
360 4979 373 5015 :
404 4979 531 5032 ergo
558 4980 719 5027 super
750 4977 961 5022 montes
996 4970 1201 5036 Bcthel,
1230 4975 1352 5042 quia
1393 4977 1645 5032 omnibus
1690 4994 1817 5034 san-

213 5058 327 5106 ctis
358 5054 446 5121 qui
480 5064 530 5109 tu
561 5057 700 5112 catlo
730 5066 786 5113 et
812 5058 865 5113 in
898 5069 1037 5116 terra
1066 5074 1221 5131 sunt,
1253 5066 1522 5122 Christum
1558 5071 1815 5139 pra-dicat

216 5163 231 5215 ι
257 5145 581 5200 utentioreut
601 5183 616 5199 .

291 5256 423 5311 αλιι
463 5260 805 5321 Ill.—Num.
838 5264 925 5321 56.
964 5268 1027 5323 In
1059 5271 1247 5326 lectulo
1279 5290 1367 5342 per
1394 5286 1563 5328 noctes
1584 5280 1814 5346 quaesivi.

215 5350 279 5405 In
309 5352 389 5405 his
435 5354 523 5422 qui
548 5355 603 5408 in
636 5358 737 5413 lide
768 5360 1082 5430 dnrtnitant,
1114 5376 1169 5420 et
1210 5368 1474 5437 ignoranti
1497 5389 1525 5422 c.
1575 5374 1751 5427 tenebt
1770 5376 1815 5428 is

210 5442 383 5497 deleti
415 5456 559 5512 sunt,
599 5452 847 5517 quaesivit
892 5454 1189 5521 Christum,
1220 5475 1379 5528 quem
1412 5464 1583 5533 diligit
1629 5466 1815 5522 Eccle-

207 5532 338 5597 sia;
367 5535 459 5589 sed
503 5538 623 5594 vide
655 5542 779 5609 quid
811 5546 1092 5613 sequitur:
1127 5550 1350 5614 Qttwsivi
1398 5554 1568 5616 illum.
1613 5569 1660 5611 et
1710 5577 1811 5613 non

206 5625 410 5678 inveni.
442 5627 577 5683 Dicit
604 5632 858 5689 Dominus
886 5638 949 5689 ad
978 5640 1144 5693 Adam
1175 5659 1186 5695 :
1223 5641 1285 5695 lu
1313 5646 1501 5700 sudire
1536 5650 1705 5703 vultus
1735 5656 1812 5705 tui

202 5719 454 5773 camertes
484 5738 668 5790 partem
696 5736 839 5779 tuum
866 5728 1020 5798 (Gen.
1059 5733 1163 5800 ιιι).
1197 5732 1312 5788 Non
1362 5740 1504 5793 enim
1554 5743 1641 5812 qtti
1681 5744 1812 5798 vitio

204 5813 453 5881 quodam
504 5816 585 5869 vel
628 5832 822 5888 sopore
881 5822 1083 5879 inertiae
1134 5827 1494 5900 resolvuntur,
1549 5836 1613 5891 ad
1672 5838 1810 5891 illius

200 5903 379 5974 panis
408 5907 493 5976 qui
527 5908 594 5966 de
620 5912 758 5968 cutio
785 5914 1082 5985 descendit,
1117 5932 1288 5985 csum,
1325 5921 1432 5976 cito
1465 5930 1805 6000 perveniunt,

1938 644 2236 709 reperiunt.

2006 740 2161 797 Num.
2191 744 2280 799 57.
2310 745 2539 821 Surgam
2559 756 2605 802 et
2628 750 2848 804 circuibo
2873 753 3151 807 civitatem.
3178 752 3528 809 Causideravi

1935 846 2153 890 omnem
2182 838 2405 909 gloriam
2436 844 2718 911 praesentis
2747 846 2954 913 sazculi,
2986 845 3196 915 inspexi
3230 862 3525 917 congrega-

1933 923 2112 983 tiones
2142 929 2437 987 inﬁdelium
2469 943 2523 988 et
2550 933 2793 991 diversas
2820 946 2999 991 sectas
3044 938 3481 1007 philosophorum
3517 955 3531 1002 ;

1933 1018 2030 1075 sed
2056 1036 2154 1077 nec
2176 1023 2283 1079 illic
2314 1026 2487 1096 reperi
2519 1042 2677 1097 quem
2711 1028 2891 1099 diligit
2921 1029 3100 1084 anima
3134 1046 3274 1085 utea.

2004 1122 2161 1177 Nunt.
2217 1124 2306 1180 53.
2366 1124 2682 1182 Invenerunt
2730 1147 2809 1185 me
2862 1131 3060 1202 vigiles;
3116 1131 3530 1200 Disputavcrunt

1935 1220 2119 1266 contra
2168 1230 2254 1269 me
2302 1218 2481 1271 saeculi
2540 1220 2813 1288 sapientes
2854 1218 3227 1292 idolorumque
3271 1224 3527 1285 cultores,

1933 1304 2099 1356 multa
2133 1304 2366 1361 inaniter
2395 1321 2814 1376 perscrutantes,
2848 1313 3131 1380 pluresque
3176 1313 3340 1367 libros
3366 1312 3528 1367 irriti:

1931 1394 2204 1450 laboribus
2249 1400 2617 1469 conﬁcientes,
2662 1402 2855 1471 quibus
2899 1403 3010 1457 dixi
3047 1422 3060 1457 :
3104 1404 3214 1459 (Zur
3256 1406 3525 1458 incas<unt

1930 1489 2201 1556 ευριπ-Πιιο
2232 1502 2425 1545 conatu
2454 1494 2760 1549 vexamini?
2799 1495 2908 1549 Cur
2952 1495 3144 1549 frustra
3178 1498 3527 1551 vehementer

1932 1583 2139 1652 ingenia
2168 1598 2344 1639 vestra
2376 1589 2645 1644 attcritis?
2671 1607 2794 1643 num
2818 1608 2974 1659 quem
3003 1592 3177 1660 diligit
3206 1594 3383 1646 anima
3407 1608 3522 1647 mea

1932 1675 2183 1733 vidistis"?
2214 1680 2654 1751 Qu:tndoquidetn
2689 1683 2823 1739 falso
2852 1687 3065 1740 nom'ne
3101 1688 3377 1755 sapientia:
3403 1688 3523 1755 glo—

1930 1771 2165 1837 riamini,
2221 1774 2433 1827 stultam
2490 1776 2611 1845 fecit
2653 1775 2793 1832 Deus
2845 1781 3151 1849 sapientiam
3208 1780 3259 1850 (Ι
3290 1780 3409 1835 Cor.
3484 1780 3526 1846 ι)

1932 1868 2190 1928 vestram,
2233 1865 2353 1933 quia
2408 1865 2675 1921 Christum
2729 1869 2836 1924 illic
2877 1870 3122 1926 invenite
3167 1871 3386 1926 minime
3434 1886 3525 1925 va-

1859 1926 1905 1985 B
1936 1949 2128 2006 luistis.

2004 2054 2166 2111 Num.
2196 2056 2285 2113 59.
2317 2058 2602 2114 Paululum
2639 2078 2750 2115 cum
2797 2074 3201 2131 pcrtranstscem.
3233 2064 3367 2119 Cum
3411 2079 3524 2133 per-

1934 2146 2248 2203 transissem
2285 2149 2591 2220 hujnsmodi
2641 2154 2885 2210 homines
2914 2158 3001 2226 qui
3045 2156 3096 2210 in
3144 2157 3341 2210 szeculo
3387 2170 3523 2211 vana

1931 2236 2152 2292 scientia
2186 2239 2315 2294 clari
2358 2250 2629 2310 putantur,
2660 2254 2713 2301 et
2744 2262 2863 2301 cum
2904 2262 3090 2301 eorum
3135 2248 3525 2317 superstitiosis

1929 2326 2402 2386 adinventioitibus
2454 2335 2809 2404 reStitissem,
2866 2352 3158 2406 earumque
3207 2341 3523 2408 Sapientiam

1929 2421 2145 2490 stultam
2170 2420 2519 2489 judicassem.
2548 2425 2719 2480 inveni
2766 2444 2912 2497 quem
2953 2428 3121 2498 diligit
3157 2429 3333 2482 auium
3377 2446 3512 2483 mea.

1930 2507 2057 2564 Inde
2078 2522 2157 2566 cst
2186 2511 2326 2581 quod
2360 2516 2645 2583 Apostolus
2667 2516 2735 2573 de
2759 2519 2952 2573 talibus
2981 2520 3112 2574 dicit
3145 2538 3158 2573 :
3193 2521 3523 2588 Sapientiam

1931 2600 2188 2672 loquimur
2215 2604 2346 2658 inter
2376 2606 2648 2676 perfectos,
2692 2611 2997 2680 sapientiam
3028 2621 3194 2667 autem
3229 2628 3329 2665 non
3366 2612 3523 2684 hujus

1928 2698 2126 2762 surculi,
2151 2698 2243 2751 sed
2264 2699 2517 2765 loquimur
2547 2699 2639 2753 Dei
2674 2701 2977 2768 sapientiam
3016 2703 3069 2755 in
3097 2705 3362 2773 mysterio,
3408 2721 3525 2776 qua!

1929 2783 2229 2840 abscondita
2269 2799 2362 2855 est,
2387 2804 2541 2858 quam
2583 2791 2962 2861 pra'destinavit
3004 2792 3143 2846 Deus
3182 2804 3300 2847 ante
3334 2796 3525 2849 sarcula

1929 2879 1984 2933 in
2014 2881 2232 2951 gloriam
2264 2891 2490 2938 nostram
2521 2882 2574 2957 (I
2600 2886 2721 2942 Cor.
2746 2888 2827 2959 tt):
2852 2896 2905 2943 et
2944 2889 3065 2957 quia
3108 2891 3220 2959 ipsa
3263 2890 3524 2960 sapientia

1930 2988 2048 3042 qua:
2072 2971 2321 3031 Christus
2346 2986 2449 3045 est,
2476 2978 2616 3048 apud
2638 2980 2770 3035 tales
2800 2994 2904 3035 non
2928 2982 3213 3051 reperitur,
3239 2987 3480 3052 sequitur
3508 3002 3522 3037 :

1930 3081 2083 3135 quam
2112 3082 2258 3120 nemo
2287 3069 2579 3138 principum
2610 3071 2767 3142 hujus
2802 3072 2979 3125 saeculi
3017 3073 3284 3145 cognovit;
3313 3075 3359 3128 si
3387 3076 3523 3127 enim

1930 3161 2308 3232 cegnovissent,
2333 3180 2590 3232 nunquam
2615 3163 2889 3217 Dominum
2912 3166 3092 3235 gloria:
3107 3167 3480 3236 crucifixissent
3502 3183 3525 3220 :

1931 3254 2060 3307 sicut
2094 3257 2347 3321 scriptum
2384 3257 2641 3327 est,quod
2671 3258 2850 3312 oculus
2906 3275 3008 3312 non
3052 3260 3196 3328 vidit,
3244 3277 3333 3314 nec
3377 3263 3523 3314 auiis

1930 3347 2147 3413 audivit,
2181 3365 2272 3403 nec
2311 3349 2363 3402 in
2384 3366 2470 3404 cor
2500 3350 2720 3404 hominis
2764 3352 3019 3417 ascendit,
3060 3368 3175 3419 qua:
3212 3362 3522 3423 pra‘paravit

1930 3440 2068 3494 Deus
2109 3441 2190 3496 his
2233 3443 2320 3513 qui
2359 3441 2585 3513 diligunt
2624 3443 2776 3495 illum
2825 3441 3041 3514 (1ὺὶά.).
3083 3442 3192 3497 Sed
3220 3444 3343 3512 quia
3381 3448 3522 3513 apud

1930 3536 2234 3606 spiritualcs
2274 3539 2481 3593 invenit
2531 3538 2677 3593 illum
2708 3554 2865 3608 quem
2907 3539 3081 3609 diligit
3127 3553 3348 3609 sponsa,
3394 3540 3520 3593 andi

1929 3630 2056 3700 quid
2083 3642 2337 3703 sequatur
2363 3650 2377 3686 :
2411 3631 2578 3687 Nobis
2600 3641 2769 3687 autem
2792 3632 3032 3686 reuelauit
3061 3631 3199 3686 Deus
3230 3648 3321 3700 per
3351 3632 3523 3703 Spiri-

1930 3732 2039 3776 tum
2061 3740 2245 3788 suum;
2269 3724 2497 3794 Spiritus
2519 3734 2691 3778 autem
2723 3726 2894 3778 omnia
2921 3732 3197 3789 scrutatur,
3220 3724 3373 3778 etiam
3403 3740 3522 3792 pro-

1930 3816 2095 3884 funda
2127 3815 2219 3869 Dei
2244 3814 2456 3888 (Ibid.).

1995 3907 2152 3963 Num.
2200 3910 2290 3963 (50.
2334 3909 2496 3965 Tenui
2528 3928 2664 3976 eum,
2717 3927 2805 3965 nec
2844 3912 3118 3967 dimittam.
3172 3910 3244 3965 lla
3291 3925 3523 3979 namque

1922 4001 2212 4056 adbzerebo
2256 4001 2492 4063 Christo.
2526 4005 2577 4059 in
2609 4004 2726 4075 ejus
2777 4005 2882 4061 title
2928 4003 3309 4075 perseverabo,
3359 4004 3523 4058 datm:

1924 4092 2090 4161 ipsum
2122 4091 2174 4146 in
2207 4092 2505 4165 Syuagogze
2535 4096 2743 4164 populis
2773 4104 3023 4164 tznquam
3045 4094 3097 4148 itt
3138 4093 3300 4149 domo
3325 4096 3517 4150 matris

1923 4184 2235 4252 prmdicaus,
2256 4186 2577 4240 introducam
2600 4188 2652 4239 in
2683 4187 2970 4241 cubiculum
2993 4187 3253 4257 genitricis
3277 4202 3440 4242 mete:
3465 4197 3522 4240 ut

1920 4274 2112 4343 Judaei,
2148 4277 2238 4345 qui
2265 4293 2389 4333 eum
2424 4277 2683 4333 Itactcnus
2710 4281 2976 4350 negabant
3007 4295 3135 4344 ore,
3179 4282 3343 4334 corde
3386 4295 3476 4333 rer
3510 4313 3521 4321 -

1922 4368 2106 4432 piant;
2142 4368 2568 4439 illutninatisque
2599 4371 2792 4426 tuentis
2822 4371 2994 4425 oculis
3021 4386 3233 4436 eorum,
3282 4372 3334 4423 in
3382 4372 3522 4423 cuivi-

1921 4458 2115 4526 culam,
2148 4459 2199 4513 in
2231 4468 2443 4514 secreto
2470 4471 2773 4516 sanctarum
2799 4462 3195 4531 Scriptuiarunt
3219 4460 3522 4515 consisten-

1923 4558 2051 4612 tem,
2074 4551 2161 4619 qui
2187 4552 2342 4606 nobis
2368 4552 2492 4605 olim
2518 4554 2785 4608 revelatus
2808 4564 2887 4608 est
2912 4552 3200 4622 aliquando
3223 4553 3514 4621 reperiam.

1928 4641 2024 4697 Vel
2058 4652 2185 4696 tunc
2216 4643 2466 4698 Christus
2497 4647 2548 4698 in
2580 4646 2744 4699 domo
2774 4646 2961 4700 matris
2993 4644 3282 4710 inducitur,
3308 4658 3428 4697 cum
3453 4645 3519 4699 :ul

1925 4733 2223 4788 Jerusalem
2270 4736 2545 4791 cmlestem
2596 4736 2930 4791 Chrisdanus
2978 4736 3236 4805 populus,
3284 4737 3374 4804 qui
3438 4749 3519 4791 est

1925 4840 2123 4895 corpus
2146 4824 2337 4895 ipsius,
2368 4830 2625 4882 sociatur.
2654 4828 2752 4883 Ubi
2776 4835 2860 4882 est
2888 4829 3019 4895 quod
3042 4826 3221 4880 oculus
3242 4842 3345 4879 non
3370 4827 3518 4893 vidit,

1924 4932 2014 4971 nec
2044 4918 2187 4973 auris
2217 4918 2434 4983 audivit,
2463 4936 2553 4972 nec
2579 4923 2632 4972 in
2654 4936 2741 4973 cor
2771 4921 3012 4986 hominis,
3040 4930 3145 4974 etc.

1994 5008 2154 5063 Num.
2188 5012 2277 5066 6l.
2309 5013 2508 5083 Adjuro
2537 5028 2622 5065 vos
2665 5013 2803 5081 [ilics
2850 5010 3162 5066 Jerusalem.
3213 5012 3362 5069 lianc
3392 5029 3518 5070 sen-

1923 5103 2141 5155 tentiam
2169 5101 2279 5171 jam
2312 5104 2363 5156 in
2405 5104 2778 5173 superioribus
2824 5105 3127 5174 constituit,
3172 5116 3228 5159 et
3260 5107 3310 5160 in
3343 5124 3513 5175 quan-

1935 5199 2037 5245 tum
2074 5192 2213 5247 Deus
2240 5193 2463 5258 audivit,
2497 5194 2753 5250 adhibitis
2795 5197 3121 5251 testimoniis
3165 5210 3265 5251 nos
3314 5208 3519 5267 pertra-

1926 5291 2099 5338 ctasse
2129 5285 2494 5341 meminimus.
2526 5286 2630 5341 Sed
2662 5286 2861 5343 idcirco
2909 5289 3101 5343 iterum
3154 5289 3206 5343 in
3256 5290 3357 5344 hoc
3386 5290 3519 5344 libro

1925 5374 2159 5429 arbitror
2192 5378 2498 5446 repetitum,
2530 5394 2599 5434 ne
2629 5380 2915 5449 quisquam
2964 5382 3243 5435 doctorum
3288 5382 3370 5435 vel
3401 5398 3519 5434 tnu-

1926 5472 2141 5526 neribus
2174 5474 2442 5540 sollicitet,
2470 5475 2553 5529 vel
2583 5476 2740 5530 minis
2770 5476 3039 5531 deterreat
3066 5474 3388 5538 credituros,
3419 5475 3516 5529 sed

1925 5572 2131 5618 tantum
2161 5581 2280 5633 qua:
2308 5580 2493 5620 saneta
2522 5575 2647 5620 sunt
2678 5567 2950 5634 prmdicet,
3002 5574 3057 5619 et
3101 5564 3398 5617 voluntarie
3446 5565 3513 5618 ad

1924 5655 2085 5710 lident
2139 5658 2221 5711 vel
2269 5658 2584 5727 religionem
2620 5656 2921 5711 credituros
2963 5656 3075 5707 sive
3114 5653 3515 5739 convertendos

1921 5748 2167 5804 adducat.

1992 5839 2151 5893 Num.
2185 5839 2276 5894 62.
2316 5842 2443 5907 Qua;
2469 5849 2543 5894 est
2574 5842 2670 5893 ista
2692 5848 2805 5906 qua:
2836 5838 3061 5893 ascendit
3112 5855 3203 5910 per
3237 5840 3511 5893 desertum.

1924 5931 2023 5988 l‘er
2065 5932 2341 5988 desertum
2404 5932 2647 5990 ascendit
2700 5933 2966 5995 Ede-sia,
3016 5932 3231 6000 quando
3292 5930 3517 6001 populus
