  <div class='ocr_page' id='page_1' title='image "/cluster/home/n/w/nwhite01/storage/ocr_20150623/67/hvd.32044073505141/495.png"; bbox 0 0 3958 6358; ppageno 0'>
   <div class='ocr_carea' id='block_1_1' title="bbox 464 365 566 420">
    <p class='ocr_par' dir='ltr' id='par_1_1' title="bbox 464 365 566 420">
     <span class='ocr_line' id='line_1_1' title="bbox 464 365 566 420; baseline 0 0"><span class='ocrx_word' id='word_1_1' title='bbox 464 365 566 420; x_wconf 76' lang='lat' dir='ltr'><strong>97b</strong></span> 
     </span>
    </p>
   </div>
   <div class='ocr_carea' id='block_1_2' title="bbox 1671 364 2470 422">
    <p class='ocr_par' dir='ltr' id='par_1_2' title="bbox 1671 364 2470 422">
     <span class='ocr_line' id='line_1_2' title="bbox 1671 364 2470 422; baseline 0.001 -2"><span class='ocrx_word' id='word_1_2' title='bbox 1671 364 1731 420; x_wconf 87' lang='lat' dir='ltr'><strong>S.</strong></span> <span class='ocrx_word' id='word_1_3' title='bbox 1772 364 1956 421; x_wconf 83' lang='lat' dir='ltr'><strong>JUS&#39;I‘I</strong></span> <span class='ocrx_word' id='word_1_4' title='bbox 1997 364 2470 422; x_wconf 71' lang='lat' dir='ltr'><strong>URGELLENSIS</strong></span> 
     </span>
    </p>
   </div>
   <div class='ocr_carea' id='block_1_3' title="bbox 3660 375 3774 432">
    <p class='ocr_par' dir='ltr' id='par_1_3' title="bbox 3660 375 3774 432">
     <span class='ocr_line' id='line_1_3' title="bbox 3660 375 3774 432; baseline 0.018 -2"><span class='ocrx_word' id='word_1_5' title='bbox 3660 375 3774 432; x_wconf 80' lang='lat'><strong>976</strong></span> 
     </span>
    </p>
   </div>
   <div class='ocr_carea' id='block_1_4' title="bbox 414 460 3775 563">
    <p class='ocr_par' dir='ltr' id='par_1_4' title="bbox 414 460 3775 563">
     <span class='ocr_line' id='line_1_4' title="bbox 414 460 3775 563; baseline 0.002 -23"><span class='ocrx_word' id='word_1_6' title='bbox 414 460 425 480; x_wconf 54' lang='grc'><strong>“</strong></span> <span class='ocrx_word' id='word_1_7' title='bbox 461 487 719 556; x_wconf 79' lang='lat' dir='ltr'><strong>gentium,</strong></span> <span class='ocrx_word' id='word_1_8' title='bbox 777 484 884 540; x_wconf 86' lang='lat' dir='ltr'><strong>fide</strong></span> <span class='ocrx_word' id='word_1_9' title='bbox 930 497 1199 553; x_wconf 79' lang='lat' dir='ltr'><strong>occupans</strong></span> <span class='ocrx_word' id='word_1_10' title='bbox 1252 482 1587 540; x_wconf 88' lang='lat' dir='ltr'><strong>credentium</strong></span> <span class='ocrx_word' id='word_1_11' title='bbox 1640 483 2056 548; x_wconf 75' lang='lat' dir='ltr'><strong>multitudinem,</strong></span> <span class='ocrx_word' id='word_1_12' title='bbox 2091 487 2137 544; x_wconf 83' lang='grc' dir='ltr'>Λ</span> <span class='ocrx_word' id='word_1_13' title='bbox 2167 484 2377 538; x_wconf 86' lang='lat' dir='ltr'><strong>sincero</strong></span> <span class='ocrx_word' id='word_1_14' title='bbox 2404 482 2637 552; x_wconf 76' lang='lat' dir='ltr'><strong>prtediti,</strong></span> <span class='ocrx_word' id='word_1_15' title='bbox 2667 482 2811 539; x_wconf 89' lang='lat' dir='ltr'><strong>velut</strong></span> <span class='ocrx_word' id='word_1_16' title='bbox 2836 499 3021 539; x_wconf 89' lang='lat' dir='ltr'><strong>aurum</strong></span> <span class='ocrx_word' id='word_1_17' title='bbox 3057 485 3107 540; x_wconf 90' lang='lat' dir='ltr'><strong>in</strong></span> <span class='ocrx_word' id='word_1_18' title='bbox 3129 498 3311 543; x_wconf 87' lang='lat' dir='ltr'><strong>sancta</strong></span> <span class='ocrx_word' id='word_1_19' title='bbox 3341 493 3775 563; x_wconf 67' lang='lat' dir='ltr'><strong>congregatione</strong></span> 
     </span>
    </p>
   </div>
   <div class='ocr_carea' id='block_1_5' title="bbox 465 574 2056 646">
    <p class='ocr_par' dir='ltr' id='par_1_5' title="bbox 465 574 2056 646">
     <span class='ocr_line' id='line_1_5' title="bbox 465 574 2056 646; baseline 0.001 -17"><span class='ocrx_word' id='word_1_20' title='bbox 465 575 694 646; x_wconf 85' lang='lat' dir='ltr'><strong>prolicit.</strong></span> <span class='ocrx_word' id='word_1_21' title='bbox 731 575 803 628; x_wconf 90' lang='lat' dir='ltr'><strong>Dc</strong></span> <span class='ocrx_word' id='word_1_22' title='bbox 824 576 937 644; x_wconf 86' lang='lat' dir='ltr'><strong>ipsa</strong></span> <span class='ocrx_word' id='word_1_23' title='bbox 963 574 1104 630; x_wconf 89' lang='lat' dir='ltr'><strong>enim</strong></span> <span class='ocrx_word' id='word_1_24' title='bbox 1136 575 1188 628; x_wconf 92' lang='lat' dir='ltr'><strong>in</strong></span> <span class='ocrx_word' id='word_1_25' title='bbox 1221 575 1448 630; x_wconf 86' lang='lat' dir='ltr'><strong>Psalmis</strong></span> <span class='ocrx_word' id='word_1_26' title='bbox 1476 576 1686 631; x_wconf 91' lang='lat' dir='ltr'><strong>canitur</strong></span> <span class='ocrx_word' id='word_1_27' title='bbox 1712 593 1727 631; x_wconf 84' lang='lat'><strong>:</strong></span> <span class='ocrx_word' id='word_1_28' title='bbox 1759 574 1944 632; x_wconf 86' lang='lat' dir='ltr'><strong>Posuit</strong></span> <span class='ocrx_word' id='word_1_29' title='bbox 1967 576 2056 630; x_wconf 88' lang='lat' dir='ltr'><strong>de-</strong></span> 
     </span>
    </p>
   </div>
   <div class='ocr_carea' id='block_1_6' title="bbox 466 665 2056 737">
    <p class='ocr_par' dir='ltr' id='par_1_6' title="bbox 466 665 2056 737">
     <span class='ocr_line' id='line_1_6' title="bbox 466 665 2056 737; baseline 0.002 -20"><span class='ocrx_word' id='word_1_30' title='bbox 466 676 649 719; x_wconf 85' lang='lat' dir='ltr'><strong>sertum</strong></span> <span class='ocrx_word' id='word_1_31' title='bbox 676 665 729 718; x_wconf 89' lang='lat' dir='ltr'><strong>in</strong></span> <span class='ocrx_word' id='word_1_32' title='bbox 751 673 932 735; x_wconf 83' lang='lat' dir='ltr'><strong>stagna</strong></span> <span class='ocrx_word' id='word_1_33' title='bbox 958 681 1228 735; x_wconf 86' lang='lat' dir='ltr'><strong>aquarum,</strong></span> <span class='ocrx_word' id='word_1_34' title='bbox 1256 676 1303 720; x_wconf 90' lang='lat' dir='ltr'><strong>et</strong></span> <span class='ocrx_word' id='word_1_35' title='bbox 1326 675 1514 719; x_wconf 88' lang='lat' dir='ltr'><strong>terram</strong></span> <span class='ocrx_word' id='word_1_36' title='bbox 1534 667 1643 721; x_wconf 88' lang='lat' dir='ltr'><strong>sine</strong></span> <span class='ocrx_word' id='word_1_37' title='bbox 1664 684 1796 737; x_wconf 87' lang='lat' dir='ltr'><strong>aqua</strong></span> <span class='ocrx_word' id='word_1_38' title='bbox 1818 668 1869 721; x_wconf 89' lang='lat' dir='ltr'><strong>in</strong></span> <span class='ocrx_word' id='word_1_39' title='bbox 1892 668 2056 721; x_wconf 70' lang='lat' dir='ltr'><strong>exitus</strong></span> 
     </span>
    </p>
   </div>
   <div class='ocr_carea' id='block_1_7' title="bbox 456 752 2085 829">
    <p class='ocr_par' dir='ltr' id='par_1_7' title="bbox 456 752 2085 829">
     <span class='ocr_line' id='line_1_7' title="bbox 456 752 2085 829; baseline 0.002 -20"><span class='ocrx_word' id='word_1_40' title='bbox 456 771 711 823; x_wconf 88' lang='lat' dir='ltr'><strong>aquarum</strong></span> <span class='ocrx_word' id='word_1_41' title='bbox 736 752 1068 823; x_wconf 81' lang='lat' dir='ltr'><strong>(Psalm.cvr</strong></span> <span class='ocrx_word' id='word_1_42' title='bbox 1097 764 1145 810; x_wconf 89' lang='lat' dir='ltr'><strong>et</strong></span> <span class='ocrx_word' id='word_1_43' title='bbox 1171 755 1349 827; x_wconf 77' lang='lat' dir='ltr'><strong>cxut).</strong></span> <span class='ocrx_word' id='word_1_44' title='bbox 1388 756 1629 829; x_wconf 86' lang='lat' dir='ltr'><strong>Virgulta</strong></span> <span class='ocrx_word' id='word_1_45' title='bbox 1658 758 1788 828; x_wconf 79' lang='lat' dir='ltr'><strong>fumi</strong></span> <span class='ocrx_word' id='word_1_46' title='bbox 1833 773 1895 812; x_wconf 69' lang='lat' dir='ltr'><strong>ex</strong></span> <span class='ocrx_word' id='word_1_47' title='bbox 1938 772 2085 812; x_wconf 52' lang='lat' dir='ltr'><strong>aram</strong></span> 
     </span>
    </p>
   </div>
   <div class='ocr_carea' id='block_1_8' title="bbox 468 844 2056 917">
    <p class='ocr_par' dir='ltr' id='par_1_8' title="bbox 468 844 2056 917">
     <span class='ocr_line' id='line_1_8' title="bbox 468 844 2056 917; baseline 0.003 -22"><span class='ocrx_word' id='word_1_48' title='bbox 468 844 713 911; x_wconf 80' lang='lat' dir='ltr'><strong>motibus,</strong></span> <span class='ocrx_word' id='word_1_49' title='bbox 741 846 1016 901; x_wconf 86' lang='lat' dir='ltr'><strong>orationes</strong></span> <span class='ocrx_word' id='word_1_50' title='bbox 1044 844 1171 901; x_wconf 91' lang='lat' dir='ltr'><strong>dicit</strong></span> <span class='ocrx_word' id='word_1_51' title='bbox 1196 861 1314 916; x_wconf 54' lang='lat' dir='ltr'><strong>quae.</strong></span> <span class='ocrx_word' id='word_1_52' title='bbox 1344 861 1411 901; x_wconf 82' lang='lat' dir='ltr'><strong>ex</strong></span> <span class='ocrx_word' id='word_1_53' title='bbox 1436 846 1616 902; x_wconf 86' lang='lat' dir='ltr'><strong>cordis</strong></span> <span class='ocrx_word' id='word_1_54' title='bbox 1642 848 2056 917; x_wconf 88' lang='lat' dir='ltr'><strong>compunctione</strong></span> 
     </span>
    </p>
   </div>
   <div class='ocr_carea' id='block_1_9' title="bbox 470 935 2058 995">
    <p class='ocr_par' dir='ltr' id='par_1_9' title="bbox 470 935 2058 995">
     <span class='ocr_line' id='line_1_9' title="bbox 470 935 2058 995; baseline 0.004 -7"><span class='ocrx_word' id='word_1_55' title='bbox 470 935 538 988; x_wconf 88' lang='lat' dir='ltr'><strong>ad</strong></span> <span class='ocrx_word' id='word_1_56' title='bbox 570 935 855 990; x_wconf 87' lang='lat' dir='ltr'><strong>Dominum</strong></span> <span class='ocrx_word' id='word_1_57' title='bbox 887 938 1181 991; x_wconf 86' lang='lat' dir='ltr'><strong>ascendunt</strong></span> <span class='ocrx_word' id='word_1_58' title='bbox 1212 952 1242 992; x_wconf 87' lang='lat' dir='ltr'><strong>a</strong></span> <span class='ocrx_word' id='word_1_59' title='bbox 1273 938 1491 992; x_wconf 84' lang='lat' dir='ltr'><strong>sanctis.</strong></span> <span class='ocrx_word' id='word_1_60' title='bbox 1526 937 1679 993; x_wconf 83' lang='lat' dir='ltr'><strong>Solet</strong></span> <span class='ocrx_word' id='word_1_61' title='bbox 1709 939 1851 995; x_wconf 88' lang='lat' dir='ltr'><strong>enim</strong></span> <span class='ocrx_word' id='word_1_62' title='bbox 1881 938 2058 994; x_wconf 85' lang='lat' dir='ltr'><strong>fumus</strong></span> 
     </span>
    </p>
   </div>
   <div class='ocr_carea' id='block_1_10' title="bbox 469 1025 2058 1100">
    <p class='ocr_par' dir='ltr' id='par_1_10' title="bbox 469 1025 2058 1100">
     <span class='ocr_line' id='line_1_10' title="bbox 469 1025 2058 1100; baseline 0.004 -22"><span class='ocrx_word' id='word_1_63' title='bbox 469 1025 732 1097; x_wconf 77' lang='lat' dir='ltr'><strong>lacrymas</strong></span> <span class='ocrx_word' id='word_1_64' title='bbox 761 1026 1027 1083; x_wconf 81' lang='lat' dir='ltr'><strong>excitare.</strong></span> <span class='ocrx_word' id='word_1_65' title='bbox 1059 1027 1273 1100; x_wconf 76' lang='lat' dir='ltr'><strong>Myrrha</strong></span> <span class='ocrx_word' id='word_1_66' title='bbox 1320 1038 1373 1083; x_wconf 91' lang='lat' dir='ltr'><strong>et</strong></span> <span class='ocrx_word' id='word_1_67' title='bbox 1395 1027 1624 1090; x_wconf 68' lang='lat' dir='ltr'><strong>thus.~et</strong></span> <span class='ocrx_word' id='word_1_68' title='bbox 1664 1030 1903 1085; x_wconf 82' lang='lat' dir='ltr'><strong>universi</strong></span> <span class='ocrx_word' id='word_1_69' title='bbox 1938 1031 2058 1097; x_wconf 86' lang='lat' dir='ltr'><strong>pul-</strong></span> 
     </span>
    </p>
   </div>
   <div class='ocr_carea' id='block_1_11' title="bbox 468 1117 2059 1191">
    <p class='ocr_par' dir='ltr' id='par_1_11' title="bbox 468 1117 2059 1191">
     <span class='ocr_line' id='line_1_11' title="bbox 468 1117 2059 1191; baseline 0.006 -25"><span class='ocrx_word' id='word_1_70' title='bbox 468 1119 611 1171; x_wconf 77' lang='lat' dir='ltr'><strong>wris</strong></span> <span class='ocrx_word' id='word_1_71' title='bbox 638 1117 922 1186; x_wconf 71' lang='lat' dir='ltr'><strong>pigmenta,</strong></span> <span class='ocrx_word' id='word_1_72' title='bbox 956 1119 1383 1174; x_wconf 87' lang='lat' dir='ltr'><strong>mortificationis</strong></span> <span class='ocrx_word' id='word_1_73' title='bbox 1430 1121 1683 1191; x_wconf 80' lang='lat' dir='ltr'><strong>insignia,</strong></span> <span class='ocrx_word' id='word_1_74' title='bbox 1712 1122 1795 1176; x_wconf 85' lang='lat' dir='ltr'><strong>vel</strong></span> <span class='ocrx_word' id='word_1_75' title='bbox 1842 1120 2059 1176; x_wconf 87' lang='lat' dir='ltr'><strong>diversa</strong></span> 
     </span>
    </p>
   </div>
   <div class='ocr_carea' id='block_1_12' title="bbox 470 1210 2055 1280">
    <p class='ocr_par' dir='ltr' id='par_1_12' title="bbox 470 1210 2055 1280">
     <span class='ocr_line' id='line_1_12' title="bbox 470 1210 2055 1280; baseline 0.005 -20"><span class='ocrx_word' id='word_1_76' title='bbox 470 1210 758 1278; x_wconf 81' lang='lat' dir='ltr'><strong>gratiarum</strong></span> <span class='ocrx_word' id='word_1_77' title='bbox 784 1227 903 1280; x_wconf 78' lang='lat' dir='ltr'><strong>qua:</strong></span> <span class='ocrx_word' id='word_1_78' title='bbox 936 1212 986 1265; x_wconf 89' lang='lat' dir='ltr'><strong>in</strong></span> <span class='ocrx_word' id='word_1_79' title='bbox 1010 1212 1196 1266; x_wconf 90' lang='lat' dir='ltr'><strong>electis</strong></span> <span class='ocrx_word' id='word_1_80' title='bbox 1226 1212 1530 1268; x_wconf 87' lang='lat' dir='ltr'><strong>redundant</strong></span> <span class='ocrx_word' id='word_1_81' title='bbox 1555 1213 1718 1280; x_wconf 86' lang='lat' dir='ltr'><strong>dona,</strong></span> <span class='ocrx_word' id='word_1_82' title='bbox 1766 1214 2055 1270; x_wconf 88' lang='lat' dir='ltr'><strong>insinuant.</strong></span> 
     </span>
    </p>
   </div>
   <div class='ocr_carea' id='block_1_13' title="bbox 539 1298 2062 1365">
    <p class='ocr_par' dir='ltr' id='par_1_13' title="bbox 539 1298 2062 1365">
     <span class='ocr_line' id='line_1_13' title="bbox 539 1298 2062 1365; baseline 0.008 -12"><span class='ocrx_word' id='word_1_83' title='bbox 539 1298 802 1358; x_wconf 79' lang='lat' dir='ltr'><strong>Num.65.</strong></span> <span class='ocrx_word' id='word_1_84' title='bbox 832 1298 909 1353; x_wconf 86' lang='lat' dir='ltr'><strong>En</strong></span> <span class='ocrx_word' id='word_1_85' title='bbox 935 1302 1173 1356; x_wconf 73' lang='lat' dir='ltr'><strong>lectulum</strong></span> <span class='ocrx_word' id='word_1_86' title='bbox 1204 1302 1522 1359; x_wconf 86' lang='lat' dir='ltr'><strong>Salomonis.</strong></span> <span class='ocrx_word' id='word_1_87' title='bbox 1552 1305 1803 1361; x_wconf 82' lang='lat' dir='ltr'><strong>Lectulus</strong></span> <span class='ocrx_word' id='word_1_88' title='bbox 1821 1305 2062 1365; x_wconf 82' lang='lat' dir='ltr'><strong>Salomo-</strong></span> 
     </span>
    </p>
   </div>
   <div class='ocr_carea' id='block_1_14' title="bbox 480 1389 2064 1466">
    <p class='ocr_par' dir='ltr' id='par_1_14' title="bbox 480 1389 2064 1466">
     <span class='ocr_line' id='line_1_14' title="bbox 480 1389 2064 1466; baseline 0.006 -22"><span class='ocrx_word' id='word_1_89' title='bbox 480 1389 583 1454; x_wconf 87' lang='lat' dir='ltr'><strong>nis,</strong></span> <span class='ocrx_word' id='word_1_90' title='bbox 618 1391 828 1457; x_wconf 85' lang='lat' dir='ltr'><strong>requies</strong></span> <span class='ocrx_word' id='word_1_91' title='bbox 871 1389 1066 1446; x_wconf 85' lang='lat' dir='ltr'><strong>Christi</strong></span> <span class='ocrx_word' id='word_1_92' title='bbox 1094 1403 1209 1459; x_wconf 85' lang='lat' dir='ltr'><strong>est;</strong></span> <span class='ocrx_word' id='word_1_93' title='bbox 1261 1410 1379 1464; x_wconf 70' lang='lat' dir='ltr'><strong>qum</strong></span> <span class='ocrx_word' id='word_1_94' title='bbox 1408 1398 1620 1466; x_wconf 82' lang='lat' dir='ltr'><strong>requies</strong></span> <span class='ocrx_word' id='word_1_95' title='bbox 1651 1398 1902 1452; x_wconf 71' lang='lat' dir='ltr'><strong>Ecclesizc</strong></span> <span class='ocrx_word' id='word_1_96' title='bbox 1928 1412 2064 1453; x_wconf 82' lang='lat' dir='ltr'><strong>con-</strong></span> 
     </span>
    </p>
   </div>
   <div class='ocr_carea' id='block_1_15' title="bbox 471 1482 2063 1554">
    <p class='ocr_par' dir='ltr' id='par_1_15' title="bbox 471 1482 2063 1554">
     <span class='ocr_line' id='line_1_15' title="bbox 471 1482 2063 1554; baseline 0.007 -20"><span class='ocrx_word' id='word_1_97' title='bbox 471 1482 750 1537; x_wconf 82' lang='lat' dir='ltr'><strong>venienter</strong></span> <span class='ocrx_word' id='word_1_98' title='bbox 771 1484 1048 1554; x_wconf 81' lang='lat' dir='ltr'><strong>accipitur,</strong></span> <span class='ocrx_word' id='word_1_99' title='bbox 1079 1500 1236 1553; x_wconf 86' lang='lat' dir='ltr'><strong>quam</strong></span> <span class='ocrx_word' id='word_1_100' title='bbox 1267 1488 1367 1541; x_wconf 89' lang='lat' dir='ltr'><strong>sub</strong></span> <span class='ocrx_word' id='word_1_101' title='bbox 1394 1503 1620 1544; x_wconf 89' lang='lat' dir='ltr'><strong>numero</strong></span> <span class='ocrx_word' id='word_1_102' title='bbox 1650 1489 1701 1543; x_wconf 90' lang='lat' dir='ltr'><strong>in</strong></span> <span class='ocrx_word' id='word_1_103' title='bbox 1734 1488 1959 1544; x_wconf 84' lang='lat' dir='ltr'><strong>Psalmis</strong></span> <span class='ocrx_word' id='word_1_104' title='bbox 1988 1489 2063 1545; x_wconf 84' lang='lat' dir='ltr'><strong>le-</strong></span> 
     </span>
    </p>
   </div>
   <div class='ocr_carea' id='block_1_16' title="bbox 471 1574 2062 1654">
    <p class='ocr_par' dir='ltr' id='par_1_16' title="bbox 471 1574 2062 1654">
     <span class='ocr_line' id='line_1_16' title="bbox 471 1574 2062 1654; baseline 0.008 -28"><span class='ocrx_word' id='word_1_105' title='bbox 471 1574 645 1643; x_wconf 84' lang='lat' dir='ltr'><strong>gimus</strong></span> <span class='ocrx_word' id='word_1_106' title='bbox 682 1575 903 1630; x_wconf 87' lang='lat' dir='ltr'><strong>electam</strong></span> <span class='ocrx_word' id='word_1_107' title='bbox 959 1595 971 1629; x_wconf 89' lang='lat'><strong>:</strong></span> <span class='ocrx_word' id='word_1_108' title='bbox 1030 1577 1306 1644; x_wconf 79' lang='lat' dir='ltr'><strong>Quoniam,</strong></span> <span class='ocrx_word' id='word_1_109' title='bbox 1350 1579 1567 1651; x_wconf 82' lang='lat' dir='ltr'><strong>inquit,</strong></span> <span class='ocrx_word' id='word_1_110' title='bbox 1612 1583 1761 1654; x_wconf 90' lang='lat' dir='ltr'><strong>elegit</strong></span> <span class='ocrx_word' id='word_1_111' title='bbox 1814 1583 2062 1638; x_wconf 74' lang='lat' dir='ltr'><strong>Dominus</strong></span> 
     </span>
    </p>
   </div>
   <div class='ocr_carea' id='block_1_17' title="bbox 472 1666 2063 1744">
    <p class='ocr_par' dir='ltr' id='par_1_17' title="bbox 472 1666 2063 1744">
     <span class='ocr_line' id='line_1_17' title="bbox 472 1666 2063 1744; baseline 0.004 -22"><span class='ocrx_word' id='word_1_112' title='bbox 472 1666 623 1734; x_wconf 86' lang='lat' dir='ltr'><strong>Sion,</strong></span> <span class='ocrx_word' id='word_1_113' title='bbox 657 1669 805 1738; x_wconf 87' lang='lat' dir='ltr'><strong>elegit</strong></span> <span class='ocrx_word' id='word_1_114' title='bbox 826 1686 935 1723; x_wconf 90' lang='lat' dir='ltr'><strong>eam</strong></span> <span class='ocrx_word' id='word_1_115' title='bbox 963 1672 1015 1723; x_wconf 87' lang='lat' dir='ltr'><strong>in</strong></span> <span class='ocrx_word' id='word_1_116' title='bbox 1043 1671 1406 1726; x_wconf 77' lang='lat' dir='ltr'><strong>habitationem</strong></span> <span class='ocrx_word' id='word_1_117' title='bbox 1429 1672 1544 1727; x_wconf 87' lang='lat' dir='ltr'><strong>sibi.</strong></span> <span class='ocrx_word' id='word_1_118' title='bbox 1576 1672 1705 1729; x_wconf 80' lang='lat' dir='ltr'><strong>Htec</strong></span> <span class='ocrx_word' id='word_1_119' title='bbox 1718 1675 1923 1744; x_wconf 77' lang='lat' dir='ltr'><strong>requies</strong></span> <span class='ocrx_word' id='word_1_120' title='bbox 1953 1693 2063 1729; x_wconf 90' lang='lat' dir='ltr'><strong>mea</strong></span> 
     </span>
    </p>
   </div>
   <div class='ocr_carea' id='block_1_18' title="bbox 471 1760 2061 1837">
    <p class='ocr_par' dir='ltr' id='par_1_18' title="bbox 471 1760 2061 1837">
     <span class='ocr_line' id='line_1_18' title="bbox 471 1760 2061 1837; baseline 0.006 -26"><span class='ocrx_word' id='word_1_121' title='bbox 471 1760 523 1811; x_wconf 88' lang='lat' dir='ltr'><strong>in</strong></span> <span class='ocrx_word' id='word_1_122' title='bbox 554 1761 797 1813; x_wconf 73' lang='lat' dir='ltr'><strong>swcuitmt</strong></span> <span class='ocrx_word' id='word_1_123' title='bbox 828 1762 1024 1828; x_wconf 63' lang='lat' dir='ltr'><strong>sa’culi,</strong></span> <span class='ocrx_word' id='word_1_124' title='bbox 1052 1764 1132 1816; x_wconf 85' lang='lat' dir='ltr'><strong>hic</strong></span> <span class='ocrx_word' id='word_1_125' title='bbox 1181 1764 1444 1833; x_wconf 79' lang='lat' dir='ltr'><strong>habitabo,</strong></span> <span class='ocrx_word' id='word_1_126' title='bbox 1496 1769 1739 1836; x_wconf 86' lang='lat' dir='ltr'><strong>quoniam</strong></span> <span class='ocrx_word' id='word_1_127' title='bbox 1792 1767 1923 1837; x_wconf 84' lang='lat' dir='ltr'><strong>elegi</strong></span> <span class='ocrx_word' id='word_1_128' title='bbox 1948 1784 2061 1821; x_wconf 85' lang='lat' dir='ltr'><strong>eam</strong></span> 
     </span>
    </p>
   </div>
   <div class='ocr_carea' id='block_1_19' title="bbox 475 1847 2072 1927">
    <p class='ocr_par' dir='ltr' id='par_1_19' title="bbox 475 1847 2072 1927">
     <span class='ocr_line' id='line_1_19' title="bbox 475 1847 2072 1927; baseline 0.008 -26"><span class='ocrx_word' id='word_1_129' title='bbox 475 1847 914 1921; x_wconf 74' lang='lat' dir='ltr'><strong>(Psal.cxxxt).lu</strong></span> <span class='ocrx_word' id='word_1_130' title='bbox 934 1854 1282 1923; x_wconf 75' lang='lat' dir='ltr'><strong>sexagenario</strong></span> <span class='ocrx_word' id='word_1_131' title='bbox 1302 1865 1479 1910; x_wconf 87' lang='lat' dir='ltr'><strong>autem</strong></span> <span class='ocrx_word' id='word_1_132' title='bbox 1501 1871 1747 1922; x_wconf 91' lang='lat' dir='ltr'><strong>numero,</strong></span> <span class='ocrx_word' id='word_1_133' title='bbox 1770 1857 1892 1927; x_wconf 88' lang='lat' dir='ltr'><strong>quia</strong></span> <span class='ocrx_word' id='word_1_134' title='bbox 1917 1873 2072 1913; x_wconf 81' lang='lat' dir='ltr'><strong>sexa-</strong></span> 
     </span>
    </p>
   </div>
   <div class='ocr_carea' id='block_1_20' title="bbox 472 1943 2064 2016">
    <p class='ocr_par' dir='ltr' id='par_1_20' title="bbox 472 1943 2064 2016">
     <span class='ocr_line' id='line_1_20' title="bbox 472 1943 2064 2016; baseline 0.004 -21"><span class='ocrx_word' id='word_1_135' title='bbox 472 1943 721 2011; x_wconf 78' lang='lat' dir='ltr'><strong>genarius</strong></span> <span class='ocrx_word' id='word_1_136' title='bbox 769 1951 909 1996; x_wconf 89' lang='lat' dir='ltr'><strong>totus</strong></span> <span class='ocrx_word' id='word_1_137' title='bbox 939 1944 1053 1997; x_wconf 87' lang='lat' dir='ltr'><strong>suis</strong></span> <span class='ocrx_word' id='word_1_138' title='bbox 1086 1945 1323 2011; x_wconf 82' lang='lat' dir='ltr'><strong>partibus</strong></span> <span class='ocrx_word' id='word_1_139' title='bbox 1363 1956 1605 2013; x_wconf 85' lang='lat' dir='ltr'><strong>constat,</strong></span> <span class='ocrx_word' id='word_1_140' title='bbox 1651 1956 1705 2001; x_wconf 90' lang='lat' dir='ltr'><strong>ct</strong></span> <span class='ocrx_word' id='word_1_141' title='bbox 1752 1963 1848 2016; x_wconf 89' lang='lat' dir='ltr'><strong>per</strong></span> <span class='ocrx_word' id='word_1_142' title='bbox 1897 1947 2064 2004; x_wconf 89' lang='lat' dir='ltr'><strong>dena-</strong></span> 
     </span>
    </p>
   </div>
   <div class='ocr_carea' id='block_1_21' title="bbox 472 2035 2063 2102">
    <p class='ocr_par' dir='ltr' id='par_1_21' title="bbox 472 2035 2063 2102">
     <span class='ocr_line' id='line_1_21' title="bbox 472 2035 2063 2102; baseline 0.004 -14"><span class='ocrx_word' id='word_1_143' title='bbox 472 2035 613 2088; x_wconf 89' lang='lat' dir='ltr'><strong>rium</strong></span> <span class='ocrx_word' id='word_1_144' title='bbox 645 2035 906 2102; x_wconf 69' lang='lat' dir='ltr'><strong>ascendit,</strong></span> <span class='ocrx_word' id='word_1_145' title='bbox 934 2037 1122 2089; x_wconf 85' lang='lat' dir='ltr'><strong>merito</strong></span> <span class='ocrx_word' id='word_1_146' title='bbox 1177 2052 1241 2090; x_wconf 85' lang='lat' dir='ltr'><strong>ex</strong></span> <span class='ocrx_word' id='word_1_147' title='bbox 1291 2036 1594 2093; x_wconf 85' lang='lat' dir='ltr'><strong>fortissimis</strong></span> <span class='ocrx_word' id='word_1_148' title='bbox 1644 2038 1809 2094; x_wconf 84' lang='lat' dir='ltr'><strong>Israel</strong></span> <span class='ocrx_word' id='word_1_149' title='bbox 1858 2039 2063 2094; x_wconf 86' lang='lat' dir='ltr'><strong>deseri-</strong></span> 
     </span>
    </p>
   </div>
   <div class='ocr_carea' id='block_1_22' title="bbox 478 2131 2063 2200">
    <p class='ocr_par' dir='ltr' id='par_1_22' title="bbox 478 2131 2063 2200">
     <span class='ocr_line' id='line_1_22' title="bbox 478 2131 2063 2200; baseline 0.003 -16"><span class='ocrx_word' id='word_1_150' title='bbox 478 2131 700 2196; x_wconf 90' lang='lat' dir='ltr'><strong>bnntur,</strong></span> <span class='ocrx_word' id='word_1_151' title='bbox 730 2132 818 2200; x_wconf 86' lang='lat' dir='ltr'><strong>qui</strong></span> <span class='ocrx_word' id='word_1_152' title='bbox 848 2141 1114 2200; x_wconf 68' lang='lat' dir='ltr'><strong>praesente</strong></span> <span class='ocrx_word' id='word_1_153' title='bbox 1142 2131 1368 2186; x_wconf 80' lang='lat' dir='ltr'><strong>Domino</strong></span> <span class='ocrx_word' id='word_1_154' title='bbox 1397 2132 1449 2186; x_wconf 90' lang='lat' dir='ltr'><strong>in</strong></span> <span class='ocrx_word' id='word_1_155' title='bbox 1482 2132 1737 2188; x_wconf 78' lang='lat' dir='ltr'><strong>Ecclesia:</strong></span> <span class='ocrx_word' id='word_1_156' title='bbox 1763 2133 2063 2189; x_wconf 85' lang='lat' dir='ltr'><strong>custodiam</strong></span> 
     </span>
    </p>
   </div>
   <div class='ocr_carea' id='block_1_23' title="bbox 475 2220 2063 2292">
    <p class='ocr_par' dir='ltr' id='par_1_23' title="bbox 475 2220 2063 2292">
     <span class='ocr_line' id='line_1_23' title="bbox 475 2220 2063 2292; baseline 0.001 -17"><span class='ocrx_word' id='word_1_157' title='bbox 475 2222 819 2291; x_wconf 86' lang='lat' dir='ltr'><strong>deputantur.</strong></span> <span class='ocrx_word' id='word_1_158' title='bbox 854 2220 933 2276; x_wconf 87' lang='lat' dir='ltr'><strong>Ad</strong></span> <span class='ocrx_word' id='word_1_159' title='bbox 968 2221 1135 2289; x_wconf 85' lang='lat' dir='ltr'><strong>ipsam</strong></span> <span class='ocrx_word' id='word_1_160' title='bbox 1168 2223 1327 2274; x_wconf 84' lang='lat' dir='ltr'><strong>etiam</strong></span> <span class='ocrx_word' id='word_1_161' title='bbox 1357 2220 1551 2276; x_wconf 87' lang='lat' dir='ltr'><strong>dicitur</strong></span> <span class='ocrx_word' id='word_1_162' title='bbox 1582 2238 1674 2292; x_wconf 90' lang='lat' dir='ltr'><strong>pcr</strong></span> <span class='ocrx_word' id='word_1_163' title='bbox 1702 2224 2013 2292; x_wconf 86' lang='lat' dir='ltr'><strong>prophetam</strong></span> <span class='ocrx_word' id='word_1_164' title='bbox 2049 2241 2063 2277; x_wconf 92' lang='lat'><strong>:</strong></span> 
     </span>
    </p>
   </div>
   <div class='ocr_carea' id='block_1_24' title="bbox 473 2311 2065 2381">
    <p class='ocr_par' dir='ltr' id='par_1_24' title="bbox 473 2311 2065 2381">
     <span class='ocr_line' id='line_1_24' title="bbox 473 2311 2065 2381; baseline -0.001 -13"><span class='ocrx_word' id='word_1_165' title='bbox 473 2313 643 2381; x_wconf 83' lang='lat' dir='ltr'><strong>Super</strong></span> <span class='ocrx_word' id='word_1_166' title='bbox 664 2329 833 2365; x_wconf 88' lang='lat' dir='ltr'><strong>muros</strong></span> <span class='ocrx_word' id='word_1_167' title='bbox 858 2320 995 2376; x_wconf 92' lang='lat' dir='ltr'><strong>tuos,</strong></span> <span class='ocrx_word' id='word_1_168' title='bbox 1028 2311 1339 2377; x_wconf 82' lang='lat' dir='ltr'><strong>Jerusalem,</strong></span> <span class='ocrx_word' id='word_1_169' title='bbox 1389 2314 1618 2368; x_wconf 76' lang='lat' dir='ltr'><strong>custodes</strong></span> <span class='ocrx_word' id='word_1_170' title='bbox 1649 2315 1926 2378; x_wconf 80' lang='lat' dir='ltr'><strong>constitui;</strong></span> <span class='ocrx_word' id='word_1_171' title='bbox 1956 2325 2065 2368; x_wconf 75' lang='lat' dir='ltr'><strong>tota</strong></span> 
     </span>
    </p>
   </div>
   <div class='ocr_carea' id='block_1_25' title="bbox 464 2404 2127 2471">
    <p class='ocr_par' dir='ltr' id='par_1_25' title="bbox 464 2404 2127 2471">
     <span class='ocr_line' id='line_1_25' title="bbox 464 2404 2127 2471; baseline 0.002 -15"><span class='ocrx_word' id='word_1_172' title='bbox 464 2405 556 2458; x_wconf 82' lang='lat' dir='ltr'><strong>die</strong></span> <span class='ocrx_word' id='word_1_173' title='bbox 602 2413 647 2456; x_wconf 84' lang='lat' dir='ltr'><strong>et</strong></span> <span class='ocrx_word' id='word_1_174' title='bbox 692 2413 837 2457; x_wconf 90' lang='lat' dir='ltr'><strong>nocte</strong></span> <span class='ocrx_word' id='word_1_175' title='bbox 879 2415 1124 2471; x_wconf 83' lang='lat' dir='ltr'><strong>perp:tuo</strong></span> <span class='ocrx_word' id='word_1_176' title='bbox 1164 2418 1268 2456; x_wconf 88' lang='lat' dir='ltr'><strong>non</strong></span> <span class='ocrx_word' id='word_1_177' title='bbox 1317 2404 1573 2463; x_wconf 88' lang='lat' dir='ltr'><strong>tacebunt.</strong></span> <span class='ocrx_word' id='word_1_178' title='bbox 1611 2406 1798 2459; x_wconf 84' lang='lat' dir='ltr'><strong>Omnes</strong></span> <span class='ocrx_word' id='word_1_179' title='bbox 1846 2416 2067 2459; x_wconf 87' lang='lat' dir='ltr'><strong>tenentes</strong></span> <span class='ocrx_word' id='word_1_180' title='bbox 2122 2408 2127 2409; x_wconf 54' lang='grc'><strong>“</strong></span> 
     </span>
    </p>
   </div>
   <div class='ocr_carea' id='block_1_26' title="bbox 468 2494 2068 2568">
    <p class='ocr_par' dir='ltr' id='par_1_26' title="bbox 468 2494 2068 2568">
     <span class='ocr_line' id='line_1_26' title="bbox 468 2494 2068 2568; baseline 0.001 -18"><span class='ocrx_word' id='word_1_181' title='bbox 468 2496 688 2568; x_wconf 84' lang='lat' dir='ltr'><strong>gladios.</strong></span> <span class='ocrx_word' id='word_1_182' title='bbox 706 2497 771 2550; x_wconf 88' lang='lat' dir='ltr'><strong>ad</strong></span> <span class='ocrx_word' id='word_1_183' title='bbox 794 2495 922 2549; x_wconf 86' lang='lat' dir='ltr'><strong>bella</strong></span> <span class='ocrx_word' id='word_1_184' title='bbox 940 2495 1239 2549; x_wconf 80' lang='lat' dir='ltr'><strong>doctissimi.</strong></span> <span class='ocrx_word' id='word_1_185' title='bbox 1258 2494 1327 2548; x_wconf 84' lang='lat' dir='ltr'><strong>Et</strong></span> <span class='ocrx_word' id='word_1_186' title='bbox 1336 2495 1737 2568; x_wconf 86' lang='lat' dir='ltr'><strong>uniuscujusque</strong></span> <span class='ocrx_word' id='word_1_187' title='bbox 1766 2498 1899 2551; x_wconf 82' lang='lat' dir='ltr'><strong>ensis</strong></span> <span class='ocrx_word' id='word_1_188' title='bbox 1914 2512 2068 2564; x_wconf 85' lang='lat' dir='ltr'><strong>super</strong></span> 
     </span>
    </p>
   </div>
   <div class='ocr_carea' id='block_1_27' title="bbox 470 2586 2065 2660">
    <p class='ocr_par' dir='ltr' id='par_1_27' title="bbox 470 2586 2065 2660">
     <span class='ocr_line' id='line_1_27' title="bbox 470 2586 2065 2660; baseline 0.001 -16"><span class='ocrx_word' id='word_1_189' title='bbox 470 2590 639 2659; x_wconf 82' lang='lat' dir='ltr'><strong>femur</strong></span> <span class='ocrx_word' id='word_1_190' title='bbox 666 2606 813 2643; x_wconf 87' lang='lat' dir='ltr'><strong>suum</strong></span> <span class='ocrx_word' id='word_1_191' title='bbox 844 2586 998 2660; x_wconf 85' lang='lat' dir='ltr'><strong>(Isai.</strong></span> <span class='ocrx_word' id='word_1_192' title='bbox 1031 2588 1179 2659; x_wconf 82' lang='lat' dir='ltr'><strong>LXII).</strong></span> <span class='ocrx_word' id='word_1_193' title='bbox 1221 2587 1355 2658; x_wconf 89' lang='lat' dir='ltr'><strong>Ipsis</strong></span> <span class='ocrx_word' id='word_1_194' title='bbox 1384 2590 1528 2644; x_wconf 88' lang='lat' dir='ltr'><strong>enim</strong></span> <span class='ocrx_word' id='word_1_195' title='bbox 1562 2591 1846 2660; x_wconf 87' lang='lat' dir='ltr'><strong>Apostolus</strong></span> <span class='ocrx_word' id='word_1_196' title='bbox 1891 2590 2021 2646; x_wconf 90' lang='lat' dir='ltr'><strong>dicit</strong></span> <span class='ocrx_word' id='word_1_197' title='bbox 2050 2606 2065 2645; x_wconf 91' lang='lat'><strong>:</strong></span> 
     </span>
    </p>
   </div>
   <div class='ocr_carea' id='block_1_28' title="bbox 462 2681 2069 2752">
    <p class='ocr_par' dir='ltr' id='par_1_28' title="bbox 462 2681 2069 2752">
     <span class='ocr_line' id='line_1_28' title="bbox 462 2681 2069 2752; baseline 0.001 -14"><span class='ocrx_word' id='word_1_198' title='bbox 462 2681 621 2738; x_wconf 74' lang='lat' dir='ltr'><strong>State</strong></span> <span class='ocrx_word' id='word_1_199' title='bbox 662 2697 782 2752; x_wconf 85' lang='lat' dir='ltr'><strong>ergo</strong></span> <span class='ocrx_word' id='word_1_200' title='bbox 812 2682 1056 2735; x_wconf 84' lang='lat' dir='ltr'><strong>succincti</strong></span> <span class='ocrx_word' id='word_1_201' title='bbox 1100 2682 1297 2736; x_wconf 78' lang='lat' dir='ltr'><strong>lumbos</strong></span> <span class='ocrx_word' id='word_1_202' title='bbox 1322 2693 1518 2737; x_wconf 76' lang='lat' dir='ltr'><strong>vestros</strong></span> <span class='ocrx_word' id='word_1_203' title='bbox 1544 2684 1599 2738; x_wconf 89' lang='lat' dir='ltr'><strong>in</strong></span> <span class='ocrx_word' id='word_1_204' title='bbox 1624 2685 1861 2750; x_wconf 61' lang='lat' dir='ltr'><strong>veritate,</strong></span> <span class='ocrx_word' id='word_1_205' title='bbox 1897 2695 1942 2739; x_wconf 91' lang='lat' dir='ltr'><strong>et</strong></span> <span class='ocrx_word' id='word_1_206' title='bbox 1987 2688 2069 2740; x_wconf 81' lang='lat' dir='ltr'><strong>in-</strong></span> 
     </span>
    </p>
   </div>
   <div class='ocr_carea' id='block_1_29' title="bbox 468 2774 2065 2848">
    <p class='ocr_par' dir='ltr' id='par_1_29' title="bbox 468 2774 2065 2848">
     <span class='ocr_line' id='line_1_29' title="bbox 468 2774 2065 2848; baseline 0.003 -21"><span class='ocrx_word' id='word_1_207' title='bbox 468 2774 612 2830; x_wconf 90' lang='lat' dir='ltr'><strong>duite</strong></span> <span class='ocrx_word' id='word_1_208' title='bbox 639 2775 849 2829; x_wconf 87' lang='lat' dir='ltr'><strong>loricam</strong></span> <span class='ocrx_word' id='word_1_209' title='bbox 870 2774 1109 2845; x_wconf 76' lang='lat' dir='ltr'><strong>justitiw,</strong></span> <span class='ocrx_word' id='word_1_210' title='bbox 1142 2784 1190 2828; x_wconf 89' lang='lat' dir='ltr'><strong>et</strong></span> <span class='ocrx_word' id='word_1_211' title='bbox 1220 2775 1435 2828; x_wconf 86' lang='lat' dir='ltr'><strong>calceuti</strong></span> <span class='ocrx_word' id='word_1_212' title='bbox 1459 2778 1609 2842; x_wconf 83' lang='lat' dir='ltr'><strong>pedes</strong></span> <span class='ocrx_word' id='word_1_213' title='bbox 1637 2776 1689 2829; x_wconf 89' lang='lat' dir='ltr'><strong>in</strong></span> <span class='ocrx_word' id='word_1_214' title='bbox 1718 2779 2065 2848; x_wconf 62' lang='lat' dir='ltr'><strong>praeparatio-</strong></span> 
     </span>
    </p>
   </div>
   <div class='ocr_carea' id='block_1_30' title="bbox 464 2867 2066 2939">
    <p class='ocr_par' dir='ltr' id='par_1_30' title="bbox 464 2867 2066 2939">
     <span class='ocr_line' id='line_1_30' title="bbox 464 2867 2066 2939; baseline 0.002 -17"><span class='ocrx_word' id='word_1_215' title='bbox 464 2885 582 2923; x_wconf 83' lang='lat' dir='ltr'><strong>nem</strong></span> <span class='ocrx_word' id='word_1_216' title='bbox 614 2867 877 2938; x_wconf 82' lang='lat' dir='ltr'><strong>Evangelii</strong></span> <span class='ocrx_word' id='word_1_217' title='bbox 903 2867 1067 2938; x_wconf 84' lang='lat' dir='ltr'><strong>pacis,</strong></span> <span class='ocrx_word' id='word_1_218' title='bbox 1093 2870 1146 2921; x_wconf 89' lang='lat' dir='ltr'><strong>in</strong></span> <span class='ocrx_word' id='word_1_219' title='bbox 1171 2867 1404 2921; x_wconf 87' lang='lat' dir='ltr'><strong>omnibus</strong></span> <span class='ocrx_word' id='word_1_220' title='bbox 1444 2880 1697 2922; x_wconf 84' lang='lat' dir='ltr'><strong>sumentes</strong></span> <span class='ocrx_word' id='word_1_221' title='bbox 1725 2880 1923 2923; x_wconf 84' lang='lat' dir='ltr'><strong>scutum</strong></span> <span class='ocrx_word' id='word_1_222' title='bbox 1944 2871 2066 2939; x_wconf 82' lang='lat' dir='ltr'><strong>ﬁdei</strong></span> 
     </span>
    </p>
   </div>
   <div class='ocr_carea' id='block_1_31' title="bbox 467 2959 2065 3034">
    <p class='ocr_par' dir='ltr' id='par_1_31' title="bbox 467 2959 2065 3034">
     <span class='ocr_line' id='line_1_31' title="bbox 467 2959 2065 3034; baseline 0.002 -20"><span class='ocrx_word' id='word_1_223' title='bbox 467 2962 521 3015; x_wconf 87' lang='lat' dir='ltr'><strong>in</strong></span> <span class='ocrx_word' id='word_1_224' title='bbox 550 2977 649 3031; x_wconf 85' lang='lat' dir='ltr'><strong>quo</strong></span> <span class='ocrx_word' id='word_1_225' title='bbox 676 2960 877 3027; x_wconf 85' lang='lat' dir='ltr'><strong>possitis</strong></span> <span class='ocrx_word' id='word_1_226' title='bbox 904 2960 1075 3013; x_wconf 87' lang='lat' dir='ltr'><strong>omnia</strong></span> <span class='ocrx_word' id='word_1_227' title='bbox 1107 2960 1205 3013; x_wconf 85' lang='lat' dir='ltr'><strong>tela</strong></span> <span class='ocrx_word' id='word_1_228' title='bbox 1233 2959 1529 3028; x_wconf 85' lang='lat' dir='ltr'><strong>nequissimi</strong></span> <span class='ocrx_word' id='word_1_229' title='bbox 1550 2962 1697 3032; x_wconf 89' lang='lat' dir='ltr'><strong>ignea</strong></span> <span class='ocrx_word' id='word_1_230' title='bbox 1713 2962 2065 3034; x_wconf 67' lang='lat' dir='ltr'><strong>exstinguere;</strong></span> 
     </span>
    </p>
   </div>
   <div class='ocr_carea' id='block_1_32' title="bbox 467 3051 2066 3125">
    <p class='ocr_par' dir='ltr' id='par_1_32' title="bbox 467 3051 2066 3125">
     <span class='ocr_line' id='line_1_32' title="bbox 467 3051 2066 3125; baseline 0.003 -18"><span class='ocrx_word' id='word_1_231' title='bbox 467 3060 518 3107; x_wconf 88' lang='lat' dir='ltr'><strong>et</strong></span> <span class='ocrx_word' id='word_1_232' title='bbox 540 3053 737 3121; x_wconf 79' lang='lat' dir='ltr'><strong>galeam</strong></span> <span class='ocrx_word' id='word_1_233' title='bbox 764 3051 943 3105; x_wconf 90' lang='lat' dir='ltr'><strong>salutis</strong></span> <span class='ocrx_word' id='word_1_234' title='bbox 966 3052 1226 3114; x_wconf 83' lang='lat' dir='ltr'><strong>assumite,</strong></span> <span class='ocrx_word' id='word_1_235' title='bbox 1252 3060 1298 3104; x_wconf 87' lang='lat' dir='ltr'><strong>et</strong></span> <span class='ocrx_word' id='word_1_236' title='bbox 1331 3052 1561 3123; x_wconf 88' lang='lat' dir='ltr'><strong>gladium</strong></span> <span class='ocrx_word' id='word_1_237' title='bbox 1586 3055 1798 3123; x_wconf 85' lang='lat' dir='ltr'><strong>spiritus</strong></span> <span class='ocrx_word' id='word_1_238' title='bbox 1826 3057 1966 3125; x_wconf 81' lang='lat' dir='ltr'><strong>quo!</strong></span> <span class='ocrx_word' id='word_1_239' title='bbox 1992 3069 2066 3111; x_wconf 87' lang='lat' dir='ltr'><strong>est</strong></span> 
     </span>
    </p>
   </div>
   <div class='ocr_carea' id='block_1_33' title="bbox 466 3141 2063 3213">
    <p class='ocr_par' dir='ltr' id='par_1_33' title="bbox 466 3141 2063 3213">
     <span class='ocr_line' id='line_1_33' title="bbox 466 3141 2063 3213; baseline 0.004 -16"><span class='ocrx_word' id='word_1_240' title='bbox 466 3143 671 3197; x_wconf 79' lang='lat' dir='ltr'><strong>uerbum</strong></span> <span class='ocrx_word' id='word_1_241' title='bbox 699 3142 793 3197; x_wconf 86' lang='lat' dir='ltr'><strong>Dei</strong></span> <span class='ocrx_word' id='word_1_242' title='bbox 827 3141 1045 3211; x_wconf 83' lang='lat' dir='ltr'><strong>(Ephes.</strong></span> <span class='ocrx_word' id='word_1_243' title='bbox 1076 3141 1175 3212; x_wconf 74' lang='lat' dir='ltr'><strong>vr).</strong></span> <span class='ocrx_word' id='word_1_244' title='bbox 1210 3142 1288 3197; x_wconf 86' lang='lat' dir='ltr'><strong>illi</strong></span> <span class='ocrx_word' id='word_1_245' title='bbox 1328 3142 1508 3213; x_wconf 83' lang='lat' dir='ltr'><strong>itaque</strong></span> <span class='ocrx_word' id='word_1_246' title='bbox 1550 3154 1671 3199; x_wconf 87' lang='lat' dir='ltr'><strong>sunt</strong></span> <span class='ocrx_word' id='word_1_247' title='bbox 1701 3144 1767 3200; x_wconf 88' lang='lat' dir='ltr'><strong>ad</strong></span> <span class='ocrx_word' id='word_1_248' title='bbox 1800 3146 1933 3202; x_wconf 66' lang='lat' dir='ltr'><strong>bella</strong></span> <span class='ocrx_word' id='word_1_249' title='bbox 1964 3146 2063 3203; x_wconf 74' lang='lat' dir='ltr'><strong>do~</strong></span> 
     </span>
    </p>
   </div>
   <div class='ocr_carea' id='block_1_34' title="bbox 2162 574 2447 644">
    <p class='ocr_par' dir='ltr' id='par_1_34' title="bbox 2162 574 2447 644">
     <span class='ocr_line' id='line_1_34' title="bbox 2162 574 2447 644; baseline -0.004 -15"><span class='ocrx_word' id='word_1_250' title='bbox 2162 574 2447 644; x_wconf 79' lang='lat' dir='ltr'><strong>rclulgent.</strong></span> 
     </span>
    </p>
   </div>
   <div class='ocr_carea' id='block_1_35' title="bbox 2230 660 3771 739">
    <p class='ocr_par' dir='ltr' id='par_1_35' title="bbox 2230 660 3771 739">
     <span class='ocr_line' id='line_1_35' title="bbox 2230 660 3771 739; baseline -0.001 -21"><span class='ocrx_word' id='word_1_251' title='bbox 2230 663 2390 719; x_wconf 83' lang='lat' dir='ltr'><strong>Num.</strong></span> <span class='ocrx_word' id='word_1_252' title='bbox 2427 660 2519 717; x_wconf 87' lang='lat'><strong>67.</strong></span> <span class='ocrx_word' id='word_1_253' title='bbox 2550 663 2831 718; x_wconf 84' lang='lat' dir='ltr'><strong>Ascensum</strong></span> <span class='ocrx_word' id='word_1_254' title='bbox 2876 681 3209 735; x_wconf 85' lang='lat' dir='ltr'><strong>purpureum.</strong></span> <span class='ocrx_word' id='word_1_255' title='bbox 3241 667 3515 723; x_wconf 84' lang='lat' dir='ltr'><strong>Ascensus</strong></span> <span class='ocrx_word' id='word_1_256' title='bbox 3554 686 3771 739; x_wconf 81' lang='lat' dir='ltr'><strong>pnrpu-</strong></span> 
     </span>
    </p>
   </div>
   <div class='ocr_carea' id='block_1_36' title="bbox 2160 755 3774 827">
    <p class='ocr_par' dir='ltr' id='par_1_36' title="bbox 2160 755 3774 827">
     <span class='ocr_line' id='line_1_36' title="bbox 2160 755 3774 827; baseline 0.007 -17"><span class='ocrx_word' id='word_1_257' title='bbox 2160 769 2309 822; x_wconf 69' lang='lat' dir='ltr'><strong>reus,</strong></span> <span class='ocrx_word' id='word_1_258' title='bbox 2357 765 2653 827; x_wconf 81' lang='lat' dir='ltr'><strong>martyrum</strong></span> <span class='ocrx_word' id='word_1_259' title='bbox 2689 756 2942 812; x_wconf 77' lang='lat' dir='ltr'><strong>eximiam</strong></span> <span class='ocrx_word' id='word_1_260' title='bbox 2992 755 3375 825; x_wconf 79' lang='lat' dir='ltr'><strong>perfectionem</strong></span> <span class='ocrx_word' id='word_1_261' title='bbox 3408 761 3461 815; x_wconf 90' lang='lat' dir='ltr'><strong>in</strong></span> <span class='ocrx_word' id='word_1_262' title='bbox 3495 762 3774 821; x_wconf 82' lang='lat' dir='ltr'><strong>eﬂ&#39;usionc</strong></span> 
     </span>
    </p>
   </div>
   <div class='ocr_carea' id='block_1_37' title="bbox 2160 846 2648 915">
    <p class='ocr_par' dir='ltr' id='par_1_37' title="bbox 2160 846 2648 915">
     <span class='ocr_line' id='line_1_37' title="bbox 2160 846 2648 915; baseline 0.002 -14"><span class='ocrx_word' id='word_1_263' title='bbox 2160 846 2435 915; x_wconf 78' lang='lat' dir='ltr'><strong>sanguinis</strong></span> <span class='ocrx_word' id='word_1_264' title='bbox 2463 846 2648 902; x_wconf 88' lang='lat' dir='ltr'><strong>docet.</strong></span> 
     </span>
    </p>
   </div>
   <div class='ocr_carea' id='block_1_38' title="bbox 2233 934 3771 1002">
    <p class='ocr_par' dir='ltr' id='par_1_38' title="bbox 2233 934 3771 1002">
     <span class='ocr_line' id='line_1_38' title="bbox 2233 934 3771 1002; baseline 0.008 -13"><span class='ocrx_word' id='word_1_265' title='bbox 2233 935 2391 990; x_wconf 85' lang='lat' dir='ltr'><strong>Num.</strong></span> <span class='ocrx_word' id='word_1_266' title='bbox 2423 934 2514 989; x_wconf 90' lang='lat'><strong>68.</strong></span> <span class='ocrx_word' id='word_1_267' title='bbox 2547 934 2724 990; x_wconf 78' lang='lat' dir='ltr'><strong>Media</strong></span> <span class='ocrx_word' id='word_1_268' title='bbox 2752 935 2998 992; x_wconf 81' lang='lat' dir='ltr'><strong>charitate</strong></span> <span class='ocrx_word' id='word_1_269' title='bbox 3035 939 3303 993; x_wconf 88' lang='lat' dir='ltr'><strong>construit.</strong></span> <span class='ocrx_word' id='word_1_270' title='bbox 3347 940 3415 995; x_wconf 88' lang='lat' dir='ltr'><strong>Ut</strong></span> <span class='ocrx_word' id='word_1_271' title='bbox 3445 942 3545 997; x_wconf 85' lang='lat' dir='ltr'><strong>ista</strong></span> <span class='ocrx_word' id='word_1_272' title='bbox 3580 949 3771 1002; x_wconf 85' lang='lat' dir='ltr'><strong>omnia</strong></span> 
     </span>
    </p>
   </div>
   <div class='ocr_carea' id='block_1_39' title="bbox 2163 1029 3771 1095">
    <p class='ocr_par' dir='ltr' id='par_1_39' title="bbox 2163 1029 3771 1095">
     <span class='ocr_line' id='line_1_39' title="bbox 2163 1029 3771 1095; baseline 0.002 -10"><span class='ocrx_word' id='word_1_273' title='bbox 2163 1029 2419 1087; x_wconf 70' lang='lat' dir='ltr'><strong>Ecclesim</strong></span> <span class='ocrx_word' id='word_1_274' title='bbox 2446 1040 2764 1087; x_wconf 84' lang='lat' dir='ltr'><strong>ornamenta</strong></span> <span class='ocrx_word' id='word_1_275' title='bbox 2790 1041 3147 1095; x_wconf 86' lang='lat' dir='ltr'><strong>construeret,</strong></span> <span class='ocrx_word' id='word_1_276' title='bbox 3166 1032 3312 1085; x_wconf 90' lang='lat' dir='ltr'><strong>nulla</strong></span> <span class='ocrx_word' id='word_1_277' title='bbox 3342 1032 3447 1086; x_wconf 86' lang='lat' dir='ltr'><strong>alia</strong></span> <span class='ocrx_word' id='word_1_278' title='bbox 3484 1049 3647 1089; x_wconf 60' lang='lat' dir='ltr'><strong>causa</strong></span> <span class='ocrx_word' id='word_1_279' title='bbox 3680 1052 3771 1095; x_wconf 76' lang='lat' dir='ltr'><strong>est</strong></span> 
     </span>
    </p>
   </div>
   <div class='ocr_carea' id='block_1_40' title="bbox 2163 1127 3767 1198">
    <p class='ocr_par' dir='ltr' id='par_1_40' title="bbox 2163 1127 3767 1198">
     <span class='ocr_line' id='line_1_40' title="bbox 2163 1127 3767 1198; baseline 0.001 -18"><span class='ocrx_word' id='word_1_280' title='bbox 2163 1127 2263 1181; x_wconf 88' lang='lat' dir='ltr'><strong>nisi</strong></span> <span class='ocrx_word' id='word_1_281' title='bbox 2326 1128 2451 1198; x_wconf 84' lang='lat' dir='ltr'><strong>quia</strong></span> <span class='ocrx_word' id='word_1_282' title='bbox 2507 1128 2688 1181; x_wconf 80' lang='lat' dir='ltr'><strong>dilexit</strong></span> <span class='ocrx_word' id='word_1_283' title='bbox 2740 1144 2832 1182; x_wconf 89' lang='lat' dir='ltr'><strong>nos</strong></span> <span class='ocrx_word' id='word_1_284' title='bbox 2884 1139 2934 1182; x_wconf 89' lang='lat' dir='ltr'><strong>et</strong></span> <span class='ocrx_word' id='word_1_285' title='bbox 2994 1128 3211 1181; x_wconf 88' lang='lat' dir='ltr'><strong>tradidit</strong></span> <span class='ocrx_word' id='word_1_286' title='bbox 3271 1131 3608 1196; x_wconf 84' lang='lat' dir='ltr'><strong>semetipsum</strong></span> <span class='ocrx_word' id='word_1_287' title='bbox 3668 1148 3767 1195; x_wconf 77' lang='lat' dir='ltr'><strong>pro</strong></span> 
     </span>
    </p>
   </div>
   <div class='ocr_carea' id='block_1_41' title="bbox 2162 1218 3769 1276">
    <p class='ocr_par' dir='ltr' id='par_1_41' title="bbox 2162 1218 3769 1276">
     <span class='ocr_line' id='line_1_41' title="bbox 2162 1218 3769 1276; baseline 0.002 -5"><span class='ocrx_word' id='word_1_288' title='bbox 2162 1218 2308 1272; x_wconf 86' lang='lat' dir='ltr'><strong>nobis</strong></span> <span class='ocrx_word' id='word_1_289' title='bbox 2342 1218 2647 1275; x_wconf 86' lang='lat' dir='ltr'><strong>oblationem</strong></span> <span class='ocrx_word' id='word_1_290' title='bbox 2689 1230 2739 1275; x_wconf 86' lang='lat' dir='ltr'><strong>et</strong></span> <span class='ocrx_word' id='word_1_291' title='bbox 2768 1221 2988 1275; x_wconf 78' lang='lat' dir='ltr'><strong>hostiam</strong></span> <span class='ocrx_word' id='word_1_292' title='bbox 3029 1221 3136 1275; x_wconf 78' lang='lat' dir='ltr'><strong>Deo</strong></span> <span class='ocrx_word' id='word_1_293' title='bbox 3161 1222 3215 1274; x_wconf 79' lang='lat' dir='ltr'><strong>in</strong></span> <span class='ocrx_word' id='word_1_294' title='bbox 3245 1222 3454 1276; x_wconf 84' lang='lat' dir='ltr'><strong>odorem</strong></span> <span class='ocrx_word' id='word_1_295' title='bbox 3482 1224 3769 1276; x_wconf 64' lang='lat' dir='ltr'><strong>suavitatis</strong></span> 
     </span>
    </p>
   </div>
   <div class='ocr_carea' id='block_1_42' title="bbox 2168 1308 2490 1381">
    <p class='ocr_par' dir='ltr' id='par_1_42' title="bbox 2168 1308 2490 1381">
     <span class='ocr_line' id='line_1_42' title="bbox 2168 1308 2490 1381; baseline 0.022 -19"><span class='ocrx_word' id='word_1_296' title='bbox 2168 1308 2385 1381; x_wconf 83' lang='lat' dir='ltr'><strong>(Ephes.</strong></span> <span class='ocrx_word' id='word_1_297' title='bbox 2414 1315 2490 1378; x_wconf 79' lang='grc' dir='ltr'><strong>ν).</strong></span> 
     </span>
    </p>
   </div>
   <div class='ocr_carea' id='block_1_43' title="bbox 2236 1400 3769 1475">
    <p class='ocr_par' dir='ltr' id='par_1_43' title="bbox 2236 1400 3769 1475">
     <span class='ocr_line' id='line_1_43' title="bbox 2236 1400 3769 1475; baseline 0.003 -19"><span class='ocrx_word' id='word_1_298' title='bbox 2236 1401 2394 1457; x_wconf 88' lang='lat' dir='ltr'><strong>Num.</strong></span> <span class='ocrx_word' id='word_1_299' title='bbox 2426 1400 2517 1458; x_wconf 85' lang='lat'><strong>69.</strong></span> <span class='ocrx_word' id='word_1_300' title='bbox 2552 1402 2872 1475; x_wconf 76' lang='lat' dir='ltr'><strong>Egredimini</strong></span> <span class='ocrx_word' id='word_1_301' title='bbox 2909 1414 2956 1459; x_wconf 89' lang='lat' dir='ltr'><strong>et</strong></span> <span class='ocrx_word' id='word_1_302' title='bbox 2985 1406 3167 1470; x_wconf 85' lang='lat' dir='ltr'><strong>videte,</strong></span> <span class='ocrx_word' id='word_1_303' title='bbox 3194 1406 3317 1475; x_wconf 70' lang='lat' dir='ltr'><strong>ﬁlice</strong></span> <span class='ocrx_word' id='word_1_304' title='bbox 3348 1406 3498 1461; x_wconf 87' lang='lat' dir='ltr'><strong>Sion.</strong></span> <span class='ocrx_word' id='word_1_305' title='bbox 3531 1406 3769 1475; x_wconf 65' lang='lat' dir='ltr'><strong>Semper</strong></span> 
     </span>
    </p>
   </div>
   <div class='ocr_carea' id='block_1_44' title="bbox 2166 1494 3769 1569">
    <p class='ocr_par' dir='ltr' id='par_1_44' title="bbox 2166 1494 3769 1569">
     <span class='ocr_line' id='line_1_44' title="bbox 2166 1494 3769 1569; baseline 0.004 -24"><span class='ocrx_word' id='word_1_306' title='bbox 2166 1507 2275 1561; x_wconf 68' lang='lat' dir='ltr'><strong>pra:</strong></span> <span class='ocrx_word' id='word_1_307' title='bbox 2303 1494 2473 1549; x_wconf 91' lang='lat' dir='ltr'><strong>oculis</strong></span> <span class='ocrx_word' id='word_1_308' title='bbox 2498 1495 2711 1563; x_wconf 85' lang='lat' dir='ltr'><strong>habete,</strong></span> <span class='ocrx_word' id='word_1_309' title='bbox 2735 1505 2931 1552; x_wconf 75' lang='lat' dir='ltr'><strong>sancite</strong></span> <span class='ocrx_word' id='word_1_310' title='bbox 2962 1496 3175 1562; x_wconf 61' lang='lat' dir='ltr'><strong>animae,</strong></span> <span class='ocrx_word' id='word_1_311' title='bbox 3213 1514 3381 1569; x_wconf 85' lang='lat' dir='ltr'><strong>regem</strong></span> <span class='ocrx_word' id='word_1_312' title='bbox 3404 1498 3769 1559; x_wconf 75' lang='lat' dir='ltr'><strong>Sulmonem.</strong></span> 
     </span>
    </p>
   </div>
   <div class='ocr_carea' id='block_1_45' title="bbox 2169 1583 3770 1660">
    <p class='ocr_par' dir='ltr' id='par_1_45' title="bbox 2169 1583 3770 1660">
     <span class='ocr_line' id='line_1_45' title="bbox 2169 1583 3770 1660; baseline 0.005 -23"><span class='ocrx_word' id='word_1_313' title='bbox 2169 1583 2449 1653; x_wconf 83' lang='lat' dir='ltr'><strong>paciﬁcum</strong></span> <span class='ocrx_word' id='word_1_314' title='bbox 2474 1596 2743 1655; x_wconf 88' lang='lat' dir='ltr'><strong>nostrum,</strong></span> <span class='ocrx_word' id='word_1_315' title='bbox 2776 1588 2865 1656; x_wconf 90' lang='lat' dir='ltr'><strong>qui</strong></span> <span class='ocrx_word' id='word_1_316' title='bbox 2906 1588 3152 1643; x_wconf 87' lang='lat' dir='ltr'><strong>Christus</strong></span> <span class='ocrx_word' id='word_1_317' title='bbox 3175 1600 3278 1654; x_wconf 85' lang='lat' dir='ltr'><strong>eSt,</strong></span> <span class='ocrx_word' id='word_1_318' title='bbox 3311 1592 3770 1660; x_wconf 85' lang='lat' dir='ltr'><strong>quemadmodum</strong></span> 
     </span>
    </p>
   </div>
   <div class='ocr_carea' id='block_1_46' title="bbox 2168 1675 3771 1752">
    <p class='ocr_par' dir='ltr' id='par_1_46' title="bbox 2168 1675 3771 1752">
     <span class='ocr_line' id='line_1_46' title="bbox 2168 1675 3771 1752; baseline 0.004 -23"><span class='ocrx_word' id='word_1_319' title='bbox 2168 1675 2474 1745; x_wconf 88' lang='lat' dir='ltr'><strong>passionem</strong></span> <span class='ocrx_word' id='word_1_320' title='bbox 2504 1679 2756 1732; x_wconf 88' lang='lat' dir='ltr'><strong>sustinuit</strong></span> <span class='ocrx_word' id='word_1_321' title='bbox 2790 1678 3009 1749; x_wconf 61' lang='lat' dir='ltr'><strong>(illam,</strong></span> <span class='ocrx_word' id='word_1_322' title='bbox 3036 1695 3133 1744; x_wconf 86' lang='lat' dir='ltr'><strong>xv;</strong></span> <span class='ocrx_word' id='word_1_323' title='bbox 3165 1678 3323 1734; x_wconf 84' lang='lat' dir='ltr'><strong>Joan.</strong></span> <span class='ocrx_word' id='word_1_324' title='bbox 3352 1683 3489 1751; x_wconf 76' lang='lat' dir='ltr'><strong>xix),</strong></span> <span class='ocrx_word' id='word_1_325' title='bbox 3511 1694 3566 1735; x_wconf 91' lang='lat' dir='ltr'><strong>ut</strong></span> <span class='ocrx_word' id='word_1_326' title='bbox 3594 1698 3771 1752; x_wconf 81' lang='lat' dir='ltr'><strong>genus</strong></span> 
     </span>
    </p>
   </div>
   <div class='ocr_carea' id='block_1_47' title="bbox 2172 1771 3773 1843">
    <p class='ocr_par' dir='ltr' id='par_1_47' title="bbox 2172 1771 3773 1843">
     <span class='ocr_line' id='line_1_47' title="bbox 2172 1771 3773 1843; baseline 0.002 -18"><span class='ocrx_word' id='word_1_327' title='bbox 2172 1771 2465 1826; x_wconf 89' lang='lat' dir='ltr'><strong>humanum</strong></span> <span class='ocrx_word' id='word_1_328' title='bbox 2514 1772 2585 1827; x_wconf 92' lang='lat' dir='ltr'><strong>ab</strong></span> <span class='ocrx_word' id='word_1_329' title='bbox 2635 1773 2850 1828; x_wconf 87' lang='lat' dir='ltr'><strong>interitu</strong></span> <span class='ocrx_word' id='word_1_330' title='bbox 2899 1774 3190 1840; x_wconf 83' lang='lat' dir='ltr'><strong>liberaret;</strong></span> <span class='ocrx_word' id='word_1_331' title='bbox 3239 1774 3491 1843; x_wconf 90' lang='lat' dir='ltr'><strong>inspicite</strong></span> <span class='ocrx_word' id='word_1_332' title='bbox 3539 1790 3666 1830; x_wconf 90' lang='lat' dir='ltr'><strong>eum</strong></span> <span class='ocrx_word' id='word_1_333' title='bbox 3719 1776 3773 1829; x_wconf 83' lang='lat' dir='ltr'><strong>in</strong></span> 
     </span>
    </p>
   </div>
   <div class='ocr_carea' id='block_1_48' title="bbox 2100 1863 3773 1935">
    <p class='ocr_par' dir='ltr' id='par_1_48' title="bbox 2100 1863 3773 1935">
     <span class='ocr_line' id='line_1_48' title="bbox 2100 1863 3773 1935; baseline 0.005 -20"><span class='ocrx_word' id='word_1_334' title='bbox 2100 1867 2147 1926; x_wconf 75' lang='grc' dir='ltr'><strong>Β</strong></span> <span class='ocrx_word' id='word_1_335' title='bbox 2177 1863 2465 1917; x_wconf 86' lang='lat' dir='ltr'><strong>diademate</strong></span> <span class='ocrx_word' id='word_1_336' title='bbox 2484 1880 2583 1932; x_wconf 87' lang='lat' dir='ltr'><strong>quo</strong></span> <span class='ocrx_word' id='word_1_337' title='bbox 2606 1865 2866 1918; x_wconf 81' lang='lat' dir='ltr'><strong>coronavit</strong></span> <span class='ocrx_word' id='word_1_338' title='bbox 2891 1881 3007 1918; x_wconf 87' lang='lat' dir='ltr'><strong>eum</strong></span> <span class='ocrx_word' id='word_1_339' title='bbox 3037 1873 3198 1919; x_wconf 86' lang='lat' dir='ltr'><strong>mater</strong></span> <span class='ocrx_word' id='word_1_340' title='bbox 3219 1881 3312 1918; x_wconf 90' lang='lat' dir='ltr'><strong>sua</strong></span> <span class='ocrx_word' id='word_1_341' title='bbox 3335 1880 3354 1918; x_wconf 90' lang='lat'><strong><em>:</em></strong></span> <span class='ocrx_word' id='word_1_342' title='bbox 3375 1865 3427 1919; x_wconf 88' lang='lat' dir='ltr'><strong>in</strong></span> <span class='ocrx_word' id='word_1_343' title='bbox 3459 1866 3548 1919; x_wconf 84' lang='lat' dir='ltr'><strong>illa</strong></span> <span class='ocrx_word' id='word_1_344' title='bbox 3579 1867 3773 1935; x_wconf 86' lang='lat' dir='ltr'><strong>spinea</strong></span> 
     </span>
    </p>
   </div>
   <div class='ocr_carea' id='block_1_49' title="bbox 2169 1955 3773 2028">
    <p class='ocr_par' dir='ltr' id='par_1_49' title="bbox 2169 1955 3773 2028">
     <span class='ocr_line' id='line_1_49' title="bbox 2169 1955 3773 2028; baseline 0.005 -20"><span class='ocrx_word' id='word_1_345' title='bbox 2169 1967 2368 2008; x_wconf 81' lang='lat' dir='ltr'><strong>Corona</strong></span> <span class='ocrx_word' id='word_1_346' title='bbox 2395 1969 2554 2023; x_wconf 87' lang='lat' dir='ltr'><strong>quam</strong></span> <span class='ocrx_word' id='word_1_347' title='bbox 2580 1955 2743 2025; x_wconf 82' lang='lat' dir='ltr'><strong>capiti</strong></span> <span class='ocrx_word' id='word_1_348' title='bbox 2778 1956 2893 2025; x_wconf 80' lang='lat' dir='ltr'><strong>ejus</strong></span> <span class='ocrx_word' id='word_1_349' title='bbox 2920 1955 3199 2028; x_wconf 70' lang='lat' dir='ltr'><strong>Synagoga</strong></span> <span class='ocrx_word' id='word_1_350' title='bbox 3225 1960 3571 2028; x_wconf 83' lang='lat' dir='ltr'><strong>superposuit</strong></span> <span class='ocrx_word' id='word_1_351' title='bbox 3600 1960 3653 2013; x_wconf 87' lang='lat' dir='ltr'><strong>in</strong></span> <span class='ocrx_word' id='word_1_352' title='bbox 3682 1959 3773 2016; x_wconf 85' lang='lat' dir='ltr'><strong>die</strong></span> 
     </span>
    </p>
   </div>
   <div class='ocr_carea' id='block_1_50' title="bbox 2166 2047 3769 2119">
    <p class='ocr_par' dir='ltr' id='par_1_50' title="bbox 2166 2047 3769 2119">
     <span class='ocr_line' id='line_1_50' title="bbox 2166 2047 3769 2119; baseline 0.003 -18"><span class='ocrx_word' id='word_1_353' title='bbox 2166 2048 2597 2115; x_wconf 82' lang='lat' dir='ltr'><strong>dcsponsationis</strong></span> <span class='ocrx_word' id='word_1_354' title='bbox 2621 2047 2759 2119; x_wconf 85' lang='lat' dir='ltr'><strong>ejus.</strong></span> <span class='ocrx_word' id='word_1_355' title='bbox 2777 2049 2928 2105; x_wconf 87' lang='lat' dir='ltr'><strong>Tunc</strong></span> <span class='ocrx_word' id='word_1_356' title='bbox 2955 2052 3096 2105; x_wconf 91' lang='lat' dir='ltr'><strong>enim</strong></span> <span class='ocrx_word' id='word_1_357' title='bbox 3128 2052 3431 2107; x_wconf 80' lang='lat' dir='ltr'><strong>universam</strong></span> <span class='ocrx_word' id='word_1_358' title='bbox 3464 2052 3769 2108; x_wconf 69' lang='lat' dir='ltr'><strong>Ecclesium</strong></span> 
     </span>
    </p>
   </div>
   <div class='ocr_carea' id='block_1_51' title="bbox 2167 2139 3774 2212">
    <p class='ocr_par' dir='ltr' id='par_1_51' title="bbox 2167 2139 3774 2212">
     <span class='ocr_line' id='line_1_51' title="bbox 2167 2139 3774 2212; baseline 0.006 -21"><span class='ocrx_word' id='word_1_359' title='bbox 2167 2139 2266 2194; x_wconf 72' lang='lat' dir='ltr'><strong>sibi</strong></span> <span class='ocrx_word' id='word_1_360' title='bbox 2299 2139 2609 2209; x_wconf 87' lang='lat' dir='ltr'><strong>despondit,</strong></span> <span class='ocrx_word' id='word_1_361' title='bbox 2656 2142 2871 2210; x_wconf 88' lang='lat' dir='ltr'><strong>quando</strong></span> <span class='ocrx_word' id='word_1_362' title='bbox 2926 2142 2979 2197; x_wconf 92' lang='lat' dir='ltr'><strong>in</strong></span> <span class='ocrx_word' id='word_1_363' title='bbox 3032 2143 3323 2212; x_wconf 85' lang='lat' dir='ltr'><strong>patibulum</strong></span> <span class='ocrx_word' id='word_1_364' title='bbox 3360 2146 3543 2199; x_wconf 89' lang='lat' dir='ltr'><strong>crucis</strong></span> <span class='ocrx_word' id='word_1_365' title='bbox 3578 2160 3774 2200; x_wconf 79' lang='lat' dir='ltr'><strong>ascen-</strong></span> 
     </span>
    </p>
   </div>
   <div class='ocr_carea' id='block_1_52' title="bbox 2167 2232 3775 2306">
    <p class='ocr_par' dir='ltr' id='par_1_52' title="bbox 2167 2232 3775 2306">
     <span class='ocr_line' id='line_1_52' title="bbox 2167 2232 3775 2306; baseline 0.003 -20"><span class='ocrx_word' id='word_1_366' title='bbox 2167 2232 2323 2293; x_wconf 84' lang='lat' dir='ltr'><strong>dens.</strong></span> <span class='ocrx_word' id='word_1_367' title='bbox 2366 2247 2433 2286; x_wconf 88' lang='lat' dir='ltr'><strong>ex</strong></span> <span class='ocrx_word' id='word_1_368' title='bbox 2482 2232 2670 2288; x_wconf 85' lang='lat' dir='ltr'><strong>eadem</strong></span> <span class='ocrx_word' id='word_1_369' title='bbox 2717 2248 2878 2289; x_wconf 86' lang='lat' dir='ltr'><strong>cruce</strong></span> <span class='ocrx_word' id='word_1_370' title='bbox 2920 2237 3131 2306; x_wconf 80' lang='lat' dir='ltr'><strong>signum</strong></span> <span class='ocrx_word' id='word_1_371' title='bbox 3191 2234 3243 2289; x_wconf 88' lang='lat' dir='ltr'><strong>in</strong></span> <span class='ocrx_word' id='word_1_372' title='bbox 3271 2234 3542 2291; x_wconf 82' lang='lat' dir='ltr'><strong>frontibus</strong></span> <span class='ocrx_word' id='word_1_373' title='bbox 3582 2251 3775 2293; x_wconf 69' lang='lat' dir='ltr'><strong>omnes</strong></span> 
     </span>
    </p>
   </div>
   <div class='ocr_carea' id='block_1_53' title="bbox 2168 2321 3774 2398">
    <p class='ocr_par' dir='ltr' id='par_1_53' title="bbox 2168 2321 3774 2398">
     <span class='ocr_line' id='line_1_53' title="bbox 2168 2321 3774 2398; baseline 0.004 -22"><span class='ocrx_word' id='word_1_374' title='bbox 2168 2321 2221 2376; x_wconf 89' lang='lat' dir='ltr'><strong>in</strong></span> <span class='ocrx_word' id='word_1_375' title='bbox 2268 2337 2329 2377; x_wconf 90' lang='lat' dir='ltr'><strong>se</strong></span> <span class='ocrx_word' id='word_1_376' title='bbox 2368 2324 2651 2379; x_wconf 71' lang='lat' dir='ltr'><strong>credentes</strong></span> <span class='ocrx_word' id='word_1_377' title='bbox 2692 2324 2936 2392; x_wconf 90' lang='lat' dir='ltr'><strong>edocuit,</strong></span> <span class='ocrx_word' id='word_1_378' title='bbox 2990 2327 3128 2381; x_wconf 86' lang='lat' dir='ltr'><strong>sicut</strong></span> <span class='ocrx_word' id='word_1_379' title='bbox 3172 2324 3288 2395; x_wconf 88' lang='lat' dir='ltr'><strong>ipse</strong></span> <span class='ocrx_word' id='word_1_380' title='bbox 3332 2328 3454 2381; x_wconf 89' lang='lat' dir='ltr'><strong>ait:</strong></span> <span class='ocrx_word' id='word_1_381' title='bbox 3496 2327 3610 2398; x_wconf 83' lang='lat' dir='ltr'><strong>Ego</strong></span> <span class='ocrx_word' id='word_1_382' title='bbox 3657 2347 3774 2382; x_wconf 80' lang='lat' dir='ltr'><strong>cum</strong></span> 
     </span>
    </p>
   </div>
   <div class='ocr_carea' id='block_1_54' title="bbox 2166 2415 3774 2488">
    <p class='ocr_par' dir='ltr' id='par_1_54' title="bbox 2166 2415 3774 2488">
     <span class='ocr_line' id='line_1_54' title="bbox 2166 2415 3774 2488; baseline 0.004 -21"><span class='ocrx_word' id='word_1_383' title='bbox 2166 2415 2416 2467; x_wconf 74' lang='lat' dir='ltr'><strong>eaaltatus</strong></span> <span class='ocrx_word' id='word_1_384' title='bbox 2468 2415 2612 2486; x_wconf 78' lang='lat' dir='ltr'><strong>fuero</strong></span> <span class='ocrx_word' id='word_1_385' title='bbox 2656 2432 2688 2469; x_wconf 91' lang='lat' dir='ltr'><strong>a</strong></span> <span class='ocrx_word' id='word_1_386' title='bbox 2730 2424 2890 2483; x_wconf 78' lang='lat' dir='ltr'><strong>terra,</strong></span> <span class='ocrx_word' id='word_1_387' title='bbox 2930 2416 3127 2470; x_wconf 80' lang='lat' dir='ltr'><strong>traham</strong></span> <span class='ocrx_word' id='word_1_388' title='bbox 3180 2418 3353 2471; x_wconf 81' lang='lat' dir='ltr'><strong>omnia</strong></span> <span class='ocrx_word' id='word_1_389' title='bbox 3398 2419 3470 2471; x_wconf 83' lang='lat' dir='ltr'><strong>ad</strong></span> <span class='ocrx_word' id='word_1_390' title='bbox 3517 2421 3774 2488; x_wconf 74' lang='lat' dir='ltr'><strong>meipsunt</strong></span> 
     </span>
    </p>
   </div>
   <div class='ocr_carea' id='block_1_55' title="bbox 2160 2504 3774 2579">
    <p class='ocr_par' dir='ltr' id='par_1_55' title="bbox 2160 2504 3774 2579">
     <span class='ocr_line' id='line_1_55' title="bbox 2160 2504 3774 2579; baseline 0.004 -20"><span class='ocrx_word' id='word_1_391' title='bbox 2160 2504 2349 2578; x_wconf 24' lang='lat' dir='ltr'><strong>.(Joan.</strong></span> <span class='ocrx_word' id='word_1_392' title='bbox 2378 2508 2497 2578; x_wconf 78' lang='grc' dir='ltr'><strong>ιιι).</strong></span> <span class='ocrx_word' id='word_1_393' title='bbox 2533 2507 2634 2576; x_wconf 88' lang='lat' dir='ltr'><strong>Qui</strong></span> <span class='ocrx_word' id='word_1_394' title='bbox 2667 2508 2783 2563; x_wconf 87' lang='lat' dir='ltr'><strong>dies</strong></span> <span class='ocrx_word' id='word_1_395' title='bbox 2807 2509 3072 2579; x_wconf 86' lang='lat' dir='ltr'><strong>passionis</strong></span> <span class='ocrx_word' id='word_1_396' title='bbox 3100 2509 3196 2564; x_wconf 91' lang='lat' dir='ltr'><strong>fuit</strong></span> <span class='ocrx_word' id='word_1_397' title='bbox 3224 2512 3383 2565; x_wconf 80' lang='lat' dir='ltr'><strong>etiam</strong></span> <span class='ocrx_word' id='word_1_398' title='bbox 3415 2512 3531 2568; x_wconf 89' lang='lat' dir='ltr'><strong>dies</strong></span> <span class='ocrx_word' id='word_1_399' title='bbox 3564 2512 3774 2568; x_wconf 70' lang='lat' dir='ltr'><strong>hmitie</strong></span> 
     </span>
    </p>
   </div>
   <div class='ocr_carea' id='block_1_56' title="bbox 2168 2598 3772 2673">
    <p class='ocr_par' dir='ltr' id='par_1_56' title="bbox 2168 2598 3772 2673">
     <span class='ocr_line' id='line_1_56' title="bbox 2168 2598 3772 2673; baseline 0.002 -19"><span class='ocrx_word' id='word_1_400' title='bbox 2168 2599 2346 2654; x_wconf 86' lang='lat' dir='ltr'><strong>cordis</strong></span> <span class='ocrx_word' id='word_1_401' title='bbox 2377 2598 2527 2669; x_wconf 78' lang='lat' dir='ltr'><strong>ejus:</strong></span> <span class='ocrx_word' id='word_1_402' title='bbox 2552 2598 2692 2655; x_wconf 91' lang='lat' dir='ltr'><strong>sicut</strong></span> <span class='ocrx_word' id='word_1_403' title='bbox 2722 2600 2863 2656; x_wconf 89' lang='lat' dir='ltr'><strong>enim</strong></span> <span class='ocrx_word' id='word_1_404' title='bbox 2895 2600 3140 2656; x_wconf 81' lang='lat' dir='ltr'><strong>Christus</strong></span> <span class='ocrx_word' id='word_1_405' title='bbox 3169 2617 3288 2672; x_wconf 71' lang='lat' dir='ltr'><strong>quae</strong></span> <span class='ocrx_word' id='word_1_406' title='bbox 3319 2604 3458 2656; x_wconf 85' lang='lat' dir='ltr'><strong>bona</strong></span> <span class='ocrx_word' id='word_1_407' title='bbox 3490 2618 3586 2673; x_wconf 86' lang='lat' dir='ltr'><strong>per</strong></span> <span class='ocrx_word' id='word_1_408' title='bbox 3618 2619 3772 2657; x_wconf 79' lang='lat' dir='ltr'><strong>suam</strong></span> 
     </span>
    </p>
   </div>
   <div class='ocr_carea' id='block_1_57' title="bbox 2170 2693 3771 2765">
    <p class='ocr_par' dir='ltr' id='par_1_57' title="bbox 2170 2693 3771 2765">
     <span class='ocr_line' id='line_1_57' title="bbox 2170 2693 3771 2765; baseline 0.004 -18"><span class='ocrx_word' id='word_1_409' title='bbox 2170 2695 2591 2762; x_wconf 87' lang='lat' dir='ltr'><strong>possessionem,</strong></span> <span class='ocrx_word' id='word_1_410' title='bbox 2640 2693 2693 2748; x_wconf 92' lang='lat' dir='ltr'><strong>in</strong></span> <span class='ocrx_word' id='word_1_411' title='bbox 2733 2694 3046 2765; x_wconf 79' lang='lat' dir='ltr'><strong>progenies,</strong></span> <span class='ocrx_word' id='word_1_412' title='bbox 3078 2705 3134 2749; x_wconf 88' lang='lat' dir='ltr'><strong>et</strong></span> <span class='ocrx_word' id='word_1_413' title='bbox 3159 2695 3321 2749; x_wconf 86' lang='lat' dir='ltr'><strong>multa</strong></span> <span class='ocrx_word' id='word_1_414' title='bbox 3363 2705 3609 2765; x_wconf 78' lang='lat' dir='ltr'><strong>tempora</strong></span> <span class='ocrx_word' id='word_1_415' title='bbox 3647 2698 3771 2753; x_wconf 64' lang='lat' dir='ltr'><strong>title-</strong></span> 
     </span>
    </p>
   </div>
   <div class='ocr_carea' id='block_1_58' title="bbox 2168 2782 2685 2840">
    <p class='ocr_par' dir='ltr' id='par_1_58' title="bbox 2168 2782 2685 2840">
     <span class='ocr_line' id='line_1_58' title="bbox 2168 2782 2685 2840; baseline 0.006 -3"><span class='ocrx_word' id='word_1_416' title='bbox 2168 2782 2307 2840; x_wconf 91' lang='lat' dir='ltr'><strong>l.hus</strong></span> <span class='ocrx_word' id='word_1_417' title='bbox 2335 2783 2685 2840; x_wconf 86' lang='lat' dir='ltr'><strong>condonavit.</strong></span> 
     </span>
    </p>
   </div>
   <div class='ocr_carea' id='block_1_59' title="bbox 2236 2878 3771 2950">
    <p class='ocr_par' dir='ltr' id='par_1_59' title="bbox 2236 2878 3771 2950">
     <span class='ocr_line' id='line_1_59' title="bbox 2236 2878 3771 2950; baseline 0.004 -18"><span class='ocrx_word' id='word_1_418' title='bbox 2236 2879 2367 2935; x_wconf 67' lang='lat' dir='ltr'><strong>CAP.</strong></span> <span class='ocrx_word' id='word_1_419' title='bbox 2396 2878 2482 2934; x_wconf 75' lang='lat' dir='ltr'><strong>IV.</strong></span> <span class='ocrx_word' id='word_1_420' title='bbox 2508 2909 2578 2921; x_wconf 93' lang='lat'><strong>—</strong></span> <span class='ocrx_word' id='word_1_421' title='bbox 2599 2878 2753 2935; x_wconf 85' lang='lat' dir='ltr'><strong>Num.</strong></span> <span class='ocrx_word' id='word_1_422' title='bbox 2784 2880 2871 2935; x_wconf 89' lang='lat'><strong>70.</strong></span> <span class='ocrx_word' id='word_1_423' title='bbox 2900 2880 3064 2948; x_wconf 85' lang='lat' dir='ltr'><strong>Quam</strong></span> <span class='ocrx_word' id='word_1_424' title='bbox 3095 2879 3311 2950; x_wconf 71' lang='lat' dir='ltr'><strong>pulchra</strong></span> <span class='ocrx_word' id='word_1_425' title='bbox 3338 2898 3409 2947; x_wconf 81' lang='lat' dir='ltr'><strong>es,</strong></span> <span class='ocrx_word' id='word_1_426' title='bbox 3433 2882 3604 2936; x_wconf 75' lang='lat' dir='ltr'><strong>antica</strong></span> <span class='ocrx_word' id='word_1_427' title='bbox 3634 2901 3771 2938; x_wconf 78' lang='lat' dir='ltr'><strong>mea.</strong></span> 
     </span>
    </p>
   </div>
   <div class='ocr_carea' id='block_1_60' title="bbox 2167 2971 3771 3048">
    <p class='ocr_par' dir='ltr' id='par_1_60' title="bbox 2167 2971 3771 3048">
     <span class='ocr_line' id='line_1_60' title="bbox 2167 2971 3771 3048; baseline 0.004 -23"><span class='ocrx_word' id='word_1_428' title='bbox 2167 2971 2438 3041; x_wconf 82' lang='lat' dir='ltr'><strong>Repetitio</strong></span> <span class='ocrx_word' id='word_1_429' title='bbox 2466 2973 2735 3028; x_wconf 88' lang='lat' dir='ltr'><strong>sermonis</strong></span> <span class='ocrx_word' id='word_1_430' title='bbox 2757 2974 3097 3029; x_wconf 87' lang='lat' dir='ltr'><strong>commendat</strong></span> <span class='ocrx_word' id='word_1_431' title='bbox 3129 2975 3583 3044; x_wconf 64' lang='lat' dir='ltr'><strong>pulchritudtnem</strong></span> <span class='ocrx_word' id='word_1_432' title='bbox 3608 2994 3771 3048; x_wconf 87' lang='lat' dir='ltr'><strong>quam</strong></span> 
     </span>
    </p>
   </div>
   <div class='ocr_carea' id='block_1_61' title="bbox 2171 3064 3772 3136">
    <p class='ocr_par' dir='ltr' id='par_1_61' title="bbox 2171 3064 3772 3136">
     <span class='ocr_line' id='line_1_61' title="bbox 2171 3064 3772 3136; baseline 0.003 -17"><span class='ocrx_word' id='word_1_433' title='bbox 2171 3064 2382 3131; x_wconf 69' lang='lat' dir='ltr'><strong>laudnt;</strong></span> <span class='ocrx_word' id='word_1_434' title='bbox 2426 3064 2513 3120; x_wconf 79' lang='lat' dir='ltr'><strong>vel</strong></span> <span class='ocrx_word' id='word_1_435' title='bbox 2565 3080 2628 3118; x_wconf 88' lang='lat' dir='ltr'><strong>ea</strong></span> <span class='ocrx_word' id='word_1_436' title='bbox 2667 3073 2976 3120; x_wconf 76' lang='lat' dir='ltr'><strong>sanctorum</strong></span> <span class='ocrx_word' id='word_1_437' title='bbox 3026 3081 3220 3136; x_wconf 84' lang='lat' dir='ltr'><strong>genera</strong></span> <span class='ocrx_word' id='word_1_438' title='bbox 3270 3083 3387 3133; x_wconf 79' lang='lat' dir='ltr'><strong>ane</strong></span> <span class='ocrx_word' id='word_1_439' title='bbox 3436 3069 3539 3122; x_wconf 86' lang='lat' dir='ltr'><strong>sub</strong></span> <span class='ocrx_word' id='word_1_440' title='bbox 3592 3070 3772 3135; x_wconf 81' lang='lat' dir='ltr'><strong>specie</strong></span> 
     </span>
    </p>
   </div>
   <div class='ocr_carea' id='block_1_62' title="bbox 2167 3157 3773 3231">
    <p class='ocr_par' dir='ltr' id='par_1_62' title="bbox 2167 3157 3773 3231">
     <span class='ocr_line' id='line_1_62' title="bbox 2167 3157 3773 3231; baseline 0.001 -19"><span class='ocrx_word' id='word_1_441' title='bbox 2167 3157 2578 3213; x_wconf 84' lang='lat' dir='ltr'><strong>similitudinum</strong></span> <span class='ocrx_word' id='word_1_442' title='bbox 2606 3158 2933 3228; x_wconf 81' lang='lat' dir='ltr'><strong>intromittit,</strong></span> <span class='ocrx_word' id='word_1_443' title='bbox 2953 3160 3343 3214; x_wconf 86' lang='lat' dir='ltr'><strong>consideranda</strong></span> <span class='ocrx_word' id='word_1_444' title='bbox 3363 3171 3773 3231; x_wconf 68' lang='lat' dir='ltr'><strong>praemonstrat.</strong></span> 
     </span>
    </p>
   </div>
   <div class='ocr_carea' id='block_1_63' title="bbox 459 3232 2058 3326">
    <p class='ocr_par' dir='ltr' id='par_1_63' title="bbox 459 3232 2058 3305">
     <span class='ocr_line' id='line_1_63' title="bbox 459 3232 2058 3305; baseline 0.006 -19"><span class='ocrx_word' id='word_1_445' title='bbox 459 3233 715 3299; x_wconf 75' lang='lat' dir='ltr'><strong>ctissimi,</strong></span> <span class='ocrx_word' id='word_1_446' title='bbox 740 3232 829 3302; x_wconf 86' lang='lat' dir='ltr'><strong>qui</strong></span> <span class='ocrx_word' id='word_1_447' title='bbox 851 3240 1037 3288; x_wconf 90' lang='lat' dir='ltr'><strong>contra</strong></span> <span class='ocrx_word' id='word_1_448' title='bbox 1064 3233 1243 3288; x_wconf 89' lang='lat' dir='ltr'><strong>carnis</strong></span> <span class='ocrx_word' id='word_1_449' title='bbox 1269 3247 1379 3288; x_wconf 80' lang='lat' dir='ltr'><strong>sua:</strong></span> <span class='ocrx_word' id='word_1_450' title='bbox 1406 3236 1870 3305; x_wconf 82' lang='lat' dir='ltr'><strong>concupiscentias</strong></span> <span class='ocrx_word' id='word_1_451' title='bbox 1898 3254 2058 3295; x_wconf 87' lang='lat' dir='ltr'><strong>nove-</strong></span> 
     </span>
    </p>
   </div>
   <div class='ocr_carea' id='block_1_64' title="bbox 2172 3232 3771 3326">
    <p class='ocr_par' dir='ltr' id='par_1_64' title="bbox 2242 3250 3771 3326">
     <span class='ocr_line' id='line_1_64' title="bbox 2242 3250 3771 3326; baseline 0.005 -21"><span class='ocrx_word' id='word_1_452' title='bbox 2242 3251 2401 3307; x_wconf 81' lang='lat' dir='ltr'><strong>Nttm.</strong></span> <span class='ocrx_word' id='word_1_453' title='bbox 2434 3252 2525 3307; x_wconf 75' lang='lat' dir='ltr'><strong>7i.</strong></span> <span class='ocrx_word' id='word_1_454' title='bbox 2561 3250 2714 3307; x_wconf 88' lang='lat' dir='ltr'><strong>Oculi</strong></span> <span class='ocrx_word' id='word_1_455' title='bbox 2741 3253 3093 3307; x_wconf 85' lang='lat' dir='ltr'><strong>columbarum</strong></span> <span class='ocrx_word' id='word_1_456' title='bbox 3118 3254 3305 3324; x_wconf 77' lang='lat' dir='ltr'><strong>absque</strong></span> <span class='ocrx_word' id='word_1_457' title='bbox 3326 3273 3409 3309; x_wconf 87' lang='lat' dir='ltr'><strong>eo.</strong></span> <span class='ocrx_word' id='word_1_458' title='bbox 3441 3257 3771 3326; x_wconf 70' lang='lat' dir='ltr'><strong>Simplicitas</strong></span> 
     </span>
    </p>
   </div>
   <div class='ocr_carea' id='block_1_65' title="bbox 464 3324 2067 3397">
    <p class='ocr_par' dir='ltr' id='par_1_65' title="bbox 464 3324 2067 3397">
     <span class='ocr_line' id='line_1_65' title="bbox 464 3324 2067 3397; baseline 0.006 -20"><span class='ocrx_word' id='word_1_459' title='bbox 464 3333 598 3378; x_wconf 75' lang='lat' dir='ltr'><strong>runt</strong></span> <span class='ocrx_word' id='word_1_460' title='bbox 620 3338 951 3395; x_wconf 82' lang='lat' dir='ltr'><strong>repugnare;</strong></span> <span class='ocrx_word' id='word_1_461' title='bbox 980 3332 1036 3380; x_wconf 88' lang='lat' dir='ltr'><strong>ct</strong></span> <span class='ocrx_word' id='word_1_462' title='bbox 1064 3324 1153 3379; x_wconf 86' lang='lat' dir='ltr'><strong>ille</strong></span> <span class='ocrx_word' id='word_1_463' title='bbox 1182 3339 1367 3380; x_wconf 88' lang='lat' dir='ltr'><strong>ensem</strong></span> <span class='ocrx_word' id='word_1_464' title='bbox 1403 3342 1564 3397; x_wconf 83' lang='lat' dir='ltr'><strong>super</strong></span> <span class='ocrx_word' id='word_1_465' title='bbox 1590 3330 1762 3384; x_wconf 89' lang='lat' dir='ltr'><strong>femur</strong></span> <span class='ocrx_word' id='word_1_466' title='bbox 1785 3346 1938 3386; x_wconf 88' lang='lat' dir='ltr'><strong>suum</strong></span> <span class='ocrx_word' id='word_1_467' title='bbox 1964 3334 2067 3387; x_wconf 83' lang='lat' dir='ltr'><strong>uti-</strong></span> 
     </span>
    </p>
   </div>
   <div class='ocr_carea' id='block_1_66' title="bbox 469 3415 2065 3495">
    <p class='ocr_par' dir='ltr' id='par_1_66' title="bbox 469 3415 2065 3495">
     <span class='ocr_line' id='line_1_66' title="bbox 469 3415 2065 3495; baseline 0.007 -26"><span class='ocrx_word' id='word_1_468' title='bbox 469 3415 593 3470; x_wconf 86' lang='lat' dir='ltr'><strong>liter</strong></span> <span class='ocrx_word' id='word_1_469' title='bbox 620 3415 840 3485; x_wconf 74' lang='lat' dir='ltr'><strong>baiulat,</strong></span> <span class='ocrx_word' id='word_1_470' title='bbox 873 3416 962 3486; x_wconf 87' lang='lat' dir='ltr'><strong>qui</strong></span> <span class='ocrx_word' id='word_1_471' title='bbox 986 3416 1230 3472; x_wconf 86' lang='lat' dir='ltr'><strong>carnales</strong></span> <span class='ocrx_word' id='word_1_472' title='bbox 1260 3417 1434 3474; x_wconf 83' lang='lat' dir='ltr'><strong>ﬂuxus</strong></span> <span class='ocrx_word' id='word_1_473' title='bbox 1467 3429 1627 3489; x_wconf 86' lang='lat' dir='ltr'><strong>atque</strong></span> <span class='ocrx_word' id='word_1_474' title='bbox 1667 3421 1919 3479; x_wconf 91' lang='lat' dir='ltr'><strong>libidines</strong></span> <span class='ocrx_word' id='word_1_475' title='bbox 1957 3426 2065 3495; x_wconf 83' lang='lat' dir='ltr'><strong>spi-</strong></span> 
     </span>
    </p>
   </div>
   <div class='ocr_carea' id='block_1_67' title="bbox 468 3507 2063 3585">
    <p class='ocr_par' dir='ltr' id='par_1_67' title="bbox 468 3507 2063 3585">
     <span class='ocr_line' id='line_1_67' title="bbox 468 3507 2063 3585; baseline 0.01 -24"><span class='ocrx_word' id='word_1_476' title='bbox 468 3507 611 3561; x_wconf 85' lang='lat' dir='ltr'><strong>ritali</strong></span> <span class='ocrx_word' id='word_1_477' title='bbox 638 3508 757 3561; x_wconf 88' lang='lat' dir='ltr'><strong>cibo</strong></span> <span class='ocrx_word' id='word_1_478' title='bbox 794 3508 1105 3563; x_wconf 76' lang='lat' dir='ltr'><strong>mortiﬁcat.</strong></span> <span class='ocrx_word' id='word_1_479' title='bbox 1132 3508 1446 3581; x_wconf 87' lang='lat' dir='ltr'><strong>Quicunque</strong></span> <span class='ocrx_word' id='word_1_480' title='bbox 1477 3510 1641 3584; x_wconf 78' lang='lat' dir='ltr'><strong>igitur</strong></span> <span class='ocrx_word' id='word_1_481' title='bbox 1678 3514 1982 3585; x_wconf 67' lang='lat' dir='ltr'><strong>hujusmodi</strong></span> <span class='ocrx_word' id='word_1_482' title='bbox 2009 3518 2063 3577; x_wconf 84' lang='lat' dir='ltr'><strong>in</strong></span> 
     </span>
    </p>
   </div>
   <div class='ocr_carea' id='block_1_68' title="bbox 467 3591 2060 3679">
    <p class='ocr_par' dir='ltr' id='par_1_68' title="bbox 467 3591 2060 3679">
     <span class='ocr_line' id='line_1_68' title="bbox 467 3591 2060 3679; baseline 0.008 -25"><span class='ocrx_word' id='word_1_483' title='bbox 467 3591 708 3656; x_wconf 78' lang='lat' dir='ltr'><strong>Ecclesia</strong></span> <span class='ocrx_word' id='word_1_484' title='bbox 738 3604 1100 3671; x_wconf 82' lang='lat' dir='ltr'><strong>reperiuntur,</strong></span> <span class='ocrx_word' id='word_1_485' title='bbox 1136 3603 1191 3658; x_wconf 90' lang='lat' dir='ltr'><strong>hi</strong></span> <span class='ocrx_word' id='word_1_486' title='bbox 1219 3603 1385 3660; x_wconf 88' lang='lat' dir='ltr'><strong>fortes</strong></span> <span class='ocrx_word' id='word_1_487' title='bbox 1435 3621 1500 3661; x_wconf 84' lang='lat' dir='ltr'><strong>ex</strong></span> <span class='ocrx_word' id='word_1_488' title='bbox 1551 3608 1857 3667; x_wconf 88' lang='lat' dir='ltr'><strong>fortissimis</strong></span> <span class='ocrx_word' id='word_1_489' title='bbox 1877 3611 2060 3679; x_wconf 84' lang='lat' dir='ltr'><strong>Israel,</strong></span> 
     </span>
    </p>
   </div>
   <div class='ocr_carea' id='block_1_69' title="bbox 464 3694 1596 3763">
    <p class='ocr_par' dir='ltr' id='par_1_69' title="bbox 464 3694 1596 3763">
     <span class='ocr_line' id='line_1_69' title="bbox 464 3694 1596 3763; baseline 0.007 -16"><span class='ocrx_word' id='word_1_490' title='bbox 464 3694 881 3763; x_wconf 81' lang='lat' dir='ltr'><strong>contemplando</strong></span> <span class='ocrx_word' id='word_1_491' title='bbox 909 3694 1097 3761; x_wconf 85' lang='lat' dir='ltr'><strong>Deum,</strong></span> <span class='ocrx_word' id='word_1_492' title='bbox 1129 3710 1251 3752; x_wconf 87' lang='lat' dir='ltr'><strong>esse</strong></span> <span class='ocrx_word' id='word_1_493' title='bbox 1278 3708 1596 3756; x_wconf 89' lang='lat' dir='ltr'><strong>noscuntur.</strong></span> 
     </span>
    </p>
   </div>
   <div class='ocr_carea' id='block_1_70' title="bbox 540 3783 2060 3858">
    <p class='ocr_par' dir='ltr' id='par_1_70' title="bbox 540 3783 2060 3858">
     <span class='ocr_line' id='line_1_70' title="bbox 540 3783 2060 3858; baseline 0.01 -21"><span class='ocrx_word' id='word_1_494' title='bbox 540 3783 699 3839; x_wconf 86' lang='lat' dir='ltr'><strong>Num.</strong></span> <span class='ocrx_word' id='word_1_495' title='bbox 747 3783 837 3841; x_wconf 63' lang='lat'><strong>64.</strong></span> <span class='ocrx_word' id='word_1_496' title='bbox 891 3783 1173 3840; x_wconf 83' lang='lat' dir='ltr'><strong>Ferculum</strong></span> <span class='ocrx_word' id='word_1_497' title='bbox 1220 3788 1340 3858; x_wconf 78' lang='lat' dir='ltr'><strong>fecit</strong></span> <span class='ocrx_word' id='word_1_498' title='bbox 1387 3790 1483 3844; x_wconf 84' lang='lat' dir='ltr'><strong>sibi</strong></span> <span class='ocrx_word' id='word_1_499' title='bbox 1529 3808 1620 3845; x_wconf 82' lang='lat' dir='ltr'><strong>rea:</strong></span> <span class='ocrx_word' id='word_1_500' title='bbox 1656 3792 2060 3854; x_wconf 85' lang='lat' dir='ltr'><strong>Salomon.Ubi</strong></span> 
     </span>
    </p>
   </div>
   <div class='ocr_carea' id='block_1_71' title="bbox 464 3877 2063 3956">
    <p class='ocr_par' dir='ltr' id='par_1_71' title="bbox 464 3877 2063 3956">
     <span class='ocr_line' id='line_1_71' title="bbox 464 3877 2063 3956; baseline 0.008 -24"><span class='ocrx_word' id='word_1_501' title='bbox 464 3877 707 3934; x_wconf 84' lang='lat' dir='ltr'><strong>ciborum</strong></span> <span class='ocrx_word' id='word_1_502' title='bbox 723 3879 995 3934; x_wconf 49' lang='lat' dir='ltr'><strong>&#39;exhihitio</strong></span> <span class='ocrx_word' id='word_1_503' title='bbox 1015 3879 1290 3947; x_wconf 90' lang='lat' dir='ltr'><strong>scribitur,</strong></span> <span class='ocrx_word' id='word_1_504' title='bbox 1317 3880 1450 3936; x_wconf 81' lang='lat' dir='ltr'><strong>ﬁdes</strong></span> <span class='ocrx_word' id='word_1_505' title='bbox 1472 3882 1585 3939; x_wconf 87' lang='lat' dir='ltr'><strong>Illic</strong></span> <span class='ocrx_word' id='word_1_506' title='bbox 1606 3885 1938 3942; x_wconf 89' lang='lat' dir='ltr'><strong>credentium</strong></span> <span class='ocrx_word' id='word_1_507' title='bbox 1967 3903 2063 3956; x_wconf 90' lang='lat' dir='ltr'><strong>per</strong></span> 
     </span>
    </p>
   </div>
   <div class='ocr_carea' id='block_1_72' title="bbox 466 3968 2058 4041">
    <p class='ocr_par' dir='ltr' id='par_1_72' title="bbox 466 3968 2058 4041">
     <span class='ocr_line' id='line_1_72' title="bbox 466 3968 2058 4041; baseline 0.008 -18"><span class='ocrx_word' id='word_1_508' title='bbox 466 3985 629 4041; x_wconf 78' lang='lat' dir='ltr'><strong>quam</strong></span> <span class='ocrx_word' id='word_1_509' title='bbox 644 3968 898 4025; x_wconf 87' lang='lat' dir='ltr'><strong>Christus</strong></span> <span class='ocrx_word' id='word_1_510' title='bbox 917 3971 1228 4027; x_wconf 80' lang='lat' dir='ltr'><strong>advertitur.</strong></span> <span class='ocrx_word' id='word_1_511' title='bbox 1256 3973 1389 4027; x_wconf 80' lang='lat' dir='ltr'><strong>Nam</strong></span> <span class='ocrx_word' id='word_1_512' title='bbox 1411 3988 1533 4029; x_wconf 89' lang='lat' dir='ltr'><strong>cum</strong></span> <span class='ocrx_word' id='word_1_513' title='bbox 1560 3976 1815 4035; x_wconf 83' lang='lat' dir='ltr'><strong>Dominus</strong></span> <span class='ocrx_word' id='word_1_514' title='bbox 1841 3981 2058 4036; x_wconf 81' lang='lat' dir='ltr'><strong>mulieri</strong></span> 
     </span>
    </p>
   </div>
   <div class='ocr_carea' id='block_1_73' title="bbox 462 4062 2058 4141">
    <p class='ocr_par' dir='ltr' id='par_1_73' title="bbox 462 4062 2058 4141">
     <span class='ocr_line' id='line_1_73' title="bbox 462 4062 2058 4141; baseline 0.009 -25"><span class='ocrx_word' id='word_1_515' title='bbox 462 4063 817 4118; x_wconf 58' lang='lat' dir='ltr'><strong>Samaritana</strong></span> <span class='ocrx_word' id='word_1_516' title='bbox 844 4062 911 4118; x_wconf 89' lang='lat' dir='ltr'><strong>ad</strong></span> <span class='ocrx_word' id='word_1_517' title='bbox 942 4073 1159 4133; x_wconf 89' lang='lat' dir='ltr'><strong>puteum</strong></span> <span class='ocrx_word' id='word_1_518' title='bbox 1192 4065 1521 4135; x_wconf 87' lang='lat' dir='ltr'><strong>loqueretur,</strong></span> <span class='ocrx_word' id='word_1_519' title='bbox 1556 4076 1611 4122; x_wconf 91' lang='lat' dir='ltr'><strong>et</strong></span> <span class='ocrx_word' id='word_1_520' title='bbox 1637 4068 2058 4141; x_wconf 76' lang='lat' dir='ltr'><strong>illaregredietts</strong></span> 
     </span>
    </p>
   </div>
   <div class='ocr_carea' id='block_1_74' title="bbox 464 4155 2059 4222">
    <p class='ocr_par' dir='ltr' id='par_1_74' title="bbox 464 4155 2059 4222">
     <span class='ocr_line' id='line_1_74' title="bbox 464 4155 2059 4222; baseline 0.008 -13"><span class='ocrx_word' id='word_1_521' title='bbox 464 4155 804 4222; x_wconf 76' lang='lat' dir='ltr'><strong>maiestatem</strong></span> <span class='ocrx_word' id='word_1_522' title='bbox 848 4155 967 4222; x_wconf 84' lang='lat' dir='ltr'><strong>ejus</strong></span> <span class='ocrx_word' id='word_1_523' title='bbox 1004 4156 1221 4212; x_wconf 63' lang='lat' dir='ltr'><strong>caeteris</strong></span> <span class='ocrx_word' id='word_1_524' title='bbox 1250 4159 1304 4212; x_wconf 90' lang='lat' dir='ltr'><strong>in</strong></span> <span class='ocrx_word' id='word_1_525' title='bbox 1336 4157 1551 4213; x_wconf 83' lang='lat' dir='ltr'><strong>civitate</strong></span> <span class='ocrx_word' id='word_1_526' title='bbox 1595 4164 2059 4222; x_wconf 89' lang='lat' dir='ltr'><strong>commanentibus</strong></span> 
     </span>
    </p>
   </div>
   <div class='ocr_carea' id='block_1_75' title="bbox 466 4246 2058 4328">
    <p class='ocr_par' dir='ltr' id='par_1_75' title="bbox 466 4246 2058 4328">
     <span class='ocr_line' id='line_1_75' title="bbox 466 4246 2058 4328; baseline 0.01 -27"><span class='ocrx_word' id='word_1_527' title='bbox 466 4246 791 4315; x_wconf 81' lang='lat' dir='ltr'><strong>nuntiasset,</strong></span> <span class='ocrx_word' id='word_1_528' title='bbox 838 4248 1084 4317; x_wconf 80' lang='lat' dir='ltr'><strong>discipuli</strong></span> <span class='ocrx_word' id='word_1_529' title='bbox 1132 4249 1248 4319; x_wconf 87' lang='lat' dir='ltr'><strong>ejus</strong></span> <span class='ocrx_word' id='word_1_530' title='bbox 1293 4253 1737 4325; x_wconf 83' lang='lat' dir='ltr'><strong>supervenientes</strong></span> <span class='ocrx_word' id='word_1_531' title='bbox 1800 4258 2058 4328; x_wconf 79' lang='lat' dir='ltr'><strong>rogabant</strong></span> 
     </span>
    </p>
   </div>
   <div class='ocr_carea' id='block_1_76' title="bbox 463 4338 2056 4409">
    <p class='ocr_par' dir='ltr' id='par_1_76' title="bbox 463 4338 2056 4409">
     <span class='ocr_line' id='line_1_76' title="bbox 463 4338 2056 4409; baseline 0.008 -15"><span class='ocrx_word' id='word_1_532' title='bbox 463 4355 586 4394; x_wconf 83' lang='lat' dir='ltr'><strong>cum</strong></span> <span class='ocrx_word' id='word_1_533' title='bbox 617 4338 890 4395; x_wconf 85' lang='lat' dir='ltr'><strong>dicentes:</strong></span> <span class='ocrx_word' id='word_1_534' title='bbox 918 4338 1101 4409; x_wconf 83' lang='lat' dir='ltr'><strong>Rabbi,</strong></span> <span class='ocrx_word' id='word_1_535' title='bbox 1136 4343 1412 4402; x_wconf 86' lang='lat' dir='ltr'><strong>manduca.</strong></span> <span class='ocrx_word' id='word_1_536' title='bbox 1454 4341 1556 4400; x_wconf 78' lang='lat' dir='ltr'><strong>Ille</strong></span> <span class='ocrx_word' id='word_1_537' title='bbox 1585 4358 1758 4401; x_wconf 83' lang='lat' dir='ltr'><strong>autem</strong></span> <span class='ocrx_word' id='word_1_538' title='bbox 1785 4349 1915 4403; x_wconf 75' lang='lat' dir='ltr'><strong>dixit</strong></span> <span class='ocrx_word' id='word_1_539' title='bbox 1943 4352 2056 4406; x_wconf 88' lang='lat' dir='ltr'><strong>eis:</strong></span> 
     </span>
    </p>
   </div>
   <div class='ocr_carea' id='block_1_77' title="bbox 465 4430 2058 4511">
    <p class='ocr_par' dir='ltr' id='par_1_77' title="bbox 465 4430 2058 4511">
     <span class='ocr_line' id='line_1_77' title="bbox 465 4430 2058 4511; baseline 0.007 -26"><span class='ocrx_word' id='word_1_540' title='bbox 465 4430 577 4502; x_wconf 77' lang='lat' dir='ltr'><strong>Ego</strong></span> <span class='ocrx_word' id='word_1_541' title='bbox 598 4430 764 4484; x_wconf 88' lang='lat' dir='ltr'><strong>cibum</strong></span> <span class='ocrx_word' id='word_1_542' title='bbox 785 4430 946 4488; x_wconf 81' lang='lat' dir='ltr'><strong>habeo</strong></span> <span class='ocrx_word' id='word_1_543' title='bbox 968 4431 1282 4487; x_wconf 83' lang='lat' dir='ltr'><strong>manducare</strong></span> <span class='ocrx_word' id='word_1_544' title='bbox 1300 4449 1449 4504; x_wconf 83' lang='lat' dir='ltr'><strong>quem</strong></span> <span class='ocrx_word' id='word_1_545' title='bbox 1472 4450 1557 4490; x_wconf 77' lang='lat' dir='ltr'><strong>vos</strong></span> <span class='ocrx_word' id='word_1_546' title='bbox 1576 4438 1801 4494; x_wconf 84' lang='lat' dir='ltr'><strong>nescitis.</strong></span> <span class='ocrx_word' id='word_1_547' title='bbox 1818 4440 1880 4494; x_wconf 85' lang='lat' dir='ltr'><strong>Et</strong></span> <span class='ocrx_word' id='word_1_548' title='bbox 1901 4440 2058 4511; x_wconf 90' lang='lat' dir='ltr'><strong>paulo</strong></span> 
     </span>
    </p>
   </div>
   <div class='ocr_carea' id='block_1_78' title="bbox 463 4521 2049 4591">
    <p class='ocr_par' dir='ltr' id='par_1_78' title="bbox 463 4521 2049 4591">
     <span class='ocr_line' id='line_1_78' title="bbox 463 4521 2049 4591; baseline 0.009 -17"><span class='ocrx_word' id='word_1_549' title='bbox 463 4532 583 4591; x_wconf 84' lang='lat' dir='ltr'><strong>post</strong></span> <span class='ocrx_word' id='word_1_550' title='bbox 608 4539 623 4577; x_wconf 86' lang='lat'><strong>:</strong></span> <span class='ocrx_word' id='word_1_551' title='bbox 648 4538 711 4576; x_wconf 72' lang='lat' dir='ltr'><strong>ex</strong></span> <span class='ocrx_word' id='word_1_552' title='bbox 734 4522 937 4577; x_wconf 75' lang='lat' dir='ltr'><strong>civitate</strong></span> <span class='ocrx_word' id='word_1_553' title='bbox 963 4521 1055 4577; x_wconf 89' lang='lat' dir='ltr'><strong>illa</strong></span> <span class='ocrx_word' id='word_1_554' title='bbox 1078 4523 1226 4578; x_wconf 89' lang='lat' dir='ltr'><strong>multi</strong></span> <span class='ocrx_word' id='word_1_555' title='bbox 1250 4526 1579 4582; x_wconf 77' lang='lat' dir='ltr'><strong>crediderunt</strong></span> <span class='ocrx_word' id='word_1_556' title='bbox 1599 4529 1657 4583; x_wconf 88' lang='lat' dir='ltr'><strong>in</strong></span> <span class='ocrx_word' id='word_1_557' title='bbox 1675 4547 1791 4585; x_wconf 88' lang='lat' dir='ltr'><strong>eum</strong></span> <span class='ocrx_word' id='word_1_558' title='bbox 1819 4530 2049 4588; x_wconf 29' lang='lat' dir='ltr'><strong>Samaria</strong></span> 
     </span>
    </p>
   </div>
   <div class='ocr_carea' id='block_1_79' title="bbox 2172 3343 3772 3416">
    <p class='ocr_par' dir='ltr' id='par_1_79' title="bbox 2172 3343 3772 3416">
     <span class='ocr_line' id='line_1_79' title="bbox 2172 3343 3772 3416; baseline 0.004 -19"><span class='ocrx_word' id='word_1_559' title='bbox 2172 3343 2529 3409; x_wconf 77' lang='lat' dir='ltr'><strong>Spiritualium</strong></span> <span class='ocrx_word' id='word_1_560' title='bbox 2557 3344 2843 3413; x_wconf 84' lang='lat' dir='ltr'><strong>plurimum</strong></span> <span class='ocrx_word' id='word_1_561' title='bbox 2875 3348 3202 3413; x_wconf 83' lang='lat' dir='ltr'><strong>veneranda,</strong></span> <span class='ocrx_word' id='word_1_562' title='bbox 3236 3348 3359 3416; x_wconf 82' lang='lat' dir='ltr'><strong>quia</strong></span> <span class='ocrx_word' id='word_1_563' title='bbox 3380 3362 3444 3401; x_wconf 86' lang='lat' dir='ltr'><strong>se</strong></span> <span class='ocrx_word' id='word_1_564' title='bbox 3464 3364 3567 3403; x_wconf 89' lang='lat' dir='ltr'><strong>nec</strong></span> <span class='ocrx_word' id='word_1_565' title='bbox 3598 3350 3772 3404; x_wconf 71' lang='lat' dir='ltr'><strong>extol-</strong></span> 
     </span>
    </p>
   </div>
   <div class='ocr_carea' id='block_1_80' title="bbox 2171 3433 3771 3509">
    <p class='ocr_par' dir='ltr' id='par_1_80' title="bbox 2171 3433 3771 3509">
     <span class='ocr_line' id='line_1_80' title="bbox 2171 3433 3771 3509; baseline 0.005 -22"><span class='ocrx_word' id='word_1_566' title='bbox 2171 3433 2282 3489; x_wconf 91' lang='lat' dir='ltr'><strong>Ierc</strong></span> <span class='ocrx_word' id='word_1_567' title='bbox 2313 3446 2604 3501; x_wconf 87' lang='lat' dir='ltr'><strong>noverunt,</strong></span> <span class='ocrx_word' id='word_1_568' title='bbox 2641 3446 2695 3490; x_wconf 88' lang='lat' dir='ltr'><strong>et</strong></span> <span class='ocrx_word' id='word_1_569' title='bbox 2725 3438 2938 3490; x_wconf 88' lang='lat' dir='ltr'><strong>conscia</strong></span> <span class='ocrx_word' id='word_1_570' title='bbox 2981 3438 3212 3507; x_wconf 89' lang='lat' dir='ltr'><strong>puritate</strong></span> <span class='ocrx_word' id='word_1_571' title='bbox 3242 3438 3414 3508; x_wconf 82' lang='lat' dir='ltr'><strong>magis</strong></span> <span class='ocrx_word' id='word_1_572' title='bbox 3447 3440 3561 3494; x_wconf 83' lang='lat' dir='ltr'><strong>Deo</strong></span> <span class='ocrx_word' id='word_1_573' title='bbox 3607 3457 3771 3509; x_wconf 90' lang='lat' dir='ltr'><strong>quam</strong></span> 
     </span>
    </p>
   </div>
   <div class='ocr_carea' id='block_1_81' title="bbox 2176 3526 3110 3597">
    <p class='ocr_par' dir='ltr' id='par_1_81' title="bbox 2176 3526 3110 3597">
     <span class='ocr_line' id='line_1_81' title="bbox 2176 3526 3110 3597; baseline 0.005 -17"><span class='ocrx_word' id='word_1_574' title='bbox 2176 3526 2486 3582; x_wconf 87' lang='lat' dir='ltr'><strong>hominibus</strong></span> <span class='ocrx_word' id='word_1_575' title='bbox 2518 3528 2730 3597; x_wconf 88' lang='lat' dir='ltr'><strong>placere</strong></span> <span class='ocrx_word' id='word_1_576' title='bbox 2757 3530 3110 3585; x_wconf 87' lang='lat' dir='ltr'><strong>contendunt.</strong></span> 
     </span>
    </p>
   </div>
   <div class='ocr_carea' id='block_1_82' title="bbox 2241 3618 3771 3695">
    <p class='ocr_par' dir='ltr' id='par_1_82' title="bbox 2241 3618 3771 3695">
     <span class='ocr_line' id='line_1_82' title="bbox 2241 3618 3771 3695; baseline 0.007 -23"><span class='ocrx_word' id='word_1_577' title='bbox 2241 3618 2398 3673; x_wconf 76' lang='lat' dir='ltr'><strong>Num.</strong></span> <span class='ocrx_word' id='word_1_578' title='bbox 2423 3620 2516 3673; x_wconf 68' lang='lat'><strong>72.</strong></span> <span class='ocrx_word' id='word_1_579' title='bbox 2546 3618 2735 3690; x_wconf 80' lang='lat' dir='ltr'><strong>Capilli</strong></span> <span class='ocrx_word' id='word_1_580' title='bbox 2766 3624 2839 3675; x_wconf 86' lang='lat' dir='ltr'><strong>lui</strong></span> <span class='ocrx_word' id='word_1_581' title='bbox 2878 3624 3007 3676; x_wconf 87' lang='lat' dir='ltr'><strong>sicut</strong></span> <span class='ocrx_word' id='word_1_582' title='bbox 3048 3638 3226 3694; x_wconf 84' lang='lat' dir='ltr'><strong>greges</strong></span> <span class='ocrx_word' id='word_1_583' title='bbox 3269 3640 3570 3695; x_wconf 79' lang='lat' dir='ltr'><strong>caprarum.</strong></span> <span class='ocrx_word' id='word_1_584' title='bbox 3602 3626 3771 3682; x_wconf 79' lang='lat' dir='ltr'><strong>Docet</strong></span> 
     </span>
    </p>
   </div>
   <div class='ocr_carea' id='block_1_83' title="bbox 2170 3710 3769 3785">
    <p class='ocr_par' dir='ltr' id='par_1_83' title="bbox 2170 3710 3769 3785">
     <span class='ocr_line' id='line_1_83' title="bbox 2170 3710 3769 3785; baseline 0.005 -19"><span class='ocrx_word' id='word_1_585' title='bbox 2170 3710 2465 3781; x_wconf 82' lang='lat' dir='ltr'><strong>Apostolus</strong></span> <span class='ocrx_word' id='word_1_586' title='bbox 2507 3713 2717 3767; x_wconf 90' lang='lat' dir='ltr'><strong>mulieri</strong></span> <span class='ocrx_word' id='word_1_587' title='bbox 2756 3714 2980 3783; x_wconf 86' lang='lat' dir='ltr'><strong>capillos</strong></span> <span class='ocrx_word' id='word_1_588' title='bbox 3036 3731 3133 3785; x_wconf 91' lang='lat' dir='ltr'><strong>pro</strong></span> <span class='ocrx_word' id='word_1_589' title='bbox 3176 3730 3499 3773; x_wconf 80' lang='lat' dir='ltr'><strong>ornamento</strong></span> <span class='ocrx_word' id='word_1_590' title='bbox 3528 3720 3690 3774; x_wconf 80' lang='lat' dir='ltr'><strong>datos</strong></span> <span class='ocrx_word' id='word_1_591' title='bbox 3717 3719 3769 3784; x_wconf 81' lang='grc' dir='ltr'><strong><em>(Ι</em></strong></span> 
     </span>
    </p>
   </div>
   <div class='ocr_carea' id='block_1_84' title="bbox 2167 3801 3769 3877">
    <p class='ocr_par' dir='ltr' id='par_1_84' title="bbox 2167 3801 3769 3877">
     <span class='ocr_line' id='line_1_84' title="bbox 2167 3801 3769 3877; baseline 0.002 -20"><span class='ocrx_word' id='word_1_592' title='bbox 2167 3801 2288 3857; x_wconf 86' lang='lat' dir='ltr'><strong>Cor.</strong></span> <span class='ocrx_word' id='word_1_593' title='bbox 2331 3807 2444 3872; x_wconf 82' lang='lat' dir='ltr'><strong>xi);</strong></span> <span class='ocrx_word' id='word_1_594' title='bbox 2489 3811 2543 3857; x_wconf 91' lang='lat' dir='ltr'><strong>et</strong></span> <span class='ocrx_word' id='word_1_595' title='bbox 2577 3801 2777 3859; x_wconf 78' lang='lat' dir='ltr'><strong>idcirco</strong></span> <span class='ocrx_word' id='word_1_596' title='bbox 2833 3805 3072 3862; x_wconf 85' lang='lat' dir='ltr'><strong>Ecclesia</strong></span> <span class='ocrx_word' id='word_1_597' title='bbox 3108 3806 3227 3863; x_wconf 72' lang='lat' dir='ltr'><strong>illos</strong></span> <span class='ocrx_word' id='word_1_598' title='bbox 3257 3809 3484 3877; x_wconf 87' lang='lat' dir='ltr'><strong>populos</strong></span> <span class='ocrx_word' id='word_1_599' title='bbox 3526 3810 3581 3863; x_wconf 90' lang='lat' dir='ltr'><strong>in</strong></span> <span class='ocrx_word' id='word_1_600' title='bbox 3612 3826 3769 3863; x_wconf 79' lang='lat' dir='ltr'><strong>orna-</strong></span> 
     </span>
    </p>
   </div>
   <div class='ocr_carea' id='block_1_85' title="bbox 2172 3895 3768 3973">
    <p class='ocr_par' dir='ltr' id='par_1_85' title="bbox 2172 3895 3768 3973">
     <span class='ocr_line' id='line_1_85' title="bbox 2172 3895 3768 3973; baseline 0.006 -25"><span class='ocrx_word' id='word_1_601' title='bbox 2172 3901 2354 3949; x_wconf 82' lang='lat' dir='ltr'><strong>mento</strong></span> <span class='ocrx_word' id='word_1_602' title='bbox 2396 3908 2553 3973; x_wconf 80' lang='lat' dir='ltr'><strong>quam</strong></span> <span class='ocrx_word' id='word_1_603' title='bbox 2590 3895 2824 3951; x_wconf 83' lang='lat' dir='ltr'><strong>maxime</strong></span> <span class='ocrx_word' id='word_1_604' title='bbox 2863 3896 3051 3968; x_wconf 87' lang='lat' dir='ltr'><strong>habet,</strong></span> <span class='ocrx_word' id='word_1_605' title='bbox 3095 3899 3183 3968; x_wconf 89' lang='lat' dir='ltr'><strong>qui</strong></span> <span class='ocrx_word' id='word_1_606' title='bbox 3227 3914 3291 3954; x_wconf 86' lang='lat' dir='ltr'><strong>ex</strong></span> <span class='ocrx_word' id='word_1_607' title='bbox 3343 3901 3768 3957; x_wconf 85' lang='lat' dir='ltr'><strong>circumcisione</strong></span> 
     </span>
    </p>
   </div>
   <div class='ocr_carea' id='block_1_86' title="bbox 2169 3986 3765 4062">
    <p class='ocr_par' dir='ltr' id='par_1_86' title="bbox 2169 3986 3765 4062">
     <span class='ocr_line' id='line_1_86' title="bbox 2169 3986 3765 4062; baseline 0.004 -21"><span class='ocrx_word' id='word_1_608' title='bbox 2169 3986 2439 4057; x_wconf 72' lang='lat' dir='ltr'><strong>primitias</strong></span> <span class='ocrx_word' id='word_1_609' title='bbox 2462 3986 2829 4054; x_wconf 80' lang='lat' dir='ltr'><strong>crediderunt,</strong></span> <span class='ocrx_word' id='word_1_610' title='bbox 2861 3988 2953 4058; x_wconf 90' lang='lat' dir='ltr'><strong>qui</strong></span> <span class='ocrx_word' id='word_1_611' title='bbox 2985 3991 3217 4044; x_wconf 65' lang='lat' dir='ltr'><strong>vendatis</strong></span> <span class='ocrx_word' id='word_1_612' title='bbox 3259 4000 3314 4046; x_wconf 87' lang='lat' dir='ltr'><strong>et</strong></span> <span class='ocrx_word' id='word_1_613' title='bbox 3357 3991 3413 4045; x_wconf 86' lang='lat' dir='ltr'><strong>in</strong></span> <span class='ocrx_word' id='word_1_614' title='bbox 3451 4006 3610 4047; x_wconf 84' lang='lat' dir='ltr'><strong>usum</strong></span> <span class='ocrx_word' id='word_1_615' title='bbox 3644 4008 3765 4062; x_wconf 81' lang='lat' dir='ltr'><strong>pau-</strong></span> 
     </span>
    </p>
   </div>
   <div class='ocr_carea' id='block_1_87' title="bbox 2165 4077 3764 4148">
    <p class='ocr_par' dir='ltr' id='par_1_87' title="bbox 2165 4077 3764 4148">
     <span class='ocr_line' id='line_1_87' title="bbox 2165 4077 3764 4148; baseline 0.004 -17"><span class='ocrx_word' id='word_1_616' title='bbox 2165 4092 2349 4144; x_wconf 81' lang='lat' dir='ltr'><strong>perum</strong></span> <span class='ocrx_word' id='word_1_617' title='bbox 2375 4077 2678 4148; x_wconf 75' lang='lat' dir='ltr'><strong>prorogatis</strong></span> <span class='ocrx_word' id='word_1_618' title='bbox 2702 4078 3046 4136; x_wconf 82' lang='lat' dir='ltr'><strong>facultatibus</strong></span> <span class='ocrx_word' id='word_1_619' title='bbox 3066 4082 3179 4136; x_wconf 84' lang='lat' dir='ltr'><strong>suis</strong></span> <span class='ocrx_word' id='word_1_620' title='bbox 3207 4082 3463 4137; x_wconf 73' lang='lat' dir='ltr'><strong>habebant</strong></span> <span class='ocrx_word' id='word_1_621' title='bbox 3484 4100 3579 4137; x_wconf 85' lang='lat' dir='ltr'><strong>cor</strong></span> <span class='ocrx_word' id='word_1_622' title='bbox 3602 4101 3764 4137; x_wconf 70' lang='lat' dir='ltr'><strong>etiam</strong></span> 
     </span>
    </p>
   </div>
   <div class='ocr_carea' id='block_1_88' title="bbox 2162 4169 3765 4243">
    <p class='ocr_par' dir='ltr' id='par_1_88' title="bbox 2162 4169 3765 4243">
     <span class='ocr_line' id='line_1_88' title="bbox 2162 4169 3765 4243; baseline 0.005 -20"><span class='ocrx_word' id='word_1_623' title='bbox 2162 4178 2207 4223; x_wconf 89' lang='lat' dir='ltr'><strong>et</strong></span> <span class='ocrx_word' id='word_1_624' title='bbox 2250 4171 2481 4224; x_wconf 85' lang='lat' dir='ltr'><strong>animam</strong></span> <span class='ocrx_word' id='word_1_625' title='bbox 2514 4187 2669 4224; x_wconf 87' lang='lat' dir='ltr'><strong>unam</strong></span> <span class='ocrx_word' id='word_1_626' title='bbox 2692 4169 2831 4243; x_wconf 80' lang='lat' dir='ltr'><strong>(Act.</strong></span> <span class='ocrx_word' id='word_1_627' title='bbox 2868 4174 2969 4243; x_wconf 80' lang='lat' dir='ltr'><strong>tv).</strong></span> <span class='ocrx_word' id='word_1_628' title='bbox 3014 4171 3085 4226; x_wconf 82' lang='lat' dir='ltr'><strong>lli</strong></span> <span class='ocrx_word' id='word_1_629' title='bbox 3112 4175 3450 4229; x_wconf 78' lang='lat' dir='ltr'><strong>ascenderunt</strong></span> <span class='ocrx_word' id='word_1_630' title='bbox 3488 4176 3558 4231; x_wconf 81' lang='lat' dir='ltr'><strong>de</strong></span> <span class='ocrx_word' id='word_1_631' title='bbox 3598 4190 3765 4231; x_wconf 75' lang='lat' dir='ltr'><strong>monte</strong></span> 
     </span>
    </p>
   </div>
   <div class='ocr_carea' id='block_1_89' title="bbox 2164 4259 3762 4334">
    <p class='ocr_par' dir='ltr' id='par_1_89' title="bbox 2164 4259 3762 4334">
     <span class='ocr_line' id='line_1_89' title="bbox 2164 4259 3762 4334; baseline 0.006 -20"><span class='ocrx_word' id='word_1_632' title='bbox 2164 4259 2366 4315; x_wconf 76' lang='lat' dir='ltr'><strong>(.‘alaad</strong></span> <span class='ocrx_word' id='word_1_633' title='bbox 2387 4278 2405 4316; x_wconf 92' lang='lat'><em>:</em></span> <span class='ocrx_word' id='word_1_634' title='bbox 2428 4261 2626 4317; x_wconf 85' lang='lat' dir='ltr'><strong>Galaad</strong></span> <span class='ocrx_word' id='word_1_635' title='bbox 2655 4264 3055 4333; x_wconf 83' lang='lat' dir='ltr'><strong>interpretatur,</strong></span> <span class='ocrx_word' id='word_1_636' title='bbox 3087 4280 3312 4322; x_wconf 85' lang='lat' dir='ltr'><strong>acervus</strong></span> <span class='ocrx_word' id='word_1_637' title='bbox 3353 4269 3676 4334; x_wconf 84' lang='lat' dir='ltr'><strong>testimonii,</strong></span> <span class='ocrx_word' id='word_1_638' title='bbox 3701 4286 3762 4323; x_wconf 82' lang='lat' dir='ltr'><strong>ac</strong></span> 
     </span>
    </p>
   </div>
   <div class='ocr_carea' id='block_1_90' title="bbox 2161 4355 3761 4429">
    <p class='ocr_par' dir='ltr' id='par_1_90' title="bbox 2161 4355 3761 4429">
     <span class='ocr_line' id='line_1_90' title="bbox 2161 4355 3761 4429; baseline 0.004 -18"><span class='ocrx_word' id='word_1_639' title='bbox 2161 4355 2206 4411; x_wconf 87' lang='lat' dir='ltr'><strong>si</strong></span> <span class='ocrx_word' id='word_1_640' title='bbox 2234 4370 2514 4423; x_wconf 86' lang='lat' dir='ltr'><strong>ascensus,</strong></span> <span class='ocrx_word' id='word_1_641' title='bbox 2566 4356 2617 4411; x_wconf 91' lang='lat' dir='ltr'><strong>id</strong></span> <span class='ocrx_word' id='word_1_642' title='bbox 2648 4367 2730 4412; x_wconf 89' lang='lat' dir='ltr'><strong>est</strong></span> <span class='ocrx_word' id='word_1_643' title='bbox 2758 4356 3029 4426; x_wconf 80' lang='lat' dir='ltr'><strong>prolectus</strong></span> <span class='ocrx_word' id='word_1_644' title='bbox 3055 4375 3240 4413; x_wconf 70' lang='lat' dir='ltr'><strong>eorum</strong></span> <span class='ocrx_word' id='word_1_645' title='bbox 3271 4362 3535 4429; x_wconf 74' lang='lat' dir='ltr'><strong>processit</strong></span> <span class='ocrx_word' id='word_1_646' title='bbox 3579 4361 3648 4417; x_wconf 90' lang='lat' dir='ltr'><strong>de</strong></span> <span class='ocrx_word' id='word_1_647' title='bbox 3687 4373 3761 4418; x_wconf 89' lang='lat' dir='ltr'><strong>te-</strong></span> 
     </span>
    </p>
   </div>
   <div class='ocr_carea' id='block_1_91' title="bbox 2160 4448 3759 4521">
    <p class='ocr_par' dir='ltr' id='par_1_91' title="bbox 2160 4448 3759 4521">
     <span class='ocr_line' id='line_1_91' title="bbox 2160 4448 3759 4521; baseline 0.004 -18"><span class='ocrx_word' id='word_1_648' title='bbox 2160 4448 2427 4504; x_wconf 74' lang='lat' dir='ltr'><strong>Stimoniis</strong></span> <span class='ocrx_word' id='word_1_649' title='bbox 2446 4459 2753 4506; x_wconf 85' lang='lat' dir='ltr'><strong>sanctarum</strong></span> <span class='ocrx_word' id='word_1_650' title='bbox 2771 4452 3187 4521; x_wconf 45' lang='lat' dir='ltr'><strong>Scripturarnm,</strong></span> <span class='ocrx_word' id='word_1_651' title='bbox 3208 4469 3330 4508; x_wconf 86' lang='lat' dir='ltr'><strong>cum</strong></span> <span class='ocrx_word' id='word_1_652' title='bbox 3355 4454 3464 4509; x_wconf 92' lang='lat' dir='ltr'><strong>illic</strong></span> <span class='ocrx_word' id='word_1_653' title='bbox 3483 4455 3759 4510; x_wconf 79' lang='lat' dir='ltr'><strong>Christum</strong></span> 
     </span>
    </p>
   </div>
   <div class='ocr_carea' id='block_1_92' title="bbox 2161 4538 3435 4615">
    <p class='ocr_par' dir='ltr' id='par_1_92' title="bbox 2161 4538 3435 4615">
     <span class='ocr_line' id='line_1_92' title="bbox 2161 4538 3435 4615; baseline 0.007 -21"><span class='ocrx_word' id='word_1_654' title='bbox 2161 4538 2545 4599; x_wconf 89' lang='lat' dir='ltr'><strong>intellexerunt</strong></span> <span class='ocrx_word' id='word_1_655' title='bbox 2571 4543 2623 4598; x_wconf 89' lang='lat' dir='ltr'><strong>in</strong></span> <span class='ocrx_word' id='word_1_656' title='bbox 2655 4560 2812 4614; x_wconf 90' lang='lat' dir='ltr'><strong>quem</strong></span> <span class='ocrx_word' id='word_1_657' title='bbox 2852 4556 3038 4615; x_wconf 84' lang='lat' dir='ltr'><strong>postea</strong></span> <span class='ocrx_word' id='word_1_658' title='bbox 3065 4546 3435 4603; x_wconf 87' lang='lat' dir='ltr'><strong>crediderunt.</strong></span> 
     </span>
    </p>
   </div>
   <div class='ocr_carea' id='block_1_93' title="bbox 463 4602 3759 4710">
    <p class='ocr_par' dir='ltr' id='par_1_93' title="bbox 463 4602 3759 4710">
     <span class='ocr_line' id='line_1_93' title="bbox 463 4602 3759 4710; baseline 0.008 -40"><span class='ocrx_word' id='word_1_659' title='bbox 463 4629 701 4710; x_wconf 64' lang='lat' dir='ltr'><strong>lanarum</strong></span> <span class='ocrx_word' id='word_1_660' title='bbox 727 4602 1264 4710; x_wconf 37' lang='grc' dir='ltr'><strong>(Ιοαηο-Ινξηςπιίξη</strong></span> <span class='ocrx_word' id='word_1_661' title='bbox 1292 4616 1665 4710; x_wconf 70' lang='lat' dir='ltr'><strong>tidem,cibum</strong></span> <span class='ocrx_word' id='word_1_662' title='bbox 1690 4622 1792 4677; x_wconf 63' lang='lat' dir='ltr'><strong>Silii</strong></span> <span class='ocrx_word' id='word_1_663' title='bbox 1822 4623 2051 4679; x_wconf 59' lang='lat' dir='ltr'><strong>[Ultimm</strong></span> <span class='ocrx_word' id='word_1_664' title='bbox 2084 4625 2134 4686; x_wconf 81' lang='grc' dir='ltr'><strong>Ι)</strong></span> <span class='ocrx_word' id='word_1_665' title='bbox 2234 4634 2397 4691; x_wconf 86' lang='lat' dir='ltr'><strong>Num.</strong></span> <span class='ocrx_word' id='word_1_666' title='bbox 2425 4636 2516 4692; x_wconf 82' lang='grc'><strong>75.</strong></span> <span class='ocrx_word' id='word_1_667' title='bbox 2554 4602 2737 4692; x_wconf 62' lang='lat' dir='ltr'><strong>Denics</strong></span> <span class='ocrx_word' id='word_1_668' title='bbox 2767 4639 2842 4692; x_wconf 88' lang='lat' dir='ltr'><strong>tui</strong></span> <span class='ocrx_word' id='word_1_669' title='bbox 2854 4602 2998 4692; x_wconf 49' lang='lat' dir='ltr'><strong>&#39;sicut</strong></span> <span class='ocrx_word' id='word_1_670' title='bbox 3026 4655 3201 4710; x_wconf 80' lang='lat' dir='ltr'><strong>greges</strong></span> <span class='ocrx_word' id='word_1_671' title='bbox 3232 4602 3586 4696; x_wconf 82' lang='lat' dir='ltr'><strong>detonsarum.</strong></span> <span class='ocrx_word' id='word_1_672' title='bbox 3618 4642 3759 4698; x_wconf 59' lang='lat' dir='ltr'><strong>Dem</strong></span> 
     </span>
    </p>
   </div>
   <div class='ocr_carea' id='block_1_94' title="bbox 462 4706 2053 4786">
    <p class='ocr_par' dir='ltr' id='par_1_94' title="bbox 462 4706 2053 4786">
     <span class='ocr_line' id='line_1_94' title="bbox 462 4706 2053 4786; baseline 0.006 -25"><span class='ocrx_word' id='word_1_673' title='bbox 462 4707 723 4770; x_wconf 86' lang='lat' dir='ltr'><strong>ostendit,</strong></span> <span class='ocrx_word' id='word_1_674' title='bbox 756 4706 970 4776; x_wconf 84' lang='lat' dir='ltr'><strong>quando</strong></span> <span class='ocrx_word' id='word_1_675' title='bbox 999 4707 1275 4776; x_wconf 87' lang='lat' dir='ltr'><strong>discipulis</strong></span> <span class='ocrx_word' id='word_1_676' title='bbox 1306 4707 1408 4764; x_wconf 85' lang='lat' dir='ltr'><strong>hoc</strong></span> <span class='ocrx_word' id='word_1_677' title='bbox 1438 4723 1497 4765; x_wconf 88' lang='lat' dir='ltr'><strong>se</strong></span> <span class='ocrx_word' id='word_1_678' title='bbox 1520 4722 1881 4770; x_wconf 89' lang='lat' dir='ltr'><strong>comcstttrum</strong></span> <span class='ocrx_word' id='word_1_679' title='bbox 1912 4716 2053 4786; x_wconf 91' lang='lat' dir='ltr'><strong>quod</strong></span> 
     </span>
    </p>
   </div>
   <div class='ocr_carea' id='block_1_95' title="bbox 461 4796 2050 4876">
    <p class='ocr_par' dir='ltr' id='par_1_95' title="bbox 461 4796 2050 4876">
     <span class='ocr_line' id='line_1_95' title="bbox 461 4796 2050 4876; baseline 0.008 -25"><span class='ocrx_word' id='word_1_680' title='bbox 461 4798 536 4851; x_wconf 87' lang='lat' dir='ltr'><strong>illi</strong></span> <span class='ocrx_word' id='word_1_681' title='bbox 586 4796 875 4862; x_wconf 88' lang='lat' dir='ltr'><strong>nescirent,</strong></span> <span class='ocrx_word' id='word_1_682' title='bbox 908 4798 1063 4865; x_wconf 75' lang='lat' dir='ltr'><strong>paulo</strong></span> <span class='ocrx_word' id='word_1_683' title='bbox 1104 4808 1227 4854; x_wconf 89' lang='lat' dir='ltr'><strong>ante</strong></span> <span class='ocrx_word' id='word_1_684' title='bbox 1260 4800 1529 4868; x_wconf 65' lang='lat' dir='ltr'><strong>praedixit.</strong></span> <span class='ocrx_word' id='word_1_685' title='bbox 1559 4802 1665 4858; x_wconf 89' lang='lat' dir='ltr'><strong>Sed</strong></span> <span class='ocrx_word' id='word_1_686' title='bbox 1698 4805 1749 4858; x_wconf 91' lang='lat' dir='ltr'><strong>in</strong></span> <span class='ocrx_word' id='word_1_687' title='bbox 1780 4804 1884 4862; x_wconf 90' lang='lat' dir='ltr'><strong>hoc</strong></span> <span class='ocrx_word' id='word_1_688' title='bbox 1911 4808 2050 4876; x_wconf 92' lang='lat' dir='ltr'><strong>loco,</strong></span> 
     </span>
    </p>
   </div>
   <div class='ocr_carea' id='block_1_96' title="bbox 462 4888 2055 4965">
    <p class='ocr_par' dir='ltr' id='par_1_96' title="bbox 462 4888 2055 4965">
     <span class='ocr_line' id='line_1_96' title="bbox 462 4888 2055 4965; baseline 0.009 -26"><span class='ocrx_word' id='word_1_689' title='bbox 462 4895 522 4940; x_wconf 89' lang='lat' dir='ltr'><strong>nt</strong></span> <span class='ocrx_word' id='word_1_690' title='bbox 553 4890 833 4956; x_wconf 73' lang='lat' dir='ltr'><strong>sequentia</strong></span> <span class='ocrx_word' id='word_1_691' title='bbox 873 4888 1090 4955; x_wconf 88' lang='lat' dir='ltr'><strong>docent,</strong></span> <span class='ocrx_word' id='word_1_692' title='bbox 1145 4905 1342 4945; x_wconf 87' lang='lat' dir='ltr'><strong>nomen</strong></span> <span class='ocrx_word' id='word_1_693' title='bbox 1386 4891 1593 4956; x_wconf 75' lang='lat' dir='ltr'><strong>fercuii,</strong></span> <span class='ocrx_word' id='word_1_694' title='bbox 1650 4896 1819 4965; x_wconf 83' lang='lat' dir='ltr'><strong>magis</strong></span> <span class='ocrx_word' id='word_1_695' title='bbox 1863 4896 2055 4953; x_wconf 83' lang='lat' dir='ltr'><strong>inStru-</strong></span> 
     </span>
    </p>
   </div>
   <div class='ocr_carea' id='block_1_97' title="bbox 461 4983 2051 5053">
    <p class='ocr_par' dir='ltr' id='par_1_97' title="bbox 461 4983 2051 5053">
     <span class='ocr_line' id='line_1_97' title="bbox 461 4983 2051 5053; baseline 0.007 -18"><span class='ocrx_word' id='word_1_696' title='bbox 461 4993 698 5037; x_wconf 77' lang='lat' dir='ltr'><strong>utentum</strong></span> <span class='ocrx_word' id='word_1_697' title='bbox 733 4983 785 5036; x_wconf 90' lang='lat' dir='ltr'><strong>in</strong></span> <span class='ocrx_word' id='word_1_698' title='bbox 808 4997 913 5051; x_wconf 86' lang='lat' dir='ltr'><strong>quo</strong></span> <span class='ocrx_word' id='word_1_699' title='bbox 939 4983 1136 5050; x_wconf 87' lang='lat' dir='ltr'><strong>aliquid</strong></span> <span class='ocrx_word' id='word_1_700' title='bbox 1167 4984 1459 5050; x_wconf 89' lang='lat' dir='ltr'><strong>deferatur,</strong></span> <span class='ocrx_word' id='word_1_701' title='bbox 1491 4986 1600 5053; x_wconf 86' lang='lat' dir='ltr'><strong>vel,</strong></span> <span class='ocrx_word' id='word_1_702' title='bbox 1633 4988 1775 5043; x_wconf 86' lang='lat' dir='ltr'><strong>sicut</strong></span> <span class='ocrx_word' id='word_1_703' title='bbox 1801 4989 1901 5045; x_wconf 89' lang='lat' dir='ltr'><strong>alia</strong></span> <span class='ocrx_word' id='word_1_704' title='bbox 1933 4993 2051 5046; x_wconf 87' lang='lat' dir='ltr'><strong>edi-</strong></span> 
     </span>
    </p>
   </div>
   <div class='ocr_carea' id='block_1_98' title="bbox 460 5074 2049 5149">
    <p class='ocr_par' dir='ltr' id='par_1_98' title="bbox 460 5074 2049 5149">
     <span class='ocr_line' id='line_1_98' title="bbox 460 5074 2049 5149; baseline 0.008 -22"><span class='ocrx_word' id='word_1_705' title='bbox 460 5077 537 5127; x_wconf 87' lang='lat' dir='ltr'><strong>tio</strong></span> <span class='ocrx_word' id='word_1_706' title='bbox 568 5074 747 5145; x_wconf 76' lang='lat' dir='ltr'><strong>Iutbet,</strong></span> <span class='ocrx_word' id='word_1_707' title='bbox 783 5078 1129 5145; x_wconf 76' lang='lat' dir='ltr'><strong>gestatminm</strong></span> <span class='ocrx_word' id='word_1_708' title='bbox 1153 5118 1167 5143; x_wconf 96' lang='lat'><strong>,</strong></span> <span class='ocrx_word' id='word_1_709' title='bbox 1192 5092 1353 5147; x_wconf 88' lang='lat' dir='ltr'><strong>quam</strong></span> <span class='ocrx_word' id='word_1_710' title='bbox 1385 5078 1558 5149; x_wconf 85' lang='lat' dir='ltr'><strong>ipsum</strong></span> <span class='ocrx_word' id='word_1_711' title='bbox 1592 5081 1768 5136; x_wconf 88' lang='lat' dir='ltr'><strong>cibum</strong></span> <span class='ocrx_word' id='word_1_712' title='bbox 1795 5084 2049 5140; x_wconf 89' lang='lat' dir='ltr'><strong>ostendit.</strong></span> 
     </span>
    </p>
   </div>
   <div class='ocr_carea' id='block_1_99' title="bbox 462 5152 2044 5237">
    <p class='ocr_par' dir='ltr' id='par_1_99' title="bbox 462 5152 2044 5237">
     <span class='ocr_line' id='line_1_99' title="bbox 462 5152 2044 5237; baseline 0.007 -18"><span class='ocrx_word' id='word_1_713' title='bbox 462 5152 539 5219; x_wconf 75' lang='lat' dir='ltr'><strong>Ite</strong></span> <span class='ocrx_word' id='word_1_714' title='bbox 581 5166 733 5235; x_wconf 78' lang='lat' dir='ltr'><strong>lignis</strong></span> <span class='ocrx_word' id='word_1_715' title='bbox 773 5164 957 5219; x_wconf 88' lang='lat' dir='ltr'><strong>Libani</strong></span> <span class='ocrx_word' id='word_1_716' title='bbox 982 5167 1090 5221; x_wconf 72' lang='lat' dir='ltr'><strong>:tle</strong></span> <span class='ocrx_word' id='word_1_717' title='bbox 1120 5168 1399 5237; x_wconf 70' lang='lat' dir='ltr'><strong>prmcipuis</strong></span> <span class='ocrx_word' id='word_1_718' title='bbox 1441 5171 1492 5224; x_wconf 87' lang='lat' dir='ltr'><strong>in</strong></span> <span class='ocrx_word' id='word_1_719' title='bbox 1543 5170 1782 5227; x_wconf 85' lang='lat' dir='ltr'><strong>Ecclesia</strong></span> <span class='ocrx_word' id='word_1_720' title='bbox 1826 5177 2044 5231; x_wconf 88' lang='lat' dir='ltr'><strong>sanctis.</strong></span> 
     </span>
    </p>
   </div>
   <div class='ocr_carea' id='block_1_100' title="bbox 531 5255 2047 5333">
    <p class='ocr_par' dir='ltr' id='par_1_100' title="bbox 531 5255 2047 5333">
     <span class='ocr_line' id='line_1_100' title="bbox 531 5255 2047 5333; baseline 0.009 -23"><span class='ocrx_word' id='word_1_721' title='bbox 531 5256 687 5310; x_wconf 87' lang='lat' dir='ltr'><strong>Num.</strong></span> <span class='ocrx_word' id='word_1_722' title='bbox 720 5255 810 5311; x_wconf 82' lang='grc'><strong>65.</strong></span> <span class='ocrx_word' id='word_1_723' title='bbox 848 5256 1127 5312; x_wconf 86' lang='lat' dir='ltr'><strong>Columnas</strong></span> <span class='ocrx_word' id='word_1_724' title='bbox 1161 5262 1269 5329; x_wconf 84' lang='lat' dir='ltr'><strong>ejus</strong></span> <span class='ocrx_word' id='word_1_725' title='bbox 1297 5260 1417 5329; x_wconf 83' lang='lat' dir='ltr'><strong>fecit</strong></span> <span class='ocrx_word' id='word_1_726' title='bbox 1448 5273 1730 5333; x_wconf 76' lang='lat' dir='ltr'><strong>argenteas.</strong></span> <span class='ocrx_word' id='word_1_727' title='bbox 1771 5267 2047 5323; x_wconf 84' lang='lat' dir='ltr'><strong>Sustenta-</strong></span> 
     </span>
    </p>
   </div>
   <div class='ocr_carea' id='block_1_101' title="bbox 458 5348 2043 5427">
    <p class='ocr_par' dir='ltr' id='par_1_101' title="bbox 458 5348 2043 5427">
     <span class='ocr_line' id='line_1_101' title="bbox 458 5348 2043 5427; baseline 0.009 -25"><span class='ocrx_word' id='word_1_728' title='bbox 458 5348 579 5402; x_wconf 85' lang='lat' dir='ltr'><strong>cnla</strong></span> <span class='ocrx_word' id='word_1_729' title='bbox 617 5348 871 5404; x_wconf 72' lang='lat' dir='ltr'><strong>Ecclesim</strong></span> <span class='ocrx_word' id='word_1_730' title='bbox 896 5366 987 5419; x_wconf 75' lang='lat' dir='ltr'><strong>prn</strong></span> <span class='ocrx_word' id='word_1_731' title='bbox 1007 5352 1210 5420; x_wconf 77' lang='lat' dir='ltr'><strong>paravit</strong></span> <span class='ocrx_word' id='word_1_732' title='bbox 1244 5368 1305 5407; x_wconf 71' lang='lat' dir='ltr'><strong>es</strong></span> <span class='ocrx_word' id='word_1_733' title='bbox 1330 5353 1504 5408; x_wconf 86' lang='lat' dir='ltr'><strong>doctis</strong></span> <span class='ocrx_word' id='word_1_734' title='bbox 1528 5356 1607 5410; x_wconf 78' lang='lat' dir='ltr'><strong>vel</strong></span> <span class='ocrx_word' id='word_1_735' title='bbox 1630 5360 1884 5424; x_wconf 90' lang='lat' dir='ltr'><strong>apostolis</strong></span> <span class='ocrx_word' id='word_1_736' title='bbox 1910 5363 2043 5427; x_wconf 86' lang='lat' dir='ltr'><strong>suis,</strong></span> 
     </span>
    </p>
   </div>
   <div class='ocr_carea' id='block_1_102' title="bbox 461 5442 2043 5518">
    <p class='ocr_par' dir='ltr' id='par_1_102' title="bbox 461 5442 2043 5518">
     <span class='ocr_line' id='line_1_102' title="bbox 461 5442 2043 5518; baseline 0.008 -24"><span class='ocrx_word' id='word_1_737' title='bbox 461 5442 595 5494; x_wconf 88' lang='lat' dir='ltr'><strong>sicut</strong></span> <span class='ocrx_word' id='word_1_738' title='bbox 627 5442 822 5495; x_wconf 80' lang='lat' dir='ltr'><strong>Paulus</strong></span> <span class='ocrx_word' id='word_1_739' title='bbox 852 5457 942 5495; x_wconf 79' lang='lat' dir='ltr'><strong>vas</strong></span> <span class='ocrx_word' id='word_1_740' title='bbox 973 5442 1255 5496; x_wconf 88' lang='lat' dir='ltr'><strong>electionis</strong></span> <span class='ocrx_word' id='word_1_741' title='bbox 1298 5444 1364 5497; x_wconf 89' lang='lat' dir='ltr'><strong>ad</strong></span> <span class='ocrx_word' id='word_1_742' title='bbox 1398 5443 1610 5500; x_wconf 85' lang='lat' dir='ltr'><strong>Galatas</strong></span> <span class='ocrx_word' id='word_1_743' title='bbox 1639 5449 1850 5518; x_wconf 78' lang='lat' dir='ltr'><strong>scripsit</strong></span> <span class='ocrx_word' id='word_1_744' title='bbox 1880 5468 1890 5502; x_wconf 95' lang='lat'>:</span> <span class='ocrx_word' id='word_1_745' title='bbox 1918 5451 2043 5507; x_wconf 90' lang='lat' dir='ltr'><strong>Cum</strong></span> 
     </span>
    </p>
   </div>
   <div class='ocr_carea' id='block_1_103' title="bbox 458 5531 2044 5608">
    <p class='ocr_par' dir='ltr' id='par_1_103' title="bbox 458 5531 2044 5608">
     <span class='ocr_line' id='line_1_103' title="bbox 458 5531 2044 5608; baseline 0.01 -27"><span class='ocrx_word' id='word_1_746' title='bbox 458 5532 829 5602; x_wconf 80' lang='lat' dir='ltr'><strong>cognovissent,</strong></span> <span class='ocrx_word' id='word_1_747' title='bbox 861 5531 1051 5599; x_wconf 89' lang='lat' dir='ltr'><strong>inquit,</strong></span> <span class='ocrx_word' id='word_1_748' title='bbox 1089 5535 1305 5601; x_wconf 87' lang='lat' dir='ltr'><strong>gratiam</strong></span> <span class='ocrx_word' id='word_1_749' title='bbox 1339 5532 1431 5586; x_wconf 90' lang='lat' dir='ltr'><strong>Dei</strong></span> <span class='ocrx_word' id='word_1_750' title='bbox 1472 5536 1722 5599; x_wconf 74' lang='lat' dir='ltr'><strong>Iacobus,</strong></span> <span class='ocrx_word' id='word_1_751' title='bbox 1755 5538 1973 5608; x_wconf 81' lang='lat' dir='ltr'><strong>Cephas,</strong></span> <span class='ocrx_word' id='word_1_752' title='bbox 1999 5556 2044 5597; x_wconf 88' lang='lat' dir='ltr'><strong>et</strong></span> 
     </span>
    </p>
   </div>
   <div class='ocr_carea' id='block_1_104' title="bbox 457 5621 2043 5692">
    <p class='ocr_par' dir='ltr' id='par_1_104' title="bbox 457 5621 2043 5692">
     <span class='ocr_line' id='line_1_104' title="bbox 457 5621 2043 5692; baseline 0.009 -19"><span class='ocrx_word' id='word_1_753' title='bbox 457 5621 701 5687; x_wconf 79' lang='lat' dir='ltr'><strong>Jnannes,</strong></span> <span class='ocrx_word' id='word_1_754' title='bbox 731 5624 817 5692; x_wconf 90' lang='lat' dir='ltr'><strong>qui</strong></span> <span class='ocrx_word' id='word_1_755' title='bbox 842 5625 1141 5677; x_wconf 78' lang='lat' dir='ltr'><strong>uidebantur</strong></span> <span class='ocrx_word' id='word_1_756' title='bbox 1167 5626 1421 5678; x_wconf 82' lang='lat' dir='ltr'><strong>columna:</strong></span> <span class='ocrx_word' id='word_1_757' title='bbox 1440 5640 1569 5692; x_wconf 84' lang='lat' dir='ltr'><strong>esse,</strong></span> <span class='ocrx_word' id='word_1_758' title='bbox 1595 5628 1801 5683; x_wconf 56' lang='lat' dir='ltr'><strong>dea‘trus</strong></span> <span class='ocrx_word' id='word_1_759' title='bbox 1834 5633 1957 5685; x_wconf 81' lang='lat' dir='ltr'><strong>mihi</strong></span> <span class='ocrx_word' id='word_1_760' title='bbox 1997 5646 2043 5689; x_wconf 88' lang='lat' dir='ltr'><strong>et</strong></span> 
     </span>
    </p>
   </div>
   <div class='ocr_carea' id='block_1_105' title="bbox 458 5712 1543 5787">
    <p class='ocr_par' dir='ltr' id='par_1_105' title="bbox 458 5712 1543 5787">
     <span class='ocr_line' id='line_1_105' title="bbox 458 5712 1543 5787; baseline 0.006 -20"><span class='ocrx_word' id='word_1_761' title='bbox 458 5712 711 5767; x_wconf 76' lang='lat' dir='ltr'><strong>Barnaba&#39;</strong></span> <span class='ocrx_word' id='word_1_762' title='bbox 741 5715 982 5768; x_wconf 82' lang='lat' dir='ltr'><strong>dederunt</strong></span> <span class='ocrx_word' id='word_1_763' title='bbox 1013 5718 1265 5770; x_wconf 75' lang='lat' dir='ltr'><strong>societatis</strong></span> <span class='ocrx_word' id='word_1_764' title='bbox 1282 5714 1434 5787; x_wconf 72' lang='lat' dir='ltr'><strong>(Cal.</strong></span> <span class='ocrx_word' id='word_1_765' title='bbox 1462 5715 1543 5787; x_wconf 87' lang='lat' dir='ltr'><strong>tt).</strong></span> 
     </span>
    </p>
   </div>
   <div class='ocr_carea' id='block_1_106' title="bbox 526 5807 2044 5895">
    <p class='ocr_par' dir='ltr' id='par_1_106' title="bbox 526 5807 2044 5895">
     <span class='ocr_line' id='line_1_106' title="bbox 526 5807 2044 5895; baseline 0.014 -36"><span class='ocrx_word' id='word_1_766' title='bbox 526 5807 681 5863; x_wconf 79' lang='lat' dir='ltr'><strong>Num.</strong></span> <span class='ocrx_word' id='word_1_767' title='bbox 709 5808 778 5864; x_wconf 88' lang='lat'><strong>66</strong></span> <span class='ocrx_word' id='word_1_768' title='bbox 803 5828 815 5862; x_wconf 92' lang='lat'><strong>:</strong></span> <span class='ocrx_word' id='word_1_769' title='bbox 848 5812 1245 5868; x_wconf 78' lang='lat' dir='ltr'><strong>fieclinatorium</strong></span> <span class='ocrx_word' id='word_1_770' title='bbox 1269 5831 1501 5869; x_wconf 88' lang='lat' dir='ltr'><strong>aureum.</strong></span> <span class='ocrx_word' id='word_1_771' title='bbox 1530 5817 1583 5870; x_wconf 91' lang='lat' dir='ltr'><strong>In</strong></span> <span class='ocrx_word' id='word_1_772' title='bbox 1614 5818 1718 5873; x_wconf 87' lang='lat' dir='ltr'><strong>illis</strong></span> <span class='ocrx_word' id='word_1_773' title='bbox 1747 5820 1884 5878; x_wconf 83' lang='lat' dir='ltr'><strong>bene</strong></span> <span class='ocrx_word' id='word_1_774' title='bbox 1915 5840 2044 5895; x_wconf 85' lang='lat' dir='ltr'><strong>cpu-</strong></span> 
     </span>
    </p>
   </div>
   <div class='ocr_carea' id='block_1_107' title="bbox 460 5894 2042 5983">
    <p class='ocr_par' dir='ltr' id='par_1_107' title="bbox 460 5894 2042 5983">
     <span class='ocr_line' id='line_1_107' title="bbox 460 5894 2042 5983; baseline 0.015 -34"><span class='ocrx_word' id='word_1_775' title='bbox 460 5894 661 5953; x_wconf 85' lang='lat' dir='ltr'><strong>Iatnrus</strong></span> <span class='ocrx_word' id='word_1_776' title='bbox 689 5902 932 5959; x_wconf 76' lang='lat' dir='ltr'><strong>Christus</strong></span> <span class='ocrx_word' id='word_1_777' title='bbox 960 5904 1356 5963; x_wconf 87' lang='lat' dir='ltr'><strong>rcciinatorium</strong></span> <span class='ocrx_word' id='word_1_778' title='bbox 1400 5908 1621 5979; x_wconf 85' lang='lat' dir='ltr'><strong>invenit,</strong></span> <span class='ocrx_word' id='word_1_779' title='bbox 1651 5913 1738 5983; x_wconf 89' lang='lat' dir='ltr'><strong>qui</strong></span> <span class='ocrx_word' id='word_1_780' title='bbox 1773 5894 2042 5973; x_wconf 82' lang='lat' dir='ltr'><strong>intellectu</strong></span> 
     </span>
    </p>
   </div>
   <div class='ocr_carea' id='block_1_108' title="bbox 2164 4727 3756 4802">
    <p class='ocr_par' dir='ltr' id='par_1_108' title="bbox 2164 4727 3756 4802">
     <span class='ocr_line' id='line_1_108' title="bbox 2164 4727 3756 4802; baseline 0.004 -21"><span class='ocrx_word' id='word_1_781' title='bbox 2164 4735 2268 4793; x_wconf 60' lang='lat' dir='ltr'><strong>tes,</strong></span> <span class='ocrx_word' id='word_1_782' title='bbox 2317 4727 2699 4796; x_wconf 68' lang='lat' dir='ltr'><strong>prtedicatores</strong></span> <span class='ocrx_word' id='word_1_783' title='bbox 2748 4729 2898 4795; x_wconf 89' lang='lat' dir='ltr'><strong>dicit,</strong></span> <span class='ocrx_word' id='word_1_784' title='bbox 2954 4732 3043 4801; x_wconf 90' lang='lat' dir='ltr'><strong>qui</strong></span> <span class='ocrx_word' id='word_1_785' title='bbox 3088 4747 3152 4787; x_wconf 87' lang='lat' dir='ltr'><strong>ea</strong></span> <span class='ocrx_word' id='word_1_786' title='bbox 3210 4749 3329 4802; x_wconf 63' lang='lat' dir='ltr'><strong>quas</strong></span> <span class='ocrx_word' id='word_1_787' title='bbox 3381 4740 3756 4801; x_wconf 83' lang='lat' dir='ltr'><strong>susceperunt,</strong></span> 
     </span>
    </p>
   </div>
   <div class='ocr_carea' id='block_1_109' title="bbox 2163 4823 3762 4899">
    <p class='ocr_par' dir='ltr' id='par_1_109' title="bbox 2163 4823 3762 4899">
     <span class='ocr_line' id='line_1_109' title="bbox 2163 4823 3762 4899; baseline 0 -20"><span class='ocrx_word' id='word_1_788' title='bbox 2163 4823 2451 4879; x_wconf 82' lang='lat' dir='ltr'><strong>salubriter</strong></span> <span class='ocrx_word' id='word_1_789' title='bbox 2497 4824 2994 4891; x_wconf 88' lang='lat' dir='ltr'><strong>eomminuendum,</strong></span> <span class='ocrx_word' id='word_1_790' title='bbox 3039 4827 3089 4879; x_wconf 89' lang='lat' dir='ltr'><strong>in</strong></span> <span class='ocrx_word' id='word_1_791' title='bbox 3132 4842 3325 4896; x_wconf 87' lang='lat' dir='ltr'><strong>corpus</strong></span> <span class='ocrx_word' id='word_1_792' title='bbox 3362 4826 3561 4883; x_wconf 86' lang='lat' dir='ltr'><strong>Christi</strong></span> <span class='ocrx_word' id='word_1_793' title='bbox 3608 4830 3762 4899; x_wconf 74' lang='lat' dir='ltr'><strong>traji-</strong></span> 
     </span>
    </p>
   </div>
   <div class='ocr_carea' id='block_1_110' title="bbox 2161 4914 3755 4988">
    <p class='ocr_par' dir='ltr' id='par_1_110' title="bbox 2161 4914 3755 4988">
     <span class='ocr_line' id='line_1_110' title="bbox 2161 4914 3755 4988; baseline 0.001 -18"><span class='ocrx_word' id='word_1_794' title='bbox 2161 4915 2329 4970; x_wconf 84' lang='lat' dir='ltr'><strong>ciunt.</strong></span> <span class='ocrx_word' id='word_1_795' title='bbox 2384 4915 2446 4969; x_wconf 94' lang='lat' dir='ltr'><strong>IIi</strong></span> <span class='ocrx_word' id='word_1_796' title='bbox 2500 4914 2845 4971; x_wconf 87' lang='lat' dir='ltr'><strong>detonsarnm</strong></span> <span class='ocrx_word' id='word_1_797' title='bbox 2888 4916 3143 4988; x_wconf 75' lang='lat' dir='ltr'><strong>gregibus</strong></span> <span class='ocrx_word' id='word_1_798' title='bbox 3187 4928 3595 4987; x_wconf 80' lang='lat' dir='ltr'><strong>comparantur,</strong></span> <span class='ocrx_word' id='word_1_799' title='bbox 3634 4918 3755 4988; x_wconf 81' lang='lat' dir='ltr'><strong>quia</strong></span> 
     </span>
    </p>
   </div>
   <div class='ocr_carea' id='block_1_111' title="bbox 2162 5004 3755 5079">
    <p class='ocr_par' dir='ltr' id='par_1_111' title="bbox 2162 5004 3755 5079">
     <span class='ocr_line' id='line_1_111' title="bbox 2162 5004 3755 5079; baseline 0.003 -20"><span class='ocrx_word' id='word_1_800' title='bbox 2162 5004 2409 5073; x_wconf 85' lang='lat' dir='ltr'><strong>deposito</strong></span> <span class='ocrx_word' id='word_1_801' title='bbox 2433 5014 2615 5061; x_wconf 86' lang='lat' dir='ltr'><strong>vetere</strong></span> <span class='ocrx_word' id='word_1_802' title='bbox 2645 5006 2890 5073; x_wconf 86' lang='lat' dir='ltr'><strong>homine,</strong></span> <span class='ocrx_word' id='word_1_803' title='bbox 2922 5006 2975 5061; x_wconf 89' lang='lat' dir='ltr'><strong>in</strong></span> <span class='ocrx_word' id='word_1_804' title='bbox 3006 5007 3244 5062; x_wconf 88' lang='lat' dir='ltr'><strong>novitate</strong></span> <span class='ocrx_word' id='word_1_805' title='bbox 3272 5007 3506 5076; x_wconf 88' lang='lat' dir='ltr'><strong>Spiritus</strong></span> <span class='ocrx_word' id='word_1_806' title='bbox 3537 5024 3755 5079; x_wconf 67' lang='grc' dir='ltr'><strong>[πα-εε-</strong></span> 
     </span>
    </p>
   </div>
   <div class='ocr_carea' id='block_1_112' title="bbox 2124 5099 3752 5171">
    <p class='ocr_par' dir='ltr' id='par_1_112' title="bbox 2124 5099 3752 5171">
     <span class='ocr_line' id='line_1_112' title="bbox 2124 5099 3752 5171; baseline 0.002 -21"><span class='ocrx_word' id='word_1_807' title='bbox 2124 5154 2135 5163; x_wconf 64' lang='grc'><em>,</em></span> <span class='ocrx_word' id='word_1_808' title='bbox 2160 5106 2368 5151; x_wconf 87' lang='lat' dir='ltr'><strong>serunt.</strong></span> <span class='ocrx_word' id='word_1_809' title='bbox 2400 5099 2748 5152; x_wconf 81' lang='lat' dir='ltr'><strong>Ascenderunt</strong></span> <span class='ocrx_word' id='word_1_810' title='bbox 2779 5114 2991 5169; x_wconf 88' lang='lat' dir='ltr'><strong>quoque</strong></span> <span class='ocrx_word' id='word_1_811' title='bbox 3019 5100 3082 5153; x_wconf 85' lang='lat' dir='ltr'><strong>de</strong></span> <span class='ocrx_word' id='word_1_812' title='bbox 3122 5100 3351 5167; x_wconf 87' lang='lat' dir='ltr'><strong>lavacro,</strong></span> <span class='ocrx_word' id='word_1_813' title='bbox 3384 5115 3507 5155; x_wconf 86' lang='lat' dir='ltr'><strong>cum</strong></span> <span class='ocrx_word' id='word_1_814' title='bbox 3538 5112 3752 5171; x_wconf 83' lang='lat' dir='ltr'><strong>accepta</strong></span> 
     </span>
    </p>
   </div>
   <div class='ocr_carea' id='block_1_113' title="bbox 2157 5188 3750 5261">
    <p class='ocr_par' dir='ltr' id='par_1_113' title="bbox 2157 5188 3750 5261">
     <span class='ocr_line' id='line_1_113' title="bbox 2157 5188 3750 5261; baseline 0.003 -19"><span class='ocrx_word' id='word_1_815' title='bbox 2157 5202 2253 5256; x_wconf 89' lang='lat' dir='ltr'><strong>per</strong></span> <span class='ocrx_word' id='word_1_816' title='bbox 2278 5188 2595 5258; x_wconf 76' lang='lat' dir='ltr'><strong>baptismate</strong></span> <span class='ocrx_word' id='word_1_817' title='bbox 2620 5191 2937 5246; x_wconf 88' lang='lat' dir='ltr'><strong>remissione</strong></span> <span class='ocrx_word' id='word_1_818' title='bbox 2960 5199 3301 5260; x_wconf 83' lang='lat' dir='ltr'><strong>peccatorum</strong></span> <span class='ocrx_word' id='word_1_819' title='bbox 3333 5192 3673 5261; x_wconf 69' lang='lat' dir='ltr'><strong>profect-runt</strong></span> <span class='ocrx_word' id='word_1_820' title='bbox 3700 5192 3750 5246; x_wconf 80' lang='lat' dir='ltr'><strong>in</strong></span> 
     </span>
    </p>
   </div>
   <div class='ocr_carea' id='block_1_114' title="bbox 2155 5278 2392 5336">
    <p class='ocr_par' dir='ltr' id='par_1_114' title="bbox 2155 5278 2392 5336">
     <span class='ocr_line' id='line_1_114' title="bbox 2155 5278 2392 5336; baseline 0.004 -1"><span class='ocrx_word' id='word_1_821' title='bbox 2155 5278 2392 5336; x_wconf 83' lang='lat' dir='ltr'><strong>Christo.</strong></span> 
     </span>
    </p>
   </div>
   <div class='ocr_carea' id='block_1_115' title="bbox 2225 5374 3746 5450">
    <p class='ocr_par' dir='ltr' id='par_1_115' title="bbox 2225 5374 3746 5450">
     <span class='ocr_line' id='line_1_115' title="bbox 2225 5374 3746 5450; baseline 0.003 -21"><span class='ocrx_word' id='word_1_822' title='bbox 2225 5375 2385 5431; x_wconf 87' lang='lat' dir='ltr'><strong>Num.</strong></span> <span class='ocrx_word' id='word_1_823' title='bbox 2415 5374 2504 5430; x_wconf 67' lang='grc'><strong>74.</strong></span> <span class='ocrx_word' id='word_1_824' title='bbox 2538 5376 2725 5431; x_wconf 85' lang='lat' dir='ltr'><strong>Omnes</strong></span> <span class='ocrx_word' id='word_1_825' title='bbox 2756 5378 2985 5450; x_wconf 84' lang='lat' dir='ltr'><strong>gemellis</strong></span> <span class='ocrx_word' id='word_1_826' title='bbox 3017 5379 3220 5449; x_wconf 78' lang='lat' dir='ltr'><strong>fetibus.</strong></span> <span class='ocrx_word' id='word_1_827' title='bbox 3256 5379 3457 5435; x_wconf 82' lang='lat' dir='ltr'><strong>Omnes</strong></span> <span class='ocrx_word' id='word_1_828' title='bbox 3483 5379 3670 5449; x_wconf 83' lang='lat' dir='ltr'><strong>repleti</strong></span> <span class='ocrx_word' id='word_1_829' title='bbox 3698 5380 3746 5433; x_wconf 83' lang='lat' dir='ltr'><strong>in</strong></span> 
     </span>
    </p>
   </div>
   <div class='ocr_carea' id='block_1_116' title="bbox 2153 5466 3747 5539">
    <p class='ocr_par' dir='ltr' id='par_1_116' title="bbox 2153 5466 3747 5539">
     <span class='ocr_line' id='line_1_116' title="bbox 2153 5466 3747 5539; baseline 0.004 -20"><span class='ocrx_word' id='word_1_830' title='bbox 2153 5468 2417 5520; x_wconf 85' lang='lat' dir='ltr'><strong>charitate</strong></span> <span class='ocrx_word' id='word_1_831' title='bbox 2460 5466 2661 5522; x_wconf 84' lang='lat' dir='ltr'><strong>Christi</strong></span> <span class='ocrx_word' id='word_1_832' title='bbox 2692 5479 2745 5522; x_wconf 85' lang='lat' dir='ltr'><strong>et</strong></span> <span class='ocrx_word' id='word_1_833' title='bbox 2777 5472 3041 5539; x_wconf 82' lang='lat' dir='ltr'><strong>proximi,</strong></span> <span class='ocrx_word' id='word_1_834' title='bbox 3070 5481 3125 5527; x_wconf 88' lang='lat' dir='ltr'><strong>et</strong></span> <span class='ocrx_word' id='word_1_835' title='bbox 3167 5473 3289 5539; x_wconf 90' lang='lat' dir='ltr'><strong>quia</strong></span> <span class='ocrx_word' id='word_1_836' title='bbox 3334 5472 3399 5525; x_wconf 87' lang='lat' dir='ltr'><strong>ad</strong></span> <span class='ocrx_word' id='word_1_837' title='bbox 3446 5473 3747 5526; x_wconf 80' lang='lat' dir='ltr'><strong>misericor-</strong></span> 
     </span>
    </p>
   </div>
   <div class='ocr_carea' id='block_1_117' title="bbox 2152 5556 3743 5637">
    <p class='ocr_par' dir='ltr' id='par_1_117' title="bbox 2152 5556 3743 5637">
     <span class='ocr_line' id='line_1_117' title="bbox 2152 5556 3743 5637; baseline 0.006 -27"><span class='ocrx_word' id='word_1_838' title='bbox 2152 5556 2289 5610; x_wconf 85' lang='lat' dir='ltr'><strong>diam</strong></span> <span class='ocrx_word' id='word_1_839' title='bbox 2324 5562 2579 5626; x_wconf 72' lang='lat' dir='ltr'><strong>prompti,</strong></span> <span class='ocrx_word' id='word_1_840' title='bbox 2604 5559 2808 5615; x_wconf 83' lang='lat' dir='ltr'><strong>idcirco</strong></span> <span class='ocrx_word' id='word_1_841' title='bbox 2830 5563 3019 5616; x_wconf 88' lang='lat' dir='ltr'><strong>sterilis</strong></span> <span class='ocrx_word' id='word_1_842' title='bbox 3043 5581 3188 5618; x_wconf 87' lang='lat' dir='ltr'><strong>nemo</strong></span> <span class='ocrx_word' id='word_1_843' title='bbox 3216 5567 3348 5619; x_wconf 82' lang='lat' dir='ltr'><strong>inter</strong></span> <span class='ocrx_word' id='word_1_844' title='bbox 3373 5582 3460 5621; x_wconf 86' lang='lat' dir='ltr'><strong>eos</strong></span> <span class='ocrx_word' id='word_1_845' title='bbox 3482 5566 3619 5637; x_wconf 78' lang='lat' dir='ltr'><strong>(los.</strong></span> <span class='ocrx_word' id='word_1_846' title='bbox 3646 5571 3743 5633; x_wconf 69' lang='lat' dir='ltr'><strong>rt).</strong></span> 
     </span>
    </p>
   </div>
   <div class='ocr_carea' id='block_1_118' title="bbox 2223 5647 3745 5712">
    <p class='ocr_par' dir='ltr' id='par_1_118' title="bbox 2223 5647 3745 5712">
     <span class='ocr_line' id='line_1_118' title="bbox 2223 5647 3745 5712; baseline 0.006 -11"><span class='ocrx_word' id='word_1_847' title='bbox 2223 5647 2379 5701; x_wconf 80' lang='lat' dir='ltr'><strong>Num.</strong></span> <span class='ocrx_word' id='word_1_848' title='bbox 2413 5647 2502 5705; x_wconf 75' lang='lat'><strong>73.</strong></span> <span class='ocrx_word' id='word_1_849' title='bbox 2539 5651 2686 5704; x_wconf 84' lang='lat' dir='ltr'><strong>Sicut</strong></span> <span class='ocrx_word' id='word_1_850' title='bbox 2718 5654 2840 5707; x_wconf 86' lang='lat' dir='ltr'><strong>vitta</strong></span> <span class='ocrx_word' id='word_1_851' title='bbox 2878 5656 3114 5709; x_wconf 86' lang='lat' dir='ltr'><strong>coccinea</strong></span> <span class='ocrx_word' id='word_1_852' title='bbox 3153 5654 3288 5709; x_wconf 87' lang='lat' dir='ltr'><strong>labia</strong></span> <span class='ocrx_word' id='word_1_853' title='bbox 3334 5668 3447 5711; x_wconf 87' lang='lat' dir='ltr'><strong>tua.</strong></span> <span class='ocrx_word' id='word_1_854' title='bbox 3486 5657 3628 5712; x_wconf 78' lang='lat' dir='ltr'><strong>Raab</strong></span> <span class='ocrx_word' id='word_1_855' title='bbox 3659 5660 3745 5711; x_wconf 82' lang='lat' dir='ltr'><strong>illa</strong></span> 
     </span>
    </p>
   </div>
   <div class='ocr_carea' id='block_1_119' title="bbox 2151 5739 3744 5817">
    <p class='ocr_par' dir='ltr' id='par_1_119' title="bbox 2151 5739 3744 5817">
     <span class='ocr_line' id='line_1_119' title="bbox 2151 5739 3744 5817; baseline 0.007 -26"><span class='ocrx_word' id='word_1_856' title='bbox 2151 5739 2407 5792; x_wconf 80' lang='lat' dir='ltr'><strong>meretrix</strong></span> <span class='ocrx_word' id='word_1_857' title='bbox 2458 5756 2576 5806; x_wconf 71' lang='lat' dir='ltr'><strong>qum</strong></span> <span class='ocrx_word' id='word_1_858' title='bbox 2623 5743 2818 5801; x_wconf 85' lang='lat' dir='ltr'><strong>salvari</strong></span> <span class='ocrx_word' id='word_1_859' title='bbox 2867 5746 3059 5800; x_wconf 88' lang='lat' dir='ltr'><strong>tneruit</strong></span> <span class='ocrx_word' id='word_1_860' title='bbox 3112 5756 3167 5800; x_wconf 90' lang='lat' dir='ltr'><strong>ct</strong></span> <span class='ocrx_word' id='word_1_861' title='bbox 3218 5746 3509 5803; x_wconf 84' lang='lat' dir='ltr'><strong>Israelitico</strong></span> <span class='ocrx_word' id='word_1_862' title='bbox 3551 5750 3744 5817; x_wconf 82' lang='lat' dir='ltr'><strong>populo</strong></span> 
     </span>
    </p>
   </div>
   <div class='ocr_carea' id='block_1_120' title="bbox 2152 5830 3746 5909">
    <p class='ocr_par' dir='ltr' id='par_1_120' title="bbox 2152 5830 3746 5909">
     <span class='ocr_line' id='line_1_120' title="bbox 2152 5830 3746 5909; baseline 0.006 -27"><span class='ocrx_word' id='word_1_863' title='bbox 2152 5830 2434 5899; x_wconf 78' lang='lat' dir='ltr'><strong>associari,</strong></span> <span class='ocrx_word' id='word_1_864' title='bbox 2465 5834 2772 5889; x_wconf 86' lang='lat' dir='ltr'><strong>coccineum</strong></span> <span class='ocrx_word' id='word_1_865' title='bbox 2805 5836 3097 5892; x_wconf 77' lang='lat' dir='ltr'><strong>funiculum</strong></span> <span class='ocrx_word' id='word_1_866' title='bbox 3122 5840 3172 5892; x_wconf 87' lang='lat' dir='ltr'><strong>in</strong></span> <span class='ocrx_word' id='word_1_867' title='bbox 3197 5839 3410 5908; x_wconf 79' lang='lat' dir='ltr'><strong>signum</strong></span> <span class='ocrx_word' id='word_1_868' title='bbox 3442 5842 3626 5893; x_wconf 74' lang='lat' dir='ltr'><strong>salutis</strong></span> <span class='ocrx_word' id='word_1_869' title='bbox 3653 5856 3746 5909; x_wconf 78' lang='lat' dir='ltr'><strong>per</strong></span> 
     </span>
    </p>
   </div>
   <div class='ocr_carea' id='block_1_121' title="bbox 2151 5921 3740 6002">
    <p class='ocr_par' dir='ltr' id='par_1_121' title="bbox 2151 5921 3740 6002">
     <span class='ocr_line' id='line_1_121' title="bbox 2151 5921 3740 6002; baseline 0.007 -25"><span class='ocrx_word' id='word_1_870' title='bbox 2151 5921 2445 5977; x_wconf 74' lang='lat' dir='ltr'><strong>fenestram</strong></span> <span class='ocrx_word' id='word_1_871' title='bbox 2474 5938 2587 5978; x_wconf 74' lang='lat' dir='ltr'><strong>sua:</strong></span> <span class='ocrx_word' id='word_1_872' title='bbox 2629 5925 2818 5983; x_wconf 77' lang='lat' dir='ltr'><strong>domus</strong></span> <span class='ocrx_word' id='word_1_873' title='bbox 2859 5931 3129 6000; x_wconf 76' lang='lat' dir='ltr'><strong>appendit.</strong></span> <span class='ocrx_word' id='word_1_874' title='bbox 3163 5930 3501 6002; x_wconf 69' lang='lat' dir='ltr'><strong>QuaprOptcr</strong></span> <span class='ocrx_word' id='word_1_875' title='bbox 3534 5934 3740 5988; x_wconf 70' lang='lat' dir='ltr'><strong>Horum</strong></span> 
     </span>
    </p>
   </div>
  </div>
