3942 6344
229 375 333 428 977

1200 376 1267 432 IN
1304 373 1599 431 CANTICA
1642 367 2083 430 CANTICORUM
2124 372 2549 432 EXPLICATIO.

3428 381 3535 437 ΜΒ

228 488 379 543 labia
411 486 631 555 decora,
681 488 804 557 quia
854 485 1166 558 passionem
1215 487 1378 558 igitur
1422 488 1739 557 praedicant,
1784 492 1840 541 et
1865 485 1917 542 A
1945 463 2254 540 referuntur
2283 487 2349 542 ad
2382 486 2684 555 Christum,
2718 492 2806 559 qui
2840 506 2973 561 quos
3004 492 3302 559 illuminat,
3335 480 3531 550 conse-

230 595 329 645 per
347 579 465 647 ejus
483 579 799 646 sanguinem
821 580 1002 633 datam
1027 578 1456 651 redemptionem
1480 579 1832 644 annuntiant;

233 668 476 738 nihilque
504 668 714 724 dulcius
741 670 883 740 quod
914 670 1203 740 loquantur
1224 686 1286 727 se
1308 671 1577 726 invenisse
1599 685 1837 741 congau-

233 761 388 827 dent,
442 763 579 817 sicut
609 772 663 817 et
695 763 983 831 Apostolus
1009 766 1121 818 ait:
1149 762 1301 817 Nihil
1329 779 1407 817 me
1452 762 1676 817 arbitror
1705 764 1838 817 inter

235 870 325 909 vos
370 857 521 921 scire,
566 857 666 911 nisi
712 854 969 912 Christum
1012 854 1215 924 Iesum,
1260 866 1308 911 et
1352 856 1489 910 hunc
1530 858 1837 927 cruciﬁxum

236 943 291 1015 (ι
317 944 432 1000 Cor.
463 948 544 1017 ιι).

316 1038 469 1091 Num.
520 1036 607 1091 76.
654 1037 801 1095 Sicut
832 1043 1061 1111 fragmen
1103 1042 1229 1095 mali
1270 1042 1445 1113 punici
1470 1056 1631 1114 gena.
1677 1040 1756 1097 Illi
1782 1042 1834 1097 in

240 1128 378 1183 facie
406 1128 658 1185 Ecclesia
685 1130 933 1186 decorem
955 1132 1211 1198 elliciunt,
1233 1133 1347 1203 qui,
1372 1133 1661 1189 comitante
1684 1147 1837 1189 vere-

240 1220 468 1287 cundia,
504 1221 806 1276 castitatem
838 1221 1167 1289 observant;
1200 1224 1314 1279 sive
1343 1223 1518 1279 sancti
1549 1231 1835 1295 martyres,

242 1309 359 1377 qui,
388 1306 660 1365 imitantes
682 1309 883 1367 Chriszi
916 1312 1241 1382 passionem,
1270 1328 1427 1369 roseo
1452 1314 1729 1385 sanguinis
1755 1317 1837 1369 sui

242 1404 440 1459 decore
466 1405 661 1473 perfusi
694 1416 840 1474 sunt,
866 1406 1057 1478 absque
1095 1424 1155 1463 eo
1178 1408 1317 1479 quod
1344 1408 1649 1463 intrinsecus
1693 1409 1836 1475 latet,

244 1507 443 1565 praeter
470 1500 731 1554 castitatis
763 1509 818 1555 et
852 1502 1096 1569 martyrii
1125 1500 1399 1558 meritum.
1435 1500 1598 1556 Multa
1630 1512 1756 1556 sunt
1785 1510 1838 1557 et

244 1590 351 1646 alia
403 1602 710 1649 sanctorum
738 1594 878 1651 bona
906 1609 1024 1668 qua:
1053 1596 1144 1654 ille
1172 1598 1325 1654 novit
1353 1598 1444 1671 qui
1472 1613 1537 1656 ea
1568 1599 1622 1655 in
1650 1612 1836 1656 eorum

247 1681 415 1738 corde
439 1685 724 1740 concessit.

318 1772 479 1829 Num.
529 1776 619 1832 77.
663 1775 814 1832 Sicut
845 1778 1001 1833 turris
1042 1777 1212 1835 David
1241 1781 1431 1859 collum
1458 1791 1619 1837 tuum.
1650 1781 1837 1838 Turris

1939 582 2074 640 crat,
2100 574 2351 645 ipsosque
2368 589 2611 647 coronat,
2631 595 2767 649 quos
2788 582 3097 651 illuminans
3110 588 3533 643 consecraverit.

2012 665 2170 721 Num.
2197 666 2285 721 85.
2331 668 2407 723 De
2434 670 2683 725 cubilibus
2724 672 2947 728 leonum.
2995 674 3261 730 Evocatur
3290 677 3531 733 Ecclesia

1939 758 2009 815 de
2042 758 2309 813 cubilibus
2330 759 2544 815 leonum
2576 771 2631 817 et
2670 763 2940 819 montibus
2973 767 3279 833 pardorum,
3311 769 3522 837 quando

1939 852 2128 908 relicta
2175 853 2410 909 elatione
2457 854 2688 925 superba
2736 855 2821 910 vel
2868 856 3202 912 diversarum
3245 859 3515 913 traditioni

1940 958 2206 1004 sectarum
2234 949 2466 1015 simplex
2494 957 2550 1004 et
2579 948 2795 1005 humilis
2823 951 2970 1005 venit
2998 952 3063 1005 ad
3091 951 3383 1006 Christum.

2012 1039 2170 1095 Num.
2201 1037 2291 1093 86.
2323 1038 2618 1094 Vulnerasti
2655 1056 2743 1093 cor
2783 1056 2973 1111 meum,
2998 1057 3141 1094 soror
3168 1058 3299 1096 mea.
3328 1041 3537 1096 Vulnus-

1940 1129 2083 1185 istud
2117 1129 2297 1184 cordis
2342 1128 2557 1185 dilectio
2604 1136 2707 1186 est.
2748 1130 2982 1201 Ingentis
3032 1131 3231 1186 amoris
3264 1132 3444 1202 itaque
3475 1135 3529 1189 iu

1943 1223 2038 1279 illo
2081 1223 2261 1289 oculo,
2314 1222 2555 1278 Ecclesia
2607 1222 2819 1278 Christo
2867 1222 3219 1293 complacuit;
3274 1226 3541 1294 quoniam

1943 1329 2050 1370 non
2094 1314 2429 1384 temporalia,
2479 1314 2572 1370 sed
2621 1325 2822 1371 aeterna
2853 1318 3148 1386 prospexit.
3188 1318 3381 1388 Sicque
3416 1318 3539 1389 jam

1943 1410 1997 1464 in
2042 1426 2147 1464 uno
2189 1412 2327 1463 crine
2365 1409 2516 1476 colli;
2541 1410 2664 1479 quia
2708 1424 2814 1465 non
2857 1410 3037 1465 ornari
3084 1411 3401 1479 visibilibus,
3431 1413 3541 1467 sed

1943 1504 2136 1560 tuturis
2166 1502 2401 1570 studuit;
2430 1511 2523 1558 aut
2564 1502 2703 1559 forte
2733 1518 2873 1558 unus
2906 1502 3091 1557 oculus
3117 1514 3172 1559 et
3192 1504 3355 1559 crinis
3379 1503 3545 1569 colli,

1942 1600 2026 1650 est
2069 1593 2338 1651 credentis
2393 1593 2648 1649 Ecclesia:
2692 1592 2921 1665 p0pulus
2969 1609 3127 1664 quem
3176 1592 3419 1650 Christus
3450 1596 3541 1651 sic

1943 1684 2153 1752 dilexit,
2184 1692 2246 1740 ut
2273 1684 2506 1740 animam
2537 1699 2687 1740 suam
2711 1694 2932 1754 poneret
2962 1700 3058 1753 pro
3083 1699 3166 1739 eo.

2012 1774 2172 1830 Num.
2205 1775 2296 1830 87.
2326 1775 2493 1843 Quam
2518 1774 2743 1844 pulchra
2781 1782 2901 1829 sunt
2944 1788 3179 1827 mamma:
3206 1782 3323 1827 luat.
3356 1772 3543 1841 Quam

245 1863 443 1921 dicitur
467 1866 726 1937 perfectio
774 1872 857 1925 vel
888 1869 1129 1926 doctrina
1154 1881 1486 1941 sanctorum,
1525 1889 1646 1943 qua:
1674 1888 1781 1929 non
1808 1888 1839 1927 a
1868 1865 1914 1925 Β
1942 1867 2245 1923 admirandi
2288 1877 2415 1922 sunt
2462 1866 2539 1922 illi
2581 1866 2833 1922 doctores
2872 1865 2965 1934 qui
3016 1874 3302 1921 nascentes
3332 1865 3391 1920 in
3422 1867 3545 1922 tida

246 1971 331 2021 se,
373 1957 465 2012 sed
507 1973 537 2011 a
582 1958 798 2016 Christo
833 1961 1088 2031 cediﬁcata
1133 1971 1208 2018 est
1250 1979 1368 2017 cum
1411 1962 1836 2036 propugnaculis,

245 2064 371 2103 cum
404 2060 709 2107 sanctarum
739 2052 1136 2123 Scripturarum
1168 2054 1512 2125 testimoniis,
1536 2056 1727 2128 quibus
1756 2056 1837 2111 in-

250 2145 438 2200 tideles
468 2147 553 2202 vel
583 2146 818 2203 haeretici
849 2147 1209 2205 debellantur.

322 2238 481 2293 Num.
515 2237 604 2294 78.
639 2240 785 2295 Mille
814 2241 981 2313 elypei
1008 2244 1249 2313 pendent.
1282 2243 1464 2300 Potest
1507 2244 1623 2299 hate
1652 2244 1837 2311 turris,

251 2330 528 2401 Scriptura
560 2334 815 2390 canonica
851 2335 1061 2390 Veteris
1098 2346 1152 2390 et
1179 2336 1311 2392 Novi
1354 2336 1680 2393 Testamenti
1705 2351 1837 2393 con-

251 2422 537 2478 venienter
568 2423 827 2496 intelligi,
859 2442 979 2496 quae
1010 2442 1108 2496 per
1136 2428 1395 2499 Spiritum
1427 2439 1673 2485 sanctum
1696 2430 1843 2485 velut

252 2516 414 2569 turris
443 2515 679 2584 excelsa,
727 2502 1033 2573 constructa
1079 2528 1184 2574 est.
1234 2519 1382 2574 Mille
1412 2522 1577 2592 clypei
1619 2523 1842 2593 pendent

251 2621 314 2659 ex
341 2621 422 2658 ea.
454 2606 553 2661 llic
599 2623 856 2663 numerus
902 2624 998 2679 per
1041 2610 1427 2680 plenitudinem
1479 2614 1841 2670 universitatis

251 2697 526 2766 accipitur,
574 2699 711 2754 sicut
740 2699 792 2754 in
828 2699 1074 2756 Psalmo:
1110 2702 1255 2757 Verbi
1299 2703 1438 2775 quod
1484 2706 1745 2760 mandavit
1787 2706 1841 2760 in

252 2788 392 2841 mille
427 2790 839 2859 generationibus
887 2790 1111 2863 (l’salm.
1162 2794 1297 2864 etv),
1333 2804 1585 2866 tanquam
1613 2795 1839 2865 diceret,

253 2878 308 2934 in
339 2894 526 2935 omnes
570 2884 962 2951 generationes.
998 2883 1179 2955 Itaque
1222 2886 1276 2941 in
1318 2886 1419 2942 hac
1452 2895 1635 2943 sancta
1659 2887 1841 2958 Scrip-

254 2979 395 3036 tura,
446 2974 609 3027 omnis
656 2984 917 3030 armatura
954 2976 1170 3047 fortium
1210 2979 1501 3048 reperitur;
1534 2994 1599 3034 ex
1627 2993 1730 3048 qua
1760 2978 1843 3035 vel

254 3074 444 3121 contra
489 3066 790 3134 diabolum,
820 3067 901 3122 vel
929 3078 1115 3123 contra
1146 3070 1426 3125 ministros
1466 3070 1585 3140 eius
1632 3070 1845 3126 fortiter

255 3165 604 3227 repugnatur.
654 3158 790 3212 Nam
836 3166 892 3214 et
935 3158 1049 3227 ipse
1082 3159 1359 3226 Dominus,
1390 3175 1513 3217 cum
1544 3160 1597 3214 in
1627 3162 1844 3217 deserto

1941 1958 2189 2016 homines
2230 1960 2495 2026 nutriunt,
2553 1967 2609 2014 et
2642 1956 2993 2029 garrientium
3026 1957 3324 2012 carnalium
3353 1958 3537 2014 mole-

1938 2051 2072 2106 stias
2119 2051 2439 2122 populorum
2469 2061 2722 2122 tanquam
2767 2051 2870 2121 pia:
2925 2050 3163 2107 nutrices
3212 2054 3535 2121 perferunt,

1940 2142 2112 2200 donec
2150 2159 2285 2214 quos
2322 2144 2584 2215 spirituali
2631 2146 2771 2201 lacte
2812 2146 3194 2213 educaverint,
3241 2146 3534 2218 ad'perfe-

1939 2236 2173 2291 ctionem
2204 2236 2516 2306 perducant.

2010 2326 2170 2382 Num.
2202 2325 2293 2383 88.
2334 2326 2647 2383 Pulchriora
2676 2332 2832 2385 ubera
2879 2340 2968 2384 tua
3010 2332 3147 2385 vino.
3186 2330 3302 2387 Jatu
3342 2347 3532 2401 supra,

1942 2420 2112 2476 ubera
2143 2422 2247 2475 ista
2278 2422 2573 2491 apostolos,
2605 2424 2691 2477 vel
2715 2424 3041 2493 apostolicos
3070 2426 3214 2480 viros
3242 2440 3363 2481 esse
3392 2441 3531 2496 prte-

1943 2515 2202 2580 diximus,
2250 2528 2475 2583 quorum
2506 2514 2753 2570 doctrina
2789 2517 2974 2570 vinum
3006 2517 3267 2571 exuberat
3292 2535 3304 2569 :
3329 2516 3534 2571 veteris

1945 2609 2152 2666 scilicet
2191 2606 2325 2676 legis
2354 2606 2697 2662 traditionem
2726 2615 2885 2677 atque
2912 2616 3263 2678 praeceptum.
3305 2607 3384 2662 Et,
3403 2610 3534 2664 odor

1946 2707 2321 2771 unguentorum
2343 2707 2549 2753 tuorum
2576 2715 2731 2769 super
2751 2700 2922 2753 omnia
2942 2710 3192 2754 aromata.
3217 2700 3532 2757 Distributio

1945 2792 2239 2863 gratiarum
2272 2806 2391 2860 quae
2438 2804 2536 2860 per
2563 2789 2822 2859 Spiritum
2863 2799 3107 2845 sanetum
3137 2806 3391 2847 concessa
3425 2803 3531 2857 est,

1947 2897 2105 2953 quam
2134 2881 2423 2952 Apostolus
2453 2880 2690 2937 declarat
2730 2896 2851 2937 cum
2881 2882 3046 2936 dicit:
3070 2883 3163 2935 alii
3189 2884 3341 2937 datur
3369 2902 3534 2939 sermo

1944 2974 2231 3046 sapientia,
2276 2973 2369 3027 alii
2406 2974 2627 3027 scientiae
2665 2971 2721 3045 (I
2766 2973 2911 3039 Cor.,
2949 2972 3044 3044 xu)
3068 2985 3204 3041 etc.,
3236 2975 3290 3028 in
3329 2985 3535 3031 tantum

1946 3068 2285 3138 praeeminet,
2316 3076 2375 3122 ut
2399 3075 2619 3123 cunctas
2646 3067 2829 3123 mundi
2859 3069 3122 3125 vanitates
3153 3082 3462 3142 exsuperet.

2018 3160 2179 3215 Num.
2202 3159 2292 3214 89.
2318 3156 2492 3213 Favus
2522 3159 2789 3213 distillans
2804 3158 2940 3212 labia
2970 3170 3077 3226 tua,
3110 3176 3319 3229 sponsa.
3362 3160 3537 3218 Funus

255 3262 283 3301 a
313 3248 530 3304 diabolo
559 3258 855 3305 tentaretur
883 3250 1097 3322 (Matth.
1122 3252 1222 3323 tv),
1264 3267 1330 3308 ex
1372 3253 1472 3309 hac
1513 3254 1651 3309 turri
1691 3268 1843 3309 arma
1872 3230 1919 3295 Ο
1950 3252 2211 3307 distillans
2234 3250 2369 3304 labia
2394 3259 2506 3319 tua,
2530 3249 3211 3319 expositioScripturarum
3237 3266 3535 3317 sacrarum,

256 3341 527 3410 produxit,
561 3355 685 3396 cum
714 3357 835 3397 eum
864 3342 1085 3413 prolatis
1108 3357 1175 3399 ex
1204 3358 1355 3401 sacra
1386 3343 1662 3415 Scriptura
1690 3344 1843 3403 teSti-

260 3431 458 3485 moniis
486 3447 863 3503 usquequaque
886 3434 1102 3493 devicit.

327 3523 486 3578 Num.
511 3523 601 3579 79.
630 3524 749 3580 Duo
773 3526 927 3582 ubera
953 3528 1083 3583 sicut
1112 3528 1215 3584 duo
1246 3529 1451 3586 hinnuli
1477 3546 1697 3601 capreae.
1728 3530 1845 3587 Duo

259 3616 421 3670 ubera
458 3614 714 3669 Ecclesiae
762 3616 869 3672 duo
897 3628 1024 3672 sunt
1061 3617 1411 3674 Testamenta
1440 3629 1683 3689 coaptata
1711 3619 1847 3675 duo-

261 3706 361 3760 bus
394 3706 633 3761 ltinnulis
660 3722 871 3777 caprea:
898 3708 1149 3780 gemellis,
1183 3709 1236 3764 id
1275 3717 1359 3765 est
1382 3709 1593 3765 duobus
1634 3710 1845 3782 populis

262 3796 350 3865 qui
370 3813 433 3852 ex
463 3806 516 3853 te
547 3798 877 3866 nutriuntur,
909 3798 1337 3855 circumcisionis
1362 3800 1611 3857 videlicet
1632 3810 1683 3857 et
1709 3818 1848 3872 pra:-

262 3888 419 3958 putii,
452 3903 518 3943 ex
567 3889 772 3959 peccati
804 3889 1022 3946 traduce
1052 3891 1219 3957 natis;
1261 3906 1381 3962 qua:
1412 3901 1591 3946 tamen
1622 3908 1846 3961 pascun-

262 3991 343 4033 tur
370 3980 422 4033 in
452 3979 595 4046 liliis,
623 3980 748 4035 dum
774 3991 1082 4038 sanctorum
1122 3981 1408 4053 proficiunt
1438 3982 1641 4055 pariter
1666 3998 1847 4040 crem-

265 4071 367 4140 plis
397 4079 452 4125 et
475 4071 756 4131 doctrinis.

332 4166 488 4222 Num.
518 4166 611 4225 80.
645 4168 818 4225 Donec
856 4172 1043 4243 aspiret
1072 4173 1202 4239 dies,
1241 4182 1290 4227 et
1326 4172 1617 4227 inclinetur.
1648 4171 1848 4238 Donec,

262 4258 399 4313 sicut
427 4260 717 4330 Apostolus
750 4262 843 4330 ait,
874 4264 1203 4327 absos'vcatur
1232 4265 1369 4336 quod
1396 4266 1611 4319 mortale
1654 4272 1729 4319 est
1757 4262 1842 4318 tll

262 4348 383 4406 Cor.
408 4355 485 4422 v).

331 4446 595 4502 Num.81.
612 4447 806 4502 Vadam
835 4450 903 4503 ad
925 4462 1145 4505 montem
1168 4451 1411 4522 myrrhtc.
1436 4452 1745 4524 Conjungar
1766 4453 1849 4509 his

264 4537 352 4608 qui
400 4553 459 4593 se
488 4549 709 4609 propter
736 4540 901 4595 Deum
932 4540 1305 4597 mortiﬁcando
1335 4552 1649 4611 creverunt,
1682 4559 1849 4613 seque

1950 3342 2051 3397 mel
2082 3350 2129 3397 et
2165 3343 2245 3396 lac
2274 3342 2329 3396 in
2356 3341 2600 3397 doctrina
2631 3349 2742 3405 tua,
2773 3341 2867 3394 sub
2911 3342 3089 3411 lingua
3132 3354 3241 3409 tua,
3288 3359 3355 3399 eo
3394 3346 3536 3414 quod

1950 3435 2086 3491 lacte
2115 3431 2368 3503 parvulos
2397 3434 2589 3497 nutris,
2627 3440 2683 3487 et
2710 3432 2764 3487 in
2797 3432 2955 3488 melle
2979 3433 3315 3490 diversorum
3347 3437 3538 3493 vulne-

1950 3542 2067 3582 rum
2098 3526 2214 3582 sive
2244 3533 2585 3595 peccatorum
2614 3524 2926 3595 putredines
2948 3526 3110 3581 tollis.

2021 3617 2179 3673 Num.
2206 3617 2293 3671 90.
2331 3615 2397 3669 Et
2424 3616 2552 3670 odor
2580 3618 2991 3670 vestimentorum
3021 3626 3245 3674 tuorum.
3281 3619 3415 3673 Dicit
3444 3635 3538 3689 per

1951 3708 2269 3779 praphetam
2300 3706 2367 3762 ad
2396 3706 2693 3762 Jerusalem
2738 3707 2805 3763 de
2835 3709 3037 3763 sanctis
3062 3725 3075 3761 :
3106 3708 3232 3764 Vivo
3262 3726 3375 3779 ego,
3417 3712 3537 3765 dicit

1956 3798 2222 3865 Dominus,
2250 3799 2369 3866 quia
2388 3797 2623 3851 omnibus
2646 3796 2723 3851 his
2753 3798 2884 3851 velut
2914 3809 3209 3851 ornamento
3232 3800 3454 3853 vestieris
3488 3810 3536 3854 et

1950 3890 2291 3946 circumdabis
2318 3890 2404 3944 tibi
2430 3906 2515 3945 eos
2539 3889 2684 3959 quasi
2710 3905 2920 3959 sponsa.
2953 3889 3185 3945 Proinde
3215 3892 3536 3948 vestimenta

1953 3984 2230 4050 Ecclesize,
2274 3997 2462 4038 omnes
2501 3982 2753 4039 videlicet
2795 3983 2965 4039 sancti
3004 3984 3245 4053 praeclari
3275 3985 3329 4040 in
3356 3985 3536 4040 verbis

1953 4089 2007 4136 et
2033 4078 2309 4149 operibus,
2337 4076 2572 4132 reddunt
2597 4078 2912 4134 suavitatem
2935 4077 3141 4138 odoris.
3344 4136 3347 4139 λ

2024 4172 2183 4226 Num.
2210 4169 2301 4226 9i.
2334 4168 2531 4224 Hortus
2559 4170 2830 4225 conclusus
2856 4186 3003 4225 soror
3024 4186 3138 4224 mea
3164 4186 3372 4240 sponsa.
3404 4168 3536 4225 lluic

1952 4279 2187 4335 sponsas,
2219 4279 2338 4335 qua:
2367 4264 2513 4319 velut
2540 4262 2728 4318 hortus
2755 4263 3115 4330 concluditur,
3148 4264 3199 4318 id
3231 4274 3314 4319 est
3341 4264 3535 4319 Christi

1951 4358 2145 4427 gratia,
2186 4366 2293 4412 tam
2334 4355 2689 4413 indissolubili
2716 4356 2940 4412 materia
2968 4356 3352 4421 circumdatur,
3384 4366 3441 4410 ut
3471 4358 3536 4411 de
3580 4408 3581 4411 η

1954 4464 2015 4502 ca
2053 4447 2217 4502 Isaias
2242 4446 2500 4516 propheta
2527 4446 2723 4502 dixerit
2752 4464 2765 4500 :
2794 4446 2917 4501 Non
2948 4448 3159 4517 adjiciet
3192 4455 3245 4500 ut
3274 4457 3534 4515 pertrans-

1955 4550 2035 4592 eat
2060 4555 2150 4609 per
2185 4546 2233 4592 te
2260 4539 2422 4593 omnis
2459 4537 2841 4591 incircumcisus
2866 4547 2914 4591 et
2938 4537 3226 4590 immundus
3254 4536 3387 4605 (lsa.
3420 4537 3538 4607 LII).

266 4628 345 4682 illi
369 4628 646 4684 offerendo
675 4630 896 4685 odorem
928 4632 1115 4701 gratiae
1138 4631 1425 4700 pr0pinare
1444 4647 1549 4688 non
1572 4632 1845 4689 desinunt.
1876 4613 1932 4676 9
1958 4630 2141 4685 Potest
2168 4629 2329 4685 etiam
2359 4630 2546 4685 hortus
2571 4631 2854 4684 conclusus
2882 4638 2938 4683 et
2982 4629 3099 4682 lous
3129 4628 3390 4698 signatus,
3423 4645 3534 4698 ipsa

334 4720 490 4775 Num.
525 4720 614 4775 82.
648 4720 777 4775 Tota
800 4721 1017 4792 pulchra
1064 4740 1134 4789 es,
1172 4723 1341 4777 amica
1376 4741 1507 4780 mea.
1544 4724 1693 4781 Sicut
1721 4725 1853 4782 dicit

263 4814 574 4882 Apostolus,
605 4823 662 4869 ut
701 4815 956 4869 exhiberet
976 4816 1073 4869 sibi
1099 4814 1386 4871 Ecclesiam
1424 4819 1551 4895 sine.
1576 4820 1776 4873 macula
1803 4828 1852 4874 et

263 4919 390 4973 ruga
414 4902 631 4975 (Ephes.
684 4908 760 4973 v).
794 4906 904 4961 Nec
948 4905 1050 4961 hoc
1075 4913 1229 4962 vacat
1256 4908 1398 4976 quod
1440 4907 1533 4974 ait,
1581 4908 1709 4962 Tota
1735 4909 1853 4979 pul-

263 4993 386 5049 chra
414 5009 490 5057 es,
519 4994 571 5049 in
603 4996 853 5050 omnibus
899 4996 1106 5051 scilicet
1134 4996 1347 5067 pusillis
1376 5004 1428 5051 et
1469 4998 1700 5068 magnis.
1745 4998 1850 5054 Sed

264 5084 359 5148 sic,
394 5096 498 5137 non
526 5082 697 5138 solum
727 5084 779 5138 in
805 5084 1151 5155 martyribus,
1177 5086 1596 5152 contessoribus,
1619 5087 1846 5143 eruditis

265 5176 579 5246 virginibus,
607 5178 701 5233 sed
731 5179 889 5232 etiam
937 5180 990 5232 in
1032 5179 1450 5247 continentibus,
1480 5180 1849 5253 eleemosyna-

266 5265 358 5320 riis
403 5280 466 5321 ac
519 5269 921 5335 penitentibus.
1372 5265 1387 5281 '

337 5352 493 5409 Num.
524 5354 615 5411 85.
653 5356 781 5412 Veni
821 5360 883 5411 de
931 5357 1147 5425 Libano,
1176 5377 1363 5431 sponsa
1408 5377 1540 5427 mea,
1576 5361 1707 5418 veni.
1753 5362 1847 5417 Li-

267 5445 438 5501 banus
474 5447 675 5503 candor
718 5448 1140 5517 interpretatur:
1169 5450 1271 5506 nisi
1307 5451 1449 5506 enim
1490 5453 1610 5522 quis
1650 5453 1849 5508 cando-

267 5554 377 5593 rem
423 5552 580 5595 sacro
619 5540 940 5610 baptismate
969 5557 1075 5611 quo
1107 5552 1445 5611 peccatorum
1486 5546 1729 5602 remissio
1753 5548 1852 5602 da-

266 5639 371 5694 tur,
404 5630 724 5699 perceperit,
759 5632 824 5687 ad
847 5631 1114 5687 Christum
1142 5635 1324 5689 venire
1345 5650 1449 5689 non
1483 5646 1677 5705 potest.

334 5720 493 5777 Num.
524 5721 615 5778 84.
642 5723 975 5779 Coronaberis
1003 5725 1066 5778 de
1094 5726 1259 5794 capite
1286 5727 1847 5786 Amana.Scnirinter-

270 5822 509 5883 prctatur
548 5816 795 5885 lucerna;
841 5816 1076 5875 llermon
1119 5820 1491 5875 consecratio:
1518 5837 1637 5891 qua:
1662 5822 1843 5879 omnia

1956 4732 2129 4777 mater
2174 4723 2386 4777 Domini
2433 4723 2492 4778 S.
2527 4723 2688 4777 Maria
2740 4722 2983 4791 intelligi,
3024 4736 3142 4790 quae
3175 4723 3321 4791 virgo
3357 4721 3534 4776 conci-

1958 4816 2110 4883 piens
2138 4816 2395 4886 virgoque
2441 4829 2726 4886 generans,
2779 4814 3015 4869 conclusi
3068 4813 3205 4868 horti
3252 4822 3307 4870 et
3343 4815 3535 4885 signati

1955 4906 2119 4963 fontis
2151 4907 2523 4962 intemeratum
2551 4909 2604 4962 in
2632 4923 2691 4964 se
2720 4906 2884 4961 decus
2908 4905 3171 4961 exhibuit.

2028 4999 2185 5053 Num.
2216 4999 2307 5055 92.
2341 4998 2652 5055 Emissiones
2682 5009 2783 5053 tum
2812 4999 3082 5067 paradisus
3111 4998 3383 5054 malorum.
3411 4998 3539 5054 Pro-

1957 5092 2126 5147 lectus
2165 5092 2277 5157 tui,
2320 5092 2661 5162 congregatio
2708 5102 3015 5158 sanctorum
3065 5098 3385 5162 martyrum,
3419 5108 3536 5146 cum

1955 5198 2225 5255 pomorum
2263 5183 2547 5252 fructibus;
2584 5198 2705 5238 cum
2759 5184 2962 5254 reliqua
3010 5185 3247 5241 fidelium
3296 5185 3536 5241 multitu-

1955 5274 2077 5329 dine
2104 5288 2223 5344 qutc
2246 5274 2466 5343 justitire
2494 5274 2778 5333 dulcedine
2805 5274 3106 5334 decoratur.

2026 5366 2183 5421 Num.
2219 5365 2308 5424 95.
2338 5367 2498 5437 Cypri
2522 5384 2638 5422 cum
2677 5370 2870 5437 nardo,
2910 5372 3104 5425 nardus
3143 5378 3192 5425 et
3222 5389 3418 5426 crocus.
3454 5372 3534 5426 ln-

1956 5459 2230 5528 corruptio
2271 5468 2322 5516 et
2373 5460 2631 5516 fortitudo
2659 5461 2870 5517 virtutis
2914 5470 3204 5533 martyrum
3226 5502 3241 5528 ,
3271 5462 3531 5527 doctrina,

1956 5551 2094 5606 bona
2140 5551 2305 5617 fama,
2342 5553 2682 5623 reperiuntur
2722 5553 2775 5609 in
2807 5553 3073 5608 universis
3100 5552 3307 5622 populis
3336 5552 3533 5623 baptis-

1957 5653 2100 5700 mate
2126 5645 2179 5700 in
2208 5643 2425 5701 Christo
2456 5646 2677 5701 renatis.

2026 5735 2187 5791 Num.
2229 5737 2319 5791 9b.
2367 5736 2580 5806 Myrrha
2617 5748 2672 5791 et
2732 5736 2846 5788 aloe
2883 5750 2999 5787 cum
3046 5734 3299 5787 erunibus.
3350 5734 3534 5789 Mortis

1955 5823 2153 5882 Christi
2196 5827 2422 5897 insignia
2449 5841 2569 5882 cum
2597 5825 2878 5895 praecipuis
2908 5825 2965 5883 S.
2998 5826 3227 5896 Spiritus
3258 5827 3425 5885 'Jonis.
