3958 6358
429 408 529 463 L79

1679 418 1737 477 S.
1777 417 1963 476 JUSTI
1996 416 2469 481 URCEILENSIS

3614 427 3728 488 930

499 523 654 579 Num.
699 524 786 583 95.
834 527 975 585 Fons
1027 533 1310 598 hortorum,
1360 544 1539 605 puteus
1575 553 1842 607 aquarum.
1877 534 2017 589 Fons
2045 535 2095 591 Α
2123 536 2190 594 de
2209 536 2448 609 gentium
2473 546 2809 605 vocatarum;
2841 546 2966 597 tunc
2988 539 3128 597 enim
3144 540 3336 596 ostium
3362 540 3434 597 illi
3457 542 3723 612 aperitur,

430 624 619 682 patens
646 619 878 675 eruditio
904 623 1255 692 populorum;
1292 635 1491 696 puteus,
1526 628 1860 697 profunditas
1885 630 2018 684 doc-

430 706 724 776 trinarum;
756 727 869 781 qua
896 715 1064 785 ﬂuunt
1090 716 1282 789 impetu
1321 722 1384 773 de
1409 719 1625 788 Libano,
1654 736 1775 776 cum
1806 717 2021 779 fervore

430 798 665 865 Spiritus
694 804 1010 863 emittuntur
1037 825 1065 863 a
1099 809 1340 867 Christo.

500 887 657 945 Num.
703 890 793 950 96.
842 896 1028 970 Surge,
1072 903 1282 971 Aquilo,
1332 914 1379 959 et
1428 906 1560 969 veni,
1611 906 1813 962 Auster.
1874 905 2018 963 Unus

431 979 687 1049 Spiritus,
723 986 773 1041 id
803 999 921 1054 est,
954 993 1077 1062 quia
1121 996 1320 1065 Aquilo
1366 1004 1525 1067 atque
1565 999 1759 1054 Auster
1785 1006 1909 1053 sunt
1938 999 2020 1053 di-

432 1084 581 1126 versa
612 1078 894 1149 vocabula,
926 1086 1081 1140 unius
1108 1086 1341 1157 Spiritus
1379 1091 1551 1145 sancti
1579 1092 1814 1148 insinuat
1840 1092 1978 1148 dona
1998 1134 2018 1161 ,

428 1164 623 1234 Aquilo
666 1168 790 1226 dum
823 1178 1178 1233 aestuantibus
1214 1181 1492 1252 refrigeria
1540 1186 1763 1254 praebet,
1818 1189 2018 1242 Auster

430 1254 559 1310 ilum
590 1258 755 1317 duros
784 1266 849 1318 ad
881 1269 1209 1325 credendum
1242 1254 1325 1329 vel
1378 1275 1818 1332 benefaciendum
1848 1277 2018 1333 resol-

432 1346 532 1403 vit.
562 1353 880 1423 Aquiloan
913 1370 1089 1417 autem
1136 1365 1189 1418 in
1234 1366 1428 1423 bonam
1475 1380 1681 1440 partem
1708 1373 1832 1442 poni
1862 1372 2015 1429 Psal-

432 1442 592 1498 mista
623 1446 800 1515 docet,
834 1450 984 1507 Mons
1015 1454 1144 1511 Sion
1173 1458 1334 1515 latera
1362 1462 1631 1533 Aquilonis
1661 1464 1834 1519 civitas
1862 1465 2018 1538 Regis

433 1537 1021 1629 magni(Psal.x1.vn).
1073 1549 1141 1607 Et
1173 1569 1386 1610 rursum
1430 1557 1678 1614 Ezechiel
1724 1537 2014 1629 propheta:

432 1622 531 1724 {5st
565 1647 719 1702 super
757 1651 835 1689 me
864 1655 1047 1695 manus
1074 1640 1305 1713 Domini,
1335 1656 1383 1702 et
1412 1649 1535 1717 vidi,
1567 1661 1611 1705 et
1641 1668 1753 1708 ecce
1793 1622 2018 1724 Spiritus

433 1716 644 1819 [uigens
672 1728 898 1783 veniebat
939 1734 1001 1787 ab
1033 1735 1282 1805 Aquilone
1310 1739 1524 1812 (Ezech.
1556 1745 1618 1812 ι).
1670 1745 1736 1800 Et
1766 1716 2018 1816 quoniam

432 1812 486 1905 i_n
520 1812 727 1871 duobus
758 1835 895 1876 unus
925 1825 1256 1899 advertitur,
1305 1848 1413 1888 non
1462 1837 1569 1904 ait,
1620 1812 1884 1905 Perﬂa-te.
1924 1841 2018 1897 sed

2124 632 2339 700 quando
2366 648 2430 689 ea
2458 648 2576 703 qua:
2603 632 2865 704 praecepit
2901 633 3281 703 adimplentur,
3311 634 3393 688 vel
3421 634 3634 704 quando
3668 636 3727 690 in

2125 722 2207 777 his
2232 724 2322 792 qui
2350 722 2690 778 crediderunt
2736 724 2786 779 ei
2819 738 2915 793 per
2957 723 3115 780 ﬁdem
3146 725 3397 780 introitus
3419 738 3723 783 reseratur.

2123 816 2286 873 Soror
2321 816 2518 871 Christi
2539 826 2621 872 est
2665 816 2901 873 Ecclesia
2947 816 3015 872 de
3064 819 3323 888 sanguine
3344 820 3461 886 ejus
3487 836 3501 884 ;
3528 820 3726 883 amica,

2120 908 2241 978 quia
2271 923 2368 978 per
2394 919 2623 964 mortem
2655 907 2772 979 ejus
2794 908 3141 964 reconciliata
3170 926 3184 975 ;
3211 911 3465 978 columba,
3500 911 3568 967 de
3598 911 3729 982 Spi-

2120 1003 2224 1056 ritu
2254 1008 2462 1065 sancto,
2489 999 2831 1056 immaculata
2864 1001 3115 1071 baptismi
3139 1013 3494 1058 sacramento.

2189 1093 2346 1148 Num.
2393 1092 2514 1150 105.
2559 1092 2695 1161 Quia
2730 1104 2887 1166 caput
2929 1110 3096 1147 meum
3138 1096 3345 1163 plenum
3384 1105 3479 1149 est.
3518 1095 3581 1149 iii
3626 1098 3726 1165 qui

2122 1183 2398 1255 principali
2430 1184 2635 1240 honore
2675 1186 2727 1239 in
2782 1185 3027 1241 Ecclesia
3062 1186 3414 1255 praeeminere
3440 1186 3721 1253 videntur,

2120 1278 2272 1348 quasi
2310 1286 2472 1348 caput
2494 1278 2547 1333 in
2569 1276 2767 1334 Christi
2814 1277 3436 1348 corporeadvertuntur;
3462 1288 3513 1333 et
3534 1278 3635 1347 .qui
3667 1279 3725 1332 in

2119 1368 2230 1435 ipsa
2261 1367 2493 1425 ﬁdelium
2515 1368 2924 1439 congregatione
2944 1378 3278 1424 sacramenta
3308 1367 3530 1422 visibilia
3551 1370 3727 1423 admi-

2120 1461 2366 1527 nistrant,
2388 1461 2548 1517 veluti
2567 1460 2797 1516 cincinni
2816 1461 3209 1516 describuntur.
3228 1461 3333 1516 Sed
3350 1462 3468 1532 quia
3487 1462 3726 1531 plerum-

2121 1567 2224 1621 que
2247 1554 2502 1608 mortales
2538 1553 2786 1609 homines
2813 1553 2955 1608 vitiis
2985 1554 3068 1609 vel
3092 1554 3435 1609 tenebrarum
3466 1553 3726 1620 aperibus

2121 1641 2431 1697 inliciuntnr
2456 1660 2467 1696 :
2499 1642 2550 1696 hi
2591 1656 2720 1715 ergo
2748 1642 2893 1697 velut
2917 1642 3082 1713 guttis
3111 1644 3347 1697 noctium
3372 1645 3717 1714 praegravati,

2122 1732 2338 1789 Christo
2365 1733 2518 1803 quasi
2548 1732 2711 1802 capiti
2750 1732 3026 1788 adhaarere
3065 1732 3336 1789 videntur.
3366 1734 3470 1790 Sed
3500 1734 3568 1788 de
3595 1734 3726 1803 qui-

2125 1824 2346 1880 husdam
2386 1825 2672 1891 Apostolus
2692 1824 2767 1879 ait
2790 1842 2806 1879 :
2838 1822 2951 1892 Ipsi
2979 1823 3240 1879 Christum
3266 1842 3367 1879 non
3396 1826 3588 1879 sincere
3607 1842 3720 1879 an-

432 1899 610 2005 Pertla
632 1907 833 1965 hortum
862 1932 1050 1986 meum,
1084 1932 1131 1977 et
1157 1926 1326 1994 ﬂuant
1354 1899 1585 1985 aromata
1613 1931 1751 1988 illius
1774 1950 1793 1988 :
1818 1899 2017 2005 inspira
2047 1925 2095 1985 B
2124 1918 2356 1974 nuntiant
2388 1916 2610 1989 (Philip.
2639 1916 2701 1989 ι).
2743 1917 3032 1986 Propterea
3060 1933 3160 1972 vox
3187 1933 3419 1988 sponsze,
3454 1919 3596 1974 velut
3620 1934 3728 1989 pro

434 1997 743 2098 credentem
776 2008 1047 2080 populum,
1082 2024 1137 2070 et
1178 2018 1480 2077 redundent
1522 2022 1663 2079 bona
1692 2040 1857 2096 opera
1880 1997 2016 2098 eius.

504 2088 632 2145 CAP.
662 2094 726 2155 ν.
751 2123 817 2139 ~
844 2100 1109 2162 Num.97.
1139 2106 1320 2166 Veniat
1345 2114 1560 2171 dilectus
1582 2088 1792 2173 meus'in
1815 2088 2022 2176 [torium

433 2197 601 2237 suum.
652 2187 987 2260 Ingretliatur
1029 2198 1081 2254 in
1140 2201 1434 2260 Ecclesium
1464 2222 1614 2263 suam
1643 2219 1696 2264 et
1725 2209 2024 2267 delectetur

518 2278 769 2344 Operibus
791 2297 1097 2345 sanctorum
1129 2306 1381 2363 suorum;
1409 2297 1515 2364 vel,
1551 2311 1797 2368 pascatur
1826 2316 1854 2355 a
1893 2303 2024 2358 lide-

434 2363 574 2421 libus
619 2370 669 2425 in
715 2379 1061 2447 pauperibus,
1097 2385 1458 2444 retributurus
1494 2363 1590 2459 pro
1642 2393 2024 2462 temporalibus

434 2471 657 2528 regnum
683 2472 963 2524 aeternum.

503 2548 660 2607 Num.
693 2554 783 2611 98.
824 2558 956 2615 Veni
986 2563 1037 2618 in
1073 2565 1280 2623 hortum
1321 2587 1509 2638 meum,
1551 2592 1700 2630 soror
1747 2594 1878 2632 mea.
1924 2578 2023 2634 Fe-

436 2640 575 2697 stina
603 2645 668 2699 ad
709 2664 930 2720 regnum
963 2671 1165 2725 meum,
1199 2662 1349 2731 plebs
1393 2667 1611 2723 nomine
1666 2683 1788 2725 meo
1816 2671 2021 2725 ditata:

434 2749 582 2790 soror
622 2755 755 2809 mea,
810 2743 878 2800 de
926 2750 1185 2821 sanguine
1221 2768 1370 2821 meo;
1404 2773 1593 2824 sponsa
1635 2775 1768 2828 mea,
1818 2762 1869 2815 in
1921 2761 2025 2818 iidc

437 2843 577 2894 mea,
624 2833 766 2888 sicut
792 2846 843 2891 et
876 2837 1041 2897 Oseas
1082 2846 1341 2915 propheta
1394 2849 1566 2905 dicit:
1600 2850 1932 2922 Desponsabo
1979 2865 2026 2910 te

434 2923 558 2976 mihi
579 2927 628 2979 in
650 2928 753 2993 ﬁde
778 2930 925 3000 (Ose.
952 2936 1031 3008 tt).

505 3014 663 3072 Num.
695 3018 783 3076 99.
819 3023 1014 3082 Messui
1042 3035 1304 3104 myrrham
1354 3053 1519 3092 meam
1550 3055 1663 3093 cum
1710 3041 2026 3097 aromatibus

435 3106 574 3159 meis.
607 3107 833 3184 Suscipe
879 3120 965 3186 qui
1001 3133 1217 3192 propter
1246 3142 1333 3183 me
1363 3130 1504 3197 passi
1538 3132 1619 3187 vel
1650 3132 1845 3189 mortui
1877 3143 2022 3203 sunt,

434 3209 553 3251 cum
585 3203 788 3259 meritis
818 3222 1025 3277 eorum,
1062 3228 1324 3289 martyres
1355 3236 1523 3277 meos.

2125 2012 2317 2068 talibus
2343 2011 2739 2078 ingemiscentis
2775 2012 3137 2083 subsequltur.

2194 2102 2355 2158 Num.
2400 2101 2523 2158 106.
2565 2102 2803 2174 δροϊὶαυὶ
2830 2120 2911 2158 me
2940 2105 3112 2159 tunica
3138 2121 3270 2159 mea.
3298 2105 3528 2160 Veniens
3556 2105 3621 2159 ad
3657 2104 3728 2158 [i-

2124 2194 2272 2261 dem,
2297 2203 2533 2250 veterem
2558 2194 2830 2251 hominem
2854 2195 3149 2251 secundum
3177 2196 3451 2266 pristinam
3480 2211 3726 2251 conver-

2124 2284 2383 2339 sationem
2407 2283 2652 2353 dcposui,
2675 2295 2721 2339 et
2743 2284 2894 2339 indui
2913 2301 3119 2349 novum,
3137 2287 3221 2354 qui
3244 2286 3525 2340 secundum
3555 2286 3725 2340 Deum

2125 2382 2322 2428 creatus
2347 2384 2419 2429 est
2440 2372 2660 2444 (Ephes.
2688 2374 2790 2445 tv).
2818 2374 2875 2431 Si
2897 2373 3022 2445 quid
3053 2377 3213 2431 etiam
3243 2375 3476 2445 contagii
3502 2375 3629 2431 dum
3666 2378 3726 2430 in

2127 2466 2353 2523 terrenis
2382 2467 2617 2538 gradior,
2647 2468 2873 2539 pedibus
2913 2468 3046 2524 meis
3092 2471 3340 2536 accessit,
3378 2468 3595 2525 Christo
3625 2472 3721 2525 la-

2126 2571 2284 2617 vante
2309 2562 2547 2618 ablutum
2575 2571 2658 2619 est
2685 2580 2699 2629 ;
2729 2571 2783 2618 et
2803 2571 2929 2617 tunc
2956 2564 3233 2619 ministros
3261 2574 3722 2618 sacramentorum

2128 2670 2225 2724 per
2250 2670 2384 2726 quos
2412 2656 2592 2712 ornari
2620 2655 2812 2724 debeo,
2837 2655 3142 2711 carnalibus
3174 2656 3400 2712 iniectos
3430 2657 3574 2711 vitiis
3606 2670 3718 2709 non

2128 2747 2244 2801 sino
2274 2762 2509 2803 maerore
2536 2747 2830 2817 conspicio.
2864 2747 2930 2802 Et
2961 2747 3161 2801 idcirco
3189 2747 3310 2816 quia
3342 2746 3496 2801 malis
3525 2745 3726 2815 quibus

2127 2840 2580 2907 renuntiaveram,
2640 2841 2695 2895 in
2744 2838 3093 2911 quorumdam
3144 2839 3587 2908 praevaricatione
3631 2854 3726 2893 me

2128 2933 2323 2989 l'uscari
2353 2934 2639 3004 persentio,
2680 2931 2914 3003 Spoliavi
2950 2948 3027 2986 me
3068 2932 3241 2985 tunica
3280 2946 3413 2994 mea,
3461 2928 3726 2997 quomodo

2128 3030 2317 3083 induar
2346 3026 2477 3083 illa?
2505 3027 2629 3082 Lavi
2652 3027 2803 3097 pedes
2831 3042 2986 3091 meos,
3013 3024 3266 3093 quomodo
3284 3022 3560 3090 inquinabo
3591 3036 3679 3076 eos
3702 3023 3728 3077 P

2130 3119 2364 3191 Lugubri
2394 3117 2557 3173 corde
2586 3116 2888 3186 pronuntio,
2917 3123 3169 3185 tanquam
3198 3111 3435 3181 apertius
3462 3111 3725 3181 loquens:

2130 3210 2374 3282 Nunquid
2405 3209 2665 3265 condecet
2682 3218 2739 3262 ut
2763 3207 2999 3263 vestibus
3017 3213 3356 3276 peccatorum
3380 3204 3570 3272 quibus
3591 3219 3724 3259 cre—

505 3290 664 3349 Num.
702 3297 823 3354 100.
856 3300 1074 3361 Comedi
1104 3310 1275 3381 favum
1304 3329 1416 3367 cum
1456 3316 1609 3372 melle
1636 3334 1768 3374 meo.
1801 3321 1903 3377 Eos
1930 3321 2022 3391 qni

2136 3302 2264 3359 dens
2314 3301 2581 3372 me'exui,
2616 3301 2807 3355 iterum
2844 3298 3082 3354 induar?
3109 3298 3215 3353 Aut
3243 3296 3494 3351 sordibus
3526 3295 3723 3364 quibus

435 3394 617 3443 tenera
666 3392 749 3446 vel
801 3396 1207 3458 vehementiore
1250 3404 1493 3461 doctrina
1537 3409 1747 3467 Veteris
1794 3421 1850 3468 et
1890 3412 2021 3469 Novi

434 3475 765 3537 Testamenti
798 3487 990 3543 eruditi
1021 3502 1165 3559 sunt,
1196 3496 1410 3565 suscipe
1438 3499 1491 3553 in
1524 3515 1754 3571 corpore
1780 3519 1923 3559 meo.

505 3571 661 3628 Nutu.
692 3575 812 3631 10!.
861 3579 1144 3653 Comedite,
1188 3590 1361 3656 amici,
1394 3600 1439 3645 et
1468 3592 1636 3648 bibite.
1682 3596 1818 3651 Dicit
1848 3598 2025 3653 Domi-

436 3678 537 3720 nus
585 3665 636 3722 in
670 3668 958 3743 Evangelio
1002 3677 1067 3731 ad
1117 3682 1572 3748 apostoloszlam
1626 3703 1729 3741 non
1780 3688 1895 3744 dico
1938 3706 2069 3744 vos~

434 3774 627 3849 servos,
658 3764 749 3816 sed
778 3768 967 3822 amicos
996 3769 1174 3839 (Joan.
1217 3773 1328 3839 xv).
1379 3775 1536 3832 Petro
1561 3786 1739 3834 autem
1782 3780 2026 3849 apostolo

432 3848 488 3902 in
513 3849 605 3905 illo
633 3868 758 3910 vase
785 3855 851 3909 de
885 3859 1038 3914 ctelis
1064 3862 1263 3919 emisso
1295 3865 1347 3919 in
1372 3880 1477 3936 quo
1505 3869 1553 3925 ei
1586 3869 1799 3926 diversa
1826 3886 2026 3942 genera

432 3944 745 4003 animalium
797 3962 923 4006 Sttnl
970 3963 1216 4019 ostensa,
1251 3958 1453 4013 dictum
1482 3971 1564 4014 est
1593 3978 1605 4014 :
1635 3960 1817 4028 Petre,
1859 3970 2027 4016 macta

434 4048 482 4091 et
507 4042 760 4095 manduca
788 4042 929 4108 (Act.
958 4045 1012 4116 χ)
1040 4062 1053 4098 :
1081 4046 1131 4101 id
1165 4057 1277 4115 est,
1302 4051 1598 4118 mortifica;
1630 4054 1771 4122 quod
1797 4064 1941 4121 sunt,
1973 4065 2025 4112 et

435 4131 577 4198 quod
605 4132 722 4201 ipse
753 4148 833 4196 es,
864 4135 1038 4191 efﬁce.
1070 4138 1211 4208 Ergo
1233 4142 1519 4208 comedite,
1546 4144 1728 4210 amici,
1759 4155 1814 4200 et
1842 4147 2025 4203 bibite.

436 4220 521 4275 Sit
549 4225 702 4279 vobis
728 4226 911 4280 laztitia
952 4228 1019 4284 de
1048 4233 1454 4288 conversatione
1486 4236 1802 4304 pepulorum
1838 4239 1887 4293 in
1938 4255 2029 4297 ve-

438 4326 607 4371 stram
643 4323 1031 4376 transeuntium
1060 4325 1342 4380 unitatem.

508 4408 666 4465 Num.
689 4409 806 4466 102.
839 4410 949 4483 Ego
978 4414 1198 4477 dormio,
1216 4422 1263 4468 et
1282 4433 1369 4471 cor
1391 4434 1555 4473 meum
1578 4421 1773 4493 vigilat.
1804 4424 2031 4494 Propter

435 4504 709 4560 Christum
743 4508 877 4560 mori
922 4517 1138 4575 paratus
1166 4524 1306 4575 sum,
1338 4511 1430 4566 sed
1474 4523 1593 4582 post
1637 4525 1862 4571 mortem
1906 4531 2027 4571 cum

435 4598 555 4667 ipso
583 4609 926 4668 regnaturum
960 4616 1047 4654 me.
1070 4615 1189 4655 esse
1220 4602 1402 4657 credo.
1435 4605 1547 4674 Ego
1578 4608 1737 4661 etiam
1763 4623 1790 4661 a
1825 4618 2031 4678 tempo-

2124 3395 2307 3451 abluta
2337 3407 2477 3460 sum,
2516 3406 2703 3447 ru:sus
2736 3391 2875 3445 male
2909 3388 3142 3445 vivendo
3181 3387 3447 3457 inquinari
3489 3402 3576 3441 me
3619 3403 3724 3454 pa-

2127 3489 2263 3547 tiar?
2293 3489 2375 3545 vel
2422 3488 2467 3543 si
2499 3494 2708 3557 oportet
2741 3494 2855 3540 uta
2887 3483 3128 3555 profectu
3156 3481 3222 3535 ad
3252 3480 3540 3549 deiectum,
3576 3482 3659 3535 vel
3691 3496 3723 3535 a

2127 3583 2302 3637 nitore
2328 3581 2554 3652 justitia:
2579 3579 2646 3634 ad
2681 3587 3020 3649 peccatorum
3053 3574 3381 3646 nigredinetu
3426 3572 3566 3626 male
3590 3586 3727 3627 con~

2128 3675 2394 3732 versando
2416 3672 2726 3743 regrediar?

2198 3767 2356 3823 Num.
2399 3766 2520 3823 107.
2564 3765 2797 3821 Dilectus
2827 3780 2966 3818 meus
3018 3761 3153 3821 misit
3183 3776 3389 3814 manum
3428 3773 3595 3812 suam.
3626 3757 3700 3810 Mi

2131 3860 2199 3915 sit
2231 3876 2447 3915 manum
2476 3874 2627 3914 suam
2652 3875 2741 3928 per
2761 3857 3014 3927 foramen,
3043 3854 3254 3924 quando
3276 3867 3363 3908 me
3384 3867 3479 3921 per
3497 3849 3646 3922 passi
3659 3868 3725 3899 υ-

2131 3971 2256 4010 num
2314 3954 2598 4026 angustias
2652 3951 2885 4007 transire
2929 3948 3322 4020 perdocuit;et
3370 3953 3541 3998 venter
3581 3958 3725 3996 meus

2130 4048 2458 4103 conturbatus
2478 4054 2551 4101 est
2578 4045 2646 4099 ad
2669 4054 2860 4099 tactum
2884 4046 3016 4114 ejus,
3031 4036 3243 4110 quando
3264 4036 3581 4091 imminente
3600 4050 3727 4099 per-

2129 4138 2406 4194 secutione
2449 4135 2772 4191 infirmiores
2806 4134 2907 4188 mei
2951 4129 3248 4186 conturbati
3280 4132 3728 4182 contremuerunt

2129 4227 2422 4284 acerbitate
2442 4238 2721 4295 poenarum
2740 4237 2858 4293 qum
2875 4222 3004 4276 mihi
3035 4220 3198 4275 illane
3218 4227 3339 4271 sunt
3361 4231 3430 4271 ex
3458 4212 3727 4284 permissu

2130 4319 2267 4389 ejus.
2297 4318 2493 4373 Tactus
2523 4324 2700 4371 autem
2742 4316 2863 4381 iste,
2895 4310 3225 4367 advenientis
3263 4308 3432 4377 plagae
3469 4304 3728 4373 intelligi-

2133 4422 2218 4465 tur
2243 4411 2533 4475 cruciatus,
2564 4406 2858 4463 secundum
2891 4403 3018 4459 illud
3050 4404 3101 4457 in
3128 4400 3250 4463 Job,
3282 4399 3497 4453 dicente
3526 4398 3727 4451 Satana

2130 4501 2197 4555 ad
2230 4501 2551 4555 Dominum:
2588 4496 2788 4565 Alioqui
2815 4506 2964 4565 tange
2991 4510 3127 4559 ossa,
3160 4502 3206 4545 et
3235 4506 3439 4545 carnem
3460 4490 3595 4555 eius,
3628 4489 3729 4542 nisi

2131 4596 2182 4648 in
2214 4594 2397 4664 faciem
2419 4591 2723 4647 benedixerit
2745 4589 2835 4643 tibi
2866 4586 2986 4660 (Job
3009 4584 3071 4657 l).

436 4691 640 4747 ratibus
669 4691 1135 4762 delectationibus,
1164 4697 1458 4767 consopitis
1483 4671 1879 4768 quodammodo
1903 4671 2023 4757 sen-

2136 4698 2141 4705 ‘
2207 4685 2366 4739 Num.
2409 4683 2533 4739 10S.
2568 4681 2788 4738 Surrexi
2807 4686 2861 4733 ut
2881 4678 3133 4747 aperirem
3162 4674 3352 4729 dileclo
3384 4688 3516 4727 meo.
3550 4671 3731 4743 Evigi-

436 4786 610 4854 sihus,
651 4787 1008 4858 conquiesco;
1059 4789 1152 4845 sed
1211 4790 1386 4845 futura
1432 4791 1682 4849 desidero
1728 4804 2036 4866 aeternaque

439 4892 720 4946 conquiro.

512 4969 671 5027 Num.
704 4971 953 5030 Πᾶνα»
978 4976 1150 5033 dilecti
1172 4976 1441 5047 pulsantis.
1472 4978 1606 5035 Dicit
1629 4980 1682 5033 in
1712 4980 2032 5051 Apocalypsi

439 5061 555 5131 ipse
584 5062 871 5118 Dominus:
903 5063 1012 5137 Ego
1056 5075 1133 5119 sto
1172 5066 1241 5120 ad
1289 5069 1477 5121 ostium
1517 5078 1565 5123 et
1614 5069 1798 5139 pulso;
1838 5071 1882 5124 si
1920 5073 2033 5142 quis

437 5154 695 5223 aperuerit
726 5153 872 5221 mihi,
909 5156 1129 5213 introibo
1166 5172 1281 5211 cum
1315 5158 1405 5211 illo
1433 5169 1480 5213 et
1510 5160 1716 5214 cenabo
1746 5176 1858 5214 cum
1892 5164 2022 5232 ipso,

438 5254 488 5300 et
514 5246 625 5313 ipse
654 5260 846 5299 mecum
887 5247 1076 5317 (Apoc.
1124 5248 1229 5316 tu).
1271 5234 1455 5305 Pulsat
1503 5250 1767 5306 Dominus
1814 5254 2030 5323 quando

440 5352 559 5407 qum
586 5336 724 5391 bona
750 5345 897 5407 sunt,
931 5339 1012 5393 vel
1041 5354 1137 5408 per
1168 5339 1466 5396 doctrinam
1493 5341 1672 5407 docet,
1706 5345 1785 5415 vel
1819 5342 2030 5399 occulta

440 5429 796 5500 inspiratione
847 5439 1154 5486 sanctorum
1206 5432 1367 5487 corda
1417 5434 1483 5487 ad
1532 5434 1669 5489 bene
1722 5434 2030 5489 faciendum

440 5522 675 5593 instigat.
706 5523 799 5579 Vel
823 5524 937 5581 haec
957 5534 1037 5581 est
1066 5541 1166 5582 vox
1200 5527 1460 5596 pulsantis
1486 5525 1538 5580 in
1571 5526 1896 5594 Evangelio:
1932 5526 2031 5582 Ve-

439 5618 543 5670 nite
570 5618 637 5669 ad
667 5633 743 5669 me
769 5632 943 5673 omnes
985 5618 1073 5688 qui
1111 5618 1356 5672 laboratis
1382 5625 1428 5672 et
1458 5618 1656 5670 onerati
1686 5618 1830 5686 estis,
1868 5626 1915 5671 ct
1943 5632 2035 5688 ego

439 5709 667 5777 reﬁciam
697 5724 782 5763 vos
813 5708 1032 5781 (Matth.
1063 5708 1164 5781 xl).

515 5804 671 5860 Num.
697 5803 820 5857 104.
843 5807 999 5874 Aperi
1022 5805 1167 5872 mihi,
1184 5820 1329 5860 soror
1348 5820 1475 5862 mea.
1490 5803 1654 5857 amica
1679 5819 1807 5857 mea.
1826 5801 2033 5872 Aperiri

441 5894 545 5950 sibi
567 5906 697 5967 petit
723 5898 989 5968 Christus,
1015 5903 1097 5958 vel
1121 5899 1423 5957 obedientia
1446 5896 1757 5964 inlidclium,
1781 5897 1862 5954 vel
1892 5896 1945 5952 in
1972 5897 2033 5951 li-

2141 4777 2258 4831 lans
2310 4774 2474 4830 corde
2517 4771 2790 4827 Christum
2830 4767 3079 4826 confessa
3119 4781 3271 4832 sum,
3321 4778 3421 4819 nec
3468 4764 3731 4821 deterrita

2139 4866 2417 4938 suppliciis
2446 4864 2821 4934 corporalibus
2848 4862 2902 4917 in
2939 4859 3278 4932 passionibus
3304 4869 3354 4912 et
3384 4857 3436 4910 in
3476 4856 3733 4926 Operihus

2140 4962 2299 5026 meis,
2321 4958 2693 5015 confessorum
2719 4952 3081 5018 mortiﬁcatio,
3101 4952 3230 5006 etin
3253 4950 3438 5005 electis
3451 4950 3733 5017 apparuit:

2140 5050 2207 5106 In
2239 5058 2509 5123 conspectu
2533 5047 2743 5103 Domini
2768 5062 2903 5099 mors
2934 5044 3154 5113 pretiosa
3174 5051 3467 5095 sancrorum
3502 5038 3731 5109 (Psalm.

2142 5147 2289 5209 cxv).

2209 5234 2369 5290 Num.
2403 5233 2525 5289 109.
2558 5230 2831 5295 Pessulum
2859 5227 2975 5282 os‘ii
3003 5226 3104 5280 mei
3124 5222 3329 5293 aperui.
3358 5220 3516 5276 Omni
3549 5219 3732 5274 dubie-

2142 5338 2248 5383 tate
2268 5336 2496 5390 remota,
2520 5324 2738 5379 Christo
2758 5319 2990 5386 credidi,
3009 5330 3243 5386 eumque
3264 5313 3521 5370 ineffabili
3547 5326 3734 5365 amore

2142 5422 2340 5488 dilexi,
2384 5428 2440 5478 et
2479 5422 2621 5476 clara
2654 5432 2782 5473 voce
2811 5418 2864 5470 in
2896 5413 3200 5469 nationibus
3230 5406 3542 5480 pra-dicavi,
3572 5416 3733 5475 atque

2143 5530 2197 5574 ut
2228 5516 2357 5572 mihi
2388 5514 2604 5569 adesset
2630 5511 2682 5566 in
2720 5504 3149 5563 tribulationibus
3182 5500 3448 5556 invocavi.

2211 5608 2370 5663 Num.
2405 5607 2528 5661 110.
2556 5607 2620 5658 At
2649 5604 2733 5656 ille
2779 5601 3136 5655 declinaverat.
3162 5594 3220 5649 In
3250 5594 3355 5649 hoc
3383 5589 3536 5663 quasi
3568 5585 3732 5643 decli-

2143 5702 2289 5757 navit
2316 5710 2473 5771 atquc
2506 5695 2785 5762 transivit,
2813 5708 2935 5748 eum
2964 5706 3049 5746 me
3091 5688 3539 5759 persequentibus
3570 5682 3731 5738 tradi-

2142 5797 2219 5851 dit
2245 5803 2298 5848 t-t
2320 5792 2543 5864 iniquis,
2572 5800 2625 5847 et
2655 5800 2711 5844 ut
2743 5790 2794 5842 in
2820 5799 2999 5841 meum
3031 5796 3225 5852 carpus
3245 5780 3587 5841 desaevirent,
3618 5775 3731 5845 ipse

2143 5888 2404 5964 permisit.
