  <div class='ocr_page' id='page_1' title='image "/cluster/home/n/w/nwhite01/storage/ocr_20150623/67/hvd.32044073505141/498.png"; bbox 0 0 3958 6358; ppageno 0'>
   <div class='ocr_carea' id='block_1_1' title="bbox 226 382 326 437">
    <p class='ocr_par' dir='ltr' id='par_1_1' title="bbox 226 382 326 437">
     <span class='ocr_line' id='line_1_1' title="bbox 226 382 326 437; baseline 0 0"><span class='ocrx_word' id='word_1_1' title='bbox 226 382 326 437; x_wconf 82' lang='grc'><strong>981</strong></span> 
     </span>
    </p>
   </div>
   <div class='ocr_carea' id='block_1_2' title="bbox 1174 364 2518 434">
    <p class='ocr_par' dir='ltr' id='par_1_2' title="bbox 1174 364 2518 434">
     <span class='ocr_line' id='line_1_2' title="bbox 1174 364 2518 434; baseline -0.01 0"><span class='ocrx_word' id='word_1_2' title='bbox 1174 377 1241 434; x_wconf 81' lang='lat' dir='ltr'><strong>IN</strong></span> <span class='ocrx_word' id='word_1_3' title='bbox 1272 375 1568 434; x_wconf 73' lang='lat' dir='ltr'><strong>CANTICA</strong></span> <span class='ocrx_word' id='word_1_4' title='bbox 1598 369 2043 431; x_wconf 67' lang='lat' dir='ltr'><strong>CANTlCORUll</strong></span> <span class='ocrx_word' id='word_1_5' title='bbox 2087 364 2518 424; x_wconf 73' lang='lat' dir='ltr'><strong>EXPLICATIO.</strong></span> 
     </span>
    </p>
   </div>
   <div class='ocr_carea' id='block_1_3' title="bbox 3387 366 3491 420">
    <p class='ocr_par' dir='ltr' id='par_1_3' title="bbox 3387 366 3491 420">
     <span class='ocr_line' id='line_1_3' title="bbox 3387 366 3491 420; baseline -0.019 0"><span class='ocrx_word' id='word_1_6' title='bbox 3387 366 3491 420; x_wconf 67' lang='lat'><strong>{83</strong></span> 
     </span>
    </p>
   </div>
   <div class='ocr_carea' id='block_1_4' title="bbox 302 479 3497 563">
    <p class='ocr_par' dir='ltr' id='par_1_4' title="bbox 302 479 3497 563">
     <span class='ocr_line' id='line_1_4' title="bbox 302 479 3497 563; baseline -0.004 -12"><span class='ocrx_word' id='word_1_7' title='bbox 302 497 464 552; x_wconf 84' lang='lat' dir='ltr'><strong>Num.</strong></span> <span class='ocrx_word' id='word_1_8' title='bbox 487 496 607 552; x_wconf 87' lang='grc'><strong>111.</strong></span> <span class='ocrx_word' id='word_1_9' title='bbox 629 495 825 550; x_wconf 80' lang='lat' dir='ltr'><strong><em>Anima</em></strong></span> <span class='ocrx_word' id='word_1_10' title='bbox 844 510 955 549; x_wconf 89' lang='lat' dir='ltr'><strong>mea</strong></span> <span class='ocrx_word' id='word_1_11' title='bbox 976 493 1259 563; x_wconf 83' lang='lat' dir='ltr'><strong><em>liquefacta</em></strong></span> <span class='ocrx_word' id='word_1_12' title='bbox 1285 501 1380 546; x_wconf 87' lang='lat' dir='ltr'><strong><em>est.</em></strong></span> <span class='ocrx_word' id='word_1_13' title='bbox 1405 489 1807 547; x_wconf 80' lang='lat' dir='ltr'><strong>Promissiones</strong></span> <span class='ocrx_word' id='word_1_14' title='bbox 1832 487 1884 547; x_wconf 78' lang='grc' dir='ltr'><strong>Δ</strong></span> <span class='ocrx_word' id='word_1_15' title='bbox 1913 483 2058 539; x_wconf 61' lang='lat' dir='ltr'><strong>fallis</strong></span> <span class='ocrx_word' id='word_1_16' title='bbox 2096 482 2229 537; x_wconf 77' lang='lat' dir='ltr'><strong>nihil</strong></span> <span class='ocrx_word' id='word_1_17' title='bbox 2278 481 2455 537; x_wconf 74' lang='lat' dir='ltr'><strong>simile</strong></span> <span class='ocrx_word' id='word_1_18' title='bbox 2494 493 2629 535; x_wconf 72' lang='lat' dir='ltr'><strong>auro</strong></span> <span class='ocrx_word' id='word_1_19' title='bbox 2649 522 2665 548; x_wconf 83' lang='lat'><strong><em>.</em></strong></span> <span class='ocrx_word' id='word_1_20' title='bbox 2694 480 2765 535; x_wconf 71' lang='lat' dir='ltr'><strong>ita</strong></span> <span class='ocrx_word' id='word_1_21' title='bbox 2827 494 2928 535; x_wconf 63' lang='lat' dir='ltr'><strong>nec</strong></span> <span class='ocrx_word' id='word_1_22' title='bbox 2955 481 3010 535; x_wconf 80' lang='lat' dir='ltr'><strong>in</strong></span> <span class='ocrx_word' id='word_1_23' title='bbox 3044 479 3306 536; x_wconf 70' lang='lat' dir='ltr'><strong>creaturis</strong></span> <span class='ocrx_word' id='word_1_24' title='bbox 3343 481 3497 548; x_wconf 55' lang='lat' dir='ltr'><strong>auido</strong></span> 
     </span>
    </p>
   </div>
   <div class='ocr_carea' id='block_1_5' title="bbox 224 583 1807 661">
    <p class='ocr_par' dir='ltr' id='par_1_5' title="bbox 224 583 1807 661">
     <span class='ocr_line' id='line_1_5' title="bbox 224 583 1807 661; baseline -0.005 -15"><span class='ocrx_word' id='word_1_25' title='bbox 224 593 348 661; x_wconf 79' lang='lat' dir='ltr'><strong>ejus</strong></span> <span class='ocrx_word' id='word_1_26' title='bbox 367 590 599 649; x_wconf 88' lang='lat' dir='ltr'><strong>audiens</strong></span> <span class='ocrx_word' id='word_1_27' title='bbox 625 585 854 644; x_wconf 80' lang='lat' dir='ltr'><strong>aestuavi</strong></span> <span class='ocrx_word' id='word_1_28' title='bbox 877 587 1178 653; x_wconf 89' lang='lat' dir='ltr'><strong>desiderio,</strong></span> <span class='ocrx_word' id='word_1_29' title='bbox 1204 584 1428 661; x_wconf 80' lang='lat' dir='ltr'><strong>quando</strong></span> <span class='ocrx_word' id='word_1_30' title='bbox 1456 583 1649 639; x_wconf 86' lang='lat' dir='ltr'><strong>beatos</strong></span> <span class='ocrx_word' id='word_1_31' title='bbox 1683 596 1807 638; x_wconf 86' lang='lat' dir='ltr'><strong>esse</strong></span> 
     </span>
    </p>
   </div>
   <div class='ocr_carea' id='block_1_6' title="bbox 227 659 1809 753">
    <p class='ocr_par' dir='ltr' id='par_1_6' title="bbox 227 659 1809 753">
     <span class='ocr_line' id='line_1_6' title="bbox 227 659 1809 753; baseline -0.005 -17"><span class='ocrx_word' id='word_1_32' title='bbox 227 659 319 753; x_wconf 74' lang='lat' dir='ltr'><strong>qui</strong></span> <span class='ocrx_word' id='word_1_33' title='bbox 346 683 751 752; x_wconf 69' lang='lat' dir='ltr'><strong>persecutionem</strong></span> <span class='ocrx_word' id='word_1_34' title='bbox 783 682 1065 748; x_wconf 86' lang='lat' dir='ltr'><strong><em>patiuntur</em></strong></span> <span class='ocrx_word' id='word_1_35' title='bbox 1103 659 1316 748; x_wconf 70' lang='lat' dir='ltr'><strong><em>propter</em></strong></span> <span class='ocrx_word' id='word_1_36' title='bbox 1339 676 1636 746; x_wconf 72' lang='lat' dir='ltr'><strong>justitiam,</strong></span> <span class='ocrx_word' id='word_1_37' title='bbox 1676 692 1809 746; x_wconf 85' lang='lat' dir='ltr'><strong><em>quo-</em></strong></span> 
     </span>
    </p>
   </div>
   <div class='ocr_carea' id='block_1_7' title="bbox 229 767 1807 844">
    <p class='ocr_par' dir='ltr' id='par_1_7' title="bbox 229 767 1807 844">
     <span class='ocr_line' id='line_1_7' title="bbox 229 767 1807 844; baseline -0.004 -17"><span class='ocrx_word' id='word_1_38' title='bbox 229 780 374 828; x_wconf 85' lang='lat' dir='ltr'><strong><em>niam</em></strong></span> <span class='ocrx_word' id='word_1_39' title='bbox 403 776 636 844; x_wconf 85' lang='lat' dir='ltr'><strong><em>ipsorum</em></strong></span> <span class='ocrx_word' id='word_1_40' title='bbox 658 782 734 827; x_wconf 89' lang='lat' dir='ltr'><strong><em>est</em></strong></span> <span class='ocrx_word' id='word_1_41' title='bbox 762 789 979 843; x_wconf 79' lang='lat' dir='ltr'><strong><em>regnum</em></strong></span> <span class='ocrx_word' id='word_1_42' title='bbox 1005 774 1253 826; x_wconf 69' lang='lat' dir='ltr'><strong><em>cartorum</em></strong></span> <span class='ocrx_word' id='word_1_43' title='bbox 1276 771 1493 840; x_wconf 79' lang='lat' dir='ltr'><strong><em>(Matth.</em></strong></span> <span class='ocrx_word' id='word_1_44' title='bbox 1514 769 1595 839; x_wconf 70' lang='grc' dir='ltr'><strong>ν).</strong></span> <span class='ocrx_word' id='word_1_45' title='bbox 1613 767 1807 824; x_wconf 82' lang='lat' dir='ltr'><strong>eodem</strong></span> 
     </span>
    </p>
   </div>
   <div class='ocr_carea' id='block_1_8' title="bbox 228 865 883 937">
    <p class='ocr_par' dir='ltr' id='par_1_8' title="bbox 228 865 883 937">
     <span class='ocr_line' id='line_1_8' title="bbox 228 865 883 937; baseline -0.002 -17"><span class='ocrx_word' id='word_1_46' title='bbox 228 868 590 937; x_wconf 85' lang='lat' dir='ltr'><strong>promittente</strong></span> <span class='ocrx_word' id='word_1_47' title='bbox 628 865 883 935; x_wconf 75' lang='lat' dir='ltr'><strong>cognovi.</strong></span> 
     </span>
    </p>
   </div>
   <div class='ocr_carea' id='block_1_9' title="bbox 302 952 1810 1021">
    <p class='ocr_par' dir='ltr' id='par_1_9' title="bbox 302 952 1810 1021">
     <span class='ocr_line' id='line_1_9' title="bbox 302 952 1810 1021; baseline -0.003 -12"><span class='ocrx_word' id='word_1_48' title='bbox 302 956 464 1012; x_wconf 81' lang='lat' dir='ltr'><strong>Num.</strong></span> <span class='ocrx_word' id='word_1_49' title='bbox 488 957 610 1012; x_wconf 73' lang='grc'><strong>112.</strong></span> <span class='ocrx_word' id='word_1_50' title='bbox 637 954 865 1021; x_wconf 70' lang='grc' dir='ltr'><strong>Ωυαιδὶυἰ</strong></span> <span class='ocrx_word' id='word_1_51' title='bbox 888 967 935 1012; x_wconf 90' lang='lat' dir='ltr'><strong><em>et</em></strong></span> <span class='ocrx_word' id='word_1_52' title='bbox 960 973 1064 1011; x_wconf 88' lang='lat' dir='ltr'><strong><em>non</em></strong></span> <span class='ocrx_word' id='word_1_53' title='bbox 1087 957 1261 1011; x_wconf 82' lang='lat' dir='ltr'><strong><em>inveni</em></strong></span> <span class='ocrx_word' id='word_1_54' title='bbox 1285 956 1457 1009; x_wconf 91' lang='lat' dir='ltr'><strong><em>illum.</em></strong></span> <span class='ocrx_word' id='word_1_55' title='bbox 1487 953 1578 1009; x_wconf 87' lang='lat' dir='ltr'><strong>Sic</strong></span> <span class='ocrx_word' id='word_1_56' title='bbox 1600 952 1655 1007; x_wconf 91' lang='lat' dir='ltr'><strong>in</strong></span> <span class='ocrx_word' id='word_1_57' title='bbox 1680 965 1810 1006; x_wconf 82' lang='lat' dir='ltr'><strong>con-</strong></span> 
     </span>
    </p>
   </div>
   <div class='ocr_carea' id='block_1_10' title="bbox 229 1045 1811 1121">
    <p class='ocr_par' dir='ltr' id='par_1_10' title="bbox 229 1045 1811 1121">
     <span class='ocr_line' id='line_1_10' title="bbox 229 1045 1811 1121; baseline -0.004 -16"><span class='ocrx_word' id='word_1_58' title='bbox 229 1051 541 1106; x_wconf 88' lang='lat' dir='ltr'><strong>culcationc</strong></span> <span class='ocrx_word' id='word_1_59' title='bbox 571 1052 983 1121; x_wconf 79' lang='lat' dir='ltr'><strong>maliguautiutn</strong></span> <span class='ocrx_word' id='word_1_60' title='bbox 1020 1049 1285 1105; x_wconf 87' lang='lat' dir='ltr'><strong>derelicta</strong></span> <span class='ocrx_word' id='word_1_61' title='bbox 1316 1064 1439 1103; x_wconf 89' lang='lat' dir='ltr'><strong>sum</strong></span> <span class='ocrx_word' id='word_1_62' title='bbox 1466 1047 1628 1117; x_wconf 89' lang='lat' dir='ltr'><strong>quasi</strong></span> <span class='ocrx_word' id='word_1_63' title='bbox 1655 1045 1811 1100; x_wconf 81' lang='lat' dir='ltr'><strong>auxi-</strong></span> 
     </span>
    </p>
   </div>
   <div class='ocr_carea' id='block_1_11' title="bbox 222 1128 1813 1208">
    <p class='ocr_par' dir='ltr' id='par_1_11' title="bbox 222 1128 1813 1208">
     <span class='ocr_line' id='line_1_11' title="bbox 222 1128 1813 1208; baseline -0.009 -13"><span class='ocrx_word' id='word_1_64' title='bbox 222 1141 383 1197; x_wconf 88' lang='lat' dir='ltr'><strong>liator</strong></span> <span class='ocrx_word' id='word_1_65' title='bbox 408 1155 517 1196; x_wconf 86' lang='lat' dir='ltr'><strong>non</strong></span> <span class='ocrx_word' id='word_1_66' title='bbox 543 1148 720 1204; x_wconf 85' lang='lat' dir='ltr'><strong>esset;</strong></span> <span class='ocrx_word' id='word_1_67' title='bbox 754 1147 808 1194; x_wconf 92' lang='lat' dir='ltr'><strong>et</strong></span> <span class='ocrx_word' id='word_1_68' title='bbox 832 1136 921 1208; x_wconf 88' lang='lat' dir='ltr'><strong>qui</strong></span> <span class='ocrx_word' id='word_1_69' title='bbox 964 1135 1032 1192; x_wconf 93' lang='lat' dir='ltr'><strong>ab</strong></span> <span class='ocrx_word' id='word_1_70' title='bbox 1059 1132 1292 1190; x_wconf 90' lang='lat' dir='ltr'><strong>inimicis</strong></span> <span class='ocrx_word' id='word_1_71' title='bbox 1327 1130 1661 1195; x_wconf 78' lang='lat' dir='ltr'><strong>defenderet,</strong></span> <span class='ocrx_word' id='word_1_72' title='bbox 1686 1128 1813 1183; x_wconf 87' lang='lat' dir='ltr'><strong>sub-</strong></span> 
     </span>
    </p>
   </div>
   <div class='ocr_carea' id='block_1_12' title="bbox 222 1222 1815 1301">
    <p class='ocr_par' dir='ltr' id='par_1_12' title="bbox 222 1222 1815 1301">
     <span class='ocr_line' id='line_1_12' title="bbox 222 1222 1815 1301; baseline -0.007 -15"><span class='ocrx_word' id='word_1_73' title='bbox 222 1234 409 1288; x_wconf 71' lang='lat' dir='ltr'><strong>venire</strong></span> <span class='ocrx_word' id='word_1_74' title='bbox 453 1248 559 1287; x_wconf 91' lang='lat' dir='ltr'><strong>non</strong></span> <span class='ocrx_word' id='word_1_75' title='bbox 592 1240 795 1301; x_wconf 75' lang='lat' dir='ltr'><strong>posset,</strong></span> <span class='ocrx_word' id='word_1_76' title='bbox 839 1231 978 1286; x_wconf 81' lang='lat' dir='ltr'><strong>sicut</strong></span> <span class='ocrx_word' id='word_1_77' title='bbox 1017 1240 1072 1284; x_wconf 91' lang='lat' dir='ltr'><strong>et</strong></span> <span class='ocrx_word' id='word_1_78' title='bbox 1120 1227 1309 1282; x_wconf 87' lang='lat' dir='ltr'><strong>beatus</strong></span> <span class='ocrx_word' id='word_1_79' title='bbox 1348 1223 1451 1281; x_wconf 84' lang='lat' dir='ltr'><strong>Job</strong></span> <span class='ocrx_word' id='word_1_80' title='bbox 1480 1225 1531 1279; x_wconf 90' lang='lat' dir='ltr'><strong>in</strong></span> <span class='ocrx_word' id='word_1_81' title='bbox 1563 1222 1815 1294; x_wconf 87' lang='lat' dir='ltr'><strong>passione</strong></span> 
     </span>
    </p>
   </div>
   <div class='ocr_carea' id='block_1_13' title="bbox 224 1316 1816 1395">
    <p class='ocr_par' dir='ltr' id='par_1_13' title="bbox 224 1316 1816 1395">
     <span class='ocr_line' id='line_1_13' title="bbox 224 1316 1816 1395; baseline -0.008 -17"><span class='ocrx_word' id='word_1_82' title='bbox 224 1326 433 1395; x_wconf 85' lang='lat' dir='ltr'><strong>positus</strong></span> <span class='ocrx_word' id='word_1_83' title='bbox 463 1324 635 1380; x_wconf 81' lang='lat' dir='ltr'><strong>dixit:</strong></span> <span class='ocrx_word' id='word_1_84' title='bbox 662 1322 838 1375; x_wconf 88' lang='lat' dir='ltr'><strong><em>Clamo</em></strong></span> <span class='ocrx_word' id='word_1_85' title='bbox 880 1321 949 1375; x_wconf 88' lang='lat' dir='ltr'><strong>ad</strong></span> <span class='ocrx_word' id='word_1_86' title='bbox 977 1330 1023 1375; x_wconf 87' lang='lat' dir='ltr'><strong><em>te</em></strong></span> <span class='ocrx_word' id='word_1_87' title='bbox 1048 1328 1095 1374; x_wconf 88' lang='lat' dir='ltr'><strong>et</strong></span> <span class='ocrx_word' id='word_1_88' title='bbox 1129 1335 1229 1372; x_wconf 90' lang='lat' dir='ltr'><strong>non</strong></span> <span class='ocrx_word' id='word_1_89' title='bbox 1260 1316 1470 1372; x_wconf 78' lang='lat' dir='ltr'><strong><em>exaudis</em></strong></span> <span class='ocrx_word' id='word_1_90' title='bbox 1509 1331 1617 1380; x_wconf 89' lang='lat' dir='ltr'><strong>me,</strong></span> <span class='ocrx_word' id='word_1_91' title='bbox 1644 1324 1689 1367; x_wconf 90' lang='lat' dir='ltr'><strong>et</strong></span> <span class='ocrx_word' id='word_1_92' title='bbox 1712 1329 1816 1366; x_wconf 90' lang='lat' dir='ltr'><strong>non</strong></span> 
     </span>
    </p>
   </div>
   <div class='ocr_carea' id='block_1_14' title="bbox 224 1406 1819 1486">
    <p class='ocr_par' dir='ltr' id='par_1_14' title="bbox 224 1406 1819 1486">
     <span class='ocr_line' id='line_1_14' title="bbox 224 1406 1819 1486; baseline -0.007 -17"><span class='ocrx_word' id='word_1_93' title='bbox 224 1418 443 1486; x_wconf 79' lang='lat' dir='ltr'><strong>respicis</strong></span> <span class='ocrx_word' id='word_1_94' title='bbox 468 1432 581 1482; x_wconf 87' lang='lat' dir='ltr'><strong><em>me;</em></strong></span> <span class='ocrx_word' id='word_1_95' title='bbox 605 1416 899 1468; x_wconf 84' lang='lat' dir='ltr'><strong>immutatus</strong></span> <span class='ocrx_word' id='word_1_96' title='bbox 916 1429 967 1467; x_wconf 89' lang='lat' dir='ltr'><strong>es</strong></span> <span class='ocrx_word' id='word_1_97' title='bbox 988 1410 1117 1465; x_wconf 77' lang='lat' dir='ltr'><strong><em>mihi</em></strong></span> <span class='ocrx_word' id='word_1_98' title='bbox 1139 1411 1193 1464; x_wconf 90' lang='lat' dir='ltr'><strong>in</strong></span> <span class='ocrx_word' id='word_1_99' title='bbox 1218 1407 1494 1473; x_wconf 81' lang='lat' dir='ltr'><strong>crudelem,</strong></span> <span class='ocrx_word' id='word_1_100' title='bbox 1513 1416 1557 1460; x_wconf 80' lang='lat' dir='ltr'><strong><em>et</em></strong></span> <span class='ocrx_word' id='word_1_101' title='bbox 1580 1409 1629 1460; x_wconf 84' lang='lat' dir='ltr'><strong>in</strong></span> <span class='ocrx_word' id='word_1_102' title='bbox 1645 1406 1819 1475; x_wconf 85' lang='lat' dir='ltr'><strong><em>furore</em></strong></span> 
     </span>
    </p>
   </div>
   <div class='ocr_carea' id='block_1_15' title="bbox 226 1504 1033 1563">
    <p class='ocr_par' dir='ltr' id='par_1_15' title="bbox 226 1504 1033 1563">
     <span class='ocr_line' id='line_1_15' title="bbox 226 1504 1033 1563; baseline -0.006 0"><span class='ocrx_word' id='word_1_103' title='bbox 226 1526 411 1563; x_wconf 83' lang='lat' dir='ltr'><strong><em>manus</em></strong></span> <span class='ocrx_word' id='word_1_104' title='bbox 440 1519 543 1563; x_wconf 80' lang='lat' dir='ltr'><strong>tute</strong></span> <span class='ocrx_word' id='word_1_105' title='bbox 566 1508 853 1563; x_wconf 76' lang='lat' dir='ltr'><strong><em>aduersaris</em></strong></span> <span class='ocrx_word' id='word_1_106' title='bbox 882 1504 1033 1560; x_wconf 86' lang='lat' dir='ltr'><strong><em>mihi.</em></strong></span> 
     </span>
    </p>
   </div>
   <div class='ocr_carea' id='block_1_16' title="bbox 304 1588 1821 1660">
    <p class='ocr_par' dir='ltr' id='par_1_16' title="bbox 304 1588 1821 1660">
     <span class='ocr_line' id='line_1_16' title="bbox 304 1588 1821 1660; baseline -0.007 -7"><span class='ocrx_word' id='word_1_107' title='bbox 304 1600 465 1655; x_wconf 79' lang='lat' dir='ltr'><strong>Num.</strong></span> <span class='ocrx_word' id='word_1_108' title='bbox 492 1599 612 1654; x_wconf 79' lang='lat' dir='ltr'><strong>H3.</strong></span> <span class='ocrx_word' id='word_1_109' title='bbox 639 1597 955 1652; x_wconf 82' lang='lat' dir='ltr'><strong>Invenerunt</strong></span> <span class='ocrx_word' id='word_1_110' title='bbox 982 1611 1063 1650; x_wconf 87' lang='lat' dir='ltr'><strong>me</strong></span> <span class='ocrx_word' id='word_1_111' title='bbox 1092 1593 1352 1649; x_wconf 76' lang='lat' dir='ltr'><strong>custodes.</strong></span> <span class='ocrx_word' id='word_1_112' title='bbox 1380 1588 1821 1660; x_wconf 86' lang='lat' dir='ltr'><strong>Comprehende-</strong></span> 
     </span>
    </p>
   </div>
   <div class='ocr_carea' id='block_1_17' title="bbox 229 1680 1821 1759">
    <p class='ocr_par' dir='ltr' id='par_1_17' title="bbox 229 1680 1821 1759">
     <span class='ocr_line' id='line_1_17' title="bbox 229 1680 1821 1759; baseline -0.008 -13"><span class='ocrx_word' id='word_1_113' title='bbox 229 1702 362 1746; x_wconf 87' lang='lat' dir='ltr'><strong>ruut</strong></span> <span class='ocrx_word' id='word_1_114' title='bbox 414 1706 501 1745; x_wconf 90' lang='lat' dir='ltr'><strong>me</strong></span> <span class='ocrx_word' id='word_1_115' title='bbox 544 1688 727 1744; x_wconf 61' lang='lat' dir='ltr'><strong>saeculi</strong></span> <span class='ocrx_word' id='word_1_116' title='bbox 774 1695 1088 1759; x_wconf 81' lang='lat' dir='ltr'><strong>potestates,</strong></span> <span class='ocrx_word' id='word_1_117' title='bbox 1122 1685 1211 1756; x_wconf 90' lang='lat' dir='ltr'><strong>qui</strong></span> <span class='ocrx_word' id='word_1_118' title='bbox 1255 1683 1405 1754; x_wconf 89' lang='lat' dir='ltr'><strong>quasi</strong></span> <span class='ocrx_word' id='word_1_119' title='bbox 1438 1680 1821 1751; x_wconf 80' lang='lat' dir='ltr'><strong>rempublicam</strong></span> 
     </span>
    </p>
   </div>
   <div class='ocr_carea' id='block_1_18' title="bbox 231 1792 763 1851">
    <p class='ocr_par' dir='ltr' id='par_1_18' title="bbox 231 1792 763 1851">
     <span class='ocr_line' id='line_1_18' title="bbox 231 1792 763 1851; baseline -0.008 -12"><span class='ocrx_word' id='word_1_120' title='bbox 231 1798 426 1851; x_wconf 71' lang='lat' dir='ltr'><strong>regere</strong></span> <span class='ocrx_word' id='word_1_121' title='bbox 451 1792 763 1837; x_wconf 89' lang='lat' dir='ltr'><strong>noscuntur.</strong></span> 
     </span>
    </p>
   </div>
   <div class='ocr_carea' id='block_1_19' title="bbox 1908 572 3501 647">
    <p class='ocr_par' dir='ltr' id='par_1_19' title="bbox 1908 572 3501 647">
     <span class='ocr_line' id='line_1_19' title="bbox 1908 572 3501 647; baseline 0.001 -19"><span class='ocrx_word' id='word_1_122' title='bbox 1908 591 2071 644; x_wconf 89' lang='lat' dir='ltr'><strong>quam</strong></span> <span class='ocrx_word' id='word_1_123' title='bbox 2092 574 2497 646; x_wconf 81' lang='lat' dir='ltr'><strong>comparabitur</strong></span> <span class='ocrx_word' id='word_1_124' title='bbox 2518 574 2776 647; x_wconf 76' lang='lat' dir='ltr'><strong>Creatori.</strong></span> <span class='ocrx_word' id='word_1_125' title='bbox 2801 575 2896 629; x_wconf 82' lang='lat' dir='ltr'><strong>Est</strong></span> <span class='ocrx_word' id='word_1_126' title='bbox 2912 584 3089 631; x_wconf 84' lang='lat' dir='ltr'><strong>autem</strong></span> <span class='ocrx_word' id='word_1_127' title='bbox 3112 584 3275 645; x_wconf 90' lang='lat' dir='ltr'><strong>caput</strong></span> <span class='ocrx_word' id='word_1_128' title='bbox 3297 572 3501 629; x_wconf 80' lang='lat' dir='ltr'><strong>Christi</strong></span> 
     </span>
    </p>
   </div>
   <div class='ocr_carea' id='block_1_20' title="bbox 1910 667 3503 740">
    <p class='ocr_par' dir='ltr' id='par_1_20' title="bbox 1910 667 3503 740">
     <span class='ocr_line' id='line_1_20' title="bbox 1910 667 3503 740; baseline 0 -17"><span class='ocrx_word' id='word_1_129' title='bbox 1910 667 2075 736; x_wconf 84' lang='lat' dir='ltr'><strong>Deus,</strong></span> <span class='ocrx_word' id='word_1_130' title='bbox 2101 670 2395 725; x_wconf 86' lang='lat' dir='ltr'><strong>secundum</strong></span> <span class='ocrx_word' id='word_1_131' title='bbox 2420 670 2562 740; x_wconf 89' lang='lat' dir='ltr'><strong>quod</strong></span> <span class='ocrx_word' id='word_1_132' title='bbox 2595 669 2753 738; x_wconf 89' lang='lat' dir='ltr'><strong>paulo</strong></span> <span class='ocrx_word' id='word_1_133' title='bbox 2778 678 2905 724; x_wconf 84' lang='lat' dir='ltr'><strong>ante</strong></span> <span class='ocrx_word' id='word_1_134' title='bbox 2929 682 2994 724; x_wconf 82' lang='lat' dir='ltr'><strong>ex</strong></span> <span class='ocrx_word' id='word_1_135' title='bbox 3028 667 3326 740; x_wconf 73' lang='lat' dir='ltr'><strong>Evangelio</strong></span> <span class='ocrx_word' id='word_1_136' title='bbox 3353 681 3503 723; x_wconf 83' lang='lat' dir='ltr'><strong>eom-</strong></span> 
     </span>
    </p>
   </div>
   <div class='ocr_carea' id='block_1_21' title="bbox 1910 758 3288 831">
    <p class='ocr_par' dir='ltr' id='par_1_21' title="bbox 1910 758 3288 831">
     <span class='ocr_line' id='line_1_21' title="bbox 1910 758 3288 831; baseline -0.001 -16"><span class='ocrx_word' id='word_1_137' title='bbox 1910 762 2347 830; x_wconf 81' lang='lat' dir='ltr'><strong>ntemoravimus,</strong></span> <span class='ocrx_word' id='word_1_138' title='bbox 2388 761 2456 817; x_wconf 82' lang='lat' dir='ltr'><strong><em>In</em></strong></span> <span class='ocrx_word' id='word_1_139' title='bbox 2486 760 2739 831; x_wconf 85' lang='lat' dir='ltr'><strong><em>principio</em></strong></span> <span class='ocrx_word' id='word_1_140' title='bbox 2766 771 2882 815; x_wconf 81' lang='lat' dir='ltr'><strong><em>erat</em></strong></span> <span class='ocrx_word' id='word_1_141' title='bbox 2919 758 3155 825; x_wconf 80' lang='lat' dir='ltr'><strong><em>Verbum,</em></strong></span> <span class='ocrx_word' id='word_1_142' title='bbox 3180 768 3288 816; x_wconf 85' lang='lat' dir='ltr'><strong>etc.</strong></span> 
     </span>
    </p>
   </div>
   <div class='ocr_carea' id='block_1_22' title="bbox 1980 848 3501 924">
    <p class='ocr_par' dir='ltr' id='par_1_22' title="bbox 1980 848 3501 924">
     <span class='ocr_line' id='line_1_22' title="bbox 1980 848 3501 924; baseline 0.001 -18"><span class='ocrx_word' id='word_1_143' title='bbox 1980 850 2138 906; x_wconf 85' lang='lat' dir='ltr'><strong>Num.</strong></span> <span class='ocrx_word' id='word_1_144' title='bbox 2157 850 2279 907; x_wconf 72' lang='grc'><strong>120.</strong></span> <span class='ocrx_word' id='word_1_145' title='bbox 2294 850 2464 906; x_wconf 70' lang='lat' dir='ltr'><strong><em>Coma:</em></strong></span> <span class='ocrx_word' id='word_1_146' title='bbox 2477 853 2590 922; x_wconf 88' lang='lat' dir='ltr'><strong><em>ejus</em></strong></span> <span class='ocrx_word' id='word_1_147' title='bbox 2605 850 2735 904; x_wconf 87' lang='lat' dir='ltr'><strong><em>sicut</em></strong></span> <span class='ocrx_word' id='word_1_148' title='bbox 2755 848 2905 903; x_wconf 81' lang='lat' dir='ltr'><strong><em>elatce</em></strong></span> <span class='ocrx_word' id='word_1_149' title='bbox 2921 849 3231 918; x_wconf 82' lang='lat' dir='ltr'><strong><em>palmarum.</em></strong></span> <span class='ocrx_word' id='word_1_150' title='bbox 3261 849 3327 907; x_wconf 84' lang='lat' dir='ltr'><strong>lli</strong></span> <span class='ocrx_word' id='word_1_151' title='bbox 3347 854 3468 924; x_wconf 84' lang='lat' dir='ltr'><strong>equi</strong></span> <span class='ocrx_word' id='word_1_152' title='bbox 3482 883 3501 896; x_wconf 84' lang='lat'><strong>-</strong></span> 
     </span>
    </p>
   </div>
   <div class='ocr_carea' id='block_1_23' title="bbox 1911 941 3503 1012">
    <p class='ocr_par' dir='ltr' id='par_1_23' title="bbox 1911 941 3503 1012">
     <span class='ocr_line' id='line_1_23' title="bbox 1911 941 3503 1012; baseline -0.001 -13"><span class='ocrx_word' id='word_1_153' title='bbox 1911 946 2035 1001; x_wconf 88' lang='lat' dir='ltr'><strong>dem</strong></span> <span class='ocrx_word' id='word_1_154' title='bbox 2088 944 2259 1000; x_wconf 86' lang='lat' dir='ltr'><strong>sancti</strong></span> <span class='ocrx_word' id='word_1_155' title='bbox 2288 943 2448 1012; x_wconf 83' lang='lat' dir='ltr'><strong>capiti</strong></span> <span class='ocrx_word' id='word_1_156' title='bbox 2488 958 2606 1009; x_wconf 93' lang='lat' dir='ltr'><strong>suo,</strong></span> <span class='ocrx_word' id='word_1_157' title='bbox 2642 941 2694 996; x_wconf 90' lang='lat' dir='ltr'><strong>id</strong></span> <span class='ocrx_word' id='word_1_158' title='bbox 2723 950 2805 997; x_wconf 90' lang='lat' dir='ltr'><strong>est</strong></span> <span class='ocrx_word' id='word_1_159' title='bbox 2832 941 3066 1009; x_wconf 85' lang='lat' dir='ltr'><strong>Christo,</strong></span> <span class='ocrx_word' id='word_1_160' title='bbox 3099 942 3377 999; x_wconf 71' lang='lat' dir='ltr'><strong>adhtcrere</strong></span> <span class='ocrx_word' id='word_1_161' title='bbox 3407 959 3503 997; x_wconf 86' lang='lat' dir='ltr'><strong>uo-</strong></span> 
     </span>
    </p>
   </div>
   <div class='ocr_carea' id='block_1_24' title="bbox 1912 1033 3504 1108">
    <p class='ocr_par' dir='ltr' id='par_1_24' title="bbox 1912 1033 3504 1108">
     <span class='ocr_line' id='line_1_24' title="bbox 1912 1033 3504 1108; baseline 0.002 -17"><span class='ocrx_word' id='word_1_162' title='bbox 1912 1044 2134 1091; x_wconf 90' lang='lat' dir='ltr'><strong>scuntur</strong></span> <span class='ocrx_word' id='word_1_163' title='bbox 2154 1036 2264 1106; x_wconf 90' lang='lat' dir='ltr'><strong>qui,</strong></span> <span class='ocrx_word' id='word_1_164' title='bbox 2286 1034 2337 1090; x_wconf 89' lang='lat' dir='ltr'><strong>in</strong></span> <span class='ocrx_word' id='word_1_165' title='bbox 2359 1033 2712 1089; x_wconf 86' lang='lat' dir='ltr'><strong>similitudine</strong></span> <span class='ocrx_word' id='word_1_166' title='bbox 2734 1036 2903 1101; x_wconf 82' lang='lat' dir='ltr'><strong>corvi,</strong></span> <span class='ocrx_word' id='word_1_167' title='bbox 2920 1050 2977 1089; x_wconf 85' lang='lat' dir='ltr'><strong>se</strong></span> <span class='ocrx_word' id='word_1_168' title='bbox 3007 1046 3316 1105; x_wconf 83' lang='lat' dir='ltr'><strong>peccatores</strong></span> <span class='ocrx_word' id='word_1_169' title='bbox 3337 1051 3504 1108; x_wconf 82' lang='lat' dir='ltr'><strong>agno-</strong></span> 
     </span>
    </p>
   </div>
   <div class='ocr_carea' id='block_1_25' title="bbox 1914 1128 3508 1200">
    <p class='ocr_par' dir='ltr' id='par_1_25' title="bbox 1914 1128 3508 1200">
     <span class='ocr_line' id='line_1_25' title="bbox 1914 1128 3508 1200; baseline 0.001 -15"><span class='ocrx_word' id='word_1_170' title='bbox 1914 1140 2101 1186; x_wconf 86' lang='lat' dir='ltr'><strong>scunt:</strong></span> <span class='ocrx_word' id='word_1_171' title='bbox 2124 1130 2191 1185; x_wconf 92' lang='lat' dir='ltr'><strong>de</strong></span> <span class='ocrx_word' id='word_1_172' title='bbox 2213 1128 2401 1200; x_wconf 87' lang='lat' dir='ltr'><strong>quibus</strong></span> <span class='ocrx_word' id='word_1_173' title='bbox 2424 1129 2609 1184; x_wconf 89' lang='lat' dir='ltr'><strong>estille</strong></span> <span class='ocrx_word' id='word_1_174' title='bbox 2630 1129 2717 1200; x_wconf 91' lang='lat' dir='ltr'><strong>qui</strong></span> <span class='ocrx_word' id='word_1_175' title='bbox 2744 1128 2868 1183; x_wconf 83' lang='lat' dir='ltr'><strong>dicit</strong></span> <span class='ocrx_word' id='word_1_176' title='bbox 2888 1147 2902 1185; x_wconf 92' lang='lat'><strong>:</strong></span> <span class='ocrx_word' id='word_1_177' title='bbox 2925 1128 2985 1185; x_wconf 87' lang='lat' dir='ltr'><strong>Si</strong></span> <span class='ocrx_word' id='word_1_178' title='bbox 3002 1132 3204 1200; x_wconf 85' lang='lat' dir='ltr'><strong><em>justum</em></strong></span> <span class='ocrx_word' id='word_1_179' title='bbox 3231 1150 3309 1186; x_wconf 87' lang='lat' dir='ltr'><strong>me</strong></span> <span class='ocrx_word' id='word_1_180' title='bbox 3333 1133 3508 1186; x_wconf 78' lang='lat' dir='ltr'><strong><em>volue-</em></strong></span> 
     </span>
    </p>
   </div>
   <div class='ocr_carea' id='block_1_26' title="bbox 1915 1220 3503 1297">
    <p class='ocr_par' dir='ltr' id='par_1_26' title="bbox 1915 1220 3503 1297">
     <span class='ocr_line' id='line_1_26' title="bbox 1915 1220 3503 1297; baseline 0.002 -23"><span class='ocrx_word' id='word_1_181' title='bbox 1915 1224 2013 1274; x_wconf 87' lang='lat' dir='ltr'><strong>rim</strong></span> <span class='ocrx_word' id='word_1_182' title='bbox 2034 1220 2202 1291; x_wconf 85' lang='lat' dir='ltr'><strong><em>facere</em></strong></span> <span class='ocrx_word' id='word_1_183' title='bbox 2228 1236 2401 1274; x_wconf 89' lang='lat' dir='ltr'><strong><em>coram</em></strong></span> <span class='ocrx_word' id='word_1_184' title='bbox 2427 1229 2494 1291; x_wconf 86' lang='lat' dir='ltr'><strong><em>te,</em></strong></span> <span class='ocrx_word' id='word_1_185' title='bbox 2524 1238 2578 1275; x_wconf 87' lang='lat' dir='ltr'><strong><em>os</em></strong></span> <span class='ocrx_word' id='word_1_186' title='bbox 2596 1237 2760 1275; x_wconf 84' lang='lat' dir='ltr'><strong><em>meum</em></strong></span> <span class='ocrx_word' id='word_1_187' title='bbox 2773 1222 3127 1278; x_wconf 77' lang='lat' dir='ltr'><strong>condemnabit</strong></span> <span class='ocrx_word' id='word_1_188' title='bbox 3151 1241 3230 1279; x_wconf 88' lang='lat' dir='ltr'><strong>me</strong></span> <span class='ocrx_word' id='word_1_189' title='bbox 3260 1224 3380 1297; x_wconf 84' lang='lat' dir='ltr'><strong>(Job</strong></span> <span class='ocrx_word' id='word_1_190' title='bbox 3403 1223 3503 1296; x_wconf 66' lang='grc' dir='ltr'><strong>ιι).</strong></span> 
     </span>
    </p>
   </div>
   <div class='ocr_carea' id='block_1_27' title="bbox 1920 1312 3505 1389">
    <p class='ocr_par' dir='ltr' id='par_1_27' title="bbox 1920 1312 3505 1389">
     <span class='ocr_line' id='line_1_27' title="bbox 1920 1312 3505 1389; baseline 0.003 -20"><span class='ocrx_word' id='word_1_191' title='bbox 1920 1314 1984 1368; x_wconf 78' lang='lat' dir='ltr'><strong>Et</strong></span> <span class='ocrx_word' id='word_1_192' title='bbox 2000 1327 2210 1369; x_wconf 85' lang='lat' dir='ltr'><strong><em>rursum</em></strong></span> <span class='ocrx_word' id='word_1_193' title='bbox 2227 1312 2364 1367; x_wconf 83' lang='lat' dir='ltr'><strong>alius</strong></span> <span class='ocrx_word' id='word_1_194' title='bbox 2384 1330 2397 1366; x_wconf 91' lang='lat'><strong>:</strong></span> <span class='ocrx_word' id='word_1_195' title='bbox 2420 1312 2679 1380; x_wconf 81' lang='lat' dir='ltr'><strong><em>Quoniam</em></strong></span> <span class='ocrx_word' id='word_1_196' title='bbox 2701 1313 3020 1382; x_wconf 86' lang='lat' dir='ltr'><strong>iniquitatem</strong></span> <span class='ocrx_word' id='word_1_197' title='bbox 3036 1331 3127 1387; x_wconf 86' lang='lat' dir='ltr'><strong>ego</strong></span> <span class='ocrx_word' id='word_1_198' title='bbox 3149 1333 3369 1389; x_wconf 88' lang='lat' dir='ltr'><strong><em>agnosco</em></strong></span> <span class='ocrx_word' id='word_1_199' title='bbox 3386 1317 3505 1388; x_wconf 86' lang='lat' dir='ltr'><strong>(Ps.</strong></span> 
     </span>
    </p>
   </div>
   <div class='ocr_carea' id='block_1_28' title="bbox 1921 1404 3507 1477">
    <p class='ocr_par' dir='ltr' id='par_1_28' title="bbox 1921 1404 3507 1477">
     <span class='ocr_line' id='line_1_28' title="bbox 1921 1404 3507 1477; baseline 0.004 -18"><span class='ocrx_word' id='word_1_200' title='bbox 1921 1404 1974 1473; x_wconf 88' lang='grc' dir='ltr'><strong>ι.)</strong></span> <span class='ocrx_word' id='word_1_201' title='bbox 2016 1406 2084 1459; x_wconf 87' lang='lat' dir='ltr'><strong>Et</strong></span> <span class='ocrx_word' id='word_1_202' title='bbox 2112 1420 2346 1460; x_wconf 92' lang='lat' dir='ltr'><strong>consona</strong></span> <span class='ocrx_word' id='word_1_203' title='bbox 2375 1420 2505 1460; x_wconf 86' lang='lat' dir='ltr'><strong>voce</strong></span> <span class='ocrx_word' id='word_1_204' title='bbox 2532 1405 2767 1460; x_wconf 86' lang='lat' dir='ltr'><strong>Joannes</strong></span> <span class='ocrx_word' id='word_1_205' title='bbox 2792 1420 2912 1461; x_wconf 83' lang='lat' dir='ltr'><strong>cum</strong></span> <span class='ocrx_word' id='word_1_206' title='bbox 2942 1405 3127 1462; x_wconf 83' lang='lat' dir='ltr'><strong>electis</strong></span> <span class='ocrx_word' id='word_1_207' title='bbox 3155 1409 3465 1477; x_wconf 89' lang='lat' dir='ltr'><strong>pronuntiat</strong></span> <span class='ocrx_word' id='word_1_208' title='bbox 3490 1428 3507 1464; x_wconf 91' lang='lat'><strong>:</strong></span> 
     </span>
    </p>
   </div>
   <div class='ocr_carea' id='block_1_29' title="bbox 1924 1497 3510 1570">
    <p class='ocr_par' dir='ltr' id='par_1_29' title="bbox 1924 1497 3510 1570">
     <span class='ocr_line' id='line_1_29' title="bbox 1924 1497 3510 1570; baseline 0.003 -18"><span class='ocrx_word' id='word_1_209' title='bbox 1924 1497 1986 1552; x_wconf 91' lang='lat' dir='ltr'><strong>Si</strong></span> <span class='ocrx_word' id='word_1_210' title='bbox 2010 1497 2290 1553; x_wconf 75' lang='lat' dir='ltr'><strong>dixerimus</strong></span> <span class='ocrx_word' id='word_1_211' title='bbox 2307 1498 2425 1570; x_wconf 83' lang='lat' dir='ltr'><strong><em>quia</em></strong></span> <span class='ocrx_word' id='word_1_212' title='bbox 2453 1506 2715 1570; x_wconf 84' lang='lat' dir='ltr'><strong><em>peccatum</em></strong></span> <span class='ocrx_word' id='word_1_213' title='bbox 2736 1514 2837 1552; x_wconf 87' lang='lat' dir='ltr'><strong>non</strong></span> <span class='ocrx_word' id='word_1_214' title='bbox 2850 1499 3107 1566; x_wconf 79' lang='lat' dir='ltr'><strong><em>habemus,</em></strong></span> <span class='ocrx_word' id='word_1_215' title='bbox 3138 1517 3231 1554; x_wconf 77' lang='lat' dir='ltr'><strong><em>nos</em></strong></span> <span class='ocrx_word' id='word_1_216' title='bbox 3255 1501 3392 1570; x_wconf 88' lang='lat' dir='ltr'><strong><em>ipsos</em></strong></span> <span class='ocrx_word' id='word_1_217' title='bbox 3430 1518 3510 1556; x_wconf 83' lang='lat' dir='ltr'><strong>se-</strong></span> 
     </span>
    </p>
   </div>
   <div class='ocr_carea' id='block_1_30' title="bbox 1923 1590 3515 1666">
    <p class='ocr_par' dir='ltr' id='par_1_30' title="bbox 1923 1590 3515 1666">
     <span class='ocr_line' id='line_1_30' title="bbox 1923 1590 3515 1666; baseline 0.004 -23"><span class='ocrx_word' id='word_1_218' title='bbox 1923 1590 2176 1657; x_wconf 83' lang='lat' dir='ltr'><strong><em>ducimus,</em></strong></span> <span class='ocrx_word' id='word_1_219' title='bbox 2206 1598 2254 1644; x_wconf 87' lang='lat' dir='ltr'><strong><em>et</em></strong></span> <span class='ocrx_word' id='word_1_220' title='bbox 2300 1592 2480 1645; x_wconf 85' lang='lat' dir='ltr'><strong><em>reritas</em></strong></span> <span class='ocrx_word' id='word_1_221' title='bbox 2517 1591 2570 1645; x_wconf 87' lang='lat' dir='ltr'><strong>in</strong></span> <span class='ocrx_word' id='word_1_222' title='bbox 2609 1590 2751 1646; x_wconf 88' lang='lat' dir='ltr'><strong><em>nobis</em></strong></span> <span class='ocrx_word' id='word_1_223' title='bbox 2790 1607 2890 1646; x_wconf 89' lang='lat' dir='ltr'><strong>non</strong></span> <span class='ocrx_word' id='word_1_224' title='bbox 2919 1601 3010 1656; x_wconf 87' lang='lat' dir='ltr'><strong><em>est,</em></strong></span> <span class='ocrx_word' id='word_1_225' title='bbox 3050 1594 3095 1647; x_wconf 89' lang='lat' dir='ltr'><strong>si</strong></span> <span class='ocrx_word' id='word_1_226' title='bbox 3138 1610 3254 1648; x_wconf 81' lang='lat' dir='ltr'><strong><em>vero</em></strong></span> <span class='ocrx_word' id='word_1_227' title='bbox 3294 1596 3515 1666; x_wconf 80' lang='lat' dir='ltr'><strong>confessi</strong></span> 
     </span>
    </p>
   </div>
   <div class='ocr_carea' id='block_1_31' title="bbox 1926 1682 3518 1759">
    <p class='ocr_par' dir='ltr' id='par_1_31' title="bbox 1926 1682 3518 1759">
     <span class='ocr_line' id='line_1_31' title="bbox 1926 1682 3518 1759; baseline 0.006 -24"><span class='ocrx_word' id='word_1_228' title='bbox 1926 1682 2171 1746; x_wconf 83' lang='lat' dir='ltr'><strong><em>fuerimus</em></strong></span> <span class='ocrx_word' id='word_1_229' title='bbox 2198 1695 2406 1752; x_wconf 83' lang='lat' dir='ltr'><strong><em>peccata</em></strong></span> <span class='ocrx_word' id='word_1_230' title='bbox 2443 1692 2638 1751; x_wconf 61' lang='lat' dir='ltr'><strong><em>nostra,</em></strong></span> <span class='ocrx_word' id='word_1_231' title='bbox 2664 1683 2830 1753; x_wconf 84' lang='lat' dir='ltr'><strong><em>ﬁdelis</em></strong></span> <span class='ocrx_word' id='word_1_232' title='bbox 2856 1694 2902 1739; x_wconf 89' lang='lat' dir='ltr'><strong>et</strong></span> <span class='ocrx_word' id='word_1_233' title='bbox 2934 1688 3107 1758; x_wconf 89' lang='lat' dir='ltr'><strong><em>justus</em></strong></span> <span class='ocrx_word' id='word_1_234' title='bbox 3138 1698 3208 1742; x_wconf 87' lang='lat' dir='ltr'><strong><em>est</em></strong></span> <span class='ocrx_word' id='word_1_235' title='bbox 3253 1691 3343 1759; x_wconf 86' lang='lat' dir='ltr'><strong><em>qui</em></strong></span> <span class='ocrx_word' id='word_1_236' title='bbox 3373 1692 3518 1745; x_wconf 87' lang='lat' dir='ltr'><strong><em>nobis</em></strong></span> 
     </span>
    </p>
   </div>
   <div class='ocr_carea' id='block_1_32' title="bbox 1928 1776 3515 1852">
    <p class='ocr_par' dir='ltr' id='par_1_32' title="bbox 1928 1776 3515 1852">
     <span class='ocr_line' id='line_1_32' title="bbox 1928 1776 3515 1852; baseline 0.002 -21"><span class='ocrx_word' id='word_1_237' title='bbox 1928 1785 2139 1844; x_wconf 79' lang='lat' dir='ltr'><strong><em>peccata</em></strong></span> <span class='ocrx_word' id='word_1_238' title='bbox 2163 1777 2386 1831; x_wconf 86' lang='lat' dir='ltr'><strong><em>dimittat</em></strong></span> <span class='ocrx_word' id='word_1_239' title='bbox 2413 1787 2459 1831; x_wconf 91' lang='lat' dir='ltr'><strong>et</strong></span> <span class='ocrx_word' id='word_1_240' title='bbox 2504 1779 2711 1831; x_wconf 84' lang='lat' dir='ltr'><strong><em>mundet</em></strong></span> <span class='ocrx_word' id='word_1_241' title='bbox 2748 1794 2842 1832; x_wconf 92' lang='lat' dir='ltr'><strong>nos</strong></span> <span class='ocrx_word' id='word_1_242' title='bbox 2869 1776 2932 1830; x_wconf 90' lang='lat' dir='ltr'><strong>ab</strong></span> <span class='ocrx_word' id='word_1_243' title='bbox 2976 1778 3114 1832; x_wconf 88' lang='lat' dir='ltr'><strong><em>omni</em></strong></span> <span class='ocrx_word' id='word_1_244' title='bbox 3140 1780 3403 1843; x_wconf 84' lang='lat' dir='ltr'><strong><em>iniquitate</em></strong></span> <span class='ocrx_word' id='word_1_245' title='bbox 3435 1784 3451 1852; x_wconf 98' lang='lat'>(</span> <span class='ocrx_word' id='word_1_246' title='bbox 3492 1781 3515 1834; x_wconf 92' lang='lat' dir='ltr'><strong>l</strong></span> 
     </span>
    </p>
   </div>
   <div class='ocr_carea' id='block_1_33' title="bbox 302 1866 3525 1947">
    <p class='ocr_par' dir='ltr' id='par_1_33' title="bbox 302 1866 3525 1947">
     <span class='ocr_line' id='line_1_33' title="bbox 302 1866 3525 1947; baseline -0.004 -7"><span class='ocrx_word' id='word_1_247' title='bbox 302 1885 461 1940; x_wconf 82' lang='lat' dir='ltr'><strong>Num.</strong></span> <span class='ocrx_word' id='word_1_248' title='bbox 484 1885 605 1939; x_wconf 74' lang='grc'><strong>114.</strong></span> <span class='ocrx_word' id='word_1_249' title='bbox 638 1882 1026 1947; x_wconf 84' lang='lat' dir='ltr'><strong><em>Percusserunt,</em></strong></span> <span class='ocrx_word' id='word_1_250' title='bbox 1050 1880 1381 1935; x_wconf 87' lang='lat' dir='ltr'><strong><em>vulnerarunt</em></strong></span> <span class='ocrx_word' id='word_1_251' title='bbox 1418 1893 1498 1932; x_wconf 85' lang='lat' dir='ltr'><strong>me</strong></span> <span class='ocrx_word' id='word_1_252' title='bbox 1530 1876 1716 1947; x_wconf 82' lang='lat' dir='ltr'><strong>plagis.</strong></span> <span class='ocrx_word' id='word_1_253' title='bbox 1759 1874 1829 1931; x_wconf 80' lang='lat' dir='ltr'><strong>Et</strong></span> <span class='ocrx_word' id='word_1_254' title='bbox 1860 1881 1905 1940; x_wconf 76' lang='grc' dir='ltr'><strong>Β</strong></span> <span class='ocrx_word' id='word_1_255' title='bbox 1930 1866 2090 1923; x_wconf 83' lang='lat' dir='ltr'><strong><em>Joan.</em></strong></span> <span class='ocrx_word' id='word_1_256' title='bbox 2114 1867 2176 1939; x_wconf 92' lang='grc' dir='ltr'><strong>ι).</strong></span> <span class='ocrx_word' id='word_1_257' title='bbox 2216 1868 2477 1924; x_wconf 86' lang='lat' dir='ltr'><strong>Similiter</strong></span> <span class='ocrx_word' id='word_1_258' title='bbox 2522 1876 2578 1925; x_wconf 93' lang='lat' dir='ltr'><strong>et</strong></span> <span class='ocrx_word' id='word_1_259' title='bbox 2616 1868 2812 1925; x_wconf 83' lang='lat' dir='ltr'><strong>Paulus</strong></span> <span class='ocrx_word' id='word_1_260' title='bbox 2845 1887 2857 1922; x_wconf 91' lang='lat'>:</span> <span class='ocrx_word' id='word_1_261' title='bbox 2913 1866 3146 1923; x_wconf 80' lang='lat' dir='ltr'><strong>Christus</strong></span> <span class='ocrx_word' id='word_1_262' title='bbox 3196 1869 3349 1925; x_wconf 87' lang='lat' dir='ltr'><strong><em>Jesus</em></strong></span> <span class='ocrx_word' id='word_1_263' title='bbox 3386 1876 3525 1928; x_wconf 81' lang='lat' dir='ltr'><strong><em>venit</em></strong></span> 
     </span>
    </p>
   </div>
   <div class='ocr_carea' id='block_1_34' title="bbox 230 1970 1829 2046">
    <p class='ocr_par' dir='ltr' id='par_1_34' title="bbox 230 1970 1829 2046">
     <span class='ocr_line' id='line_1_34' title="bbox 230 1970 1829 2046; baseline -0.005 -16"><span class='ocrx_word' id='word_1_264' title='bbox 230 1976 514 2045; x_wconf 85' lang='lat' dir='ltr'><strong>suppliciis</strong></span> <span class='ocrx_word' id='word_1_265' title='bbox 543 1974 595 2029; x_wconf 92' lang='lat' dir='ltr'><strong>in</strong></span> <span class='ocrx_word' id='word_1_266' title='bbox 624 1988 852 2046; x_wconf 91' lang='lat' dir='ltr'><strong>corpore</strong></span> <span class='ocrx_word' id='word_1_267' title='bbox 876 1988 993 2028; x_wconf 80' lang='lat' dir='ltr'><strong>rreo</strong></span> <span class='ocrx_word' id='word_1_268' title='bbox 1015 1970 1501 2036; x_wconf 87' lang='lat' dir='ltr'><strong>debacchatisuut;</strong></span> <span class='ocrx_word' id='word_1_269' title='bbox 1529 1978 1829 2024; x_wconf 86' lang='lat' dir='ltr'><strong>etoueran-</strong></span> 
     </span>
    </p>
   </div>
   <div class='ocr_carea' id='block_1_35' title="bbox 233 2063 1832 2134">
    <p class='ocr_par' dir='ltr' id='par_1_35' title="bbox 233 2063 1832 2134">
     <span class='ocr_line' id='line_1_35' title="bbox 233 2063 1832 2134; baseline -0.003 -13"><span class='ocrx_word' id='word_1_270' title='bbox 233 2079 317 2123; x_wconf 90' lang='lat' dir='ltr'><strong>tes</strong></span> <span class='ocrx_word' id='word_1_271' title='bbox 336 2068 589 2134; x_wconf 72' lang='lat' dir='ltr'><strong>vinculis,</strong></span> <span class='ocrx_word' id='word_1_272' title='bbox 613 2067 667 2122; x_wconf 88' lang='lat' dir='ltr'><strong>in</strong></span> <span class='ocrx_word' id='word_1_273' title='bbox 691 2065 997 2122; x_wconf 87' lang='lat' dir='ltr'><strong>carceribus</strong></span> <span class='ocrx_word' id='word_1_274' title='bbox 1025 2063 1428 2121; x_wconf 89' lang='lat' dir='ltr'><strong>concluserunt.</strong></span> <span class='ocrx_word' id='word_1_275' title='bbox 1448 2063 1832 2133; x_wconf 84' lang='lat' dir='ltr'><strong>Prolongantes</strong></span> 
     </span>
    </p>
   </div>
   <div class='ocr_carea' id='block_1_36' title="bbox 235 2154 1833 2230">
    <p class='ocr_par' dir='ltr' id='par_1_36' title="bbox 235 2154 1833 2230">
     <span class='ocr_line' id='line_1_36' title="bbox 235 2154 1833 2230; baseline -0.003 -17"><span class='ocrx_word' id='word_1_276' title='bbox 235 2159 525 2230; x_wconf 80' lang='lat' dir='ltr'><strong>exquisitis</strong></span> <span class='ocrx_word' id='word_1_277' title='bbox 554 2159 882 2215; x_wconf 85' lang='lat' dir='ltr'><strong>cruciatibus</strong></span> <span class='ocrx_word' id='word_1_278' title='bbox 909 2157 1074 2212; x_wconf 83' lang='lat' dir='ltr'><strong>vitam</strong></span> <span class='ocrx_word' id='word_1_279' title='bbox 1102 2172 1203 2213; x_wconf 92' lang='lat' dir='ltr'><strong>nec</strong></span> <span class='ocrx_word' id='word_1_280' title='bbox 1226 2164 1459 2212; x_wconf 88' lang='lat' dir='ltr'><strong>mortem</strong></span> <span class='ocrx_word' id='word_1_281' title='bbox 1483 2156 1733 2211; x_wconf 88' lang='lat' dir='ltr'><strong>celeriter</strong></span> <span class='ocrx_word' id='word_1_282' title='bbox 1753 2154 1833 2210; x_wconf 91' lang='lat' dir='ltr'><strong>in-</strong></span> 
     </span>
    </p>
   </div>
   <div class='ocr_carea' id='block_1_37' title="bbox 235 2248 1721 2319">
    <p class='ocr_par' dir='ltr' id='par_1_37' title="bbox 235 2248 1721 2319">
     <span class='ocr_line' id='line_1_37' title="bbox 235 2248 1721 2319; baseline -0.004 -12"><span class='ocrx_word' id='word_1_283' title='bbox 235 2253 501 2316; x_wconf 85' lang='lat' dir='ltr'><strong>ferentes,</strong></span> <span class='ocrx_word' id='word_1_284' title='bbox 527 2267 594 2307; x_wconf 90' lang='lat' dir='ltr'><strong>ne</strong></span> <span class='ocrx_word' id='word_1_285' title='bbox 619 2250 847 2305; x_wconf 85' lang='lat' dir='ltr'><strong>faciliter</strong></span> <span class='ocrx_word' id='word_1_286' title='bbox 865 2249 934 2305; x_wconf 89' lang='lat' dir='ltr'><strong>ab</strong></span> <span class='ocrx_word' id='word_1_287' title='bbox 963 2249 1122 2305; x_wconf 87' lang='lat' dir='ltr'><strong>illatis</strong></span> <span class='ocrx_word' id='word_1_288' title='bbox 1144 2248 1319 2319; x_wconf 64' lang='lat' dir='ltr'><strong>poenis</strong></span> <span class='ocrx_word' id='word_1_289' title='bbox 1341 2248 1463 2304; x_wconf 82' lang='lat' dir='ltr'><strong>exui</strong></span> <span class='ocrx_word' id='word_1_290' title='bbox 1485 2261 1721 2318; x_wconf 91' lang='lat' dir='ltr'><strong>possem.</strong></span> 
     </span>
    </p>
   </div>
   <div class='ocr_carea' id='block_1_38' title="bbox 311 2348 1835 2420">
    <p class='ocr_par' dir='ltr' id='par_1_38' title="bbox 311 2348 1835 2420">
     <span class='ocr_line' id='line_1_38' title="bbox 311 2348 1835 2420; baseline 0.001 -16"><span class='ocrx_word' id='word_1_291' title='bbox 311 2350 475 2405; x_wconf 88' lang='lat' dir='ltr'><strong>Num.</strong></span> <span class='ocrx_word' id='word_1_292' title='bbox 512 2350 634 2406; x_wconf 80' lang='grc'><strong>115.</strong></span> <span class='ocrx_word' id='word_1_293' title='bbox 661 2349 910 2405; x_wconf 83' lang='lat' dir='ltr'><strong><em>Tulerunt</em></strong></span> <span class='ocrx_word' id='word_1_294' title='bbox 942 2349 1156 2420; x_wconf 84' lang='lat' dir='ltr'><strong><em>pallium</em></strong></span> <span class='ocrx_word' id='word_1_295' title='bbox 1180 2348 1594 2404; x_wconf 87' lang='lat' dir='ltr'><strong><em>meum.Etenim</em></strong></span> <span class='ocrx_word' id='word_1_296' title='bbox 1621 2348 1835 2418; x_wconf 85' lang='lat' dir='ltr'><strong>quando</strong></span> 
     </span>
    </p>
   </div>
   <div class='ocr_carea' id='block_1_39' title="bbox 236 2440 1833 2511">
    <p class='ocr_par' dir='ltr' id='par_1_39' title="bbox 236 2440 1833 2511">
     <span class='ocr_line' id='line_1_39' title="bbox 236 2440 1833 2511; baseline -0.001 -16"><span class='ocrx_word' id='word_1_297' title='bbox 236 2442 498 2497; x_wconf 75' lang='lat' dir='ltr'><strong>ecclesias</strong></span> <span class='ocrx_word' id='word_1_298' title='bbox 544 2441 610 2496; x_wconf 88' lang='lat' dir='ltr'><strong>ad</strong></span> <span class='ocrx_word' id='word_1_299' title='bbox 654 2441 830 2497; x_wconf 85' lang='lat' dir='ltr'><strong>solum</strong></span> <span class='ocrx_word' id='word_1_300' title='bbox 878 2455 1046 2511; x_wconf 89' lang='lat' dir='ltr'><strong>usque</strong></span> <span class='ocrx_word' id='word_1_301' title='bbox 1089 2440 1333 2496; x_wconf 84' lang='lat' dir='ltr'><strong>demoliti</strong></span> <span class='ocrx_word' id='word_1_302' title='bbox 1376 2448 1521 2508; x_wconf 91' lang='lat' dir='ltr'><strong>sunt,</strong></span> <span class='ocrx_word' id='word_1_303' title='bbox 1549 2450 1604 2496; x_wconf 87' lang='lat' dir='ltr'><strong>et</strong></span> <span class='ocrx_word' id='word_1_304' title='bbox 1650 2440 1833 2495; x_wconf 84' lang='lat' dir='ltr'><strong>altaria</strong></span> 
     </span>
    </p>
   </div>
   <div class='ocr_carea' id='block_1_40' title="bbox 238 2530 1837 2603">
    <p class='ocr_par' dir='ltr' id='par_1_40' title="bbox 238 2530 1837 2603">
     <span class='ocr_line' id='line_1_40' title="bbox 238 2530 1837 2603; baseline -0.001 -16"><span class='ocrx_word' id='word_1_305' title='bbox 238 2535 403 2589; x_wconf 83' lang='lat' dir='ltr'><strong>simul</strong></span> <span class='ocrx_word' id='word_1_306' title='bbox 425 2549 545 2589; x_wconf 91' lang='lat' dir='ltr'><strong>cum</strong></span> <span class='ocrx_word' id='word_1_307' title='bbox 570 2532 872 2603; x_wconf 77' lang='lat' dir='ltr'><strong>Evangeliis</strong></span> <span class='ocrx_word' id='word_1_308' title='bbox 901 2541 953 2587; x_wconf 91' lang='lat' dir='ltr'><strong>et</strong></span> <span class='ocrx_word' id='word_1_309' title='bbox 977 2532 1187 2587; x_wconf 62' lang='lat' dir='ltr'><strong>caeteris</strong></span> <span class='ocrx_word' id='word_1_310' title='bbox 1210 2532 1358 2587; x_wconf 82' lang='lat' dir='ltr'><strong>libris</strong></span> <span class='ocrx_word' id='word_1_311' title='bbox 1375 2531 1670 2595; x_wconf 87' lang='lat' dir='ltr'><strong>canonicis.</strong></span> <span class='ocrx_word' id='word_1_312' title='bbox 1700 2530 1837 2602; x_wconf 81' lang='lat' dir='ltr'><strong>igni-</strong></span> 
     </span>
    </p>
   </div>
   <div class='ocr_carea' id='block_1_41' title="bbox 248 2623 1837 2694">
    <p class='ocr_par' dir='ltr' id='par_1_41' title="bbox 248 2623 1837 2694">
     <span class='ocr_line' id='line_1_41' title="bbox 248 2623 1837 2694; baseline -0.001 -15"><span class='ocrx_word' id='word_1_313' title='bbox 248 2626 352 2680; x_wconf 86' lang='lat' dir='ltr'><strong>bus</strong></span> <span class='ocrx_word' id='word_1_314' title='bbox 392 2633 766 2681; x_wconf 82' lang='lat' dir='ltr'><strong>cremaverunt</strong></span> <span class='ocrx_word' id='word_1_315' title='bbox 794 2641 807 2690; x_wconf 93' lang='lat'><strong>;</strong></span> <span class='ocrx_word' id='word_1_316' title='bbox 835 2624 1050 2694; x_wconf 88' lang='lat' dir='ltr'><strong>quando</strong></span> <span class='ocrx_word' id='word_1_317' title='bbox 1097 2623 1406 2679; x_wconf 74' lang='lat' dir='ltr'><strong>sacerdotes</strong></span> <span class='ocrx_word' id='word_1_318' title='bbox 1458 2623 1837 2679; x_wconf 90' lang='lat' dir='ltr'><strong>concluscrunt</strong></span> 
     </span>
    </p>
   </div>
   <div class='ocr_carea' id='block_1_42' title="bbox 242 2714 1836 2785">
    <p class='ocr_par' dir='ltr' id='par_1_42' title="bbox 242 2714 1836 2785">
     <span class='ocr_line' id='line_1_42' title="bbox 242 2714 1836 2785; baseline 0 -16"><span class='ocrx_word' id='word_1_319' title='bbox 242 2716 311 2771; x_wconf 87' lang='lat' dir='ltr'><strong>ad</strong></span> <span class='ocrx_word' id='word_1_320' title='bbox 343 2715 559 2770; x_wconf 89' lang='lat' dir='ltr'><strong>metalla</strong></span> <span class='ocrx_word' id='word_1_321' title='bbox 589 2714 996 2780; x_wconf 89' lang='lat' dir='ltr'><strong>condemnatos,</strong></span> <span class='ocrx_word' id='word_1_322' title='bbox 1022 2715 1236 2785; x_wconf 89' lang='lat' dir='ltr'><strong>quando</strong></span> <span class='ocrx_word' id='word_1_323' title='bbox 1272 2729 1373 2771; x_wconf 91' lang='lat' dir='ltr'><strong>nec</strong></span> <span class='ocrx_word' id='word_1_324' title='bbox 1393 2714 1732 2771; x_wconf 88' lang='lat' dir='ltr'><strong>sacrificandi</strong></span> <span class='ocrx_word' id='word_1_325' title='bbox 1756 2714 1836 2769; x_wconf 83' lang='lat' dir='ltr'><strong>lo-</strong></span> 
     </span>
    </p>
   </div>
   <div class='ocr_carea' id='block_1_43' title="bbox 242 2806 1837 2877">
    <p class='ocr_par' dir='ltr' id='par_1_43' title="bbox 242 2806 1837 2877">
     <span class='ocr_line' id='line_1_43' title="bbox 242 2806 1837 2877; baseline 0.001 -16"><span class='ocrx_word' id='word_1_326' title='bbox 242 2822 343 2862; x_wconf 82' lang='lat' dir='ltr'><strong>cus</strong></span> <span class='ocrx_word' id='word_1_327' title='bbox 364 2850 379 2874; x_wconf 96' lang='lat'><strong>,</strong></span> <span class='ocrx_word' id='word_1_328' title='bbox 404 2822 503 2863; x_wconf 88' lang='lat' dir='ltr'><strong>nec</strong></span> <span class='ocrx_word' id='word_1_329' title='bbox 528 2807 833 2877; x_wconf 85' lang='lat' dir='ltr'><strong>baptizandi</strong></span> <span class='ocrx_word' id='word_1_330' title='bbox 863 2808 1101 2876; x_wconf 89' lang='lat' dir='ltr'><strong>libertas,</strong></span> <span class='ocrx_word' id='word_1_331' title='bbox 1130 2823 1232 2864; x_wconf 90' lang='lat' dir='ltr'><strong>nec</strong></span> <span class='ocrx_word' id='word_1_332' title='bbox 1279 2806 1712 2863; x_wconf 89' lang='lat' dir='ltr'><strong>communicandi</strong></span> <span class='ocrx_word' id='word_1_333' title='bbox 1755 2814 1837 2863; x_wconf 87' lang='lat' dir='ltr'><strong>est</strong></span> 
     </span>
    </p>
   </div>
   <div class='ocr_carea' id='block_1_44' title="bbox 244 2900 1840 2972">
    <p class='ocr_par' dir='ltr' id='par_1_44' title="bbox 244 2900 1840 2972">
     <span class='ocr_line' id='line_1_44' title="bbox 244 2900 1840 2972; baseline 0 -17"><span class='ocrx_word' id='word_1_334' title='bbox 244 2900 500 2955; x_wconf 83' lang='lat' dir='ltr'><strong>attributa</strong></span> <span class='ocrx_word' id='word_1_335' title='bbox 529 2901 778 2969; x_wconf 88' lang='lat' dir='ltr'><strong>licentia;</strong></span> <span class='ocrx_word' id='word_1_336' title='bbox 808 2916 929 2957; x_wconf 92' lang='lat' dir='ltr'><strong>cum</strong></span> <span class='ocrx_word' id='word_1_337' title='bbox 962 2903 1077 2957; x_wconf 81' lang='lat' dir='ltr'><strong>haec</strong></span> <span class='ocrx_word' id='word_1_338' title='bbox 1105 2903 1283 2957; x_wconf 92' lang='lat' dir='ltr'><strong>omnia</strong></span> <span class='ocrx_word' id='word_1_339' title='bbox 1312 2911 1685 2972; x_wconf 85' lang='lat' dir='ltr'><strong>persecutores</strong></span> <span class='ocrx_word' id='word_1_340' title='bbox 1714 2914 1840 2971; x_wconf 81' lang='lat' dir='ltr'><strong>age-</strong></span> 
     </span>
    </p>
   </div>
   <div class='ocr_carea' id='block_1_45' title="bbox 244 2990 1841 3064">
    <p class='ocr_par' dir='ltr' id='par_1_45' title="bbox 244 2990 1841 3064">
     <span class='ocr_line' id='line_1_45' title="bbox 244 2990 1841 3064; baseline -0.001 -15"><span class='ocrx_word' id='word_1_341' title='bbox 244 3002 392 3062; x_wconf 89' lang='lat' dir='ltr'><strong>rent,</strong></span> <span class='ocrx_word' id='word_1_342' title='bbox 427 3003 554 3049; x_wconf 89' lang='lat' dir='ltr'><strong>tunc</strong></span> <span class='ocrx_word' id='word_1_343' title='bbox 575 2993 971 3064; x_wconf 88' lang='lat' dir='ltr'><strong>quodammodo</strong></span> <span class='ocrx_word' id='word_1_344' title='bbox 992 3008 1203 3063; x_wconf 79' lang='lat' dir='ltr'><strong>sponsae</strong></span> <span class='ocrx_word' id='word_1_345' title='bbox 1224 2992 1445 3059; x_wconf 86' lang='lat' dir='ltr'><strong>Christi,</strong></span> <span class='ocrx_word' id='word_1_346' title='bbox 1472 2991 1524 3048; x_wconf 89' lang='lat' dir='ltr'><strong>id</strong></span> <span class='ocrx_word' id='word_1_347' title='bbox 1546 3000 1630 3048; x_wconf 86' lang='lat' dir='ltr'><strong>est</strong></span> <span class='ocrx_word' id='word_1_348' title='bbox 1655 2990 1841 3047; x_wconf 87' lang='lat' dir='ltr'><strong>Eccle—</strong></span> 
     </span>
    </p>
   </div>
   <div class='ocr_carea' id='block_1_46' title="bbox 246 3085 1477 3156">
    <p class='ocr_par' dir='ltr' id='par_1_46' title="bbox 246 3085 1477 3156">
     <span class='ocr_line' id='line_1_46' title="bbox 246 3085 1477 3156; baseline 0.002 -17"><span class='ocrx_word' id='word_1_349' title='bbox 246 3086 369 3153; x_wconf 65' lang='lat' dir='ltr'><strong>siae,</strong></span> <span class='ocrx_word' id='word_1_350' title='bbox 402 3085 550 3155; x_wconf 87' lang='lat' dir='ltr'><strong>quasi</strong></span> <span class='ocrx_word' id='word_1_351' title='bbox 577 3086 845 3155; x_wconf 78' lang='lat' dir='ltr'><strong>quoddam</strong></span> <span class='ocrx_word' id='word_1_352' title='bbox 875 3086 1091 3156; x_wconf 89' lang='lat' dir='ltr'><strong>pallium</strong></span> <span class='ocrx_word' id='word_1_353' title='bbox 1121 3085 1477 3142; x_wconf 89' lang='lat' dir='ltr'><strong>abstulerunt.</strong></span> 
     </span>
    </p>
   </div>
   <div class='ocr_carea' id='block_1_47' title="bbox 321 3183 1841 3259">
    <p class='ocr_par' dir='ltr' id='par_1_47' title="bbox 321 3183 1841 3259">
     <span class='ocr_line' id='line_1_47' title="bbox 321 3183 1841 3259; baseline 0.002 -20"><span class='ocrx_word' id='word_1_354' title='bbox 321 3185 481 3240; x_wconf 81' lang='lat' dir='ltr'><strong>Num.</strong></span> <span class='ocrx_word' id='word_1_355' title='bbox 510 3183 634 3241; x_wconf 89' lang='grc'><strong>116.</strong></span> <span class='ocrx_word' id='word_1_356' title='bbox 662 3185 864 3259; x_wconf 80' lang='lat' dir='ltr'><strong><em>Adjuro</em></strong></span> <span class='ocrx_word' id='word_1_357' title='bbox 906 3202 991 3241; x_wconf 74' lang='lat' dir='ltr'><strong><em>vos</em></strong></span> <span class='ocrx_word' id='word_1_358' title='bbox 1017 3227 1034 3252; x_wconf 93' lang='lat'><strong>,</strong></span> <span class='ocrx_word' id='word_1_359' title='bbox 1086 3186 1210 3256; x_wconf 72' lang='lat' dir='ltr'><strong><em>filia:</em></strong></span> <span class='ocrx_word' id='word_1_360' title='bbox 1253 3184 1565 3243; x_wconf 79' lang='lat' dir='ltr'><strong><em>Jerusalem.</em></strong></span> <span class='ocrx_word' id='word_1_361' title='bbox 1614 3184 1841 3242; x_wconf 89' lang='lat' dir='ltr'><strong>Sanctos</strong></span> 
     </span>
    </p>
   </div>
   <div class='ocr_carea' id='block_1_48' title="bbox 1934 1963 3537 2035">
    <p class='ocr_par' dir='ltr' id='par_1_48' title="bbox 1934 1963 3537 2035">
     <span class='ocr_line' id='line_1_48' title="bbox 1934 1963 3537 2035; baseline 0 -16"><span class='ocrx_word' id='word_1_362' title='bbox 1934 1966 1987 2019; x_wconf 89' lang='lat' dir='ltr'><strong>in</strong></span> <span class='ocrx_word' id='word_1_363' title='bbox 2019 1964 2155 2018; x_wconf 86' lang='lat' dir='ltr'><strong><em>hunc</em></strong></span> <span class='ocrx_word' id='word_1_364' title='bbox 2182 1963 2431 2018; x_wconf 83' lang='lat' dir='ltr'><strong><em>mundum</em></strong></span> <span class='ocrx_word' id='word_1_365' title='bbox 2458 1973 2745 2035; x_wconf 82' lang='lat' dir='ltr'><strong><em>peccatores</em></strong></span> <span class='ocrx_word' id='word_1_366' title='bbox 2771 1963 2937 2018; x_wconf 87' lang='lat' dir='ltr'><strong><em>salvos</em></strong></span> <span class='ocrx_word' id='word_1_367' title='bbox 2962 1964 3150 2033; x_wconf 87' lang='lat' dir='ltr'><strong><em>facere,</em></strong></span> <span class='ocrx_word' id='word_1_368' title='bbox 3178 1981 3393 2033; x_wconf 88' lang='lat' dir='ltr'><strong><em>quorum</em></strong></span> <span class='ocrx_word' id='word_1_369' title='bbox 3414 1968 3537 2035; x_wconf 74' lang='lat' dir='ltr'><strong>pri--</strong></span> 
     </span>
    </p>
   </div>
   <div class='ocr_carea' id='block_1_49' title="bbox 1934 2054 3539 2127">
    <p class='ocr_par' dir='ltr' id='par_1_49' title="bbox 1934 2054 3539 2127">
     <span class='ocr_line' id='line_1_49' title="bbox 1934 2054 3539 2127; baseline 0.002 -16"><span class='ocrx_word' id='word_1_370' title='bbox 1934 2072 2047 2111; x_wconf 88' lang='lat' dir='ltr'><strong>mus</strong></span> <span class='ocrx_word' id='word_1_371' title='bbox 2074 2072 2165 2127; x_wconf 87' lang='lat' dir='ltr'><strong>ego</strong></span> <span class='ocrx_word' id='word_1_372' title='bbox 2204 2072 2316 2110; x_wconf 89' lang='lat' dir='ltr'><strong>sum</strong></span> <span class='ocrx_word' id='word_1_373' title='bbox 2346 2054 2399 2127; x_wconf 92' lang='grc' dir='ltr'><strong>(Ι</strong></span> <span class='ocrx_word' id='word_1_374' title='bbox 2428 2054 2561 2109; x_wconf 87' lang='lat' dir='ltr'><strong><em>Tim.</em></strong></span> <span class='ocrx_word' id='word_1_375' title='bbox 2606 2055 2670 2127; x_wconf 84' lang='grc' dir='ltr'><strong>ι).</strong></span> <span class='ocrx_word' id='word_1_376' title='bbox 2727 2055 2795 2111; x_wconf 84' lang='grc' dir='ltr'><strong>Ει</strong></span> <span class='ocrx_word' id='word_1_377' title='bbox 2836 2057 2960 2127; x_wconf 84' lang='lat' dir='ltr'><strong>quia</strong></span> <span class='ocrx_word' id='word_1_378' title='bbox 3004 2057 3187 2121; x_wconf 84' lang='lat' dir='ltr'><strong><em>omnis,</em></strong></span> <span class='ocrx_word' id='word_1_379' title='bbox 3223 2060 3539 2115; x_wconf 72' lang='lat' dir='ltr'><strong>secundum</strong></span> 
     </span>
    </p>
   </div>
   <div class='ocr_carea' id='block_1_50' title="bbox 1935 2148 3521 2220">
    <p class='ocr_par' dir='ltr' id='par_1_50' title="bbox 1935 2148 3521 2220">
     <span class='ocr_line' id='line_1_50' title="bbox 1935 2148 3521 2220; baseline -0.001 -14"><span class='ocrx_word' id='word_1_380' title='bbox 1935 2149 2301 2220; x_wconf 75' lang='lat' dir='ltr'><strong>Evangelinm,</strong></span> <span class='ocrx_word' id='word_1_381' title='bbox 2317 2149 2405 2218; x_wconf 91' lang='lat' dir='ltr'><strong>qui</strong></span> <span class='ocrx_word' id='word_1_382' title='bbox 2415 2165 2468 2203; x_wconf 88' lang='lat' dir='ltr'><strong>se</strong></span> <span class='ocrx_word' id='word_1_383' title='bbox 2481 2148 2718 2203; x_wconf 79' lang='lat' dir='ltr'><strong><em>humiliat</em></strong></span> <span class='ocrx_word' id='word_1_384' title='bbox 2732 2156 2780 2204; x_wconf 86' lang='lat' dir='ltr'><strong>et</strong></span> <span class='ocrx_word' id='word_1_385' title='bbox 2801 2148 3335 2219; x_wconf 78' lang='lat' dir='ltr'><strong><em>exaltabitur(.l!attb.</em></strong></span> <span class='ocrx_word' id='word_1_386' title='bbox 3354 2168 3485 2207; x_wconf 68' lang='grc' dir='ltr'><strong>χχιιι</strong></span> <span class='ocrx_word' id='word_1_387' title='bbox 3507 2172 3521 2217; x_wconf 84' lang='lat'><strong>;</strong></span> 
     </span>
    </p>
   </div>
   <div class='ocr_carea' id='block_1_51' title="bbox 1913 2236 3538 2313">
    <p class='ocr_par' dir='ltr' id='par_1_51' title="bbox 1913 2236 3538 2313">
     <span class='ocr_line' id='line_1_51' title="bbox 1913 2236 3538 2313; baseline 0.002 -14"><span class='ocrx_word' id='word_1_388' title='bbox 1913 2244 2041 2299; x_wconf 87' lang='lat' dir='ltr'><strong><em>Luc.</em></strong></span> <span class='ocrx_word' id='word_1_389' title='bbox 2057 2236 2435 2311; x_wconf 76' lang='lat' dir='ltr'><strong>x1v,xvut):hi</strong></span> <span class='ocrx_word' id='word_1_390' title='bbox 2459 2240 2623 2311; x_wconf 89' lang='lat' dir='ltr'><strong>quise</strong></span> <span class='ocrx_word' id='word_1_391' title='bbox 2654 2241 2994 2297; x_wconf 85' lang='lat' dir='ltr'><strong>confessione</strong></span> <span class='ocrx_word' id='word_1_392' title='bbox 3026 2244 3225 2311; x_wconf 84' lang='lat' dir='ltr'><strong>peccati</strong></span> <span class='ocrx_word' id='word_1_393' title='bbox 3246 2244 3538 2313; x_wconf 72' lang='lat' dir='ltr'><strong>dejiciuut,</strong></span> 
     </span>
    </p>
   </div>
   <div class='ocr_carea' id='block_1_52' title="bbox 1935 2334 3525 2405">
    <p class='ocr_par' dir='ltr' id='par_1_52' title="bbox 1935 2334 3525 2405">
     <span class='ocr_line' id='line_1_52' title="bbox 1935 2334 3525 2405; baseline -0.001 -13"><span class='ocrx_word' id='word_1_394' title='bbox 1935 2336 2229 2392; x_wconf 88' lang='lat' dir='ltr'><strong>secundum</strong></span> <span class='ocrx_word' id='word_1_395' title='bbox 2250 2334 2392 2405; x_wconf 92' lang='lat' dir='ltr'><strong>quod</strong></span> <span class='ocrx_word' id='word_1_396' title='bbox 2415 2336 2469 2389; x_wconf 90' lang='lat' dir='ltr'><strong>in</strong></span> <span class='ocrx_word' id='word_1_397' title='bbox 2498 2334 2600 2390; x_wconf 88' lang='lat' dir='ltr'><strong>hoc</strong></span> <span class='ocrx_word' id='word_1_398' title='bbox 2627 2335 2763 2389; x_wconf 90' lang='lat' dir='ltr'><strong>libro</strong></span> <span class='ocrx_word' id='word_1_399' title='bbox 2778 2335 3045 2400; x_wconf 89' lang='lat' dir='ltr'><strong>scribitur,</strong></span> <span class='ocrx_word' id='word_1_400' title='bbox 3075 2336 3369 2405; x_wconf 84' lang='lat' dir='ltr'><strong>palmarum</strong></span> <span class='ocrx_word' id='word_1_401' title='bbox 3399 2354 3525 2397; x_wconf 84' lang='lat' dir='ltr'><strong>uro-</strong></span> 
     </span>
    </p>
   </div>
   <div class='ocr_carea' id='block_1_53' title="bbox 1936 2427 2996 2495">
    <p class='ocr_par' dir='ltr' id='par_1_53' title="bbox 1936 2427 2996 2495">
     <span class='ocr_line' id='line_1_53' title="bbox 1936 2427 2996 2495; baseline 0.001 -13"><span class='ocrx_word' id='word_1_402' title='bbox 1936 2428 2144 2484; x_wconf 87' lang='lat' dir='ltr'><strong>eeritati</strong></span> <span class='ocrx_word' id='word_1_403' title='bbox 2163 2442 2269 2482; x_wconf 90' lang='lat' dir='ltr'><strong>non</strong></span> <span class='ocrx_word' id='word_1_404' title='bbox 2295 2427 2566 2482; x_wconf 90' lang='lat' dir='ltr'><strong>immerito</strong></span> <span class='ocrx_word' id='word_1_405' title='bbox 2596 2437 2996 2495; x_wconf 87' lang='lat' dir='ltr'><strong>comparantur.</strong></span> 
     </span>
    </p>
   </div>
   <div class='ocr_carea' id='block_1_54' title="bbox 2009 2517 3532 2592">
    <p class='ocr_par' dir='ltr' id='par_1_54' title="bbox 2009 2517 3532 2592">
     <span class='ocr_line' id='line_1_54' title="bbox 2009 2517 3532 2592; baseline -0.001 -17"><span class='ocrx_word' id='word_1_406' title='bbox 2009 2520 2171 2576; x_wconf 84' lang='lat' dir='ltr'><strong>Num.</strong></span> <span class='ocrx_word' id='word_1_407' title='bbox 2195 2519 2321 2576; x_wconf 70' lang='grc'><strong>121.</strong></span> <span class='ocrx_word' id='word_1_408' title='bbox 2348 2517 2498 2573; x_wconf 87' lang='lat' dir='ltr'><strong><em>Oculi</em></strong></span> <span class='ocrx_word' id='word_1_409' title='bbox 2526 2520 2638 2592; x_wconf 85' lang='lat' dir='ltr'><strong><em>ejus</em></strong></span> <span class='ocrx_word' id='word_1_410' title='bbox 2664 2520 2791 2573; x_wconf 84' lang='lat' dir='ltr'><strong><em>sicut</em></strong></span> <span class='ocrx_word' id='word_1_411' title='bbox 2817 2519 3077 2573; x_wconf 66' lang='lat' dir='ltr'><strong><em>columbae</em></strong></span> <span class='ocrx_word' id='word_1_412' title='bbox 3112 2520 3313 2589; x_wconf 80' lang='lat' dir='ltr'><strong>Spiritu</strong></span> <span class='ocrx_word' id='word_1_413' title='bbox 3339 2531 3532 2577; x_wconf 75' lang='lat' dir='ltr'><strong>sancto</strong></span> 
     </span>
    </p>
   </div>
   <div class='ocr_carea' id='block_1_55' title="bbox 1940 2612 3530 2687">
    <p class='ocr_par' dir='ltr' id='par_1_55' title="bbox 1940 2612 3530 2687">
     <span class='ocr_line' id='line_1_55' title="bbox 1940 2612 3530 2687; baseline -0.001 -14"><span class='ocrx_word' id='word_1_414' title='bbox 1940 2616 2153 2687; x_wconf 87' lang='lat' dir='ltr'><strong>repleti,</strong></span> <span class='ocrx_word' id='word_1_415' title='bbox 2174 2614 2333 2671; x_wconf 88' lang='lat' dir='ltr'><strong>electi</strong></span> <span class='ocrx_word' id='word_1_416' title='bbox 2362 2612 2481 2684; x_wconf 72' lang='lat' dir='ltr'><strong>eius</strong></span> <span class='ocrx_word' id='word_1_417' title='bbox 2515 2616 2715 2683; x_wconf 87' lang='lat' dir='ltr'><strong>absque</strong></span> <span class='ocrx_word' id='word_1_418' title='bbox 2745 2614 2852 2668; x_wconf 93' lang='lat' dir='ltr'><strong>ullo</strong></span> <span class='ocrx_word' id='word_1_419' title='bbox 2875 2613 2996 2669; x_wconf 86' lang='lat' dir='ltr'><strong>felle</strong></span> <span class='ocrx_word' id='word_1_420' title='bbox 3020 2615 3390 2671; x_wconf 71' lang='lat' dir='ltr'><strong>amaritudinis</strong></span> <span class='ocrx_word' id='word_1_421' title='bbox 3409 2632 3530 2685; x_wconf 84' lang='lat' dir='ltr'><strong>per-</strong></span> 
     </span>
    </p>
   </div>
   <div class='ocr_carea' id='block_1_56' title="bbox 1941 2706 3527 2776">
    <p class='ocr_par' dir='ltr' id='par_1_56' title="bbox 1941 2706 3527 2776">
     <span class='ocr_line' id='line_1_56' title="bbox 1941 2706 3527 2776; baseline -0.003 -12"><span class='ocrx_word' id='word_1_422' title='bbox 1941 2718 2180 2776; x_wconf 88' lang='lat' dir='ltr'><strong>manent,</strong></span> <span class='ocrx_word' id='word_1_423' title='bbox 2209 2717 2264 2763; x_wconf 92' lang='lat' dir='ltr'><strong>et</strong></span> <span class='ocrx_word' id='word_1_424' title='bbox 2306 2707 2704 2776; x_wconf 85' lang='lat' dir='ltr'><strong>Scripturarum</strong></span> <span class='ocrx_word' id='word_1_425' title='bbox 2739 2706 2926 2760; x_wconf 84' lang='lat' dir='ltr'><strong>rivulis</strong></span> <span class='ocrx_word' id='word_1_426' title='bbox 2963 2706 3216 2775; x_wconf 89' lang='lat' dir='ltr'><strong>populum</strong></span> <span class='ocrx_word' id='word_1_427' title='bbox 3260 2706 3527 2762; x_wconf 87' lang='lat' dir='ltr'><strong>imbnuut.</strong></span> 
     </span>
    </p>
   </div>
   <div class='ocr_carea' id='block_1_57' title="bbox 2012 2796 3534 2865">
    <p class='ocr_par' dir='ltr' id='par_1_57' title="bbox 2012 2796 3534 2865">
     <span class='ocr_line' id='line_1_57' title="bbox 2012 2796 3534 2865; baseline -0.003 -9"><span class='ocrx_word' id='word_1_428' title='bbox 2012 2800 2171 2856; x_wconf 82' lang='lat' dir='ltr'><strong>Num.</strong></span> <span class='ocrx_word' id='word_1_429' title='bbox 2206 2799 2332 2855; x_wconf 66' lang='lat'><strong>1‘22.</strong></span> <span class='ocrx_word' id='word_1_430' title='bbox 2366 2798 2496 2865; x_wconf 65' lang='lat' dir='ltr'><strong><em>Quae</em></strong></span> <span class='ocrx_word' id='word_1_431' title='bbox 2522 2798 2653 2850; x_wconf 88' lang='lat' dir='ltr'><strong><em>lacte</em></strong></span> <span class='ocrx_word' id='word_1_432' title='bbox 2672 2808 2786 2851; x_wconf 79' lang='lat' dir='ltr'><strong><em>sunt</em></strong></span> <span class='ocrx_word' id='word_1_433' title='bbox 2815 2797 2953 2852; x_wconf 76' lang='lat' dir='ltr'><strong><em>lotw.</em></strong></span> <span class='ocrx_word' id='word_1_434' title='bbox 2986 2797 3194 2852; x_wconf 69' lang='lat' dir='ltr'><strong>Exinde</strong></span> <span class='ocrx_word' id='word_1_435' title='bbox 3222 2796 3534 2854; x_wconf 84' lang='lat' dir='ltr'><strong>mundiores</strong></span> 
     </span>
    </p>
   </div>
   <div class='ocr_carea' id='block_1_58' title="bbox 1943 2889 3535 2962">
    <p class='ocr_par' dir='ltr' id='par_1_58' title="bbox 1943 2889 3535 2962">
     <span class='ocr_line' id='line_1_58' title="bbox 1943 2889 3535 2962; baseline -0.003 -14"><span class='ocrx_word' id='word_1_436' title='bbox 1943 2891 2142 2961; x_wconf 78' lang='lat' dir='ltr'><strong>eﬂ&#39;ecti,</strong></span> <span class='ocrx_word' id='word_1_437' title='bbox 2176 2891 2299 2962; x_wconf 84' lang='lat' dir='ltr'><strong>quia</strong></span> <span class='ocrx_word' id='word_1_438' title='bbox 2329 2889 2602 2946; x_wconf 86' lang='lat' dir='ltr'><strong>Christum</strong></span> <span class='ocrx_word' id='word_1_439' title='bbox 2644 2889 2696 2944; x_wconf 88' lang='lat' dir='ltr'><strong>in</strong></span> <span class='ocrx_word' id='word_1_440' title='bbox 2726 2904 2889 2944; x_wconf 88' lang='lat' dir='ltr'><strong>carne</strong></span> <span class='ocrx_word' id='word_1_441' title='bbox 2921 2900 3125 2954; x_wconf 89' lang='lat' dir='ltr'><strong>natum,</strong></span> <span class='ocrx_word' id='word_1_442' title='bbox 3166 2890 3271 2945; x_wconf 82' lang='lat' dir='ltr'><strong>fide</strong></span> <span class='ocrx_word' id='word_1_443' title='bbox 3302 2907 3409 2945; x_wconf 94' lang='lat' dir='ltr'><strong>non</strong></span> <span class='ocrx_word' id='word_1_444' title='bbox 3436 2892 3535 2945; x_wconf 89' lang='lat' dir='ltr'><strong>du-</strong></span> 
     </span>
    </p>
   </div>
   <div class='ocr_carea' id='block_1_59' title="bbox 1945 2982 3537 3051">
    <p class='ocr_par' dir='ltr' id='par_1_59' title="bbox 1945 2982 3537 3051">
     <span class='ocr_line' id='line_1_59' title="bbox 1945 2982 3537 3051; baseline -0.003 -8"><span class='ocrx_word' id='word_1_445' title='bbox 1945 2987 2031 3043; x_wconf 90' lang='lat' dir='ltr'><strong>bia</strong></span> <span class='ocrx_word' id='word_1_446' title='bbox 2058 2987 2288 3042; x_wconf 90' lang='lat' dir='ltr'><strong>credunt</strong></span> <span class='ocrx_word' id='word_1_447' title='bbox 2316 3002 2332 3051; x_wconf 91' lang='lat'><strong>;</strong></span> <span class='ocrx_word' id='word_1_448' title='bbox 2364 2992 2417 3040; x_wconf 93' lang='lat' dir='ltr'><strong>et</strong></span> <span class='ocrx_word' id='word_1_449' title='bbox 2458 2992 2800 3039; x_wconf 88' lang='lat' dir='ltr'><strong>sacramento</strong></span> <span class='ocrx_word' id='word_1_450' title='bbox 2826 2982 3023 3037; x_wconf 85' lang='lat' dir='ltr'><strong>visibili</strong></span> <span class='ocrx_word' id='word_1_451' title='bbox 3066 2999 3125 3037; x_wconf 88' lang='lat' dir='ltr'><strong>se</strong></span> <span class='ocrx_word' id='word_1_452' title='bbox 3158 2993 3396 3049; x_wconf 88' lang='lat' dir='ltr'><strong>renatos,</strong></span> <span class='ocrx_word' id='word_1_453' title='bbox 3434 2983 3537 3040; x_wconf 85' lang='lat' dir='ltr'><strong>ab-</strong></span> 
     </span>
    </p>
   </div>
   <div class='ocr_carea' id='block_1_60' title="bbox 1946 3072 3540 3147">
    <p class='ocr_par' dir='ltr' id='par_1_60' title="bbox 1946 3072 3540 3147">
     <span class='ocr_line' id='line_1_60' title="bbox 1946 3072 3540 3147; baseline -0.003 -14"><span class='ocrx_word' id='word_1_454' title='bbox 1946 3078 2087 3133; x_wconf 89' lang='lat' dir='ltr'><strong>lutos</strong></span> <span class='ocrx_word' id='word_1_455' title='bbox 2107 3085 2162 3133; x_wconf 90' lang='lat' dir='ltr'><strong>et</strong></span> <span class='ocrx_word' id='word_1_456' title='bbox 2186 3075 2414 3131; x_wconf 91' lang='lat' dir='ltr'><strong>nutritos</strong></span> <span class='ocrx_word' id='word_1_457' title='bbox 2439 3082 2755 3147; x_wconf 80' lang='lat' dir='ltr'><strong>agnoscunt,</strong></span> <span class='ocrx_word' id='word_1_458' title='bbox 2776 3074 3010 3128; x_wconf 87' lang='lat' dir='ltr'><strong>resident</strong></span> <span class='ocrx_word' id='word_1_459' title='bbox 3030 3072 3178 3142; x_wconf 82' lang='lat' dir='ltr'><strong>juxta</strong></span> <span class='ocrx_word' id='word_1_460' title='bbox 3204 3074 3400 3129; x_wconf 82' lang='lat' dir='ltr'><strong>ﬂuenta</strong></span> <span class='ocrx_word' id='word_1_461' title='bbox 3428 3073 3540 3144; x_wconf 81' lang='lat' dir='ltr'><strong>ple-</strong></span> 
     </span>
    </p>
   </div>
   <div class='ocr_carea' id='block_1_61' title="bbox 1945 3162 3538 3236">
    <p class='ocr_par' dir='ltr' id='par_1_61' title="bbox 1945 3162 3538 3236">
     <span class='ocr_line' id='line_1_61' title="bbox 1945 3162 3538 3236; baseline -0.002 -13"><span class='ocrx_word' id='word_1_462' title='bbox 1945 3169 2190 3235; x_wconf 87' lang='lat' dir='ltr'><strong>nissima,</strong></span> <span class='ocrx_word' id='word_1_463' title='bbox 2206 3168 2259 3223; x_wconf 89' lang='lat' dir='ltr'><strong>id</strong></span> <span class='ocrx_word' id='word_1_464' title='bbox 2272 3176 2353 3223; x_wconf 89' lang='lat' dir='ltr'><strong>est</strong></span> <span class='ocrx_word' id='word_1_465' title='bbox 2365 3167 2504 3222; x_wconf 89' lang='lat' dir='ltr'><strong>inter</strong></span> <span class='ocrx_word' id='word_1_466' title='bbox 2520 3165 2693 3221; x_wconf 87' lang='lat' dir='ltr'><strong>sancti</strong></span> <span class='ocrx_word' id='word_1_467' title='bbox 2713 3165 2940 3236; x_wconf 88' lang='lat' dir='ltr'><strong>Spiritus</strong></span> <span class='ocrx_word' id='word_1_468' title='bbox 2956 3162 3359 3222; x_wconf 82' lang='lat' dir='ltr'><strong>aftluentissima</strong></span> <span class='ocrx_word' id='word_1_469' title='bbox 3373 3167 3538 3223; x_wconf 82' lang='lat' dir='ltr'><strong>dona.</strong></span> 
     </span>
    </p>
   </div>
   <div class='ocr_carea' id='block_1_62' title="bbox 248 3257 1838 3350">
    <p class='ocr_par' dir='ltr' id='par_1_62' title="bbox 248 3257 1838 3350">
     <span class='ocr_line' id='line_1_62' title="bbox 248 3257 1838 3350; baseline -0.001 -15"><span class='ocrx_word' id='word_1_470' title='bbox 248 3286 493 3349; x_wconf 77' lang='lat' dir='ltr'><strong>quosque</strong></span> <span class='ocrx_word' id='word_1_471' title='bbox 514 3257 758 3349; x_wconf 84' lang='lat' dir='ltr'><strong>conjurat</strong></span> <span class='ocrx_word' id='word_1_472' title='bbox 776 3279 824 3335; x_wconf 89' lang='lat' dir='ltr'><strong>si</strong></span> <span class='ocrx_word' id='word_1_473' title='bbox 851 3295 947 3350; x_wconf 87' lang='lat' dir='ltr'><strong>per</strong></span> <span class='ocrx_word' id='word_1_474' title='bbox 974 3279 1103 3335; x_wconf 87' lang='lat' dir='ltr'><strong>istas</strong></span> <span class='ocrx_word' id='word_1_475' title='bbox 1129 3278 1521 3344; x_wconf 88' lang='lat' dir='ltr'><strong>tribulationes,</strong></span> <span class='ocrx_word' id='word_1_476' title='bbox 1545 3279 1610 3333; x_wconf 89' lang='lat' dir='ltr'><strong>ad</strong></span> <span class='ocrx_word' id='word_1_477' title='bbox 1642 3278 1838 3349; x_wconf 88' lang='lat' dir='ltr'><strong>ipsum,</strong></span> 
     </span>
    </p>
   </div>
   <div class='ocr_carea' id='block_1_63' title="bbox 1953 3257 3540 3350">
    <p class='ocr_par' dir='ltr' id='par_1_63' title="bbox 2020 3257 3540 3318">
     <span class='ocr_line' id='line_1_63' title="bbox 2020 3257 3540 3318; baseline 0.001 -2"><span class='ocrx_word' id='word_1_478' title='bbox 2020 3260 2180 3316; x_wconf 85' lang='lat' dir='ltr'><strong>Num.</strong></span> <span class='ocrx_word' id='word_1_479' title='bbox 2214 3258 2335 3316; x_wconf 71' lang='grc' dir='ltr'><strong>ηδ.</strong></span> <span class='ocrx_word' id='word_1_480' title='bbox 2364 3257 2518 3313; x_wconf 77' lang='lat' dir='ltr'><strong><em>Cena:</em></strong></span> <span class='ocrx_word' id='word_1_481' title='bbox 2545 3257 2686 3313; x_wconf 88' lang='lat' dir='ltr'><strong><em>illius</em></strong></span> <span class='ocrx_word' id='word_1_482' title='bbox 2711 3261 2842 3312; x_wconf 87' lang='lat' dir='ltr'><strong><em>sicut</em></strong></span> <span class='ocrx_word' id='word_1_483' title='bbox 2870 3258 3057 3313; x_wconf 79' lang='lat' dir='ltr'><strong><em>areolte</em></strong></span> <span class='ocrx_word' id='word_1_484' title='bbox 3083 3270 3391 3315; x_wconf 87' lang='lat' dir='ltr'><strong><em>aromatum.</em></strong></span> <span class='ocrx_word' id='word_1_485' title='bbox 3419 3260 3540 3318; x_wconf 83' lang='lat' dir='ltr'><strong>S&#39;o—</strong></span> 
     </span>
    </p>
   </div>
   <div class='ocr_carea' id='block_1_64' title="bbox 247 3369 1843 3442">
    <p class='ocr_par' dir='ltr' id='par_1_64' title="bbox 247 3369 1843 3442">
     <span class='ocr_line' id='line_1_64' title="bbox 247 3369 1843 3442; baseline -0.002 -15"><span class='ocrx_word' id='word_1_486' title='bbox 247 3379 562 3442; x_wconf 89' lang='lat' dir='ltr'><strong>contempta</strong></span> <span class='ocrx_word' id='word_1_487' title='bbox 589 3372 697 3427; x_wconf 86' lang='lat' dir='ltr'><strong>vita</strong></span> <span class='ocrx_word' id='word_1_488' title='bbox 718 3371 935 3439; x_wconf 89' lang='lat' dir='ltr'><strong>mundi,</strong></span> <span class='ocrx_word' id='word_1_489' title='bbox 966 3371 1285 3442; x_wconf 88' lang='lat' dir='ltr'><strong>perveniant</strong></span> <span class='ocrx_word' id='word_1_490' title='bbox 1316 3387 1330 3423; x_wconf 90' lang='lat'><strong>:</strong></span> <span class='ocrx_word' id='word_1_491' title='bbox 1362 3380 1419 3425; x_wconf 92' lang='lat' dir='ltr'><strong>ut</strong></span> <span class='ocrx_word' id='word_1_492' title='bbox 1438 3369 1714 3425; x_wconf 87' lang='lat' dir='ltr'><strong>insinuent</strong></span> <span class='ocrx_word' id='word_1_493' title='bbox 1738 3369 1843 3425; x_wconf 88' lang='lat' dir='ltr'><strong>Ec-</strong></span> 
     </span>
    </p>
   </div>
   <div class='ocr_carea' id='block_1_65' title="bbox 247 3462 1846 3536">
    <p class='ocr_par' dir='ltr' id='par_1_65' title="bbox 247 3462 1846 3536">
     <span class='ocr_line' id='line_1_65' title="bbox 247 3462 1846 3536; baseline -0.003 -14"><span class='ocrx_word' id='word_1_494' title='bbox 247 3466 476 3522; x_wconf 88' lang='lat' dir='ltr'><strong>clesiam</strong></span> <span class='ocrx_word' id='word_1_495' title='bbox 505 3467 559 3522; x_wconf 91' lang='lat' dir='ltr'><strong>in</strong></span> <span class='ocrx_word' id='word_1_496' title='bbox 588 3466 671 3521; x_wconf 88' lang='lat' dir='ltr'><strong>his</strong></span> <span class='ocrx_word' id='word_1_497' title='bbox 697 3465 1162 3536; x_wconf 90' lang='lat' dir='ltr'><strong>persecutionibus</strong></span> <span class='ocrx_word' id='word_1_498' title='bbox 1189 3464 1556 3530; x_wconf 86' lang='lat' dir='ltr'><strong>constitutam,</strong></span> <span class='ocrx_word' id='word_1_499' title='bbox 1586 3462 1846 3519; x_wconf 82' lang='lat' dir='ltr'><strong>ineffabili</strong></span> 
     </span>
    </p>
   </div>
   <div class='ocr_carea' id='block_1_66' title="bbox 246 3554 1846 3626">
    <p class='ocr_par' dir='ltr' id='par_1_66' title="bbox 246 3554 1846 3626">
     <span class='ocr_line' id='line_1_66' title="bbox 246 3554 1846 3626; baseline -0.001 -13"><span class='ocrx_word' id='word_1_500' title='bbox 246 3559 395 3615; x_wconf 84' lang='lat' dir='ltr'><strong>circa</strong></span> <span class='ocrx_word' id='word_1_501' title='bbox 437 3556 607 3613; x_wconf 90' lang='lat' dir='ltr'><strong>Deum</strong></span> <span class='ocrx_word' id='word_1_502' title='bbox 645 3557 934 3614; x_wconf 86' lang='lat' dir='ltr'><strong>dilectione</strong></span> <span class='ocrx_word' id='word_1_503' title='bbox 961 3554 1283 3626; x_wconf 83' lang='lat' dir='ltr'><strong>ferventem,</strong></span> <span class='ocrx_word' id='word_1_504' title='bbox 1320 3570 1418 3612; x_wconf 88' lang='lat' dir='ltr'><strong>nec</strong></span> <span class='ocrx_word' id='word_1_505' title='bbox 1461 3556 1622 3612; x_wconf 87' lang='lat' dir='ltr'><strong>tantis</strong></span> <span class='ocrx_word' id='word_1_506' title='bbox 1657 3562 1712 3611; x_wconf 89' lang='lat' dir='ltr'><strong>et</strong></span> <span class='ocrx_word' id='word_1_507' title='bbox 1740 3563 1846 3612; x_wconf 84' lang='lat' dir='ltr'><strong>tam</strong></span> 
     </span>
    </p>
   </div>
   <div class='ocr_carea' id='block_1_67' title="bbox 252 3648 1581 3721">
    <p class='ocr_par' dir='ltr' id='par_1_67' title="bbox 252 3648 1581 3721">
     <span class='ocr_line' id='line_1_67' title="bbox 252 3648 1581 3721; baseline -0.003 -16"><span class='ocrx_word' id='word_1_508' title='bbox 252 3649 540 3706; x_wconf 82' lang='lat' dir='ltr'><strong>horrendis</strong></span> <span class='ocrx_word' id='word_1_509' title='bbox 561 3651 824 3721; x_wconf 83' lang='lat' dir='ltr'><strong>angustiis</strong></span> <span class='ocrx_word' id='word_1_510' title='bbox 855 3650 964 3706; x_wconf 89' lang='lat' dir='ltr'><strong>ullo</strong></span> <span class='ocrx_word' id='word_1_511' title='bbox 994 3648 1154 3705; x_wconf 90' lang='lat' dir='ltr'><strong>modo</strong></span> <span class='ocrx_word' id='word_1_512' title='bbox 1178 3648 1581 3720; x_wconf 80' lang='lat' dir='ltr'><strong>frigescentem.</strong></span> 
     </span>
    </p>
   </div>
   <div class='ocr_carea' id='block_1_68' title="bbox 326 3750 1851 3819">
    <p class='ocr_par' dir='ltr' id='par_1_68' title="bbox 326 3750 1851 3819">
     <span class='ocr_line' id='line_1_68' title="bbox 326 3750 1851 3819; baseline -0.001 -12"><span class='ocrx_word' id='word_1_513' title='bbox 326 3752 489 3807; x_wconf 86' lang='lat' dir='ltr'><strong>Num.</strong></span> <span class='ocrx_word' id='word_1_514' title='bbox 512 3752 637 3808; x_wconf 88' lang='grc'><strong>117.</strong></span> <span class='ocrx_word' id='word_1_515' title='bbox 667 3753 844 3819; x_wconf 81' lang='lat' dir='ltr'><strong><em>Qualis</em></strong></span> <span class='ocrx_word' id='word_1_516' title='bbox 901 3761 973 3808; x_wconf 87' lang='lat' dir='ltr'><strong><em>est</em></strong></span> <span class='ocrx_word' id='word_1_517' title='bbox 1006 3752 1218 3807; x_wconf 85' lang='lat' dir='ltr'><strong><em>dilectus</em></strong></span> <span class='ocrx_word' id='word_1_518' title='bbox 1260 3753 1421 3807; x_wconf 84' lang='lat' dir='ltr'><strong><em>tuus?</em></strong></span> <span class='ocrx_word' id='word_1_519' title='bbox 1458 3750 1574 3807; x_wconf 81' lang='lat' dir='ltr'><strong>Vox</strong></span> <span class='ocrx_word' id='word_1_520' title='bbox 1623 3750 1851 3806; x_wconf 87' lang='lat' dir='ltr'><strong>interro-</strong></span> 
     </span>
    </p>
   </div>
   <div class='ocr_carea' id='block_1_69' title="bbox 251 3840 1851 3912">
    <p class='ocr_par' dir='ltr' id='par_1_69' title="bbox 251 3840 1851 3912">
     <span class='ocr_line' id='line_1_69' title="bbox 251 3840 1851 3912; baseline 0.001 -17"><span class='ocrx_word' id='word_1_521' title='bbox 251 3841 494 3912; x_wconf 74' lang='lat' dir='ltr'><strong>gantium</strong></span> <span class='ocrx_word' id='word_1_522' title='bbox 523 3841 846 3908; x_wconf 89' lang='lat' dir='ltr'><strong>electorum,</strong></span> <span class='ocrx_word' id='word_1_523' title='bbox 890 3852 945 3897; x_wconf 89' lang='lat' dir='ltr'><strong>et</strong></span> <span class='ocrx_word' id='word_1_524' title='bbox 994 3841 1153 3897; x_wconf 80' lang='lat' dir='ltr'><strong>ﬁdem</strong></span> <span class='ocrx_word' id='word_1_525' title='bbox 1201 3840 1457 3897; x_wconf 66' lang='lat' dir='ltr'><strong>Ecclesiae</strong></span> <span class='ocrx_word' id='word_1_526' title='bbox 1491 3854 1558 3895; x_wconf 79' lang='lat' dir='ltr'><strong><em>es</em></strong></span> <span class='ocrx_word' id='word_1_527' title='bbox 1616 3840 1733 3911; x_wconf 85' lang='lat' dir='ltr'><strong>ejus</strong></span> <span class='ocrx_word' id='word_1_528' title='bbox 1762 3857 1851 3896; x_wconf 90' lang='lat' dir='ltr'><strong>re—</strong></span> 
     </span>
    </p>
   </div>
   <div class='ocr_carea' id='block_1_70' title="bbox 253 3935 1855 4008">
    <p class='ocr_par' dir='ltr' id='par_1_70' title="bbox 253 3935 1855 4008">
     <span class='ocr_line' id='line_1_70' title="bbox 253 3935 1855 4008; baseline -0.002 -15"><span class='ocrx_word' id='word_1_529' title='bbox 253 3937 548 4007; x_wconf 87' lang='lat' dir='ltr'><strong>sponsione</strong></span> <span class='ocrx_word' id='word_1_530' title='bbox 578 3936 979 4008; x_wconf 90' lang='lat' dir='ltr'><strong>inquirentium.</strong></span> <span class='ocrx_word' id='word_1_531' title='bbox 1036 3936 1217 4003; x_wconf 85' lang='lat' dir='ltr'><strong><em>Qualis</em></strong></span> <span class='ocrx_word' id='word_1_532' title='bbox 1240 3945 1314 3991; x_wconf 86' lang='lat' dir='ltr'><strong>est</strong></span> <span class='ocrx_word' id='word_1_533' title='bbox 1365 3935 1582 3989; x_wconf 84' lang='lat' dir='ltr'><strong><em>dilectus</em></strong></span> <span class='ocrx_word' id='word_1_534' title='bbox 1629 3946 1747 3989; x_wconf 90' lang='lat' dir='ltr'><strong><em>tuus</em></strong></span> <span class='ocrx_word' id='word_1_535' title='bbox 1791 3951 1855 3990; x_wconf 72' lang='lat' dir='ltr'><strong>ea:</strong></span> 
     </span>
    </p>
   </div>
   <div class='ocr_carea' id='block_1_71' title="bbox 259 4024 1852 4096">
    <p class='ocr_par' dir='ltr' id='par_1_71' title="bbox 259 4024 1852 4096">
     <span class='ocr_line' id='line_1_71' title="bbox 259 4024 1852 4096; baseline -0.001 -14"><span class='ocrx_word' id='word_1_536' title='bbox 259 4028 490 4083; x_wconf 85' lang='lat' dir='ltr'><strong><em>dilecto?</em></strong></span> <span class='ocrx_word' id='word_1_537' title='bbox 525 4028 577 4083; x_wconf 89' lang='lat' dir='ltr'><strong>id</strong></span> <span class='ocrx_word' id='word_1_538' title='bbox 603 4038 717 4088; x_wconf 82' lang='lat' dir='ltr'><strong>est.</strong></span> <span class='ocrx_word' id='word_1_539' title='bbox 747 4027 921 4096; x_wconf 89' lang='lat' dir='ltr'><strong>qualis</strong></span> <span class='ocrx_word' id='word_1_540' title='bbox 958 4036 1042 4082; x_wconf 89' lang='lat' dir='ltr'><strong>cst</strong></span> <span class='ocrx_word' id='word_1_541' title='bbox 1072 4027 1212 4082; x_wconf 90' lang='lat' dir='ltr'><strong>Deus</strong></span> <span class='ocrx_word' id='word_1_542' title='bbox 1240 4041 1305 4082; x_wconf 87' lang='lat' dir='ltr'><strong>ex</strong></span> <span class='ocrx_word' id='word_1_543' title='bbox 1338 4026 1470 4091; x_wconf 88' lang='lat' dir='ltr'><strong><em>Deo,</em></strong></span> <span class='ocrx_word' id='word_1_544' title='bbox 1500 4025 1583 4080; x_wconf 87' lang='lat' dir='ltr'><strong>vel</strong></span> <span class='ocrx_word' id='word_1_545' title='bbox 1620 4024 1782 4080; x_wconf 84' lang='lat' dir='ltr'><strong>Filius</strong></span> <span class='ocrx_word' id='word_1_546' title='bbox 1822 4040 1852 4080; x_wconf 89' lang='lat' dir='ltr'><strong>a</strong></span> 
     </span>
    </p>
   </div>
   <div class='ocr_carea' id='block_1_72' title="bbox 258 4116 1855 4188">
    <p class='ocr_par' dir='ltr' id='par_1_72' title="bbox 258 4116 1855 4188">
     <span class='ocr_line' id='line_1_72' title="bbox 258 4116 1855 4188; baseline -0.004 -12"><span class='ocrx_word' id='word_1_547' title='bbox 258 4120 465 4176; x_wconf 80' lang='lat' dir='ltr'><strong>Patre?</strong></span> <span class='ocrx_word' id='word_1_548' title='bbox 510 4121 564 4175; x_wconf 92' lang='lat' dir='ltr'><strong>in</strong></span> <span class='ocrx_word' id='word_1_549' title='bbox 604 4120 954 4175; x_wconf 88' lang='lat' dir='ltr'><strong>similitudine</strong></span> <span class='ocrx_word' id='word_1_550' title='bbox 997 4119 1239 4174; x_wconf 90' lang='lat' dir='ltr'><strong>omnium</strong></span> <span class='ocrx_word' id='word_1_551' title='bbox 1287 4117 1646 4188; x_wconf 73' lang='lat' dir='ltr'><strong>mqualitatem</strong></span> <span class='ocrx_word' id='word_1_552' title='bbox 1677 4116 1855 4171; x_wconf 87' lang='lat' dir='ltr'><strong>decla-</strong></span> 
     </span>
    </p>
   </div>
   <div class='ocr_carea' id='block_1_73' title="bbox 257 4208 1854 4282">
    <p class='ocr_par' dir='ltr' id='par_1_73' title="bbox 257 4208 1854 4282">
     <span class='ocr_line' id='line_1_73' title="bbox 257 4208 1854 4282; baseline -0.004 -14"><span class='ocrx_word' id='word_1_553' title='bbox 257 4228 389 4268; x_wconf 84' lang='lat' dir='ltr'><strong>rans</strong></span> <span class='ocrx_word' id='word_1_554' title='bbox 444 4226 818 4282; x_wconf 89' lang='lat' dir='ltr'><strong>persouarum.</strong></span> <span class='ocrx_word' id='word_1_555' title='bbox 870 4210 972 4279; x_wconf 88' lang='lat' dir='ltr'><strong>Qui</strong></span> <span class='ocrx_word' id='word_1_556' title='bbox 1021 4212 1161 4265; x_wconf 88' lang='lat' dir='ltr'><strong>enim</strong></span> <span class='ocrx_word' id='word_1_557' title='bbox 1209 4224 1317 4265; x_wconf 90' lang='lat' dir='ltr'><strong>non</strong></span> <span class='ocrx_word' id='word_1_558' title='bbox 1364 4209 1749 4264; x_wconf 86' lang='lat' dir='ltr'><strong>discernuntur</strong></span> <span class='ocrx_word' id='word_1_559' title='bbox 1802 4208 1854 4263; x_wconf 89' lang='lat' dir='ltr'><strong>in</strong></span> 
     </span>
    </p>
   </div>
   <div class='ocr_carea' id='block_1_74' title="bbox 264 4301 1858 4374">
    <p class='ocr_par' dir='ltr' id='par_1_74' title="bbox 264 4301 1858 4374">
     <span class='ocr_line' id='line_1_74' title="bbox 264 4301 1858 4374; baseline -0.004 -14"><span class='ocrx_word' id='word_1_560' title='bbox 264 4307 423 4360; x_wconf 87' lang='lat' dir='ltr'><strong>unius</strong></span> <span class='ocrx_word' id='word_1_561' title='bbox 453 4321 574 4361; x_wconf 89' lang='lat' dir='ltr'><strong>esse</strong></span> <span class='ocrx_word' id='word_1_562' title='bbox 603 4316 834 4373; x_wconf 70' lang='lat' dir='ltr'><strong>naturae,</strong></span> <span class='ocrx_word' id='word_1_563' title='bbox 853 4312 909 4361; x_wconf 89' lang='lat' dir='ltr'><strong>et</strong></span> <span class='ocrx_word' id='word_1_564' title='bbox 937 4306 992 4360; x_wconf 92' lang='lat' dir='ltr'><strong>in</strong></span> <span class='ocrx_word' id='word_1_565' title='bbox 1013 4303 1200 4361; x_wconf 87' lang='lat' dir='ltr'><strong>eadem</strong></span> <span class='ocrx_word' id='word_1_566' title='bbox 1222 4316 1541 4374; x_wconf 85' lang='lat' dir='ltr'><strong>permanere</strong></span> <span class='ocrx_word' id='word_1_567' title='bbox 1566 4301 1858 4358; x_wconf 85' lang='lat' dir='ltr'><strong>creduntur</strong></span> 
     </span>
    </p>
   </div>
   <div class='ocr_carea' id='block_1_75' title="bbox 261 4399 780 4471">
    <p class='ocr_par' dir='ltr' id='par_1_75' title="bbox 261 4399 780 4471">
     <span class='ocr_line' id='line_1_75' title="bbox 261 4399 780 4471; baseline -0.006 -15"><span class='ocrx_word' id='word_1_568' title='bbox 261 4400 429 4471; x_wconf 76' lang='lat' dir='ltr'><strong>gloria</strong></span> <span class='ocrx_word' id='word_1_569' title='bbox 462 4399 780 4469; x_wconf 85' lang='lat' dir='ltr'><strong>majestatis.</strong></span> 
     </span>
    </p>
   </div>
   <div class='ocr_carea' id='block_1_76' title="bbox 334 4493 1855 4554">
    <p class='ocr_par' dir='ltr' id='par_1_76' title="bbox 334 4493 1855 4554">
     <span class='ocr_line' id='line_1_76' title="bbox 334 4493 1855 4554; baseline -0.005 0"><span class='ocrx_word' id='word_1_570' title='bbox 334 4499 492 4554; x_wconf 83' lang='lat' dir='ltr'><strong><em>Num.</em></strong></span> <span class='ocrx_word' id='word_1_571' title='bbox 527 4500 649 4554; x_wconf 89' lang='grc'><strong>118.</strong></span> <span class='ocrx_word' id='word_1_572' title='bbox 690 4498 922 4553; x_wconf 87' lang='lat' dir='ltr'><strong><em>Dilectus</em></strong></span> <span class='ocrx_word' id='word_1_573' title='bbox 947 4497 1198 4552; x_wconf 82' lang='lat' dir='ltr'><strong><em>candidus</em></strong></span> <span class='ocrx_word' id='word_1_574' title='bbox 1240 4505 1291 4551; x_wconf 86' lang='lat' dir='ltr'><strong><em>et</em></strong></span> <span class='ocrx_word' id='word_1_575' title='bbox 1323 4495 1656 4550; x_wconf 82' lang='lat' dir='ltr'><strong><em>rubicundus.</em></strong></span> <span class='ocrx_word' id='word_1_576' title='bbox 1713 4493 1855 4548; x_wconf 87' lang='lat' dir='ltr'><strong>Can-</strong></span> 
     </span>
    </p>
   </div>
   <div class='ocr_carea' id='block_1_77' title="bbox 263 4584 1860 4661">
    <p class='ocr_par' dir='ltr' id='par_1_77' title="bbox 263 4584 1860 4661">
     <span class='ocr_line' id='line_1_77' title="bbox 263 4584 1860 4661; baseline -0.004 -18"><span class='ocrx_word' id='word_1_577' title='bbox 263 4590 427 4646; x_wconf 83' lang='lat' dir='ltr'><strong>didus</strong></span> <span class='ocrx_word' id='word_1_578' title='bbox 450 4592 570 4661; x_wconf 87' lang='lat' dir='ltr'><strong>quia</strong></span> <span class='ocrx_word' id='word_1_579' title='bbox 603 4592 654 4644; x_wconf 91' lang='lat' dir='ltr'><strong>in</strong></span> <span class='ocrx_word' id='word_1_580' title='bbox 667 4591 923 4661; x_wconf 86' lang='lat' dir='ltr'><strong><em>principio</em></strong></span> <span class='ocrx_word' id='word_1_581' title='bbox 943 4598 1054 4644; x_wconf 88' lang='lat' dir='ltr'><strong><em>erat</em></strong></span> <span class='ocrx_word' id='word_1_582' title='bbox 1088 4588 1334 4653; x_wconf 85' lang='lat' dir='ltr'><strong><em>Verbum,</em></strong></span> <span class='ocrx_word' id='word_1_583' title='bbox 1353 4596 1401 4642; x_wconf 87' lang='lat' dir='ltr'><strong>et</strong></span> <span class='ocrx_word' id='word_1_584' title='bbox 1435 4586 1573 4642; x_wconf 84' lang='lat' dir='ltr'><strong><em>Deus</em></strong></span> <span class='ocrx_word' id='word_1_585' title='bbox 1598 4595 1706 4639; x_wconf 87' lang='lat' dir='ltr'><strong><em>erat</em></strong></span> <span class='ocrx_word' id='word_1_586' title='bbox 1740 4584 1860 4638; x_wconf 89' lang='lat' dir='ltr'><strong><em>Ver-</em></strong></span> 
     </span>
    </p>
   </div>
   <div class='ocr_carea' id='block_1_78' title="bbox 1952 3347 3541 3420">
    <p class='ocr_par' dir='ltr' id='par_1_78' title="bbox 1952 3347 3541 3420">
     <span class='ocr_line' id='line_1_78' title="bbox 1952 3347 3541 3420; baseline -0.011 -10"><span class='ocrx_word' id='word_1_587' title='bbox 1952 3362 2010 3409; x_wconf 89' lang='lat' dir='ltr'><strong>ut</strong></span> <span class='ocrx_word' id='word_1_588' title='bbox 2043 3352 2187 3410; x_wconf 90' lang='lat' dir='ltr'><strong>enim</strong></span> <span class='ocrx_word' id='word_1_589' title='bbox 2208 3352 2263 3407; x_wconf 90' lang='lat' dir='ltr'><strong>in</strong></span> <span class='ocrx_word' id='word_1_590' title='bbox 2292 3350 2465 3406; x_wconf 88' lang='lat' dir='ltr'><strong>oculis</strong></span> <span class='ocrx_word' id='word_1_591' title='bbox 2499 3347 2892 3415; x_wconf 85' lang='lat' dir='ltr'><strong>columbarum,</strong></span> <span class='ocrx_word' id='word_1_592' title='bbox 2932 3348 3054 3419; x_wconf 79' lang='lat' dir='ltr'><strong>jure</strong></span> <span class='ocrx_word' id='word_1_593' title='bbox 3100 3351 3371 3420; x_wconf 85' lang='lat' dir='ltr'><strong>apostolos</strong></span> <span class='ocrx_word' id='word_1_594' title='bbox 3401 3354 3541 3408; x_wconf 89' lang='lat' dir='ltr'><strong>acci.</strong></span> 
     </span>
    </p>
   </div>
   <div class='ocr_carea' id='block_1_79' title="bbox 1952 3439 3543 3515">
    <p class='ocr_par' dir='ltr' id='par_1_79' title="bbox 1952 3439 3543 3515">
     <span class='ocr_line' id='line_1_79' title="bbox 1952 3439 3543 3515; baseline 0 -16"><span class='ocrx_word' id='word_1_595' title='bbox 1952 3444 2132 3515; x_wconf 87' lang='lat' dir='ltr'><strong>pimus</strong></span> <span class='ocrx_word' id='word_1_596' title='bbox 2178 3442 2381 3513; x_wconf 89' lang='lat' dir='ltr'><strong>Spiritu</strong></span> <span class='ocrx_word' id='word_1_597' title='bbox 2408 3448 2597 3497; x_wconf 86' lang='lat' dir='ltr'><strong>sancto</strong></span> <span class='ocrx_word' id='word_1_598' title='bbox 2627 3440 2883 3509; x_wconf 88' lang='lat' dir='ltr'><strong>repletos,</strong></span> <span class='ocrx_word' id='word_1_599' title='bbox 2914 3440 2988 3495; x_wconf 88' lang='lat' dir='ltr'><strong>ita</strong></span> <span class='ocrx_word' id='word_1_600' title='bbox 3038 3449 3091 3496; x_wconf 89' lang='lat' dir='ltr'><strong>et</strong></span> <span class='ocrx_word' id='word_1_601' title='bbox 3120 3439 3174 3495; x_wconf 88' lang='lat' dir='ltr'><strong>in</strong></span> <span class='ocrx_word' id='word_1_602' title='bbox 3216 3444 3367 3511; x_wconf 80' lang='lat' dir='ltr'><strong>genis</strong></span> <span class='ocrx_word' id='word_1_603' title='bbox 3420 3459 3543 3513; x_wconf 71' lang='lat' dir='ltr'><strong>qua:</strong></span> 
     </span>
    </p>
   </div>
   <div class='ocr_carea' id='block_1_80' title="bbox 1954 3531 3543 3603">
    <p class='ocr_par' dir='ltr' id='par_1_80' title="bbox 1954 3531 3543 3603">
     <span class='ocr_line' id='line_1_80' title="bbox 1954 3531 3543 3603; baseline -0.001 -12"><span class='ocrx_word' id='word_1_604' title='bbox 1954 3536 2142 3592; x_wconf 73' lang='lat' dir='ltr'><strong>vicinae</strong></span> <span class='ocrx_word' id='word_1_605' title='bbox 2177 3545 2298 3589; x_wconf 92' lang='lat' dir='ltr'><strong>sunt</strong></span> <span class='ocrx_word' id='word_1_606' title='bbox 2337 3532 2530 3598; x_wconf 90' lang='lat' dir='ltr'><strong>oculis,</strong></span> <span class='ocrx_word' id='word_1_607' title='bbox 2558 3547 2650 3587; x_wconf 84' lang='lat' dir='ltr'><strong>eas</strong></span> <span class='ocrx_word' id='word_1_608' title='bbox 2682 3531 2950 3587; x_wconf 81' lang='lat' dir='ltr'><strong>Ecelesias</strong></span> <span class='ocrx_word' id='word_1_609' title='bbox 2981 3548 3098 3600; x_wconf 70' lang='lat' dir='ltr'><strong>qua:</strong></span> <span class='ocrx_word' id='word_1_610' title='bbox 3131 3548 3227 3603; x_wconf 83' lang='lat' dir='ltr'><strong>per</strong></span> <span class='ocrx_word' id='word_1_611' title='bbox 3269 3536 3543 3603; x_wconf 76' lang='lat' dir='ltr'><strong>apostolos</strong></span> 
     </span>
    </p>
   </div>
   <div class='ocr_carea' id='block_1_81' title="bbox 1953 3624 3542 3698">
    <p class='ocr_par' dir='ltr' id='par_1_81' title="bbox 1953 3624 3542 3698">
     <span class='ocr_line' id='line_1_81' title="bbox 1953 3624 3542 3698; baseline -0.004 -12"><span class='ocrx_word' id='word_1_612' title='bbox 1953 3629 2296 3686; x_wconf 87' lang='lat' dir='ltr'><strong>crediderunt</strong></span> <span class='ocrx_word' id='word_1_613' title='bbox 2340 3641 2460 3698; x_wconf 72' lang='lat' dir='ltr'><strong>qua:</strong></span> <span class='ocrx_word' id='word_1_614' title='bbox 2490 3626 2639 3681; x_wconf 85' lang='lat' dir='ltr'><strong>velut</strong></span> <span class='ocrx_word' id='word_1_615' title='bbox 2668 3624 2871 3680; x_wconf 78' lang='lat' dir='ltr'><strong>arcolae</strong></span> <span class='ocrx_word' id='word_1_616' title='bbox 2911 3635 3235 3689; x_wconf 81' lang='lat' dir='ltr'><strong>aromatum,</strong></span> <span class='ocrx_word' id='word_1_617' title='bbox 3282 3626 3542 3679; x_wconf 79' lang='lat' dir='ltr'><strong>suavissi-</strong></span> 
     </span>
    </p>
   </div>
   <div class='ocr_carea' id='block_1_82' title="bbox 1956 3716 3541 3786">
    <p class='ocr_par' dir='ltr' id='par_1_82' title="bbox 1956 3716 3541 3786">
     <span class='ocr_line' id='line_1_82' title="bbox 1956 3716 3541 3786; baseline -0.003 -10"><span class='ocrx_word' id='word_1_618' title='bbox 1956 3736 2101 3776; x_wconf 92' lang='lat' dir='ltr'><strong>mum</strong></span> <span class='ocrx_word' id='word_1_619' title='bbox 2142 3720 2364 3775; x_wconf 89' lang='lat' dir='ltr'><strong>odorem</strong></span> <span class='ocrx_word' id='word_1_620' title='bbox 2403 3733 2467 3773; x_wconf 85' lang='lat' dir='ltr'><strong>ex</strong></span> <span class='ocrx_word' id='word_1_621' title='bbox 2521 3726 2705 3773; x_wconf 90' lang='lat' dir='ltr'><strong>sancta</strong></span> <span class='ocrx_word' id='word_1_622' title='bbox 2752 3716 3158 3772; x_wconf 84' lang='lat' dir='ltr'><strong>conversatione</strong></span> <span class='ocrx_word' id='word_1_623' title='bbox 3200 3718 3541 3786; x_wconf 89' lang='lat' dir='ltr'><strong>producunt:</strong></span> 
     </span>
    </p>
   </div>
   <div class='ocr_carea' id='block_1_83' title="bbox 1954 3812 3541 3885">
    <p class='ocr_par' dir='ltr' id='par_1_83' title="bbox 1954 3812 3541 3885">
     <span class='ocr_line' id='line_1_83' title="bbox 1954 3812 3541 3885; baseline -0.001 -16"><span class='ocrx_word' id='word_1_624' title='bbox 1954 3814 2175 3869; x_wconf 53' lang='lat' dir='ltr'><strong><em>consita:</em></strong></span> <span class='ocrx_word' id='word_1_625' title='bbox 2201 3830 2234 3867; x_wconf 91' lang='lat' dir='ltr'><strong>a</strong></span> <span class='ocrx_word' id='word_1_626' title='bbox 2263 3813 2613 3885; x_wconf 83' lang='lat' dir='ltr'><strong><em>pigmentariis</em></strong></span> <span class='ocrx_word' id='word_1_627' title='bbox 2639 3828 2659 3868; x_wconf 87' lang='lat'><strong><em>:</em></strong></span> <span class='ocrx_word' id='word_1_628' title='bbox 2692 3812 2795 3881; x_wconf 90' lang='lat' dir='ltr'><strong>piis</strong></span> <span class='ocrx_word' id='word_1_629' title='bbox 2826 3812 3034 3866; x_wconf 85' lang='lat' dir='ltr'><strong>scilicet</strong></span> <span class='ocrx_word' id='word_1_630' title='bbox 3072 3812 3541 3883; x_wconf 71' lang='lat' dir='ltr'><strong>prtedicatoribus,</strong></span> 
     </span>
    </p>
   </div>
   <div class='ocr_carea' id='block_1_84' title="bbox 1956 3904 3545 3978">
    <p class='ocr_par' dir='ltr' id='par_1_84' title="bbox 1956 3904 3545 3978">
     <span class='ocr_line' id='line_1_84' title="bbox 1956 3904 3545 3978; baseline -0.001 -16"><span class='ocrx_word' id='word_1_631' title='bbox 1956 3909 2021 3964; x_wconf 87' lang='lat' dir='ltr'><strong>ad</strong></span> <span class='ocrx_word' id='word_1_632' title='bbox 2045 3923 2177 3977; x_wconf 92' lang='lat' dir='ltr'><strong>quos</strong></span> <span class='ocrx_word' id='word_1_633' title='bbox 2207 3907 2497 3978; x_wconf 88' lang='lat' dir='ltr'><strong>Apostolus</strong></span> <span class='ocrx_word' id='word_1_634' title='bbox 2522 3907 2626 3961; x_wconf 87' lang='lat' dir='ltr'><strong>ait:</strong></span> <span class='ocrx_word' id='word_1_635' title='bbox 2656 3904 2734 3959; x_wconf 89' lang='lat' dir='ltr'><strong><em>Tu</em></strong></span> <span class='ocrx_word' id='word_1_636' title='bbox 2766 3916 2937 3960; x_wconf 84' lang='lat' dir='ltr'><strong><em>autem</em></strong></span> <span class='ocrx_word' id='word_1_637' title='bbox 2980 3922 3092 3959; x_wconf 89' lang='lat' dir='ltr'><strong>cum</strong></span> <span class='ocrx_word' id='word_1_638' title='bbox 3147 3904 3364 3961; x_wconf 79' lang='lat' dir='ltr'><strong><em>oleaster</em></strong></span> <span class='ocrx_word' id='word_1_639' title='bbox 3393 3924 3545 3970; x_wconf 82' lang='lat' dir='ltr'><strong><em>esses,</em></strong></span> 
     </span>
    </p>
   </div>
   <div class='ocr_carea' id='block_1_85' title="bbox 1956 3996 3547 4069">
    <p class='ocr_par' dir='ltr' id='par_1_85' title="bbox 1956 3996 3547 4069">
     <span class='ocr_line' id='line_1_85' title="bbox 1956 3996 3547 4069; baseline -0.002 -16"><span class='ocrx_word' id='word_1_640' title='bbox 1956 4001 2177 4053; x_wconf 87' lang='lat' dir='ltr'><strong><em>insertus</em></strong></span> <span class='ocrx_word' id='word_1_641' title='bbox 2204 4014 2257 4052; x_wconf 88' lang='lat' dir='ltr'><strong><em>es</em></strong></span> <span class='ocrx_word' id='word_1_642' title='bbox 2308 3998 2361 4052; x_wconf 91' lang='lat' dir='ltr'><strong>in</strong></span> <span class='ocrx_word' id='word_1_643' title='bbox 2392 3998 2530 4063; x_wconf 86' lang='lat' dir='ltr'><strong><em>illis,</em></strong></span> <span class='ocrx_word' id='word_1_644' title='bbox 2586 4006 2632 4051; x_wconf 86' lang='lat' dir='ltr'><strong><em>et</em></strong></span> <span class='ocrx_word' id='word_1_645' title='bbox 2676 3997 2843 4051; x_wconf 88' lang='lat' dir='ltr'><strong><em>socius</em></strong></span> <span class='ocrx_word' id='word_1_646' title='bbox 2893 3996 3176 4050; x_wconf 80' lang='lat' dir='ltr'><strong><em>radiciset</em></strong></span> <span class='ocrx_word' id='word_1_647' title='bbox 3226 3998 3547 4069; x_wconf 76' lang='lat' dir='ltr'><strong><em>pinguediuis</em></strong></span> 
     </span>
    </p>
   </div>
   <div class='ocr_carea' id='block_1_86' title="bbox 1959 4087 2710 4162">
    <p class='ocr_par' dir='ltr' id='par_1_86' title="bbox 1959 4087 2710 4162">
     <span class='ocr_line' id='line_1_86' title="bbox 1959 4087 2710 4162; baseline -0.004 -16"><span class='ocrx_word' id='word_1_648' title='bbox 1959 4092 2106 4146; x_wconf 71' lang='lat' dir='ltr'><strong><em>oliva:</em></strong></span> <span class='ocrx_word' id='word_1_649' title='bbox 2135 4094 2301 4162; x_wconf 89' lang='lat' dir='ltr'><strong><em>factus</em></strong></span> <span class='ocrx_word' id='word_1_650' title='bbox 2326 4106 2377 4144; x_wconf 90' lang='lat' dir='ltr'><strong>es</strong></span> <span class='ocrx_word' id='word_1_651' title='bbox 2408 4089 2586 4161; x_wconf 80' lang='lat' dir='ltr'><strong><em>(liam.</em></strong></span> <span class='ocrx_word' id='word_1_652' title='bbox 2611 4087 2710 4157; x_wconf 76' lang='grc' dir='ltr'><strong>ιι).</strong></span> 
     </span>
    </p>
   </div>
   <div class='ocr_carea' id='block_1_87' title="bbox 2031 4187 3550 4259">
    <p class='ocr_par' dir='ltr' id='par_1_87' title="bbox 2031 4187 3550 4259">
     <span class='ocr_line' id='line_1_87' title="bbox 2031 4187 3550 4259; baseline -0.004 -11"><span class='ocrx_word' id='word_1_653' title='bbox 2031 4193 2191 4248; x_wconf 84' lang='lat' dir='ltr'><strong>Num.</strong></span> <span class='ocrx_word' id='word_1_654' title='bbox 2219 4192 2341 4247; x_wconf 68' lang='lat'><strong>124.</strong></span> <span class='ocrx_word' id='word_1_655' title='bbox 2397 4189 2559 4244; x_wconf 85' lang='lat' dir='ltr'><strong><em>Labia</em></strong></span> <span class='ocrx_word' id='word_1_656' title='bbox 2594 4187 2737 4243; x_wconf 88' lang='lat' dir='ltr'><strong><em>illius</em></strong></span> <span class='ocrx_word' id='word_1_657' title='bbox 2775 4187 3081 4242; x_wconf 59' lang='lat' dir='ltr'><strong><em>distsllantia</em></strong></span> <span class='ocrx_word' id='word_1_658' title='bbox 3110 4188 3391 4259; x_wconf 78' lang='lat' dir='ltr'><strong><em>myrrham.</em></strong></span> <span class='ocrx_word' id='word_1_659' title='bbox 3447 4189 3550 4243; x_wconf 86' lang='lat' dir='ltr'><strong>Do-</strong></span> 
     </span>
    </p>
   </div>
   <div class='ocr_carea' id='block_1_88' title="bbox 1961 4279 3552 4353">
    <p class='ocr_par' dir='ltr' id='par_1_88' title="bbox 1961 4279 3552 4353">
     <span class='ocr_line' id='line_1_88' title="bbox 1961 4279 3552 4353; baseline -0.004 -13"><span class='ocrx_word' id='word_1_660' title='bbox 1961 4296 2139 4341; x_wconf 89' lang='lat' dir='ltr'><strong>ctores</strong></span> <span class='ocrx_word' id='word_1_661' title='bbox 2170 4285 2288 4353; x_wconf 85' lang='lat' dir='ltr'><strong>ejus</strong></span> <span class='ocrx_word' id='word_1_662' title='bbox 2316 4282 2519 4353; x_wconf 85' lang='lat' dir='ltr'><strong>Spiritu</strong></span> <span class='ocrx_word' id='word_1_663' title='bbox 2550 4283 2635 4338; x_wconf 86' lang='lat' dir='ltr'><strong>vel</strong></span> <span class='ocrx_word' id='word_1_664' title='bbox 2663 4281 2822 4337; x_wconf 85' lang='lat' dir='ltr'><strong>etiam</strong></span> <span class='ocrx_word' id='word_1_665' title='bbox 2852 4296 3019 4337; x_wconf 85' lang='lat' dir='ltr'><strong>carne</strong></span> <span class='ocrx_word' id='word_1_666' title='bbox 3050 4279 3316 4350; x_wconf 82' lang='lat' dir='ltr'><strong>Virginis;</strong></span> <span class='ocrx_word' id='word_1_667' title='bbox 3351 4281 3402 4333; x_wconf 93' lang='lat' dir='ltr'><strong>in</strong></span> <span class='ocrx_word' id='word_1_668' title='bbox 3433 4282 3552 4334; x_wconf 87' lang='lat' dir='ltr'><strong>boc-</strong></span> 
     </span>
    </p>
   </div>
   <div class='ocr_carea' id='block_1_89' title="bbox 1960 4372 3551 4447">
    <p class='ocr_par' dir='ltr' id='par_1_89' title="bbox 1960 4372 3551 4447">
     <span class='ocr_line' id='line_1_89' title="bbox 1960 4372 3551 4447; baseline -0.002 -18"><span class='ocrx_word' id='word_1_669' title='bbox 1960 4394 2066 4447; x_wconf 89' lang='lat' dir='ltr'><strong>que</strong></span> <span class='ocrx_word' id='word_1_670' title='bbox 2088 4377 2389 4447; x_wconf 78' lang='lat' dir='ltr'><strong>passionem</strong></span> <span class='ocrx_word' id='word_1_671' title='bbox 2414 4374 2532 4445; x_wconf 82' lang='lat' dir='ltr'><strong>ejus</strong></span> <span class='ocrx_word' id='word_1_672' title='bbox 2559 4372 2915 4443; x_wconf 65' lang='lat' dir='ltr'><strong>praedicantes</strong></span> <span class='ocrx_word' id='word_1_673' title='bbox 2937 4414 2951 4439; x_wconf 97' lang='lat'><strong><em>,</em></strong></span> <span class='ocrx_word' id='word_1_674' title='bbox 2987 4384 3044 4426; x_wconf 89' lang='lat' dir='ltr'><strong>ut</strong></span> <span class='ocrx_word' id='word_1_675' title='bbox 3083 4388 3180 4443; x_wconf 94' lang='lat' dir='ltr'><strong>pro</strong></span> <span class='ocrx_word' id='word_1_676' title='bbox 3214 4372 3306 4426; x_wconf 88' lang='lat' dir='ltr'><strong>illo</strong></span> <span class='ocrx_word' id='word_1_677' title='bbox 3333 4373 3421 4440; x_wconf 92' lang='lat' dir='ltr'><strong>qui</strong></span> <span class='ocrx_word' id='word_1_678' title='bbox 3456 4388 3551 4441; x_wconf 86' lang='lat' dir='ltr'><strong>pro</strong></span> 
     </span>
    </p>
   </div>
   <div class='ocr_carea' id='block_1_90' title="bbox 1961 4472 3178 4526">
    <p class='ocr_par' dir='ltr' id='par_1_90' title="bbox 1961 4472 3178 4526">
     <span class='ocr_line' id='line_1_90' title="bbox 1961 4472 3178 4526; baseline -0.007 0"><span class='ocrx_word' id='word_1_679' title='bbox 1961 4472 2116 4526; x_wconf 87' lang='lat' dir='ltr'><strong>nobis</strong></span> <span class='ocrx_word' id='word_1_680' title='bbox 2139 4480 2382 4524; x_wconf 89' lang='lat' dir='ltr'><strong>mortuus</strong></span> <span class='ocrx_word' id='word_1_681' title='bbox 2408 4475 2490 4520; x_wconf 90' lang='lat' dir='ltr'><strong>est</strong></span> <span class='ocrx_word' id='word_1_682' title='bbox 2517 4482 2622 4521; x_wconf 91' lang='lat' dir='ltr'><strong>non</strong></span> <span class='ocrx_word' id='word_1_683' title='bbox 2648 4474 2898 4520; x_wconf 87' lang='lat' dir='ltr'><strong>recusent</strong></span> <span class='ocrx_word' id='word_1_684' title='bbox 2930 4479 3178 4519; x_wconf 74' lang='lat' dir='ltr'><strong>monem.</strong></span> 
     </span>
    </p>
   </div>
   <div class='ocr_carea' id='block_1_91' title="bbox 2036 4563 3554 4626">
    <p class='ocr_par' dir='ltr' id='par_1_91' title="bbox 2036 4563 3554 4626">
     <span class='ocr_line' id='line_1_91' title="bbox 2036 4563 3554 4626; baseline -0.004 -1"><span class='ocrx_word' id='word_1_685' title='bbox 2036 4571 2194 4626; x_wconf 87' lang='lat' dir='ltr'><strong>Num.</strong></span> <span class='ocrx_word' id='word_1_686' title='bbox 2227 4569 2349 4624; x_wconf 73' lang='grc'><strong>125.</strong></span> <span class='ocrx_word' id='word_1_687' title='bbox 2384 4566 2573 4623; x_wconf 69' lang='lat' dir='ltr'><strong><em>Manus</em></strong></span> <span class='ocrx_word' id='word_1_688' title='bbox 2600 4568 2739 4621; x_wconf 86' lang='lat' dir='ltr'><strong><em>illius</em></strong></span> <span class='ocrx_word' id='word_1_689' title='bbox 2762 4566 3028 4619; x_wconf 74' lang='lat' dir='ltr'><strong><em>tornatilcs</em></strong></span> <span class='ocrx_word' id='word_1_690' title='bbox 3057 4580 3246 4620; x_wconf 69' lang='lat' dir='ltr'><strong><em>aurem.</em></strong></span> <span class='ocrx_word' id='word_1_691' title='bbox 3289 4563 3345 4619; x_wconf 87' lang='lat' dir='ltr'><strong>ln</strong></span> <span class='ocrx_word' id='word_1_692' title='bbox 3377 4566 3554 4619; x_wconf 86' lang='lat' dir='ltr'><strong>maui-</strong></span> 
     </span>
    </p>
   </div>
   <div class='ocr_carea' id='block_1_92' title="bbox 264 4649 3553 4753">
    <p class='ocr_par' dir='ltr' id='par_1_92' title="bbox 264 4649 3553 4753">
     <span class='ocr_line' id='line_1_92' title="bbox 264 4649 3553 4753; baseline -0.004 -16"><span class='ocrx_word' id='word_1_693' title='bbox 264 4686 385 4737; x_wconf 80' lang='lat' dir='ltr'><strong>bum</strong></span> <span class='ocrx_word' id='word_1_694' title='bbox 411 4649 589 4753; x_wconf 73' lang='lat' dir='ltr'><strong><em>(Joan.</em></strong></span> <span class='ocrx_word' id='word_1_695' title='bbox 622 4649 684 4753; x_wconf 44' lang='lat'><strong>1)..</strong></span> <span class='ocrx_word' id='word_1_696' title='bbox 711 4649 1078 4748; x_wconf 84' lang='lat' dir='ltr'><strong>Rubicundus,</strong></span> <span class='ocrx_word' id='word_1_697' title='bbox 1110 4681 1233 4750; x_wconf 88' lang='lat' dir='ltr'><strong>quia</strong></span> <span class='ocrx_word' id='word_1_698' title='bbox 1262 4649 1331 4735; x_wconf 63' lang='lat' dir='ltr'><strong>es</strong></span> <span class='ocrx_word' id='word_1_699' title='bbox 1376 4677 1591 4748; x_wconf 82' lang='lat' dir='ltr'><strong>Virgine</strong></span> <span class='ocrx_word' id='word_1_700' title='bbox 1619 4677 1854 4746; x_wconf 79' lang='lat' dir='ltr'><strong>genitus,</strong></span> <span class='ocrx_word' id='word_1_701' title='bbox 1885 4649 1938 4709; x_wconf 80' lang='lat' dir='ltr'><strong>D</strong></span> <span class='ocrx_word' id='word_1_702' title='bbox 1967 4666 2065 4720; x_wconf 76' lang='lat' dir='ltr'><strong>bus</strong></span> <span class='ocrx_word' id='word_1_703' title='bbox 2087 4663 2283 4718; x_wconf 66' lang='grc' dir='ltr'><strong>(Ππῖδιί</strong></span> <span class='ocrx_word' id='word_1_704' title='bbox 2311 4665 2635 4753; x_wconf 54' lang='grc' dir='ltr'><strong>σθριξιεξηῑυτ</strong></span> <span class='ocrx_word' id='word_1_705' title='bbox 2662 4657 2751 4728; x_wconf 73' lang='lat' dir='ltr'><strong>qui</strong></span> <span class='ocrx_word' id='word_1_706' title='bbox 2781 4672 2983 4753; x_wconf 41' lang='lat' dir='ltr'><strong><em>“illum</em></strong></span> <span class='ocrx_word' id='word_1_707' title='bbox 3013 4657 3149 4711; x_wconf 65' lang='lat'><strong>1’0&quot;&quot;</strong></span> <span class='ocrx_word' id='word_1_708' title='bbox 3179 4666 3303 4753; x_wconf 65' lang='grc' dir='ltr'><strong>διξηῑ</strong></span> <span class='ocrx_word' id='word_1_709' title='bbox 3340 4657 3553 4753; x_wconf 59' lang='lat' dir='ltr'><strong>operari</strong></span> 
     </span>
    </p>
   </div>
   <div class='ocr_carea' id='block_1_93' title="bbox 272 4766 1858 4843">
    <p class='ocr_par' dir='ltr' id='par_1_93' title="bbox 272 4766 1858 4843">
     <span class='ocr_line' id='line_1_93' title="bbox 272 4766 1858 4843; baseline -0.003 -17"><span class='ocrx_word' id='word_1_710' title='bbox 272 4773 495 4827; x_wconf 81' lang='lat' dir='ltr'><strong><em>Verbum</em></strong></span> <span class='ocrx_word' id='word_1_711' title='bbox 516 4789 636 4826; x_wconf 85' lang='lat' dir='ltr'><strong><em>caro</em></strong></span> <span class='ocrx_word' id='word_1_712' title='bbox 663 4773 859 4843; x_wconf 87' lang='lat' dir='ltr'><strong><em>factum</em></strong></span> <span class='ocrx_word' id='word_1_713' title='bbox 882 4782 956 4827; x_wconf 83' lang='lat' dir='ltr'><strong>est</strong></span> <span class='ocrx_word' id='word_1_714' title='bbox 982 4813 998 4839; x_wconf 93' lang='lat'><strong>,</strong></span> <span class='ocrx_word' id='word_1_715' title='bbox 1028 4780 1077 4827; x_wconf 90' lang='lat' dir='ltr'><strong><em>et</em></strong></span> <span class='ocrx_word' id='word_1_716' title='bbox 1097 4771 1343 4826; x_wconf 82' lang='lat' dir='ltr'><strong><em>habitavit</em></strong></span> <span class='ocrx_word' id='word_1_717' title='bbox 1367 4770 1420 4824; x_wconf 82' lang='lat' dir='ltr'><strong>in</strong></span> <span class='ocrx_word' id='word_1_718' title='bbox 1455 4769 1619 4823; x_wconf 89' lang='lat' dir='ltr'><strong><em>nobis.</em></strong></span> <span class='ocrx_word' id='word_1_719' title='bbox 1662 4766 1858 4823; x_wconf 84' lang='lat' dir='ltr'><strong>Caudi-</strong></span> 
     </span>
    </p>
   </div>
   <div class='ocr_carea' id='block_1_94' title="bbox 264 4859 1859 4932">
    <p class='ocr_par' dir='ltr' id='par_1_94' title="bbox 264 4859 1859 4932">
     <span class='ocr_line' id='line_1_94' title="bbox 264 4859 1859 4932; baseline -0.004 -13"><span class='ocrx_word' id='word_1_720' title='bbox 264 4864 369 4919; x_wconf 83' lang='lat' dir='ltr'><strong>dus</strong></span> <span class='ocrx_word' id='word_1_721' title='bbox 409 4864 460 4917; x_wconf 90' lang='lat' dir='ltr'><strong>in</strong></span> <span class='ocrx_word' id='word_1_722' title='bbox 492 4862 819 4932; x_wconf 80' lang='lat' dir='ltr'><strong>virginitate,</strong></span> <span class='ocrx_word' id='word_1_723' title='bbox 847 4861 1179 4918; x_wconf 90' lang='lat' dir='ltr'><strong>rubicundus</strong></span> <span class='ocrx_word' id='word_1_724' title='bbox 1223 4862 1278 4915; x_wconf 91' lang='lat' dir='ltr'><strong>in</strong></span> <span class='ocrx_word' id='word_1_725' title='bbox 1314 4859 1564 4931; x_wconf 87' lang='lat' dir='ltr'><strong>passione</strong></span> <span class='ocrx_word' id='word_1_726' title='bbox 1595 4876 1610 4913; x_wconf 92' lang='lat'><strong>:</strong></span> <span class='ocrx_word' id='word_1_727' title='bbox 1644 4860 1783 4914; x_wconf 87' lang='lat' dir='ltr'><strong>sicut</strong></span> <span class='ocrx_word' id='word_1_728' title='bbox 1805 4868 1859 4913; x_wconf 84' lang='lat' dir='ltr'><strong>et</strong></span> 
     </span>
    </p>
   </div>
   <div class='ocr_carea' id='block_1_95' title="bbox 265 4951 1861 5025">
    <p class='ocr_par' dir='ltr' id='par_1_95' title="bbox 265 4951 1861 5025">
     <span class='ocr_line' id='line_1_95' title="bbox 265 4951 1861 5025; baseline -0.003 -17"><span class='ocrx_word' id='word_1_729' title='bbox 265 4955 531 5025; x_wconf 85' lang='lat' dir='ltr'><strong>propheta</strong></span> <span class='ocrx_word' id='word_1_730' title='bbox 559 4955 627 5011; x_wconf 88' lang='lat' dir='ltr'><strong>de</strong></span> <span class='ocrx_word' id='word_1_731' title='bbox 654 4955 846 5011; x_wconf 88' lang='lat' dir='ltr'><strong>eodem</strong></span> <span class='ocrx_word' id='word_1_732' title='bbox 887 4954 1014 5010; x_wconf 88' lang='lat' dir='ltr'><strong>dicit</strong></span> <span class='ocrx_word' id='word_1_733' title='bbox 1047 4970 1062 5009; x_wconf 89' lang='lat'><strong>:</strong></span> <span class='ocrx_word' id='word_1_734' title='bbox 1101 4953 1229 5020; x_wconf 90' lang='lat' dir='ltr'><strong><em>Quis</em></strong></span> <span class='ocrx_word' id='word_1_735' title='bbox 1252 4962 1324 5007; x_wconf 87' lang='lat' dir='ltr'><strong>est</strong></span> <span class='ocrx_word' id='word_1_736' title='bbox 1356 4953 1451 5007; x_wconf 89' lang='lat' dir='ltr'><strong><em>iste</em></strong></span> <span class='ocrx_word' id='word_1_737' title='bbox 1487 4954 1575 5021; x_wconf 87' lang='lat' dir='ltr'><strong><em>qui</em></strong></span> <span class='ocrx_word' id='word_1_738' title='bbox 1613 4952 1745 5004; x_wconf 71' lang='lat' dir='ltr'><strong><em>venit</em></strong></span> <span class='ocrx_word' id='word_1_739' title='bbox 1796 4951 1861 5004; x_wconf 86' lang='lat' dir='ltr'><strong>de</strong></span> 
     </span>
    </p>
   </div>
   <div class='ocr_carea' id='block_1_96' title="bbox 267 5043 1855 5116">
    <p class='ocr_par' dir='ltr' id='par_1_96' title="bbox 267 5043 1855 5116">
     <span class='ocr_line' id='line_1_96' title="bbox 267 5043 1855 5116; baseline -0.003 -13"><span class='ocrx_word' id='word_1_740' title='bbox 267 5050 463 5115; x_wconf 78' lang='lat' dir='ltr'><strong><em>Edam,</em></strong></span> <span class='ocrx_word' id='word_1_741' title='bbox 494 5050 662 5103; x_wconf 88' lang='lat' dir='ltr'><strong><em>tinctis</em></strong></span> <span class='ocrx_word' id='word_1_742' title='bbox 699 5048 916 5104; x_wconf 77' lang='lat' dir='ltr'><strong><em>vestibus</em></strong></span> <span class='ocrx_word' id='word_1_743' title='bbox 944 5049 1007 5103; x_wconf 87' lang='lat' dir='ltr'><strong><em>de</em></strong></span> <span class='ocrx_word' id='word_1_744' title='bbox 1056 5046 1222 5101; x_wconf 88' lang='lat' dir='ltr'><strong><em>Bosra</em></strong></span> <span class='ocrx_word' id='word_1_745' title='bbox 1278 5043 1413 5116; x_wconf 88' lang='lat' dir='ltr'><strong><em>(lsa.</em></strong></span> <span class='ocrx_word' id='word_1_746' title='bbox 1448 5045 1634 5115; x_wconf 79' lang='lat' dir='ltr'><strong>um)?</strong></span> <span class='ocrx_word' id='word_1_747' title='bbox 1661 5044 1855 5111; x_wconf 85' lang='lat' dir='ltr'><strong>Edom,</strong></span> 
     </span>
    </p>
   </div>
   <div class='ocr_carea' id='block_1_97' title="bbox 267 5136 1858 5211">
    <p class='ocr_par' dir='ltr' id='par_1_97' title="bbox 267 5136 1858 5211">
     <span class='ocr_line' id='line_1_97' title="bbox 267 5136 1858 5211; baseline -0.004 -16"><span class='ocrx_word' id='word_1_748' title='bbox 267 5140 491 5210; x_wconf 65' lang='lat' dir='ltr'><strong>sanguis</strong></span> <span class='ocrx_word' id='word_1_749' title='bbox 523 5142 936 5211; x_wconf 87' lang='lat' dir='ltr'><strong>interpretatur;</strong></span> <span class='ocrx_word' id='word_1_750' title='bbox 967 5149 1018 5194; x_wconf 87' lang='lat' dir='ltr'><strong>et</strong></span> <span class='ocrx_word' id='word_1_751' title='bbox 1076 5138 1274 5195; x_wconf 89' lang='lat' dir='ltr'><strong>idcirco</strong></span> <span class='ocrx_word' id='word_1_752' title='bbox 1301 5137 1368 5193; x_wconf 86' lang='lat' dir='ltr'><strong>ab</strong></span> <span class='ocrx_word' id='word_1_753' title='bbox 1418 5136 1679 5192; x_wconf 74' lang='lat' dir='ltr'><strong>effusione</strong></span> <span class='ocrx_word' id='word_1_754' title='bbox 1732 5151 1858 5201; x_wconf 65' lang='lat' dir='ltr'><strong>san:</strong></span> 
     </span>
    </p>
   </div>
   <div class='ocr_carea' id='block_1_98' title="bbox 266 5227 1862 5301">
    <p class='ocr_par' dir='ltr' id='par_1_98' title="bbox 266 5227 1862 5301">
     <span class='ocr_line' id='line_1_98' title="bbox 266 5227 1862 5301; baseline -0.004 -14"><span class='ocrx_word' id='word_1_755' title='bbox 266 5233 443 5299; x_wconf 67' lang='lat' dir='ltr'><strong>pttittis</strong></span> <span class='ocrx_word' id='word_1_756' title='bbox 472 5233 822 5288; x_wconf 87' lang='lat' dir='ltr'><strong>rubicundus.</strong></span> <span class='ocrx_word' id='word_1_757' title='bbox 852 5230 959 5286; x_wconf 87' lang='lat' dir='ltr'><strong><em>Iste</em></strong></span> <span class='ocrx_word' id='word_1_758' title='bbox 988 5236 1246 5301; x_wconf 83' lang='lat' dir='ltr'><strong><em>formosus</em></strong></span> <span class='ocrx_word' id='word_1_759' title='bbox 1275 5230 1329 5285; x_wconf 88' lang='lat' dir='ltr'><strong>in</strong></span> <span class='ocrx_word' id='word_1_760' title='bbox 1352 5228 1485 5285; x_wconf 91' lang='lat' dir='ltr'><strong><em>stola</em></strong></span> <span class='ocrx_word' id='word_1_761' title='bbox 1511 5244 1606 5281; x_wconf 86' lang='lat' dir='ltr'><strong>sua</strong></span> <span class='ocrx_word' id='word_1_762' title='bbox 1624 5227 1862 5298; x_wconf 83' lang='lat' dir='ltr'><strong><em>gradiens</em></strong></span> 
     </span>
    </p>
   </div>
   <div class='ocr_carea' id='block_1_99' title="bbox 267 5318 1862 5397">
    <p class='ocr_par' dir='ltr' id='par_1_99' title="bbox 267 5318 1862 5397">
     <span class='ocr_line' id='line_1_99' title="bbox 267 5318 1862 5397; baseline -0.004 -18"><span class='ocrx_word' id='word_1_763' title='bbox 267 5330 321 5380; x_wconf 83' lang='lat' dir='ltr'><strong>in</strong></span> <span class='ocrx_word' id='word_1_764' title='bbox 381 5327 715 5381; x_wconf 86' lang='lat' dir='ltr'><strong><em>multitudine</em></strong></span> <span class='ocrx_word' id='word_1_765' title='bbox 745 5326 1066 5397; x_wconf 84' lang='lat' dir='ltr'><strong><em>fortitudinis</em></strong></span> <span class='ocrx_word' id='word_1_766' title='bbox 1093 5340 1223 5379; x_wconf 64' lang='lat' dir='ltr'><strong><em>suat.</em></strong></span> <span class='ocrx_word' id='word_1_767' title='bbox 1270 5321 1478 5377; x_wconf 85' lang='lat' dir='ltr'><strong><em>Electus</em></strong></span> <span class='ocrx_word' id='word_1_768' title='bbox 1507 5335 1571 5374; x_wconf 80' lang='lat' dir='ltr'><strong>ea:</strong></span> <span class='ocrx_word' id='word_1_769' title='bbox 1613 5318 1862 5373; x_wconf 82' lang='lat' dir='ltr'><strong><em>millibus.</em></strong></span> 
     </span>
    </p>
   </div>
   <div class='ocr_carea' id='block_1_100' title="bbox 270 5411 1867 5486">
    <p class='ocr_par' dir='ltr' id='par_1_100' title="bbox 270 5411 1867 5486">
     <span class='ocr_line' id='line_1_100' title="bbox 270 5411 1867 5486; baseline -0.004 -15"><span class='ocrx_word' id='word_1_770' title='bbox 270 5418 391 5481; x_wconf 79' lang='lat' dir='ltr'><strong>Ipse</strong></span> <span class='ocrx_word' id='word_1_771' title='bbox 419 5426 502 5471; x_wconf 87' lang='lat' dir='ltr'><strong>est</strong></span> <span class='ocrx_word' id='word_1_772' title='bbox 525 5417 593 5472; x_wconf 90' lang='lat' dir='ltr'><strong>de</strong></span> <span class='ocrx_word' id='word_1_773' title='bbox 613 5432 719 5486; x_wconf 90' lang='lat' dir='ltr'><strong>quo</strong></span> <span class='ocrx_word' id='word_1_774' title='bbox 737 5418 789 5471; x_wconf 93' lang='lat' dir='ltr'><strong>in</strong></span> <span class='ocrx_word' id='word_1_775' title='bbox 815 5416 1039 5471; x_wconf 85' lang='lat' dir='ltr'><strong>Psalmis</strong></span> <span class='ocrx_word' id='word_1_776' title='bbox 1067 5433 1080 5469; x_wconf 91' lang='lat'>:</span> <span class='ocrx_word' id='word_1_777' title='bbox 1121 5414 1248 5482; x_wconf 88' lang='lat' dir='ltr'><strong><em>Quis</em></strong></span> <span class='ocrx_word' id='word_1_778' title='bbox 1276 5412 1459 5470; x_wconf 87' lang='lat' dir='ltr'><strong><em>similis</em></strong></span> <span class='ocrx_word' id='word_1_779' title='bbox 1481 5412 1574 5469; x_wconf 85' lang='lat' dir='ltr'><strong><em>erit</em></strong></span> <span class='ocrx_word' id='word_1_780' title='bbox 1598 5411 1705 5467; x_wconf 88' lang='lat' dir='ltr'><strong><em>Deo</em></strong></span> <span class='ocrx_word' id='word_1_781' title='bbox 1735 5414 1867 5466; x_wconf 75' lang='lat' dir='ltr'><strong><em>inter</em></strong></span> 
     </span>
    </p>
   </div>
   <div class='ocr_carea' id='block_1_101' title="bbox 273 5496 1859 5582">
    <p class='ocr_par' dir='ltr' id='par_1_101' title="bbox 273 5496 1859 5582">
     <span class='ocr_line' id='line_1_101' title="bbox 273 5496 1859 5582; baseline -0.013 -15"><span class='ocrx_word' id='word_1_782' title='bbox 273 5514 419 5582; x_wconf 77' lang='lat' dir='ltr'><strong><em>ﬁlios</em></strong></span> <span class='ocrx_word' id='word_1_783' title='bbox 450 5509 547 5563; x_wconf 73' lang='lat' dir='ltr'><strong><em>Dei</em></strong></span> <span class='ocrx_word' id='word_1_784' title='bbox 581 5506 754 5573; x_wconf 87' lang='lat' dir='ltr'><strong><em>(Psal.</em></strong></span> <span class='ocrx_word' id='word_1_785' title='bbox 786 5501 1086 5571; x_wconf 78' lang='lat' dir='ltr'><strong>Lxxxvnt)?</strong></span> <span class='ocrx_word' id='word_1_786' title='bbox 1117 5511 1173 5556; x_wconf 89' lang='lat' dir='ltr'><strong>et</strong></span> <span class='ocrx_word' id='word_1_787' title='bbox 1197 5502 1419 5563; x_wconf 86' lang='lat' dir='ltr'><strong>iterum,</strong></span> <span class='ocrx_word' id='word_1_788' title='bbox 1445 5496 1727 5566; x_wconf 85' lang='lat' dir='ltr'><strong><em>Speciosas</em></strong></span> <span class='ocrx_word' id='word_1_789' title='bbox 1750 5496 1859 5566; x_wconf 79' lang='lat' dir='ltr'><strong><em>for-</em></strong></span> 
     </span>
    </p>
   </div>
   <div class='ocr_carea' id='block_1_102' title="bbox 274 5586 1857 5668">
    <p class='ocr_par' dir='ltr' id='par_1_102' title="bbox 274 5586 1857 5668">
     <span class='ocr_line' id='line_1_102' title="bbox 274 5586 1857 5668; baseline -0.008 -14"><span class='ocrx_word' id='word_1_790' title='bbox 274 5617 362 5654; x_wconf 84' lang='lat' dir='ltr'><strong>ma</strong></span> <span class='ocrx_word' id='word_1_791' title='bbox 380 5616 491 5668; x_wconf 72' lang='lat' dir='ltr'><strong><em>pra&#39;</em></strong></span> <span class='ocrx_word' id='word_1_792' title='bbox 510 5597 636 5664; x_wconf 80' lang='lat' dir='ltr'><strong><em>[iliis</em></strong></span> <span class='ocrx_word' id='word_1_793' title='bbox 656 5596 951 5655; x_wconf 78' lang='lat' dir='ltr'><strong><em>hominum,</em></strong></span> <span class='ocrx_word' id='word_1_794' title='bbox 971 5591 1169 5659; x_wconf 63' lang='lat' dir='ltr'><strong><em>diﬂusa</em></strong></span> <span class='ocrx_word' id='word_1_795' title='bbox 1186 5598 1263 5644; x_wconf 86' lang='lat' dir='ltr'><strong><em>est</em></strong></span> <span class='ocrx_word' id='word_1_796' title='bbox 1282 5590 1456 5658; x_wconf 81' lang='lat' dir='ltr'><strong><em>gratia</em></strong></span> <span class='ocrx_word' id='word_1_797' title='bbox 1479 5587 1529 5640; x_wconf 87' lang='lat' dir='ltr'><strong>in</strong></span> <span class='ocrx_word' id='word_1_798' title='bbox 1552 5586 1706 5639; x_wconf 84' lang='lat' dir='ltr'><strong><em>labiis</em></strong></span> <span class='ocrx_word' id='word_1_799' title='bbox 1728 5588 1857 5641; x_wconf 79' lang='lat' dir='ltr'><strong><em>tuis.</em></strong></span> 
     </span>
    </p>
   </div>
   <div class='ocr_carea' id='block_1_103' title="bbox 352 5701 1858 5777">
    <p class='ocr_par' dir='ltr' id='par_1_103' title="bbox 352 5701 1858 5777">
     <span class='ocr_line' id='line_1_103' title="bbox 352 5701 1858 5777; baseline -0.009 -9"><span class='ocrx_word' id='word_1_800' title='bbox 352 5714 516 5768; x_wconf 79' lang='lat' dir='ltr'><strong>Num.</strong></span> <span class='ocrx_word' id='word_1_801' title='bbox 536 5713 558 5765; x_wconf 90' lang='grc'><strong>1</strong></span> <span class='ocrx_word' id='word_1_802' title='bbox 575 5710 847 5777; x_wconf 80' lang='lat' dir='ltr'><strong><em>l9.Caput</em></strong></span> <span class='ocrx_word' id='word_1_803' title='bbox 873 5708 986 5776; x_wconf 82' lang='lat' dir='ltr'><strong><em>ejus</em></strong></span> <span class='ocrx_word' id='word_1_804' title='bbox 1012 5723 1205 5760; x_wconf 86' lang='lat' dir='ltr'><strong><em>aurum</em></strong></span> <span class='ocrx_word' id='word_1_805' title='bbox 1230 5707 1507 5775; x_wconf 81' lang='lat' dir='ltr'><strong><em>optimum.</em></strong></span> <span class='ocrx_word' id='word_1_806' title='bbox 1527 5701 1786 5775; x_wconf 76' lang='lat' dir='ltr'><strong>Legimus</strong></span> <span class='ocrx_word' id='word_1_807' title='bbox 1805 5702 1858 5755; x_wconf 89' lang='lat' dir='ltr'><strong>in</strong></span> 
     </span>
    </p>
   </div>
   <div class='ocr_carea' id='block_1_104' title="bbox 276 5794 1857 5874">
    <p class='ocr_par' dir='ltr' id='par_1_104' title="bbox 276 5794 1857 5874">
     <span class='ocr_line' id='line_1_104' title="bbox 276 5794 1857 5874; baseline -0.013 -16"><span class='ocrx_word' id='word_1_808' title='bbox 276 5807 543 5872; x_wconf 72' lang='lat' dir='ltr'><strong>Apostolo</strong></span> <span class='ocrx_word' id='word_1_809' title='bbox 556 5805 749 5874; x_wconf 84' lang='lat' dir='ltr'><strong><em>:Caput</em></strong></span> <span class='ocrx_word' id='word_1_810' title='bbox 768 5802 1136 5867; x_wconf 83' lang='lat' dir='ltr'><strong><em>viriChristus;</em></strong></span> <span class='ocrx_word' id='word_1_811' title='bbox 1148 5808 1304 5867; x_wconf 82' lang='lat' dir='ltr'><strong><em>caput</em></strong></span> <span class='ocrx_word' id='word_1_812' title='bbox 1319 5806 1493 5850; x_wconf 84' lang='lat' dir='ltr'><strong><em>autem</em></strong></span> <span class='ocrx_word' id='word_1_813' title='bbox 1508 5796 1744 5855; x_wconf 69' lang='lat' dir='ltr'><strong><em>mulieri;</em></strong></span> <span class='ocrx_word' id='word_1_814' title='bbox 1762 5794 1857 5858; x_wconf 62' lang='lat' dir='ltr'><strong>vir,</strong></span> 
     </span>
    </p>
   </div>
   <div class='ocr_carea' id='block_1_105' title="bbox 277 5888 1860 5969">
    <p class='ocr_par' dir='ltr' id='par_1_105' title="bbox 277 5888 1860 5969">
     <span class='ocr_line' id='line_1_105' title="bbox 277 5888 1860 5969; baseline -0.006 -15"><span class='ocrx_word' id='word_1_815' title='bbox 277 5908 436 5969; x_wconf 76' lang='lat' dir='ltr'><strong><em>caput</em></strong></span> <span class='ocrx_word' id='word_1_816' title='bbox 457 5912 570 5955; x_wconf 66' lang='lat' dir='ltr'><strong><em>vero</em></strong></span> <span class='ocrx_word' id='word_1_817' title='bbox 589 5894 788 5951; x_wconf 72' lang='lat' dir='ltr'><strong>Christi</strong></span> <span class='ocrx_word' id='word_1_818' title='bbox 805 5894 944 5951; x_wconf 74' lang='lat' dir='ltr'><strong><em>Deus</em></strong></span> <span class='ocrx_word' id='word_1_819' title='bbox 965 5894 1005 5965; x_wconf 70' lang='lat' dir='ltr'><strong>tl</strong></span> <span class='ocrx_word' id='word_1_820' title='bbox 1020 5893 1141 5950; x_wconf 88' lang='lat' dir='ltr'><strong>Cor.</strong></span> <span class='ocrx_word' id='word_1_821' title='bbox 1163 5892 1259 5960; x_wconf 69' lang='lat' dir='ltr'><strong><em>si).</em></strong></span> <span class='ocrx_word' id='word_1_822' title='bbox 1280 5890 1346 5945; x_wconf 83' lang='lat' dir='ltr'><strong>Et</strong></span> <span class='ocrx_word' id='word_1_823' title='bbox 1366 5888 1490 5946; x_wconf 86' lang='lat' dir='ltr'><strong>ideo</strong></span> <span class='ocrx_word' id='word_1_824' title='bbox 1506 5894 1649 5954; x_wconf 84' lang='lat' dir='ltr'><strong>sicut</strong></span> <span class='ocrx_word' id='word_1_825' title='bbox 1682 5891 1735 5947; x_wconf 87' lang='lat' dir='ltr'><strong>in</strong></span> <span class='ocrx_word' id='word_1_826' title='bbox 1752 5905 1860 5945; x_wconf 81' lang='lat' dir='ltr'><strong>tuc-</strong></span> 
     </span>
    </p>
   </div>
   <div class='ocr_carea' id='block_1_106' title="bbox 1962 4747 3605 4816">
    <p class='ocr_par' dir='ltr' id='par_1_106' title="bbox 1962 4747 3605 4816">
     <span class='ocr_line' id='line_1_106' title="bbox 1962 4747 3605 4816; baseline -0.007 -5"><span class='ocrx_word' id='word_1_827' title='bbox 1962 4772 2068 4811; x_wconf 91' lang='lat' dir='ltr'><strong>non</strong></span> <span class='ocrx_word' id='word_1_828' title='bbox 2099 4755 2370 4809; x_wconf 87' lang='lat' dir='ltr'><strong>desinunt.</strong></span> <span class='ocrx_word' id='word_1_829' title='bbox 2398 4751 2604 4805; x_wconf 85' lang='lat' dir='ltr'><strong>Idcirco</strong></span> <span class='ocrx_word' id='word_1_830' title='bbox 2642 4749 2906 4802; x_wconf 79' lang='lat' dir='ltr'><strong><em>tornatilcs</em></strong></span> <span class='ocrx_word' id='word_1_831' title='bbox 2934 4763 3125 4813; x_wconf 72' lang='grc' dir='ltr'><strong>(ιω-αι’,</strong></span> <span class='ocrx_word' id='word_1_832' title='bbox 3150 4747 3272 4816; x_wconf 86' lang='lat' dir='ltr'><strong>quia</strong></span> <span class='ocrx_word' id='word_1_833' title='bbox 3296 4747 3361 4800; x_wconf 81' lang='lat' dir='ltr'><strong>ad</strong></span> <span class='ocrx_word' id='word_1_834' title='bbox 3387 4762 3549 4802; x_wconf 85' lang='lat' dir='ltr'><strong>omne</strong></span> <span class='ocrx_word' id='word_1_835' title='bbox 3593 4786 3605 4799; x_wconf 89' lang='lat'><strong>.</strong></span> 
     </span>
    </p>
   </div>
   <div class='ocr_carea' id='block_1_107' title="bbox 1961 4838 3556 4915">
    <p class='ocr_par' dir='ltr' id='par_1_107' title="bbox 1961 4838 3556 4915">
     <span class='ocr_line' id='line_1_107' title="bbox 1961 4838 3556 4915; baseline -0.006 -14"><span class='ocrx_word' id='word_1_836' title='bbox 1961 4861 2095 4915; x_wconf 87' lang='lat' dir='ltr'><strong>opus</strong></span> <span class='ocrx_word' id='word_1_837' title='bbox 2120 4846 2319 4899; x_wconf 90' lang='lat' dir='ltr'><strong>bonum</strong></span> <span class='ocrx_word' id='word_1_838' title='bbox 2339 4857 2551 4911; x_wconf 84' lang='lat' dir='ltr'><strong>semper</strong></span> <span class='ocrx_word' id='word_1_839' title='bbox 2572 4850 2772 4911; x_wconf 71' lang='lat' dir='ltr'><strong>parata:</strong></span> <span class='ocrx_word' id='word_1_840' title='bbox 2798 4857 2810 4905; x_wconf 89' lang='lat'><strong>;</strong></span> <span class='ocrx_word' id='word_1_841' title='bbox 2840 4839 3003 4909; x_wconf 77' lang='lat' dir='ltr'><strong><em>plena:</em></strong></span> <span class='ocrx_word' id='word_1_842' title='bbox 3023 4838 3338 4909; x_wconf 78' lang='lat' dir='ltr'><strong><em>Ityaeiuthis,</em></strong></span> <span class='ocrx_word' id='word_1_843' title='bbox 3362 4852 3556 4893; x_wconf 84' lang='lat' dir='ltr'><strong>secun—</strong></span> 
     </span>
    </p>
   </div>
   <div class='ocr_carea' id='block_1_108' title="bbox 1962 4929 3559 5006">
    <p class='ocr_par' dir='ltr' id='par_1_108' title="bbox 1962 4929 3559 5006">
     <span class='ocr_line' id='line_1_108' title="bbox 1962 4929 3559 5006; baseline -0.005 -12"><span class='ocrx_word' id='word_1_844' title='bbox 1962 4940 2090 4994; x_wconf 91' lang='lat' dir='ltr'><strong>dum</strong></span> <span class='ocrx_word' id='word_1_845' title='bbox 2125 4937 2254 4993; x_wconf 89' lang='lat' dir='ltr'><strong>illud</strong></span> <span class='ocrx_word' id='word_1_846' title='bbox 2280 4935 2522 5006; x_wconf 84' lang='lat' dir='ltr'><strong>Apostuli</strong></span> <span class='ocrx_word' id='word_1_847' title='bbox 2553 4952 2565 4987; x_wconf 89' lang='lat'><strong>:</strong></span> <span class='ocrx_word' id='word_1_848' title='bbox 2602 4932 2791 4987; x_wconf 81' lang='lat' dir='ltr'><strong><em>Divites</em></strong></span> <span class='ocrx_word' id='word_1_849' title='bbox 2824 4933 2876 4984; x_wconf 89' lang='lat' dir='ltr'><strong>in</strong></span> <span class='ocrx_word' id='word_1_850' title='bbox 2902 4931 3137 5002; x_wconf 81' lang='lat' dir='ltr'><strong><em>operibus</em></strong></span> <span class='ocrx_word' id='word_1_851' title='bbox 3187 4929 3350 4993; x_wconf 87' lang='lat' dir='ltr'><strong><em>bonis,</em></strong></span> <span class='ocrx_word' id='word_1_852' title='bbox 3405 4930 3559 4999; x_wconf 79' lang='lat' dir='ltr'><strong><em>facile</em></strong></span> 
     </span>
    </p>
   </div>
   <div class='ocr_carea' id='block_1_109' title="bbox 1963 5022 3562 5096">
    <p class='ocr_par' dir='ltr' id='par_1_109' title="bbox 1963 5022 3562 5096">
     <span class='ocr_line' id='line_1_109' title="bbox 1963 5022 3562 5096; baseline -0.005 -11"><span class='ocrx_word' id='word_1_853' title='bbox 1963 5033 2262 5096; x_wconf 84' lang='lat' dir='ltr'><strong><em>tribuentes,</em></strong></span> <span class='ocrx_word' id='word_1_854' title='bbox 2291 5038 2337 5084; x_wconf 87' lang='lat' dir='ltr'><strong><em>et</em></strong></span> <span class='ocrx_word' id='word_1_855' title='bbox 2382 5027 2783 5082; x_wconf 77' lang='lat' dir='ltr'><strong><em>tltesaurizantes</em></strong></span> <span class='ocrx_word' id='word_1_856' title='bbox 2810 5022 2906 5078; x_wconf 85' lang='lat' dir='ltr'><strong><em>sibi</em></strong></span> <span class='ocrx_word' id='word_1_857' title='bbox 2951 5022 3343 5093; x_wconf 87' lang='lat' dir='ltr'><strong><em>fundamentum</em></strong></span> <span class='ocrx_word' id='word_1_858' title='bbox 3374 5023 3562 5077; x_wconf 87' lang='lat' dir='ltr'><strong><em>bonum</em></strong></span> 
     </span>
    </p>
   </div>
   <div class='ocr_carea' id='block_1_110' title="bbox 1973 5113 3513 5194">
    <p class='ocr_par' dir='ltr' id='par_1_110' title="bbox 1973 5113 3513 5194">
     <span class='ocr_line' id='line_1_110' title="bbox 1973 5113 3513 5194; baseline -0.006 -15"><span class='ocrx_word' id='word_1_859' title='bbox 1973 5128 2026 5179; x_wconf 89' lang='lat' dir='ltr'><strong>in</strong></span> <span class='ocrx_word' id='word_1_860' title='bbox 2053 5129 2246 5194; x_wconf 87' lang='lat' dir='ltr'><strong><em>futuro,</em></strong></span> <span class='ocrx_word' id='word_1_861' title='bbox 2281 5132 2334 5177; x_wconf 89' lang='lat' dir='ltr'><strong>ut</strong></span> <span class='ocrx_word' id='word_1_862' title='bbox 2364 5118 2749 5191; x_wconf 79' lang='lat' dir='ltr'><strong><em>appreltentlant</em></strong></span> <span class='ocrx_word' id='word_1_863' title='bbox 2786 5133 2955 5171; x_wconf 87' lang='lat' dir='ltr'><strong><em>veram</em></strong></span> <span class='ocrx_word' id='word_1_864' title='bbox 2984 5117 3137 5170; x_wconf 73' lang='lat' dir='ltr'><strong><em>vitam</em></strong></span> <span class='ocrx_word' id='word_1_865' title='bbox 3160 5113 3213 5189; x_wconf 90' lang='lat' dir='ltr'><strong><em>(l</em></strong></span> <span class='ocrx_word' id='word_1_866' title='bbox 3238 5115 3291 5169; x_wconf 84' lang='lat' dir='ltr'><strong><em>.T</em></strong></span> <span class='ocrx_word' id='word_1_867' title='bbox 3293 5117 3385 5172; x_wconf 89' lang='lat' dir='ltr'><strong>im.</strong></span> <span class='ocrx_word' id='word_1_868' title='bbox 3408 5115 3513 5186; x_wconf 83' lang='lat' dir='ltr'><strong>vt).</strong></span> 
     </span>
    </p>
   </div>
   <div class='ocr_carea' id='block_1_111' title="bbox 2045 5217 3565 5291">
    <p class='ocr_par' dir='ltr' id='par_1_111' title="bbox 2045 5217 3565 5291">
     <span class='ocr_line' id='line_1_111' title="bbox 2045 5217 3565 5291; baseline -0.007 -10"><span class='ocrx_word' id='word_1_869' title='bbox 2045 5225 2201 5281; x_wconf 83' lang='lat' dir='ltr'><strong>Num.</strong></span> <span class='ocrx_word' id='word_1_870' title='bbox 2236 5222 2360 5279; x_wconf 74' lang='grc'><strong>126.</strong></span> <span class='ocrx_word' id='word_1_871' title='bbox 2398 5221 2586 5277; x_wconf 83' lang='lat' dir='ltr'><strong><em>Venter</em></strong></span> <span class='ocrx_word' id='word_1_872' title='bbox 2613 5223 2724 5291; x_wconf 88' lang='lat' dir='ltr'><strong><em>ejus</em></strong></span> <span class='ocrx_word' id='word_1_873' title='bbox 2763 5222 3031 5273; x_wconf 82' lang='lat' dir='ltr'><strong><em>eburneus.</em></strong></span> <span class='ocrx_word' id='word_1_874' title='bbox 3063 5219 3119 5273; x_wconf 87' lang='lat' dir='ltr'><strong>In</strong></span> <span class='ocrx_word' id='word_1_875' title='bbox 3168 5227 3353 5272; x_wconf 84' lang='lat' dir='ltr'><strong>ventre</strong></span> <span class='ocrx_word' id='word_1_876' title='bbox 3398 5217 3565 5287; x_wconf 76' lang='lat' dir='ltr'><strong>ipsius</strong></span> 
     </span>
    </p>
   </div>
   <div class='ocr_carea' id='block_1_112' title="bbox 1974 5311 3567 5388">
    <p class='ocr_par' dir='ltr' id='par_1_112' title="bbox 1974 5311 3567 5388">
     <span class='ocr_line' id='line_1_112' title="bbox 1974 5311 3567 5388; baseline -0.008 -14"><span class='ocrx_word' id='word_1_877' title='bbox 1974 5319 2319 5388; x_wconf 85' lang='lat' dir='ltr'><strong>deputantur,</strong></span> <span class='ocrx_word' id='word_1_878' title='bbox 2335 5316 2424 5387; x_wconf 90' lang='lat' dir='ltr'><strong>qui</strong></span> <span class='ocrx_word' id='word_1_879' title='bbox 2447 5315 2731 5371; x_wconf 85' lang='lat' dir='ltr'><strong>credentes</strong></span> <span class='ocrx_word' id='word_1_880' title='bbox 2756 5313 2807 5366; x_wconf 93' lang='lat' dir='ltr'><strong>in</strong></span> <span class='ocrx_word' id='word_1_881' title='bbox 2838 5312 2941 5367; x_wconf 82' lang='lat' dir='ltr'><strong>fide</strong></span> <span class='ocrx_word' id='word_1_882' title='bbox 2968 5311 3311 5382; x_wconf 86' lang='lat' dir='ltr'><strong>parturiunt;</strong></span> <span class='ocrx_word' id='word_1_883' title='bbox 3338 5311 3567 5366; x_wconf 84' lang='lat' dir='ltr'><strong>etchur-</strong></span> 
     </span>
    </p>
   </div>
   <div class='ocr_carea' id='block_1_113' title="bbox 1977 5406 3568 5480">
    <p class='ocr_par' dir='ltr' id='par_1_113' title="bbox 1977 5406 3568 5480">
     <span class='ocr_line' id='line_1_113' title="bbox 1977 5406 3568 5480; baseline -0.01 -10"><span class='ocrx_word' id='word_1_884' title='bbox 1977 5428 2108 5470; x_wconf 80' lang='lat' dir='ltr'><strong>nens</strong></span> <span class='ocrx_word' id='word_1_885' title='bbox 2133 5411 2297 5467; x_wconf 82' lang='lat' dir='ltr'><strong>etiam</strong></span> <span class='ocrx_word' id='word_1_886' title='bbox 2340 5410 2453 5480; x_wconf 84' lang='lat' dir='ltr'><strong>ipse</strong></span> <span class='ocrx_word' id='word_1_887' title='bbox 2482 5416 2704 5473; x_wconf 85' lang='lat' dir='ltr'><strong>venter,</strong></span> <span class='ocrx_word' id='word_1_888' title='bbox 2738 5406 2857 5460; x_wconf 69' lang='lat' dir='ltr'><strong>fons</strong></span> <span class='ocrx_word' id='word_1_889' title='bbox 2890 5406 3135 5473; x_wconf 85' lang='lat' dir='ltr'><strong>baptismi</strong></span> <span class='ocrx_word' id='word_1_890' title='bbox 3166 5418 3229 5459; x_wconf 80' lang='lat' dir='ltr'><strong>es</strong></span> <span class='ocrx_word' id='word_1_891' title='bbox 3266 5418 3372 5471; x_wconf 91' lang='lat' dir='ltr'><strong>quo</strong></span> <span class='ocrx_word' id='word_1_892' title='bbox 3412 5416 3568 5456; x_wconf 77' lang='lat' dir='ltr'><strong>rens-</strong></span> 
     </span>
    </p>
   </div>
   <div class='ocr_carea' id='block_1_114' title="bbox 1976 5493 3561 5568">
    <p class='ocr_par' dir='ltr' id='par_1_114' title="bbox 1976 5493 3561 5568">
     <span class='ocr_line' id='line_1_114' title="bbox 1976 5493 3561 5568; baseline -0.009 -7"><span class='ocrx_word' id='word_1_893' title='bbox 1976 5507 2178 5562; x_wconf 81' lang='lat' dir='ltr'><strong>scitnur</strong></span> <span class='ocrx_word' id='word_1_894' title='bbox 2212 5520 2317 5561; x_wconf 86' lang='lat' dir='ltr'><strong>non</strong></span> <span class='ocrx_word' id='word_1_895' title='bbox 2347 5502 2787 5559; x_wconf 82' lang='lat' dir='ltr'><strong>inconvenienter</strong></span> <span class='ocrx_word' id='word_1_896' title='bbox 2808 5497 3101 5568; x_wconf 86' lang='lat' dir='ltr'><strong>accipitur;</strong></span> <span class='ocrx_word' id='word_1_897' title='bbox 3132 5502 3187 5549; x_wconf 88' lang='lat' dir='ltr'><strong>et</strong></span> <span class='ocrx_word' id='word_1_898' title='bbox 3216 5494 3339 5562; x_wconf 84' lang='lat' dir='ltr'><strong>quia</strong></span> <span class='ocrx_word' id='word_1_899' title='bbox 3359 5493 3561 5556; x_wconf 85' lang='lat' dir='ltr'><strong>eboris,</strong></span> 
     </span>
    </p>
   </div>
   <div class='ocr_carea' id='block_1_115' title="bbox 1977 5583 3565 5661">
    <p class='ocr_par' dir='ltr' id='par_1_115' title="bbox 1977 5583 3565 5661">
     <span class='ocr_line' id='line_1_115' title="bbox 1977 5583 3565 5661; baseline -0.012 -6"><span class='ocrx_word' id='word_1_900' title='bbox 1977 5598 2216 5655; x_wconf 85' lang='lat' dir='ltr'><strong>defuncti</strong></span> <span class='ocrx_word' id='word_1_901' title='bbox 2266 5595 2554 5652; x_wconf 85' lang='lat' dir='ltr'><strong>animantis</strong></span> <span class='ocrx_word' id='word_1_902' title='bbox 2599 5594 2841 5661; x_wconf 89' lang='lat' dir='ltr'><strong>speciosa</strong></span> <span class='ocrx_word' id='word_1_903' title='bbox 2882 5599 2936 5644; x_wconf 91' lang='lat' dir='ltr'><strong>et</strong></span> <span class='ocrx_word' id='word_1_904' title='bbox 2974 5583 3405 5654; x_wconf 81' lang='lat' dir='ltr'><strong>iucorruptibilia</strong></span> <span class='ocrx_word' id='word_1_905' title='bbox 3443 5598 3565 5637; x_wconf 84' lang='lat' dir='ltr'><strong>ossa</strong></span> 
     </span>
    </p>
   </div>
   <div class='ocr_carea' id='block_1_116' title="bbox 1977 5675 3571 5761">
    <p class='ocr_par' dir='ltr' id='par_1_116' title="bbox 1977 5675 3571 5761">
     <span class='ocr_line' id='line_1_116' title="bbox 1977 5675 3571 5761; baseline -0.013 -11"><span class='ocrx_word' id='word_1_906' title='bbox 1977 5702 2295 5757; x_wconf 87' lang='lat' dir='ltr'><strong>noscuntur,</strong></span> <span class='ocrx_word' id='word_1_907' title='bbox 2346 5702 2633 5761; x_wconf 79' lang='lat' dir='ltr'><strong>propterea</strong></span> <span class='ocrx_word' id='word_1_908' title='bbox 2666 5687 2821 5741; x_wconf 90' lang='lat' dir='ltr'><strong>nobis</strong></span> <span class='ocrx_word' id='word_1_909' title='bbox 2846 5684 2912 5739; x_wconf 84' lang='lat' dir='ltr'><strong>ab</strong></span> <span class='ocrx_word' id='word_1_910' title='bbox 2941 5680 3197 5750; x_wconf 82' lang='lat' dir='ltr'><strong>Apostolo</strong></span> <span class='ocrx_word' id='word_1_911' title='bbox 3218 5678 3411 5733; x_wconf 88' lang='lat' dir='ltr'><strong>dicitur</strong></span> <span class='ocrx_word' id='word_1_912' title='bbox 3442 5694 3458 5729; x_wconf 87' lang='lat'><strong>:</strong></span> <span class='ocrx_word' id='word_1_913' title='bbox 3490 5675 3571 5730; x_wconf 80' lang='lat' dir='ltr'><strong><em>Au</em></strong></span> 
     </span>
    </p>
   </div>
   <div class='ocr_carea' id='block_1_117' title="bbox 1976 5767 3570 5857">
    <p class='ocr_par' dir='ltr' id='par_1_117' title="bbox 1976 5767 3570 5857">
     <span class='ocr_line' id='line_1_117' title="bbox 1976 5767 3570 5857; baseline -0.011 -19"><span class='ocrx_word' id='word_1_914' title='bbox 1976 5786 2225 5857; x_wconf 82' lang='lat' dir='ltr'><strong><em>ignoratis</em></strong></span> <span class='ocrx_word' id='word_1_915' title='bbox 2273 5785 2395 5851; x_wconf 86' lang='lat' dir='ltr'><strong><em>quia</em></strong></span> <span class='ocrx_word' id='word_1_916' title='bbox 2437 5784 2721 5851; x_wconf 82' lang='lat' dir='ltr'><strong><em>quicunque</em></strong></span> <span class='ocrx_word' id='word_1_917' title='bbox 2772 5772 3012 5839; x_wconf 76' lang='lat' dir='ltr'><strong><em>baptisuti</em></strong></span> <span class='ocrx_word' id='word_1_918' title='bbox 3044 5787 3220 5824; x_wconf 85' lang='lat' dir='ltr'><strong><em>sumus</em></strong></span> <span class='ocrx_word' id='word_1_919' title='bbox 3266 5771 3317 5823; x_wconf 83' lang='lat' dir='ltr'><strong>in</strong></span> <span class='ocrx_word' id='word_1_920' title='bbox 3365 5767 3570 5821; x_wconf 79' lang='lat' dir='ltr'><strong>Christo</strong></span> 
     </span>
    </p>
   </div>
   <div class='ocr_carea' id='block_1_118' title="bbox 1977 5862 3572 5947">
    <p class='ocr_par' dir='ltr' id='par_1_118' title="bbox 1977 5862 3572 5947">
     <span class='ocr_line' id='line_1_118' title="bbox 1977 5862 3572 5947; baseline -0.01 -16"><span class='ocrx_word' id='word_1_921' title='bbox 1977 5876 2127 5947; x_wconf 80' lang='lat' dir='ltr'><strong><em>Jesu,</em></strong></span> <span class='ocrx_word' id='word_1_922' title='bbox 2160 5878 2209 5932; x_wconf 89' lang='lat' dir='ltr'><strong>in</strong></span> <span class='ocrx_word' id='word_1_923' title='bbox 2235 5884 2395 5930; x_wconf 83' lang='lat' dir='ltr'><strong><em>morte</em></strong></span> <span class='ocrx_word' id='word_1_924' title='bbox 2422 5874 2584 5947; x_wconf 79' lang='lat' dir='ltr'><strong><em>ipsius</em></strong></span> <span class='ocrx_word' id='word_1_925' title='bbox 2613 5869 2851 5940; x_wconf 68' lang='lat' dir='ltr'><strong><em>baptizati</em></strong></span> <span class='ocrx_word' id='word_1_926' title='bbox 2883 5865 3098 5923; x_wconf 82' lang='lat' dir='ltr'><strong><em>sumus?</em></strong></span> <span class='ocrx_word' id='word_1_927' title='bbox 3125 5864 3413 5930; x_wconf 68' lang='lat' dir='ltr'><strong><em>Const‘rulti</em></strong></span> <span class='ocrx_word' id='word_1_928' title='bbox 3442 5862 3572 5915; x_wconf 64' lang='lat' dir='ltr'><strong><em>enim</em></strong></span> 
     </span>
    </p>
   </div>
  </div>
