3942 6344
410 355 511 409 ⁸ι83

1636 352 1694 410 S.
1734 350 1918 409 JUSTI
1960 348 2441 409 UBGELLENSIS

3581 346 3707 411 984

408 485 578 524 sumus
602 484 716 523 cum
739 470 831 524 illo
855 472 906 525 in
938 470 1240 539 baptismum
1271 484 1360 534 per
1386 473 1601 520 mortem
1621 472 1710 533 ,ut
1730 462 1987 534 quomodo
2016 464 2069 524 Α
2092 463 2163 521 Ut
2190 473 2377 536 regnet
2392 466 2444 520 in
2474 466 2755 538 gentibus,
2789 468 2869 525 vel
2894 470 2945 525 in
2968 470 3224 526 Ecclesiis
3247 469 3553 527 delectetur
3584 486 3604 526 :
3634 478 3703 527 ut

408 563 631 618 surrexit
653 561 886 618 Christus
910 578 1001 634 per
1039 561 1255 634 gloriam
1287 560 1484 628 Patris,
1514 559 1591 613 ita
1619 568 1667 612 et
1698 573 1791 613 nos
1814 556 1866 611 in
1896 571 1991 610 no-

408 657 561 711 uitale
584 658 698 710 titur
726 654 1045 709 ambulemus
1077 655 1251 723 (Rom.
1266 653 1367 719 γι).
1387 651 1676 706 Distinctus
1699 648 1994 721 sapphiris;

406 750 700 804 adornatus
727 762 792 803 ex
822 761 881 803 se
912 746 1206 819 progenitis
1250 753 1303 799 et
1329 744 1383 800 in
1436 742 1782 801 confessione
1806 739 1994 797 claris-

404 839 799 895 anumm.

475 957 635 1013 Num.
663 956 781 1012 12⁸7.
812 958 979 1012 Crura
1020 957 1160 1013 illius
1182 957 1432 1012 columnae
1460 971 1777 1010 marmoreae.
1820 953 1993 1009 Crura

404 1065 524 1118 quae
554 1059 723 1106 totum
753 1063 948 1120 corpus
972 1049 1235 1119 bajulant,
1269 1049 1367 1119 ipsi
1398 1060 1524 1106 sunt
1570 1047 1742 1104 sancti
1771 1047 1862 1119 qui
1902 1046 1995 1103 do-

406 1157 553 1195 mum
607 1140 895 1207 Ecclesite,
940 1150 994 1197 et
1018 1142 1165 1197 velut
1210 1155 1527 1197 marmorea;
1579 1140 1843 1197 columnas
1870 1135 1994 1195 l'un-é

405 1235 545 1287 datze
572 1246 735 1302 super
762 1231 919 1287 bases
951 1246 1143 1287 aureas
1169 1231 1565 1288 describuntur.
1602 1231 1667 1286 Hi
1698 1230 1838 1287 enim
1861 1230 1993 1303 justi

405 1325 747 1395 quiestteros
786 1324 1053 1381 charitate
1099 1331 1436 1395 supportant,
1484 1333 1541 1381 et
1592 1324 1991 1395 Scripturarum

405 1418 864 1474 consolationibus
896 1416 1142 1481 iniciunt,
1184 1419 1327 1474 sicut
1355 1418 1788 1487 aitApostolus:
1831 1417 1992 1474 Debe-

404 1527 518 1565 mus
545 1528 637 1565 nos
661 1511 914 1580 ﬁrmiores
938 1510 1341 1566 imbecillitatem
1379 1511 1703 1582 infirmorum
1722 1511 1992 1580 sustinere,

404 1608 450 1655 et
481 1619 583 1656 non
610 1603 754 1659 nobis
791 1603 1012 1674 placere.
1037 1601 1106 1657 Et
1146 1601 1305 1673 paulo
1352 1610 1495 1674 post,
1540 1612 1794 1672 tanquam
1839 1603 1996 1658 bases

404 1708 597 1748 aureas
622 1691 930 1762 Scripturas
962 1702 1177 1751 sanctas
1216 1694 1453 1750 insinuat
1478 1694 1666 1751 dicens
1696 1715 1708 1749 :
1744 1695 1997 1761 Quaena-

405 1801 501 1852 que
518 1786 709 1856 scripta
735 1793 873 1855 sunt,
906 1786 977 1841 ad
1002 1798 1233 1843 nostram
1277 1788 1563 1844 doctrinam
1612 1788 1804 1859 scripta
1854 1796 1994 1855 sunt,

406 1885 462 1929 ut
482 1892 572 1944 per
588 1880 888 1947 patientiam
908 1885 954 1932 et
992 1878 1394 1935 consolationem
1424 1878 1810 1950 Scripturarum
1855 1896 1996 1950 spem

407 1967 682 2022 habeamus
706 1967 888 2040 (Rom.
911 1968 1025 2041 xv).

478 2078 637 2135 Num.
672 2080 796 2137 128.
831 2081 1040 2153 Species
1066 2084 1176 2151 ejus
1206 2093 1261 2138 ut
1291 2082 1496 2151 Libani,
1527 2084 1715 2140 electus
1745 2094 1803 2139 ut
1831 2084 1994 2140 cedri.

406 2173 606 2227 Umnes
627 2172 796 2227 sancti
824 2173 913 2243 qui
936 2175 1310 2230 suavissimum
1334 2177 1555 2230 odorem
1589 2191 1657 2232 ex
1688 2176 1827 2232 bona
1860 2193 1962 2233 cun

405 2264 707 2319 versatione
737 2264 1037 2331 dederunt,
1088 2266 1224 2321 etin
1279 2268 1639 2337 corruptionis
1688 2268 1998 2339 integritate

405 2355 723 2425 perdurant,
750 2354 859 2412 Deo
884 2365 1126 2426 auctore,
1160 2366 1425 2413 tantorum
1457 2359 1718 2414 bonorum
1764 2361 1994 2431 gratiam

413 2455 791 2517 perceperunt.

480 2539 636 2595 Num.
655 2538 776 2595 129.
794 2538 1132 2595 Gutturillius
1149 2540 1532 2596 suavissimum.
1550 2543 1611 2597 lli
1628 2542 1715 2614 qui
1740 2542 1996 2615 mysteria

408 2630 525 2698 ejus
554 2639 848 2701 exponunt,
874 2640 927 2686 et
952 2632 1005 2686 in
1034 2631 1152 2702 lege
1180 2632 1346 2702 ipsius
1373 2634 1610 2702 quotidie
1638 2634 1994 2703 meditantur,

408 2721 623 2775 iusacra
650 2720 892 2776 doctrina
922 2735 1170 2792 saporem
1197 2723 1572 2778 suavissimum
1595 2724 1993 2781 administrant.

404 2816 474 2868 Et
499 2824 632 2870 totus
658 2816 1030 2872 desiderabilis.
1054 2815 1156 2873 Ubi
1182 2816 1309 2872 illud
1342 2817 1727 2889 adimplebitur
1752 2819 1896 2890 quod
1929 2819 1990 2874 Β.

406 2911 559 2964 toan.
594 2908 648 2965 in
681 2910 918 2981 Epistula
948 2925 1042 2966 sua
1066 2909 1225 2965 dicit:
1249 2910 1546 2967 Charissimi
1564 2954 1578 2979 ,
1605 2928 1740 2966 nunc
1769 2909 1871 2981 ﬁlii
1902 2911 1996 2966 Dei

404 3021 602 3071 sumus,
633 3014 682 3059 et
716 3005 945 3059 nondum
965 3005 1204 3074 apparuit
1225 3005 1363 3075 quod
1384 3007 1589 3060 erimus.
1628 3005 1834 3061 Scimus
1876 3006 1997 3076 quia

404 3112 517 3150 cum
544 3098 863 3168 apparuerit,
881 3096 1071 3151 similes
1100 3096 1146 3151 ei
1175 3097 1364 3153 erimus
1385 3107 1429 3153 et
1459 3098 1734 3154 videbimus
1764 3116 1877 3154 eum
1898 3101 1997 3154 sic-

404 3193 478 3242 uti
504 3199 575 3244 est
600 3188 651 3260 (1
681 3189 839 3243 Joan.
874 3192 979 3259 ιιι).

2098 573 2162 614 es
2191 561 2270 615 eis
2302 560 2537 630 virgines
2555 562 2637 617 vel
2664 572 2883 620 sanctos
2910 579 3154 634 quosque
3180 574 3442 620 assumat.

2170 672 2327 729 Num.
2372 672 2494 730 154.
2525 672 2635 747 Ego
2665 677 2854 731 dilecto
2882 692 2995 732 meo
3013 719 3027 745 ,
3056 689 3103 732 et
3133 677 3348 733 dilectus
3370 695 3513 735 meus
3538 681 3698 735 mihi.

2098 765 2214 837 Ego
2241 766 2436 823 Christi
2490 783 2715 839 regnum
2757 778 2813 825 et
2849 769 2941 826 ille
2985 784 3078 825 rex
3110 784 3291 837 meus;
3344 787 3446 843 ego
3488 789 3700 844 corpus

2097 858 2265 929 ipsius
2287 868 2342 916 et
2368 861 2481 929 ipse
2502 871 2662 932 caput
2687 877 2885 918 meum.
2914 862 3159 917 Pascitur
3178 864 3309 919 inter
3325 864 3601 931 lilia,cum
3637 866 3699 921 iu

2096 949 2262 1007 corde
2285 951 2551 1022 virginum
2582 954 2891 1023 requiescit,
2919 953 3003 1009 vel
3028 969 3149 1009 cum
3176 956 3284 1010 illic
3312 970 3409 1024 per
3435 957 3697 1027 gratiam,

2096 1056 2254 1113 quam
2284 1042 2400 1115 ipse
2428 1042 2634 1108 tribuit,
2659 1043 2898 1114 quotidie
2925 1054 3149 1115 augetur
3175 1054 3229 1101 et
3259 1046 3491 1116 proﬁcit.

2166 1155 2326 1211 Num.
2361 1155 2485 1212 155.
2515 1155 2747 1211 Pulchra
2766 1173 2821 1212 es
2840 1157 3005 1213 amica
3034 1174 3163 1225 mea,
3183 1160 3421 1231 pulchra,
3444 1170 3546 1217 etc.
3564 1160 3699 1219 Pul-

2095 1247 2228 1303 chra
2254 1261 2349 1317 per
2370 1246 2665 1318 justitiam;
2690 1250 2873 1306 suavis
2899 1258 2953 1305 et
2978 1250 3173 1316 amica,
3198 1253 3323 1322 quia
3354 1268 3568 1323 semper
3596 1272 3698 1325 pa-

2096 1342 2271 1412 ciﬁca,
2285 1342 2484 1399 decora
2504 1344 2642 1399 sicut
2662 1342 2983 1401 Jerusalem.
3014 1346 3147 1402 Dicit
3172 1347 3428 1403 Dominus
3444 1352 3493 1406 in
3514 1352 3698 1408 Evan-

2095 1424 2237 1505 gelio
2265 1450 2281 1491 :
2312 1433 2381 1489 In
2399 1436 2764 1491 resurrectione
2780 1452 2883 1491 non
2912 1436 3101 1491 nubent
3128 1454 3284 1509 neque
3304 1440 3575 1507 nubentur,
3596 1448 3701 1497 sed

2097 1539 2244 1584 erunt
2280 1529 2412 1584 sicut
2443 1528 2615 1600 angeli
2645 1529 2700 1583 in
2730 1528 2857 1583 caelo
2900 1528 3272 1607 (Matthglxxu;
3292 1529 3419 1587 Luc.
3441 1536 3557 1605 xx).
3578 1534 3700 1590 hle-

2098 1621 2206 1677 rito
2232 1630 2413 1677 autem
2445 1619 2689 1677 Ecclesia
2709 1661 2726 1689 ,
2757 1622 2896 1677 sicut
2923 1620 3222 1676 Jerusalem
3259 1623 3455 1678 decora
3483 1626 3697 1682 descri-

2101 1712 2261 1779 bitur,
2286 1712 2371 1766 cui
2397 1710 2451 1766 in
2476 1720 2737 1769 atomum
2760 1710 3052 1768 similitudo
3075 1711 3388 1782 angelorum
3405 1730 3435 1769 a
3462 1716 3698 1774 Domino

2099 1803 2457 1859 condonatur.

2170 1893 2330 1950 Num.
2366 1893 2491 1952 136.
2522 1894 2788 1950 Terribilis
2826 1896 2960 1951 sicut
2992 1907 3281 1953 castrorum
3308 1898 3465 1954 acies.
3493 1899 3697 1969 Quanti

2100 1987 2311 2059 tyranni
2340 1996 2395 2043 et
2419 1996 2794 2058 persecutores
2815 2004 2920 2045 una
2949 2005 3070 2046 cum
3093 2001 3309 2049 auctore
3329 2009 3429 2049 suo
3447 1993 3692 2063 diabolo,

2098 2080 2276 2134 conati
2310 2087 2438 2134 sunt
2468 2078 2727 2136 Ecclesiae
2765 2080 3019 2136 virtutem
3056 2080 3366 2152 dirumpere
3396 2093 3447 2140 et
3480 2101 3695 2154 praeva-

2098 2172 2209 2228 lere
2248 2172 2395 2227 nullo
2432 2171 2593 2229 modo
2631 2182 2943 2244 potuerunt.
2975 2175 3144 2231 Habet
3171 2178 3315 2232 enim
3346 2177 3405 2234 S.
3439 2178 3691 2235 Ecclesia

2097 2272 2392 2321 castrorum
2423 2265 2592 2320 aciem
2619 2265 2941 2337 ordinatam,
2963 2268 3179 2338 quando
3203 2270 3509 2326 imminente
3536 2270 3696 2327 Chri-

2101 2365 2208 2423 sto,
2245 2372 2346 2413 nec
2389 2368 2653 2430 martyres
2681 2361 3019 2429 persecutio,
3062 2376 3161 2416 nec
3196 2361 3426 2432 virgines
3459 2365 3695 2420 carnalis

2098 2450 2381 2506 delectatio
2413 2492 2426 2514 ,
2462 2465 2561 2507 nec
2591 2451 2967 2509 misericordes
2998 2454 3284 2522 cupiditas,
3320 2470 3419 2512 nec
3460 2457 3697 2515 humiles

2102 2541 2420 2613 temporalis
2447 2543 2634 2612 glorim
2665 2542 2901 2599 devincit
2920 2545 3161 2601 ambitio.

2171 2634 2328 2689 Num.
2373 2635 2496 2691 157.
2542 2634 2696 2690 Verte
2733 2637 2908 2690 oculos
2944 2644 3060 2691 tuos
3097 2644 3129 2693 α
3157 2640 3418 2711 ms,quia.
3461 2640 3578 2696 Non
3607 2658 3692 2699 me

2098 2741 2315 2795 semper
2344 2726 2395 2781 in
2411 2741 2637 2796 corpore
2662 2726 3099 2795 conSpiciendum
3124 2731 3385 2801 requiras,
3404 2748 3563 2801 quem
3584 2734 3690 2803 spi-

2098 2814 2206 2868 ritu
2237 2829 2332 2883 per
2366 2814 2528 2869 ﬁdem
2558 2814 2751 2870 melius
2779 2803 3220 2872 cernis.ildcirco
3250 2820 3449 2875 etenim
3499 2820 3552 2875 in
3583 2837 3692 2877 cte-

2100 2904 2181 2960 los
2209 2905 2424 2960 ascendi
2444 2944 2460 2970 ,
2483 2913 2543 2960 ut
2570 2920 2677 2960 non
2704 2920 2919 2975 semper
2945 2908 3128 2964 locatis
3157 2909 3251 2964 tibi
3282 2926 3567 2980 appaream
3599 2916 3694 2985 qui

2099 2996 2176 3051 sic
2202 2998 2380 3051 omnia
2405 2996 2724 3069 (divinitatis
2754 3014 2887 3054 mea:
2920 3001 3222 3069 prmseutia}
3257 3004 3459 3072 repleo,
3490 3012 3545 3059 ut
3575 3007 3691 3061 ubi-

2099 3104 2205 3159 que
2241 3089 2447 3157 adsim,
2499 3100 2796 3161 cunctaque
2830 3092 3169 3161 contineam,
3235 3106 3289 3150 et
3323 3112 3354 3151 a
3391 3098 3537 3153 nullo
3572 3100 3694 3156 loco

2103 3182 2400 3237 contineor.

473 3242 631 3335 Num:
666 3242 787 3335 17570.
1008 3293 1080 3337 est
1102 3283 1316 3338 dilectus
1345 3299 1508 3337 meus.
1543 3283 1619 3336 Ad
1652 3283 1747 3337 has
1794 3282 1993 3355 gratia-
2020 3242 2067 3307 ο
2168 3272 2467 3329 Νυω.158.
2493 3273 3100 3351 Capillituisicutgrcges
3120 3295 3410 3351 caprarum,
3431 3283 3605 3335 dentes
3620 3284 3702 3357 tui

403 3388 523 3428 rum
566 3374 886 3441 varietates,
929 3383 984 3429 et
1007 3374 1075 3429 ad
1121 3375 1220 3429 ista
1251 3376 1628 3446 mysteriorum
1680 3384 1996 3431 ornamenta

405 3463 576 3533 iustos
616 3465 894 3522 intendere
926 3466 1232 3537 persuadet,
1269 3482 1391 3523 cum
1426 3466 1608 3536 sponsi
1640 3466 1893 3522 decorem
1942 3468 1995 3523 in

404 3555 520 3626 ejus
552 3558 810 3613 membris
839 3558 1314 3628 contemplandum
1338 3557 1594 3613 insinuat.

479 3649 638 3703 Num.
664 3650 788 3705 151.
813 3650 925 3717 Quo
945 3650 1072 3705 abiit
1098 3651 1317 3705 dilectus
1340 3651 1500 3705 tuus?
1529 3649 1804 3719 Tanquam
1848 3663 1998 3705 scru-

404 3751 582 3798 tantes
618 3754 780 3812 atque
824 3743 1068 3799 dicentes
1097 3760 1112 3802 :
1144 3743 1276 3813 Quia
1309 3751 1508 3798 tantam
1537 3741 1995 3814 pulchritudinem

405 3832 522 3903 ejus
550 3835 869 3904 exposuisti,
903 3842 961 3889 ut
986 3834 1051 3891 ad
1081 3834 1428 3906 quaerendum
1460 3850 1604 3899 eum,
1639 3846 1882 3892 nostrum
1903 3851 1997 3891 cor

405 3925 604 3981 ardens
631 3924 955 3991 efﬁceretur,
998 3942 1141 3983 nunc
1164 3927 1389 3983 ostende
1414 3942 1523 3997 quo
1551 3927 1767 3994 abierit,
1797 3928 1879 3984 vel
1907 3928 1998 3985 ubi

406 4019 788 4076 declinaverit.
825 4021 969 4076 Bene
1001 4032 1178 4076 autem
1208 4021 1511 4090 appellatur
1541 4020 1785 4075 Ecclesia
1812 4021 1992 4091 virgo,

404 4110 752 4176 pulcherrima
772 4112 1067 4177 mulierum,
1090 4112 1214 4179 quia
1237 4110 1303 4167 de
1330 4125 1392 4165 ea
1415 4109 1615 4166 Paulus
1639 4111 1719 4166 sic
1750 4111 1998 4169 ﬁdelibus

406 4199 668 4267 loquitur:
691 4199 951 4268 Despondi
979 4217 1065 4256 vos
1088 4201 1179 4255 uni
1205 4203 1333 4269 uiro,
1351 4210 1405 4255 ut
1426 4202 1674 4273 virginem
1694 4213 1885 4257 castam
1913 4221 1999 4258 ex.

406 4290 626 4343 biberem
653 4289 855 4344 Christo
870 4290 952 4357 (ll
963 4292 1087 4348 Cor-
1106 4294 1202 4363 si).
1220 4293 1286 4347 Et
1305 4308 1543 4365 congrue
1555 4293 1622 4349 de
1643 4296 1655 4348 i
1664 4310 1760 4364 pso
1775 4295 1995 4352 dicunt:

407 4385 522 4451 Quo
545 4386 688 4452 abiit,
714 4403 813 4458 quo
834 4387 1103 4443 declinavit
1124 4389 1337 4445 dilectus
1358 4398 1493 4446 tuus.
1524 4391 1827 4449 Declinavit
1853 4398 1998 4452 enim

406 4476 690 4545 quodamm
731 4478 798 4533 do
821 4495 935 4533 cum
956 4480 1011 4535 in
1057 4481 1226 4551 forma
1259 4480 1352 4536 Dei
1379 4491 1526 4549 esset,
1559 4494 1728 4540 etnon
1759 4489 1999 4556 rapinam

406 4568 681 4640 arbitratus
703 4581 776 4626 est
802 4588 907 4627 esse
931 4590 982 4628 se
1004 4575 1251 4645 a’qualem
1279 4574 1517 4643 Deo,sed
1540 4580 1857 4649 semetipsum
1884 4583 1993 4636 exi-

406 4663 602 4716 nauivit
625 4667 844 4735 {armant
871 4667 1000 4721 servi
1026 4668 1306 4738 accipiens,
1332 4670 1385 4722 in
1414 4670 1807 4725 similitudinem
1830 4675 1995 4727 Itami-

407 4772 529 4807 uum
559 4759 723 4826 factus
745 4768 790 4810 ct
836 4758 1011 4813 habitu
1052 4760 1284 4815 inventus
1324 4771 1381 4815 ut
1408 4763 1591 4829 homo;
1633 4763 1921 4821 humiliavit
1944 4783 1997 4821 se

408 4862 566 4914 usque
594 4848 662 4900 ad
688 4860 900 4903 mortem
920 4892 935 4917 ,
993 4862 1207 4906 mortent
1239 4862 1413 4908 autem
1443 4856 1609 4909 crucis
1637 4855 1871 4927 (Philip.
1904 4858 1991 4928 tt).

409 4941 673 5008 Igiturqui
705 4945 973 4998 excelsum
990 4946 1262 5015 quaesierit
1292 4947 1345 5001 in
1378 4946 1549 5002 forma
1581 4948 1698 5015 Dei,
1733 4966 1835 5004 non
1867 4967 1991 5006 eum

400 5031 640 5100 reperiet
669 5032 770 5087 nisi
805 5034 988 5089 credat
1026 5037 1077 5090 in
1100 5034 1329 5092 formam
1377 5041 1517 5093 servi
1550 5057 1565 5092 :
1618 5040 1667 5093 in
1698 5055 1803 5110 qua
1831 5055 1889 5097 se
1916 5042 1995 5097 id-

409 5126 549 5179 eirco
569 5118 887 5189 humiliavit,
912 5135 967 5179 ut
996 5140 1093 5180 nos
1117 5126 1361 5196 jaceutes
1390 5130 1642 5199 erigeret.

475 5213 1072 5272 CAP.Vl.—Num.132.
1095 5217 1319 5274 Dilectus
1345 5237 1484 5275 meus
1505 5221 1761 5276 descendit
1779 5223 1848 5275 ad
1875 5222 1995 5276 hor-

406 5318 537 5361 ιιιιιι.
573 5305 860 5361 Descendit
887 5307 954 5361 ad
988 5308 1200 5363 hortum
1224 5325 1401 5377 suum,
1429 5313 1645 5381 quando
1679 5315 1907 5369 vis‘tavit
1937 5317 1990 5371 in

406 5396 636 5451 adventu
659 5411 756 5451 suo
785 5396 945 5452 [smel
968 5398 1219 5467 populum
1233 5414 1409 5467 suum,
1442 5403 1580 5457 sicut
1605 5403 1717 5471 ipse
1732 5404 1807 5458 ait
1832 5422 1844 5458 :
1869 5405 1989 5459 Non

403 5504 515 5542 sum
544 5491 729 5545 missus
772 5492 873 5545 nisi
902 5492 970 5544 ad
995 5506 1109 5545 oues
1159 5507 1275 5561 quia
1301 5494 1559 5563 perierunt
1608 5496 1788 5550 domus
1819 5496 1989 5552 Israel

411 5581 1012 5653 (Matth.xv).Areolatn
1060 5594 1236 5640 autem
1287 5588 1562 5655 aromatis,
1594 5589 1761 5656 ipsam
1797 5590 1854 5646 S.
1880 5590 1989 5644 bla-

400 5676 537 5730 riam
562 5675 831 5747 Virginem
848 5678 1250 5749 intelligendam
1274 5681 1593 5748 accipimus:
1615 5695 1681 5735 ex
1711 5696 1771 5736 ea
1792 5682 1988 5751 quippe

406 5770 561 5823 nobis
583 5770 715 5824 ordo
725 5769 949 5841 justitite
977 5786 1126 5827 ortus
1149 5785 1228 5827 est
1259 5773 1513 5829 Dominus
1541 5774 1696 5830 Jesus
1721 5774 1985 5830 Christus.

477 5860 627 5914 Nutu,
669 5863 786 5917 153.
831 5862 896 5918 L’t
948 5876 1186 5935 pascatur
1219 5868 1269 5921 in
1296 5865 1478 5937 hortis,
1526 5876 1570 5922 et
1618 5867 1726 5922 lilia
1755 5867 1984 5939 colligat.

2024 4619 2075 4680 D

2097 3367 2227 3420 sicut
2247 3381 2375 3434 grex
2396 3367 2563 3421 ovium
2593 3382 2709 3438 quae
2728 3383 2899 3423 omnes
2929 3372 3153 3440 gemellis
3182 3373 3384 3444 fetibus,
3404 3382 3453 3427 et
3479 3374 3691 3443 sterilis,

2098 3468 2202 3515 etc.
2231 3459 2378 3515 Sicut
2396 3469 2569 3515 cortex
2590 3462 2712 3515 ntali
2747 3464 2940 3531 punici.
2969 3464 3076 3518 llos
3102 3476 3329 3534 quatuor
3366 3480 3573 3530 versus,
3611 3468 3691 3524 Itis

2100 3555 2153 3606 in
2187 3550 2289 3609 hoc
2310 3553 2430 3609 loco
2457 3563 2671 3609 constat
2695 3568 2814 3611 esse
2827 3554 3145 3625 descriptos,
3167 3572 3300 3626 quos
3322 3557 3432 3612 Deo
3455 3558 3691 3613 donante

2094 3643 2207 3711 jam
2253 3643 2308 3698 in
2335 3644 2601 3715 superiori
2631 3645 2751 3701 loco
2788 3646 3133 3704 tractavimus
3169 3665 3181 3702 :
3209 3650 3478 3718 inquibus
3510 3660 3689 3706 tamen

2100 3734 2409 3793 Judteorum
2466 3746 2520 3794 et
2552 3739 2830 3809 gentilium
2866 3740 3092 3811 pOpulos
3129 3742 3526 3799 convertendos
3567 3760 3689 3801 cum

2101 3831 2330 3902 gemina:
2358 3831 2668 3888 dilectionis
2695 3833 2870 3889 fructu
2898 3834 3171 3904 praedixit,
3193 3845 3248 3891 et
3268 3847 3561 3908 martyrum
3580 3839 3689 3909 gloo

2102 3923 2235 3978 riam
2265 3938 2386 3978 cum
2415 3939 2601 3979 eorum
2629 3924 2834 3979 meritis
2860 3924 3179 3981 declaravit.

2172 4014 2332 4069 Num.
2364 4014 2485 4070 159.
2521 4012 2804 4087 Sezaginta
2822 4025 2941 4071 sunt
2964 4018 3173 4089 reginas,
3210 4030 3256 4073 et
3284 4022 3543 4088 octoginta
3567 4036 3685 4073 con-

2103 4108 2322 4163 cubinas.
2367 4107 2423 4162 In
2452 4109 2802 4177 sexagenario
2844 4124 3087 4176 numero,
3120 4112 3205 4180 qui
3235 4112 3564 4167 ascendente
3606 4126 3687 4168 se-

2102 4201 2256 4255 nario
2299 4214 2395 4269 per
2430 4199 2711 4255 denarium
2756 4200 3080 4271 aditnpletur
3105 4242 3120 4269 ,
3151 4218 3365 4259 omnem
3423 4206 3688 4262 bonorum

2103 4289 2490 4361 perfectionem
2520 4306 2641 4362 quas
2670 4305 2736 4346 ex
2768 4291 2901 4362 legis
2950 4296 3233 4364 prmceptis
3260 4309 3687 4365 consummatur,

2100 4383 2466 4453 agnoscimus.
2488 4383 2954 4451 Quemadmodum
2974 4394 3153 4441 autem
3194 4388 3310 4456 ipse
3332 4389 3581 4445 senarius
3610 4401 3687 4446 to-

2104 4476 2172 4531 tis
2200 4476 2314 4532 suis
2340 4476 2581 4546 partibus
2601 4484 2833 4543 constet,
2851 4478 3081 4534 breviter
3104 4479 3362 4537 adverte:
3384 4497 3507 4537 nam
3537 4494 3687 4539 sexta

2104 4582 2227 4638 pars
2251 4568 2371 4638 ejus
2408 4584 2595 4634 unum,
2654 4567 2808 4623 tertia
2839 4568 2967 4635 duo,
3009 4571 3184 4625 media
3232 4584 3409 4628 autem
3438 4574 3539 4628 tria
3565 4590 3689 4633 esse

2101 4660 2375 4729 probatur.
2399 4658 2574 4715 Unum
2603 4666 2803 4726 autem,
2837 4668 2893 4715 et
2917 4660 3046 4729 duo,
3076 4672 3131 4717 et
3160 4662 3278 4729 tria,
3311 4679 3407 4719 sex
3429 4679 3553 4721 esse
3569 4669 3688 4735 quis

2100 4752 2347 4808 nesciat?
2373 4752 2514 4822 quod
2544 4752 2596 4806 iu
2629 4751 2736 4807 alio
2764 4767 3008 4818 numero,
3040 4754 3343 4811 distributis
3364 4758 3608 4827 partibus
3636 4769 3688 4815 et

2101 4844 2156 4898 in
2196 4860 2362 4899 unum
2400 4844 2659 4910 reductis,
2702 4846 2774 4902 ita
2805 4846 3085 4916 adimpleri
3127 4846 3343 4904 difﬁcile
3396 4851 3686 4907 invenitur.

2102 4936 2286 5005 Itaque
2333 4936 2526 5009 reginis
2572 4936 2824 5008 perfectas
2868 4948 3173 4995 sanctorum
3204 4940 3396 4996 animm
3431 4959 3551 5014 quae
3579 4961 3688 5001 non

2102 5037 2227 5082 sunt
2255 5036 2600 5098 peccatorum
2629 5032 2863 5097 ancillae,
2888 5032 3140 5087 dicuntur
3168 5048 3184 5086 :
3216 5033 3296 5088 sic
3325 5035 3467 5089 enim
3498 5038 3687 5092 scribi-

2104 5130 2207 5174 tur.
2239 5121 2339 5176 Ubi
2366 5123 2577 5190 spiritus
2601 5122 2833 5189 Domini,
2872 5125 2943 5177 ibi
2971 5125 3175 5177 libertas
3195 5125 3244 5197 (1
3254 5125 3419 5181 ICor.
3438 5125 3687 5198 ιιι).ϐοιιν

2099 5216 2309 5271 cubinte
2335 5225 2539 5287 autem,
2587 5232 2729 5287 quoe,
2758 5218 2895 5273 sicut
2929 5218 3090 5289 Agar,
3136 5217 3191 5270 in
3229 5218 3518 5271 servitutem
3544 5237 3681 5291 genc

2098 5317 2217 5362 rant
2240 5307 2382 5375 (Gal.
2416 5310 2515 5379 tv),
2556 5309 2610 5363 in
2640 5307 2747 5363 illis
2777 5309 2865 5376 qui
2894 5318 3143 5378 suscepto
3169 5310 3377 5365 semine
3409 5312 3557 5365 verbi
3592 5313 3687 5371 Dei

2097 5413 2202 5453 non
2220 5399 2513 5469 spiritualia
2529 5399 2624 5455 sed
2638 5398 2871 5454 carnalia
2885 5399 3090 5469 sapiunt
3102 5440 3119 5467 ,
3132 5400 3325 5455 merito
3336 5400 3687 5471 deputantur.

2097 5494 2613 5549 Adolescentularum
2659 5504 2839 5549 autem
2886 5509 3113 5566 quarum
3145 5511 3248 5549 non
3290 5503 3364 5549 est
3417 5511 3683 5558 numerus,

2096 5600 2283 5642 eorum
2311 5594 2394 5642 est
2407 5585 2690 5642 multitudo
2715 5586 2806 5657 qui
2831 5601 2951 5657 qua:
2978 5600 3196 5656 semper
3222 5595 3407 5642 sancta
3438 5596 3561 5639 sunt
3582 5601 3686 5640 au-

2095 5679 2212 5735 dire
2240 5680 2411 5749 parati
2459 5687 2602 5746 sunt,
2635 5694 2733 5734 nec
2762 5687 2939 5733 tamen
2987 5694 3105 5747 qum
3132 5678 3400 5743 audiunt,
3430 5678 3685 5745 operibus

2095 5773 2397 5842 adimplere
2426 5771 2800 5840 contendunt,
2842 5771 2912 5827 de
2944 5772 3137 5842 quibus
3185 5772 3475 5841 Apostolus
3503 5770 3637 5826 dicit
3664 5786 3681 5824 :

2099 5866 2312 5938 Semper
2356 5866 2622 5933 discentes,
2672 5875 2720 5919 et
2750 5881 3009 5937 nunquam
3056 5865 3124 5920 ad
3150 5865 3414 5920 scientiam
3457 5864 3684 5920 ueritatis
