3958 6358
220 347 334 404 985

1196 344 1265 402 IN
1303 344 1595 402 οΑΝτιαι
1639 342 2081 404 CANTICORUM
2116 344 2553 404 EXPLICATIO.

3413 346 3517 403 986

224 462 577 529 pervenientes
601 457 657 531 (I
688 459 826 515 Tim.
858 456 960 530 ιιι).
992 458 1205 515 Etlieet
1225 457 1328 514 ista
1350 458 1460 511 sint
1487 469 1687 526 genera
1722 455 1820 511 ho—
1845 455 1900 517 Δ
1925 457 2029 524 bis,
2056 457 2178 526 quia
2196 458 2366 513 nescio
2388 474 2474 513 vos
2519 448 2734 530 (Matth.
2769 456 2864 528 vn)
2890 476 2903 513 :
2956 471 3060 513 non
3084 456 3226 528 quod
3258 472 3352 515 eos
3376 474 3512 528 qus-

224 553 435 604 rninum
475 550 565 621 qui
595 548 813 607 Christo
866 560 1121 621 tanquam
1179 564 1276 619 per
1321 546 1620 602 doctrinam
1654 544 1824 617 ipsius

223 642 523 708 sociantur,
555 651 790 698 attamen
811 644 931 713 quia
957 644 1008 698 in
1032 642 1221 697 electis
1250 656 1357 696 non
1387 640 1693 707 diversitas,
1723 638 1820 695 sed

226 736 408 789 unitas
436 734 866 803 commendatur,
898 735 1019 789 audi
1050 735 1178 803 quid
1208 732 1472 804 sequitur.

299 826 458 883 Num.
486 828 606 882 HO.
638 826 755 882 Una
784 837 855 882 est
882 828 1113 882 columba
1134 833 1252 882 mea
1273 831 1521 898 perfecta.
1551 824 1822 889 Columba,

230 923 353 987 quia
378 922 609 989 simplex
631 931 736 989 est,
768 933 821 978 et
846 921 1198 992 spiritualiter
1217 922 1357 990 sapit
1383 938 1397 986 ;
1429 921 1676 990 perfecta.
1699 919 1823 990 quia

222 1016 488 1070 mundum
521 1017 851 1085 relinquens,
898 1031 985 1072 me
1011 1015 1178 1085 magis
1208 1029 1367 1084 quam
1398 1013 1710 1083 temporalia
1733 1019 1826 1065 aut

230 1124 289 1164 se
316 1110 513 1177 diligit,
541 1110 837 1165 secundum
864 1110 993 1165 illud
1020 1130 1034 1165 :
1062 1109 1124 1164 Si
1150 1110 1224 1163 vis
1242 1110 1491 1179 perfectus
1523 1124 1631 1162 esse
1654 1148 1668 1171 ,
1702 1105 1826 1160 vade

220 1211 275 1252 et
308 1200 465 1254 vende
500 1203 673 1254 omnia
700 1217 815 1270 qua:
844 1200 999 1255 habes
1026 1210 1071 1255 et
1094 1200 1161 1253 da
1189 1201 1497 1272 pauperibus
1522 1242 1537 1266 ,
1563 1208 1609 1253 et
1636 1198 1749 1253 veni
1776 1207 1824 1251 et

225 1309 436 1363 sequere
458 1310 536 1347 me
564 1293 779 1366 (Matth.
812 1294 947 1365 ιιι).

301 1369 617 1441 Num-Ml.
652 1386 767 1442 Una
808 1397 881 1441 est
920 1388 1099 1442 matris
1137 1403 1246 1443 sure
1272 1387 1453 1441 electa.
1504 1385 1685 1440 Matris
1715 1399 1826 1440 sua:

227 1479 466 1535 cmlestis
491 1477 810 1547 Jerusalem,
842 1479 909 1535 de
939 1494 1043 1550 qua
1073 1480 1362 1547 Apostolus
1385 1479 1517 1534 dicit
1545 1496 1558 1530 :
1593 1479 1827 1543 Quamu-

227 1581 332 1623 tem
351 1588 561 1624 sursum
590 1582 662 1625 est
683 1556 995 1640 Jerusalem,
1024 1580 1186 1626 mater
1212 1581 1388 1626 nostra
1438 1581 1511 1626 est
1549 1571 1690 1640 (Gal.
1724 1569 1824 1641 tv).

235 1660 350 1717 Una
378 1670 463 1717 est
494 1678 623 1730 ergo
658 1662 755 1729 illi,
801 1662 925 1734 quia
975 1663 1029 1716 in
1087 1662 1264 1718 futura
1297 1662 1652 1727 beatitudine,
1711 1661 1824 1730 ipsa

228 1755 606 1810 tantummodo
637 1756 1037 1811 consociabitur
1061 1756 1159 1810 illi.

1928 550 2010 607 les
2037 558 2221 606 essent
2257 550 2511 616 nesciret,
2542 549 2639 605 sed
2669 550 2794 618 quia
2810 550 2937 605 nihil
2966 550 3089 604 boni
3117 565 3181 604 ex
3210 551 3339 619 ipsis
3369 559 3516 607 esset

1926 642 2197 712 cognovit.
2228 642 2414 695 Anima
2438 658 2550 695 mea
2574 642 2891 696 conturbavit
2906 660 2984 697 me
3009 654 3217 714 propter
3237 645 3520 715 quadrigas

1926 731 2234 786 Aminadab.
2266 730 2565 786 Aminadab
2598 734 2756 785 istum
2807 749 3022 803 quoque
3061 736 3113 789 in
3165 736 3379 792 Christo
3412 752 3509 806 ge-

1928 827 2210 896 nealogice
2250 828 2569 896 reperinms.
2605 827 2760 883 Unde
2812 838 2866 883 et
2898 829 2992 883 has
3023 830 3306 901 quadrigas
3332 830 3384 899 in
3420 831 3517 886 bo-

1929 936 2051 975 nam
2080 931 2283 990 partem
2322 922 2671 992 accipiendas
2710 937 2834 978 esse
2861 925 3235 993 cognoscimus
3264 944 3277 978 :
3314 926 3368 980 in
3398 925 3515 996 qui-

1928 1014 2027 1068 bus
2067 1014 2428 1085 evangelistas
2483 1030 2589 1068 non
2646 1014 2940 1086 incongrue
2986 1014 3298 1084 accipimus.
3351 1017 3518 1071 Porro

1928 1116 2108 1162 autem
2138 1106 2278 1177 quod
2300 1108 2396 1170 ait,
2422 1106 2605 1160 Anima
2634 1124 2743 1162 mea
2781 1108 3097 1161 conturbavit
3129 1124 3229 1177 me,
3256 1107 3370 1162 hrec
3396 1122 3516 1163 con-

1928 1202 2159 1255 turbatio
2190 1216 2293 1254 non
2321 1210 2402 1255 est
2434 1201 2799 1271 tranquillitati
2825 1202 3114 1268 contraria,
3142 1203 3236 1257 sed
3266 1203 3521 1257 sollicitu-

1927 1292 2037 1345 dini
2066 1306 2367 1361 congruens
2394 1292 2665 1362 reperitur
2691 1333 2705 1357 ,
2754 1294 3049 1347 secundum
3082 1292 3211 1347 illud
3266 1293 3408 1363 quod
3451 1293 3520 1349 ad

1928 1383 2189 1439 Martham
2222 1384 2275 1439 in
2326 1385 2619 1455 Evangelio
2646 1386 2841 1441 dicitur
2875 1404 2888 1439 :
2935 1387 3071 1448 Quid
3112 1387 3335 1441 sollicita
3356 1404 3432 1453 es,
3471 1396 3521 1442 et

1926 1476 2147 1531 turbaris
2203 1476 2357 1539 (Luc.
2417 1477 2470 1549 ι)
2521 1494 2647 1551 erga
2700 1479 2967 1549 plurima?
3028 1481 3094 1534 Et
3137 1482 3191 1535 in
3242 1482 3516 1538 Psalmis:

1929 1570 2255 1626 Commovisti
2282 1582 2496 1637 terram,
2527 1582 2573 1626 et
2598 1574 2914 1627 conturbasti
2940 1590 3072 1639 eam,
3104 1590 3231 1627 sana
3254 1576 3521 1629 contritio-

1930 1680 2015 1718 nes
2040 1666 2173 1732 eius,
2202 1667 2321 1735 quia
2348 1674 2483 1718 mota
2511 1673 2584 1719 est
2609 1664 2781 1735 (Psal.
2834 1664 2968 1733 ιιι).
2999 1664 3151 1721 Unde
3174 1680 3300 1719 vero
3329 1681 3520 1720 omnes

1930 1757 2346 1827 Evangeliorum
2376 1758 2716 1813 narrationes
2742 1770 2961 1813 narrant
2989 1760 3089 1812 nisi
3134 1775 3230 1829 per
3260 1760 3518 1828 Spiritum

303 1848 461 1901 Num.
491 1848 613 1902 N2.
640 1847 888 1902 Viderunt
910 1850 1055 1902 illam
1078 1849 1224 1918 ﬁliae,
1259 1858 1305 1904 et
1326 1848 1669 1903 beatissimam
1689 1863 1823 1920 praz-
1856 1844 1899 1903 Β
1927 1858 2194 1916 sanctum,
2224 1850 2522 1905 secundum
2555 1850 2682 1904 illud
2716 1850 3015 1905 Ezechielis
3047 1851 3319 1919 prophetae
3346 1852 3521 1916 :Quo-

226 1939 555 1993 dicaverunt.
580 1939 710 2005 Qua:
735 1939 877 1994 enim
903 1950 1107 1994 sanctae
1145 1948 1272 1993 sunt
1302 1937 1532 2004 animm,
1566 1954 1686 2007 quae
1720 1938 1823 1993 Ec-

226 2031 448 2086 clesiam
477 2046 582 2085 non
611 2032 763 2086 miris
797 2030 1047 2085 laudibus
1082 2029 1335 2095 ederunt,
1368 2046 1491 2085 cum
1529 2030 1691 2085 etiam
1724 2044 1825 2086 nec

228 2122 568 2189 concubinae,
598 2123 650 2177 id
679 2133 758 2178 est
786 2124 1051 2190 carnales,
1087 2126 1136 2177 in
1152 2122 1268 2194 ejus
1299 2124 1570 2193 praeconio
1597 2121 1820 2192 sileant,

227 2215 447 2284 quando
495 2231 612 2270 eam
645 2216 893 2270 invictam
924 2217 975 2270 in
1010 2216 1336 2287 martyribus
1380 2200 1434 2271 et
1461 2215 1737 2271 victricem
1769 2215 1824 2271 in

227 2306 530 2375 virginibus
554 2306 936 2362 admirantur?

304 2400 463 2454 Num.
493 2400 615 2454 H5.
668 2401 793 2467 Quae
830 2410 905 2455 est
950 2402 1051 2456 ista
1098 2416 1214 2472 qua:
1270 2401 1595 2472 progreditur
1653 2399 1822 2470 quasi.

229 2491 520 2561 Consurgit
550 2492 699 2559 quasi
723 2506 1069 2555 aurora,cum
1095 2490 1292 2562 spretis
1320 2491 1666 2545 tenebrarum
1699 2505 1828 2560 ope-

228 2584 382 2637 ribus
411 2593 560 2640 caste
586 2592 641 2638 et
667 2584 847 2637 sobrie
877 2582 1007 2636 vivit
1051 2583 1104 2638 in
1147 2582 1489 2653 coniugatis;
1524 2580 1737 2650 pulchra
1771 2591 1827 2636 ut

234 2677 379 2737 luna,
398 2692 518 2731 cum
549 2676 600 2729 in
616 2674 1015 2730 continentibus
1041 2673 1269 2729 candido
1291 2674 1461 2728 nitore
1490 2671 1825 2741 reSplendet;

228 2768 392 2820 electa
433 2777 487 2820 ut
514 2767 611 2830 sol,
644 2783 765 2821 cum
798 2767 849 2821 in
897 2765 1193 2836 virginibus
1241 2763 1584 2834 perfectionis
1630 2763 1830 2818 decore

230 2857 481 2926 refulget,
514 2858 651 2912 sicut
678 2857 766 2911 illa
799 2858 934 2912 bona
968 2868 1109 2912 terra
1142 2856 1194 2912 in
1223 2856 1534 2927 Evangelio,
1560 2870 1681 2925 quas
1704 2872 1825 2911 sus-

229 2959 389 3019 cepto
417 2950 468 3004 in
500 2966 560 3006 se
591 2950 796 3006 semine
828 2951 975 3006 verbi
1008 2950 1122 3017 Dei,
1157 2951 1486 3006 tricesimum
1525 2960 1578 3006 et
1606 2966 1830 3021 sexage-

228 3054 428 3091 smum
457 3049 617 3109 atque
646 3039 997 3093 centesimum
1026 3038 1257 3095 fructum
1294 3038 1549 3109 produxit
1576 3056 1592 3107 ;
1627 3041 1829 3095 terribi-

232 3130 298 3183 lis
321 3139 375 3184 ut
414 3133 547 3185 acies
578 3134 837 3186 ordinata.
878 3132 1088 3189 Annon
1123 3133 1374 3189 terribilis
1422 3150 1543 3203 qua:
1584 3135 1826 3203 gentium

1930 1957 2131 2007 cunque
2170 1940 2399 2007 Spiritus
2428 1941 2555 2011 ibat,
2586 1942 2777 1995 illucet
2824 1951 2950 1995 rota:
2988 1942 3180 2013 pariter
3228 1942 3521 2012 ferebantur

1928 2029 2141 2105 (Ezech.
2170 2046 2227 2086 ιιι
2256 2040 2301 2086 et
2332 2032 2411 2099 χ).

1998 2120 2158 2177 Num.
2185 2122 2307 2177 M7.
2336 2122 2624 2190 Revertere,
2674 2134 2940 2190 revertere,
2972 2122 3277 2180 Sunamitis.
3304 2124 3392 2181 Bis
3420 2125 3519 2181 Stt-

1926 2213 2182 2267 namitem
2214 2213 2369 2268 istam
2399 2214 2451 2268 in
2487 2214 2625 2269 libro
2658 2215 2859 2285 Regum
2893 2216 3144 2270 laudabili
3206 2218 3256 2270 in
3289 2218 3406 2271 loco
3434 2233 3518 2273 re-

1930 2307 2166 2372 perimus
2210 2307 2552 2360 constitutam
2580 2323 2591 2357 :
2624 2306 2674 2359 id
2707 2316 2810 2371 est,
2864 2315 2970 2361 tam
3001 2306 3142 2361 illam
3171 2323 3291 2377 qua:
3347 2308 3513 2362 David

1928 2394 2043 2463 regi
2095 2394 2147 2449 in
2191 2403 2473 2449 senectute
2513 2395 2856 2461 ministravit,
2903 2406 2956 2451 et
2996 2397 3048 2451 in
3075 2396 3192 2466 ejus
3237 2399 3517 2467 complexu

1929 2488 2082 2559 virgo
2118 2489 2334 2558 quidem
2379 2488 2735 2557 pulcherrima
2773 2492 3066 2559 permansit
3092 2488 3225 2560 (III
3251 2491 3376 2562 Reg.
3410 2508 3425 2546 ι
3474 2492 3517 2561 ),

1928 2596 2087 2651 quam
2105 2580 2265 2635 etiam
2295 2580 2441 2635 illam
2462 2580 2616 2650 cujus
2637 2581 2858 2636 Elisscus
2878 2582 3047 2637 lilium
3073 2599 3137 2637 ex
3167 2585 3517 2651 promissione

1930 2682 2114 2727 natum
2142 2684 2196 2728 et
2220 2683 2340 2742 post
2368 2671 2468 2728 hoc
2509 2686 2775 2728 mortuum
2798 2675 3077 2730 suscitavit
3135 2675 3247 2747 (IV
3290 2676 3529 2749 Regnv).

1928 2766 2269 2835 Quapropter
2281 2768 2333 2820 in
2349 2768 2450 2821 hoc
2464 2768 2682 2823 nomine
2695 2782 2751 2820 sa
2760 2777 2934 2822 nctam
2954 2768 3245 2825 Ecclesiam
3264 2773 3503 2839 aet-ipien

1929 2859 2052 2913 dam
2082 2874 2204 2914 esse
2242 2858 2361 2929 quis
2394 2859 2644 2916 dubitet?
2678 2858 3009 2931 Frequenter
3039 2877 3165 2917 vero
3201 2862 3251 2918 ei
3276 2874 3517 2918 revertere

1930 2949 2148 3019 dicitur,
2177 2966 2295 3021 quas
2326 2951 2601 3020 quondam
2633 2953 2684 3005 in
2716 2951 2807 3007 illo
2834 2953 3039 3021 iuniore
3055 2953 3226 3010 lilioin
3242 2956 3515 3025 regionem

1932 3043 2274 3113 longinquam
2290 3044 2475 3103 abiens
2489 3043 2639 3116 (Luc.
2657 3043 2750 3113 xv)
2770 3060 2953 3100 aversa
2971 3046 3164 3115 fuerat;
3182 3059 3304 3104 tunc
3326 3051 3520 3108 etenim

1930 3149 2144 3189 reversa
2169 3144 2270 3199 est,
2306 3135 2518 3203 quando
2538 3136 2603 3189 ad
2630 3136 2793 3191 Deum
2817 3152 2881 3192 ex
2913 3140 3075 3194 corde
3121 3156 3377 3197 conversa
3419 3153 3520 3198 est.

238 3225 373 3276 ritus
420 3222 790 3293 idolorumque
819 3224 991 3278 cultus
1036 3225 1333 3292 subvertit,
1364 3234 1416 3279 et
1446 3225 1559 3294 ipsa
1620 3227 1672 3279 in
1728 3225 1833 3281 ﬁde
1859 3214 1906 3277 C
1939 3231 2047 3282 Aut
2077 3226 2278 3281 idcirco
2309 3235 2415 3281 tam
2440 3226 2632 3282 crebro
2662 3229 2711 3283 ei
2738 3240 2987 3285 revertere
3012 3233 3227 3300 dicitur,
3264 3245 3321 3289 ut
3360 3236 3521 3292 etiam

240 3314 439 3367 telluriin
496 3314 787 3384 perdurane
812 3357 827 3381 ,
860 3329 890 3368 a
912 3316 1161 3386 gentibus
1204 3315 1447 3385 superari
1475 3331 1581 3369 non
1612 3316 1830 3385 petuit‘l

240 3405 338 3460 Est
364 3414 417 3460 et
446 3406 498 3460 iu
522 3421 586 3461 eo
610 3407 864 3461 terribilis
889 3408 1113 3463 multum
1139 3450 1153 3475 ,
1179 3424 1298 3462 cum
1323 3409 1372 3462 ei
1404 3409 1456 3463 in
1490 3408 1649 3465 Petro
1675 3409 1831 3464 datur

239 3497 328 3553 illa
354 3508 592 3568 potestas
634 3499 722 3553 ubi
754 3499 948 3555 dicitur
981 3516 997 3556 :
1046 3500 1376 3572 Quaecunque
1409 3500 1644 3574 ligaveris
1681 3519 1835 3566 super

239 3603 450 3657 terram,
475 3601 621 3646 erunt
651 3592 809 3662 ligata
835 3603 880 3646 et
911 3594 965 3646 in
994 3594 1119 3648 caelo
1148 3604 1237 3661 ,°et
1267 3611 1580 3664 quacunque
1623 3597 1833 3650 solveris

240 3701 394 3754 super
424 3695 637 3753 terram,
676 3695 824 3739 erunt
851 3686 1021 3741 soluta
1050 3697 1096 3741 et
1138 3686 1192 3741 in
1218 3688 1345 3742 caelo
1378 3686 1608 3759 (Matth.
1652 3704 1740 3743 χιι
1788 3699 1834 3745 et

240 3774 415 3843 xvtn).

314 3877 471 3931 Num.
512 3876 631 3932 144.
663 3877 917 3933 Descendi
947 3877 1015 3931 ad
1038 3878 1242 3932 hortum
1267 3893 1477 3946 nucum,
1510 3889 1564 3933 ut
1588 3879 1833 3935 viderem.

243 3974 446 4029 llnrtus
478 3989 698 4038 nucum,
719 3988 982 4028 canonem
1014 3972 1224 4027 Veteris
1249 3979 1306 4026 et
1345 3970 1478 4025 Novi
1504 3971 1836 4029 Testamenti

241 4058 490 4137 designat
520 4084 532 4120 :
559 4067 770 4131 srecies
792 4067 934 4120 enim
962 4080 1156 4119 nucum
1185 4062 1330 4118 aliud
1364 4061 1600 4118 ostendit
1628 4063 1683 4118 in
1714 4078 1837 4118 cor-

245 4171 372 4224 tice,
425 4170 479 4214 et
529 4160 672 4213 aliud
715 4159 914 4213 retinet
962 4159 1017 4211 in
1049 4156 1301 4212 medulla.
1325 4154 1479 4223 Quod
1513 4154 1561 4211 si
1614 4156 1735 4225 quis
1784 4155 1837 4210 in

244 4253 534 4321 Scripturis
583 4250 785 4305 sanctis
834 4266 940 4302 non
971 4247 1335 4315 discreverit,
1361 4258 1417 4303 et
1445 4246 1839 4318 quodammodo

242 4348 393 4404 velut
420 4349 473 4401 in
505 4346 659 4401 nucis
683 4344 974 4400 corticibus
1013 4344 1222 4398 interna
1249 4356 1355 4396 non
1373 4341 1663 4412 quaesierit,
1694 4350 1747 4396 et
1771 4339 1839 4395 ad

242 4447 452 4508 partum
478 4435 770 4506 spititualis
792 4434 1158 4505 intelligentiae
1191 4435 1474 4504 pervenire
1495 4448 1601 4487 non
1635 4442 1835 4502 potest.

239 4531 396 4599 Quod
424 4541 601 4585 autem
625 4528 719 4594 ait,
754 4529 820 4584 Ut
851 4530 1073 4584 viderem
1094 4544 1246 4597 poma
1272 4527 1521 4581 convallis
1546 4543 1565 4581 :
1591 4535 1649 4582 ut
1681 4526 1834 4582 vide-

1933 3320 1978 3374 si
2006 3334 2265 3373 conversa
2298 3318 2619 3390 deliquerit,
2676 3321 2726 3375 in
2760 3323 3189 3391 deSperationem
3220 3342 3326 3381 non
3372 3329 3520 3384 deci-

1934 3413 2047 3480 dat,
2082 3414 2173 3469 sed
2210 3429 2238 3468 a
2273 3415 2527 3482 peccandi
2560 3418 2973 3484 consuetudine,
3027 3423 3142 3489 spei
3189 3422 3443 3494 iudulgen
3474 3429 3521 3482 ia

1935 3507 2239 3577 resipiscat.
2272 3508 2402 3573 Qure
2436 3522 2537 3562 vox
2569 3508 2635 3563 ad
2664 3518 2882 3564 sanctos
2912 3511 3094 3581 utique
3119 3517 3519 3587 comprobatur,

1935 3601 2026 3671 qui
2055 3614 2331 3653 conversa:
2355 3598 2806 3668 pulchritudinem
2831 3602 3138 3659 desiderant
3168 3606 3384 3663 intueri.

2010 3689 2139 3746 CAP.
2174 3689 2285 3745 VII.
2304 3721 2373 3731 —
2407 3690 2565 3747 Num.
2588 3693 2711 3748 “8.
2755 3694 2892 3761 Quid
2910 3696 3137 3752 videbitis
3161 3700 3213 3753 in
3236 3699 3522 3769 Sunamite,

1938 3783 2056 3837 nisi.
2088 3783 2225 3849 Quid
2260 3785 2310 3836 in
2344 3783 2587 3839 Ecclesia
2626 3785 2941 3841 intuendum
2973 3798 3076 3853 est,
3112 3791 3214 3845 nisi
3243 3792 3521 3862 dispositio

1938 3890 2124 3931 eorum
2139 3876 2225 3944 qui
2250 3890 2463 3943 semper
2477 3875 2530 3929 in
2558 3877 2833 3945 procinctu
2856 3890 3103 3949 tanquam
3126 3882 3176 3936 in
3196 3886 3383 3939 castris
3403 3902 3521 3941 con-

1938 3969 2130 4035 Stiluli,
2162 3979 2347 4024 contra
2362 3968 2629 4025 diabolum
2645 3971 2899 4027 dimicare
2923 3989 3027 4028 non
3057 3987 3295 4043 cessant,
3327 3978 3529 4035 idcirco

1940 4063 2144 4131 utique,
2176 4077 2243 4116 ne
2275 4061 2458 4116 ﬁdeles
2492 4062 2651 4117 ﬁdem
2705 4066 2959 4120 amittant
2988 4083 3003 4121 :
3034 4082 3103 4121 ne
3142 4070 3376 4139 religiosi
3400 4087 3531 4140 apo-

1938 4162 2093 4209 statze
2114 4150 2638 4219 efﬁcianturelcvati,
2672 4171 2737 4211 ne
2771 4157 3148 4214 misericordes
3187 4161 3407 4217 avaritia
3427 4164 3521 4219 ob-

1942 4245 2224 4313 durentur,
2253 4261 2319 4302 ne
2336 4249 2655 4316 pmniteutes
2682 4260 3017 4307 revertantur
3040 4253 3108 4309 ad
3140 4258 3421 4322 vomitum,
3450 4274 3517 4314 ne

1943 4338 2175 4410 virgines
2221 4339 2541 4409 integritatis
2579 4343 2774 4397 decore
2815 4352 3064 4412 careant,
3097 4361 3165 4401 ne
3190 4348 3531 4405 continentes

1944 4430 2277 4487 castimonia:
2307 4430 2539 4487 nitorem
2592 4435 2888 4489 amittant?
2920 4435 2981 4490 lli
3025 4446 3153 4491 sunt
3198 4437 3252 4492 in
3285 4438 3530 4494 Ecclesia

1945 4521 2096 4578 chori
2133 4536 2434 4578 caStrorum
2463 4523 2665 4595 jugiter
2694 4526 2748 4580 in
2778 4528 3076 4585 certamine
3125 4531 3426 4597 conatituti,
3476 4542 3532 4590 et

240 4637 358 4677 rem
406 4621 634 4675 fructum
668 4620 979 4675 humillima:
1002 4620 1057 4674 in
1102 4618 1338 4674 Ecclesia
1369 4617 1556 4687 plebis,
1584 4618 1726 4672 sicut
1772 4618 1828 4673 in
1860 4600 1909 4661 D
1938 4614 2047 4669 Deo
2073 4616 2349 4670 muniente
2369 4629 2584 4685 semper
2612 4616 2821 4671 invicti.

242 4712 472 4767 Psalmis
496 4712 744 4768 canitur:
773 4711 1031 4776 Quoniam
1087 4720 1142 4764 tu
1172 4710 1419 4781 populant
1450 4708 1693 4762 humilem
1724 4712 1831 4762 sal-

240 4824 365 4863 vum
416 4792 611 4876 facie},
638 4817 685 4863 et
733 4809 909 4862 oculos
950 4806 1283 4877 superborum
1325 4800 1829 4872 humiliabis(Psal.

239 4915 353 4956 ινιι
380 4900 419 4969 ).

312 5003 475 5059 Num.
501 5004 623 5062 145.
659 5003 726 5058 Ut
756 5004 1057 5070 inspicerem
1093 5002 1141 5057 si
1182 5003 1475 5073 ﬂoruissent
1530 5001 1708 5055 vinea.
1763 4999 1835 5056 Ut

238 5094 528 5166 probarem
555 5094 674 5149 siin
707 5103 912 5150 tantum
936 5093 1251 5163 profecisset
1290 5092 1527 5148 Ecclesia
1559 5102 1616 5146 ut
1636 5094 1835 5161 germi-

241 5197 439 5243 narent
460 5188 510 5242 in
532 5203 594 5242 ea
614 5188 702 5258 qui
727 5188 791 5243 ad
816 5188 1056 5258 martyrii
1079 5185 1459 5259 perfectionem
1479 5187 1834 5254 attingerent;

239 5290 295 5333 ct
321 5278 697 5344 rubicundam,
732 5289 951 5348 promer
974 5278 1176 5335 Christi
1211 5279 1295 5334 sui
1320 5276 1595 5347 sanguinis
1622 5275 1835 5332 allusio-

242 5384 371 5423 nem
405 5369 612 5437 pulchri
640 5376 845 5423 essent.

316 5471 479 5526 Num.
502 5469 866 5537 M6.Nescivi,
900 5473 1072 5524 anima
1097 5486 1208 5525 mea
1230 5470 1544 5524 conturbavit
1574 5476 1670 5526 me.
1699 5467 1837 5535 Quid

242 5563 474 5616 nescivit
493 5562 763 5627 Christus,
796 5563 895 5616 nisi
928 5560 1244 5631 peccatum?
1277 5559 1510 5615 Nescivit
1534 5561 1695 5616 etiam
1718 5558 1839 5614 illos

241 5654 339 5722 qui
369 5657 423 5708 in
454 5654 746 5724 Evangelio
797 5648 985 5710 dicunt
1016 5670 1030 5708 :
1066 5651 1303 5715 Domine,
1333 5667 1500 5706 tronae
1530 5654 1583 5706 in
1616 5662 1703 5706 tuo
1739 5668 1835 5705 no-

243 5745 387 5798 mine
414 5746 846 5815 prophetacimus,
893 5746 1013 5801 etin
1041 5746 1247 5799 nontine
1276 5754 1363 5798 tuo
1408 5746 1619 5803 virtutes
1652 5744 1840 5801 multas

244 5838 470 5917 fecimus
500 5840 525 5894 Ρ
543 5837 610 5894 Et
633 5841 989 5914 tunc(inquit)
1018 5840 1187 5896 dicam
1214 5838 1318 5895 illis
1349 5854 1363 5893 :
1396 5838 1567 5900 Amen
1598 5842 1719 5900 dico
1747 5855 1839 5898 vo-

2010 4702 2172 4758 Nttm.
2202 4703 2323 4757 H9.
2358 4702 2530 4767 Quam
2567 4702 2773 4765 pulchri
2802 4707 2925 4751 sunt
2954 4714 3158 4768 gressus
3194 4700 3273 4752 tui
3298 4698 3318 4750 ,ν
3347 4699 3524 4766 Quam

1905 4816 1911 4821 '
1941 4798 2249 4855 admirandi
2282 4796 2562 4866 profectus
2587 4794 2641 4848 in
2670 4793 2758 4847 bis
2789 4793 2885 4864 qui
2922 4792 3151 4846 verbum
3174 4791 3268 4847 Dei
3307 4809 3524 4849 annun-

1944 4891 2079 4946 tiant
2111 4890 2165 4944 in
2195 4889 2441 4943 Ecclesia
2464 4887 2705 4944 Christil
2740 4884 2885 4941 sicut
2927 4884 3224 4955 Apostolus
3255 4886 3524 4955 scriptum

1940 4984 1997 5040 in
2053 4983 2319 5053 propheta
2369 4988 2767 5037 commemorat
2808 4998 2822 5033 :
2868 4978 3045 5045 Quam
3098 4979 3320 5048 speciosi
3371 4980 3529 5049 pedes

1938 5075 2414 5148 euangelizantium
2434 5075 2571 5128 bona
2590 5074 2610 5126 ,ν
2630 5072 2803 5145 (Rom.
2823 5070 2901 5140 ι.)
2922 5074 2987 5127 Et
3006 5074 3208 5127 iterum
3234 5073 3350 5141 ipse
3371 5071 3531 5128 :Cal—

1938 5171 2066 5227 ciati
2085 5170 2239 5241 pedes
2260 5172 2313 5225 in
2332 5170 2726 5241 prwparatione
2743 5166 3024 5238 Evangelii
3038 5168 3185 5236 pacis
3205 5166 3531 5238 (Ephes.v1).

2009 5281 2169 5336 Num.
2191 5281 2313 5338 l50.
2337 5280 2372 5336 l
2378 5292 2593 5336 unctura
2616 5284 2863 5353 femorum
2882 5294 3108 5340 tuorum.
3128 5288 3441 5342 Juucturam
3457 5295 3521 5339 te-

1942 5387 2151 5428 morum
2179 5382 2413 5440 tuorum,
2439 5390 2506 5431 ex
2529 5375 2941 5431 circumcisione
2955 5386 3009 5431 et
3036 5379 3297 5446 praeputio
3311 5379 3521 5431 venien-

1943 5468 2075 5524 tium
2103 5469 2417 5524 societatem
2449 5469 2781 5525 advertimus
2825 5472 3141 5541 populormn
3170 5488 3184 5537 ;
3214 5479 3269 5524 et
3298 5485 3392 5537 per
3439 5470 3491 5523 id
3511 5511 3527 5530 .

1942 5571 2051 5616 tam
2079 5563 2154 5617 illi
2180 5569 2269 5633 qut
2294 5580 2359 5618 ex
2409 5564 2616 5618 femore
2649 5564 2918 5619 Abraham
2971 5562 3264 5615 secundum
3310 5576 3524 5616 carnem

1944 5656 2221 5727 propagati
2247 5666 2395 5719 sunt,
2429 5671 2587 5726 quam
2625 5656 2698 5709 illi
2729 5656 2818 5725 qui
2867 5655 2918 5708 in
2948 5653 3159 5708 semine
3190 5656 3333 5722 ejus,
3368 5654 3419 5708 id
3444 5666 3533 5713 est

1945 5748 1996 5801 in
2028 5748 2265 5813 Christo,
2302 5755 2616 5803 meruerunt
2648 5762 2662 5809 ;
2693 5760 2814 5799 cum
2846 5745 2897 5799 in
2919 5744 3182 5799 unitatem
3216 5746 3339 5800 lidei
3366 5760 3535 5812 copu-

1945 5839 2143 5912 lantur,
2187 5850 2443 5910 tauquam
2474 5836 2696 5895 monilia
2739 5852 2858 5903 qua:
2912 5834 3167 5894 fabricata
3218 5847 3343 5894 sunt
3377 5852 3538 5894 manu
