3958 6358
420 348 521 401 987

1659 353 1715 411 S.
1757 352 1941 409 JUSTI
1985 349 2457 409 URCELLENSIS

3598 347 3719 405 988

420 463 662 531 artiﬁcis,
700 465 1095 521 describuntur.
1145 465 1277 532 Quis
1320 465 1464 519 enim
1509 463 1699 519 artifex
1750 476 1999 534 tanquam
2031 465 2075 521 Α
2107 462 2270 517 lectio
2298 471 2386 516 tua
2410 462 2657 531 pervenit
2681 460 2746 518 ad
2772 462 3073 532 prasinium,
3108 473 3164 517 et
3188 461 3443 518 doctores
3470 462 3547 517 tui
3576 460 3719 517 dul-

418 555 657 618 monilia,
695 556 792 609 hos
813 557 865 611 in
896 555 1002 610 ﬁde
1024 557 1251 625 populos
1280 556 1526 622 sociavit,
1551 556 1657 612 nisi
1680 557 1774 612 ille
1803 558 1870 612 de
1897 572 2005 627 quo

423 646 714 712 Apostolus
733 648 807 700 ait
838 664 852 699 :
886 644 1009 714 Ipse
1026 656 1101 702 est
1130 662 1236 718 pax
1257 656 1457 713 nostra,
1490 649 1579 718 qui
1628 649 1746 719 fecit
1792 658 2005 720 utraque

429 750 585 786 unum
609 733 828 804 (Ephes.
862 737 963 805 tt)?

492 846 649 901 Num.
684 848 807 902 151.
847 848 1129 905 Umbilicus
1158 861 1275 907 tuus
1325 863 1490 906 crater
1515 854 1792 908 tornatilis.
1828 854 1890 909 iii
1914 854 2003 924 qui

425 954 527 989 non
558 950 824 1009 extremo,
854 943 948 997 sed
983 943 1035 997 in
1094 945 1270 999 medio
1300 945 1551 1001 Ecclesiae
1580 962 1807 1014 corpore
1852 962 2000 1000 com-

422 1040 717 1099 mutantur,
748 1035 1034 1087 umbilicus
1070 1036 1343 1091 dicuntur.
1365 1036 1555 1093 Crater
1583 1038 1848 1091 tornatilis
1876 1053 2001 1092 vasa

418 1133 541 1176 sunt
572 1123 719 1177 utilia
752 1124 801 1178 in
834 1140 900 1180 eo
932 1127 1224 1191 tornatilia,
1268 1129 1389 1198 quia
1438 1128 1503 1183 ad
1535 1129 1892 1185 obediendum
1918 1129 2003 1185 vel

420 1213 485 1266 ad
514 1231 675 1269 omne
696 1231 831 1285 opus
871 1218 1068 1272 bonum
1102 1229 1288 1287 parata
1452 1220 1703 1293 (Tit.tit),
1732 1239 2002 1293 nunquam

422 1302 661 1373 indigem
690 1307 897 1374 poculis
923 1308 1045 1378 quia
1073 1310 1307 1380 Spiritus
1335 1311 1507 1367 sancti
1554 1312 1727 1383 gratia
1787 1328 2006 1384 semper

421 1395 623 1462 repleta
647 1408 789 1452 sunt.

490 1508 647 1562 Num.
673 1507 792 1563 i552.
828 1510 1143 1565 i'entertuus
1171 1513 1299 1565 sicut
1322 1528 1526 1567 acervus
1546 1513 1719 1567 tritici.
1743 1513 1843 1580 Qui
1867 1529 2006 1567 sem-

423 1616 516 1664 rer
545 1612 730 1657 sancta
783 1605 1186 1673 Scripturarum
1226 1607 1482 1663 alimenta
1514 1610 1836 1679 percipiunt,
1861 1620 1919 1664 et
1944 1626 2005 1664 ea

420 1707 536 1760 (pun
562 1703 685 1745 sunt
710 1694 960 1749 salutaria
992 1697 1127 1751 infra
1160 1714 1220 1753 se
1244 1710 1563 1769 coagcrunt,
1623 1702 1676 1754 in
1708 1702 1914 1756 ven'ris
1936 1704 2008 1755 si-

422 1783 717 1839 militudine
767 1786 1119 1859 deputantur,
1169 1799 1225 1845 et
1256 1791 1309 1845 hi
1364 1792 1509 1845 velut
1565 1807 1791 1846 acervus
1847 1794 2003 1847 tritici

421 1884 712 1942 ceiigcstus
754 1877 951 1930 merito
1004 1881 1447 1947 pronuntiantur,
1477 1883 1599 1951 quia
1645 1897 1709 1936 ex
1763 1882 2006 1937 doctrina

422 1978 550 2018 sana
578 1982 643 2019 ex
675 1983 776 2034 qua
822 1969 1059 2037 quotidie
1090 1971 1386 2039 replentur,
1422 1973 1617 2027 multos
1656 1972 1853 2026 aliatim
1884 1975 2008 2027 reﬁ-

420 2056 606 2120 ciunt;
636 2075 755 2129 quc
787 2060 1030 2115 doctrina
1058 2063 1109 2116 in
1141 2074 1343 2117 tantum
1385 2065 1637 2133 prolicit,
1670 2077 1727 2120 ut
1753 2068 1911 2122 etiam
1942 2069 2007 2121 ad

427 2148 755 2220 virginitatis
784 2153 1179 2208 observantiam
1207 2156 1305 2224 piis
1336 2158 1776 2226 persuasiOuibus
1814 2164 1960 2213 mult:
1985 2175 2011 2216 s

424 2241 678 2295 adducat.
1487 2295 1493 2305 .

494 2332 650 2386 Num.
683 2334 799 2388 153.
839 2334 949 2389 Duo
973 2337 1129 2391 ubera
1151 2337 1280 2392 sicut
1310 2343 1412 2393 duo
1444 2342 1667 2396 hinnuli.
1698 2343 1816 2397 Duo
1843 2350 2012 2398 testa-

421 2440 599 2483 menta
628 2428 836 2485 duobus
859 2432 1093 2486 hinnulis
1121 2449 1349 2503 capreas,
1384 2434 1435 2489 id
1465 2444 1547 2490 est
1576 2452 1638 2491 ex
1666 2438 1871 2507 peccati
1904 2448 2013 2493 tra-

421 2523 555 2576 duce
586 2524 923 2579 venientibus
954 2527 1165 2596 populis
1196 2539 1461 2598 coaptata.
1499 2529 1577 2584 Ex
1610 2530 1691 2585 his
1718 2531 1860 2585 enim
1885 2547 2015 2601 epe-

422 2614 567 2667 ribus
600 2616 930 2683 nutriuntur,
982 2620 1070 2687 qui
1100 2618 1345 2690 originali
1377 2631 1597 2690 peccato
1654 2623 1899 2693 obnoxii,
1956 2625 2012 2680 in

423 2705 642 2761 Christo
677 2718 926 2776 tanquam
958 2710 1166 2766 hiunuli
1196 2723 1577 2767 renascuntur.

493 2803 651 2856 Num.
688 2798 807 2854 154.
842 2800 1042 2856 Collum
1067 2814 1209 2857 tuuut
1240 2807 1371 2859 sicut
1399 2808 1555 2860 turris
1582 2806 1825 2863 eburnea.
1858 2808 2016 2864 Noti-

426 2894 496 2948 tia
522 2894 944 2965 Scripturarum,
975 2914 1091 2966 quas
1130 2898 1396 2967 frequenti
1422 2899 1473 2953 in
1509 2899 1857 2955 meditatione
1884 2918 2014 2957 con-

425 2984 673 3052 quiritur,
704 2985 845 3041 velut
879 2988 1035 3043 turris
1081 2989 1338 3055 eburnea,
1368 2994 1417 3045 in
1458 2990 1586 3045 eolli
1618 2994 2015 3062 puleliritndi..e

422 3077 755 3149 designatur.
804 3080 1006 3136 Idcirco
1043 3094 1221 3137 autem
1276 3085 1437 3139 turris
1483 3085 1738 3150 eburnea,
1771 3089 1891 3155 quia
1924 3092 2013 3158 qui

424 3170 587 3226 \crbo
612 3169 706 3226 Dci
737 3171 1017 3238 assistunt,
1050 3174 1366 3245 quotidiauo
1396 3176 1634 3247 ptofcctu
1662 3194 1755 3248 per
1783 3179 2008 3236 nitorem
2042 3215 2086 3275 Ο

424 3263 641 3333 iustitia:
666 3263 718 3317 in
752 3266 1044 3319 excelsiora
1073 3268 1377 3334 proﬁciunt.

496 3357 653 3412 Num.
684 3356 804 3412 155.
836 3357 984 3413 Oculi
1004 3361 1079 3413 tui
1103 3362 1229 3415 sicut
1256 3362 1465 3431 piscina:
1497 3364 1548 3416 in
1583 3362 1801 3419 Esebou.
1838 3364 2011 3434 Spirio

429 3450 597 3505 tuules
624 3450 873 3506 doctores
904 3451 977 3506 tui
1005 3454 1281 3507 constituti
1308 3454 1357 3507 in
1388 3465 1561 3523 porta,
1590 3458 1641 3510 in
1670 3457 1881 3511 Christo
1905 3472 2015 3512 sre-

426 3548 484 3594 ut
534 3555 684 3610 aqua:
741 3541 952 3611 irrigua:
1001 3543 1064 3595 ad
1119 3544 1443 3601 erudiendos
1501 3548 1747 3616 populos.
1812 3549 2015 3603 16ιὶΠο

427 3650 653 3703 namque
694 3633 935 3702 piscium,
983 3636 1106 3703 quia
1165 3636 1396 3706 Spiritus
1446 3640 1615 3693 sancti
1650 3639 1835 3708 repleti
1887 3650 2016 3696 sunt

424 3724 668 3779 scientia.
704 3725 757 3778 In
787 3726 892 3781 alio
936 3726 1072 3782 libro
1094 3728 1255 3783 etiam
1281 3730 1394 3799 ipse
1426 3730 1677 3785 Salomon
1712 3732 1841 3787 dicit
1867 3751 1880 3786 ε
1906 3733 2018 3788 Ea;-

427 3816 596 3870 s-‘ruai
628 3817 848 3883 piscinas
887 3835 1160 3887 aquarum,
1191 3831 1245 3874 ut
1274 3822 1541 3893 irrigarem
1568 3822 1724 3876 silvas
1753 3824 2016 3894 lignorum

426 3907 819 3975 germinantium
842 3908 1039 3976 (Eccle.
1067 3910 1153 3980 tl).

497 3999 655 4053 Num.
674 3997 795 4053 156.
822 4000 998 4055 Nasus
1022 4012 1134 4056 tuus
1156 4002 1287 4056 sicut
1310 4004 1464 4059 turris
1490 4006 1694 4062 Libani.
1727 4007 1897 4062 Nasus
1921 4009 2016 4063 Ec-

423 4091 606 4145 clesiae
638 4092 709 4144 illi
739 4101 864 4146 sunt
905 4094 996 4163 qui
1028 4094 1248 4150 odorem
1286 4095 1510 4165 justitia:
1550 4099 1637 4166 qui
1667 4101 1823 4154 estin
1855 4100 2013 4154 Chri-

424 4191 531 4249 sto,
565 4182 949 4252 percipientcs,
1003 4183 1071 4238 ad
1110 4185 1291 4240 cordis
1339 4187 1550 4242 interna
1607 4189 1896 4258 trajiciunt.
1952 4192 2013 4248 lli

423 4273 512 4341 qui
541 4272 596 4326 in
627 4287 816 4341 magna
865 4274 1063 4329 virtute
1109 4276 1436 4344 consistunt,
1468 4280 1603 4333 sicut
1630 4281 1793 4336 turris
1826 4281 2014 4337 Libani

422 4364 800 4434 disponuntur.
853 4365 1112 4422 Libanum
1154 4376 1330 4423 autem
1375 4371 1665 4425 candorem
1728 4389 1849 4429 esse
1900 4374 2012 4445 jam

423 4459 670 4527 superius
696 4459 927 4515 diximus
955 4479 965 4513 :
997 4461 1188 4518 horum
1238 4465 1581 4534 proceritatis
1620 4465 1823 4521 candor
1852 4468 2016 4539 respio

420 4552 485 4600 cit
510 4559 688 4602 contra
731 4546 1060 4618 Damascum,
1109 4555 1232 4623 quia
1258 4556 1521 4626 sap‘cntia
1551 4572 1761 4624 eorum,
1793 4574 1914 4628 quae
1942 4575 2007 4615 ex

426 4640 537 4696 Deo
568 4652 670 4709 est,
697 4644 963 4701 illuminat
991 4648 1272 4704 mundum.

490 4734 646 4788 Num.
683 4736 798 4793 157.
835 4737 1002 4810 Caput
1051 4750 1193 4793 tuum
1224 4750 1277 4794 ut
1323 4741 1613 4811 Carmelus,
1662 4753 1711 4796 et
1743 4760 1919 4798 comat.
1952 4742 2007 4799 In

420 4825 667 4880 Carmelo
701 4840 900 4894 monte,
924 4831 1095 4886 sancti
1125 4832 1270 4887 Elias
1302 4844 1357 4888 et
1395 4833 1619 4887 Elisaeus
1650 4848 1794 4903 saepe
1826 4849 2009 4903 recep-

418 4916 654 4971 taculum
699 4917 931 4975 habuere
976 4920 1087 4993 (IV
1146 4923 1275 4995 Reg.
1427 4924 1485 4992 n)
1524 4942 1534 4975 :
1569 4935 1898 4994 quapmpter
1958 4927 2009 4979 in

421 5010 595 5076 capite
622 5008 872 5065 Ecclesize
905 5013 1130 5067 Domino
1162 5027 1346 5070 nostro
1376 5014 1502 5070 Jesu
1533 5015 1765 5081 Christo,
1797 5030 1902 5085 quo
1924 5030 2013 5069 su-

424 5099 635 5154 blimius
656 5109 714 5154 ut
762 5112 843 5156 est
873 5103 1147 5173 (tanquam
1182 5105 1233 5159 in
1275 5115 1460 5160 monte
1505 5105 1775 5177 Carmelo)
1807 5119 1857 5160 et
1881 5104 2012 5175 justi

422 5192 805 5256 habitaculum,
833 5204 885 5248 et
908 5196 1193 5252 multitudo
1214 5200 1529 5269 populorum
1557 5209 1807 5269 tanquam
1834 5200 2013 5255 divero

418 5284 549 5338 sitas
606 5286 918 5342 animalium
991 5289 1270 5358 sapientire
1320 5291 1620 5361 percipiunt
1673 5292 2007 5346 alimentum.

416 5380 780 5453 Comwcapitis
793 5384 967 5449 istius,
982 5389 1113 5440 sicut
1128 5405 1358 5456 purpura
1380 5389 1510 5460 regis
1514 5393 1699 5459 juncta
1723 5389 2011 5448 canalibus:

417 5474 800 5531 eminentiores
829 5478 1026 5547 quippe
1063 5481 1233 5534 sancti
1251 5521 1265 5543 ,
1293 5481 1431 5533 beati
1459 5478 1713 5533 videlicet
1740 5489 2002 5549 martyres

417 5570 634 5635 Christi,
668 5573 992 5627 consimilati
1043 5588 1137 5642 per
1178 5587 1467 5642 purpuram
1520 5571 1791 5638 regalibus
1844 5587 2006 5624 orna-

419 5666 630 5727 mentis,
655 5674 707 5718 et
729 5667 1056 5721 salutaribus
1101 5682 1316 5735 semper
1353 5665 1585 5735 copulati
1637 5664 2005 5733 intelliguntur

415 5752 694 5811 doctrinis.

486 5844 640 5900 Nutu.
681 5846 799 5904 158.
836 5848 1050 5905 Statura
1083 5862 1169 5905 tua
1199 5850 1479 5906 assimilwta
1508 5861 1580 5905 cst
1633 5850 1836 5922 palmam
1874 5851 1973 5905 Per

2109 570 2199 611 ees
2226 556 2399 611 eﬁ‘ecti
2429 564 2554 611 sunt
2575 571 2671 626 per
2691 555 2951 627 Spiritum
2974 567 3239 612 sanctum.

2182 665 2339 720 Num.
2378 665 2501 723 159.
2552 667 2697 731 Dixi,
2725 670 3001 722 ascendam
3044 669 3097 723 in
3122 670 3365 738 palmam.
3396 670 3474 724 Illi
3498 669 3554 725 in
3586 671 3721 740 pal-

2110 775 2252 813 mam
2284 761 2585 815 ascendunt
2625 762 2714 831 qui
2753 761 2807 816 in
2851 762 3050 817 Christi
3092 778 3252 818 cruce
3293 763 3603 832 proﬁciunt,
3643 765 3720 818 de

2108 852 2302 921 quibus
2332 853 2624 923 Apostolus
2650 852 2781 908 dicit
2816 870 2831 909 :
2869 855 2958 921 qui
2986 856 3038 908 in
3070 854 3270 909 Christo
3310 862 3448 921 sunt,
3490 870 3717 908 carnem

2107 959 2254 997 suam
2268 945 2762 1006 crucifixeruntcum
2775 945 2909 998 vitiis
2930 953 2976 997 et
3000 945 3445 1013 concupiscentiis.
3475 944 3580 1014 Ipsi
3612 959 3716 999 au-

2110 1042 2214 1086 tem
2264 1030 2470 1088 fructus
2512 1034 2668 1103 hujus
2716 1034 2908 1104 palma:
2966 1036 3186 1099 (sancta:
3227 1033 3427 1102 crucis)
3476 1037 3714 1102 praemia

2107 1135 2537 1195 consequuntur,
2568 1125 2660 1196 qui
2691 1124 2854 1191 illud,
2885 1125 2931 1178 si
2960 1133 3129 1178 tanten
3174 1126 3511 1195 compatimur
3564 1134 3628 1178 ut
3660 1133 3714 1178 et

2107 1217 2458 1289 gloriﬁcemur
2479 1217 2658 1288 (Rom.
2689 1215 2825 1285 vni),
2850 1230 2971 1270 cum
2992 1215 3182 1271 eodem
3204 1214 3461 1284 Apostolo
3489 1215 3712 1270 dicunt.

2180 1326 2340 1383 Num.
2376 1325 2494 1382 160.
2520 1325 2589 1379 Et
2611 1336 2758 1380 erunt
2779 1325 2936 1380 ubera
2976 1336 3064 1379 tua
3079 1327 3207 1380 sicut
3229 1326 3359 1379 botri
3380 1329 3556 1381 vineas.
3594 1325 3715 1381 Nec

2109 1430 2308 1481 etenim
2336 1428 2428 1481 alii
2471 1429 2832 1497 reperiuntur,
2870 1429 2961 1498 qui
3019 1441 3299 1484 nascentes
3345 1431 3398 1483 in
3432 1429 3536 1483 ﬁde
3563 1444 3710 1482 enu-

2110 1522 2294 1586 triaut,
2324 1523 2423 1575 nisi
2454 1522 2706 1578 doctores
2738 1523 3011 1577 Ecclesiae.

2184 1613 2339 1667 Num.
2371 1612 2494 1667 161.
2531 1614 2596 1667 Et
2651 1614 2836 1668 odores
2863 1615 2937 1667 tui
2968 1613 3099 1667 sicut
3129 1613 3401 1666 malorum.
3427 1612 3492 1666 Et
3518 1612 3713 1665 suavi-

2114 1715 2194 1761 tas
2218 1705 2541 1761 eruditioui}
2573 1713 2678 1760 tua:
2716 1722 2809 1773 per
2836 1720 2930 1761 eos
2962 1705 3361 1775 propagabitur,
3401 1704 3492 1772 qui
3522 1703 3717 1758 sobrie

2112 1808 2167 1851 et
2196 1798 2336 1865 iuste
2366 1795 2603 1852 vivendo
2630 1795 2853 1852 odorem
2884 1798 3039 1851 bona:
3066 1796 3492 1852 conversationis
3525 1795 3719 1863 propi-

2115 1903 2242 1941 nare
2265 1903 2368 1940 non
2391 1887 2660 1941 desinunt.

2183 1980 2342 2034 Num.
2380 1980 2502 2035 16%.
2538 1977 2727 2034 Guttur
2748 1988 2893 2035 tuum
2917 1982 3051 2034 sicut
3074 1980 3247 2033 viuum
3275 1979 3546 2047 optimum.
3571 1977 3715 2030 Pos-

2112 2084 2236 2127 sunt
2264 2074 2426 2128 etiam
2456 2073 2509 2128 in
2537 2082 2752 2145 gutture
2781 2073 2859 2127 illi
2890 2073 3059 2127 sancti
3090 2070 3314 2140 intelligi
3342 2086 3436 2140 per
3458 2085 3594 2136 quos
3621 2074 3715 2125 lex

2114 2173 2167 2218 et
2197 2162 2476 2235 propheta:
2499 2174 2553 2219 et
2583 2165 2892 2232 evangelica
2923 2163 3168 2219 doctrina
3198 2163 3540 2232 pronuntiata
3569 2172 3659 2215 est
3696 2181 3709 2214 :

2113 2271 2233 2325 quae
2260 2257 2447 2326 utique
2476 2264 2662 2312 sancta
2699 2255 2978 2324 Scriptura
3010 2255 3207 2311 eximio
3236 2269 3429 2323 sapore
3455 2254 3708 2322 prtedita,

2114 2354 2174 2399 ut
2201 2347 2383 2401 vinum
2410 2347 2674 2417 optimum
2710 2345 2919 2401 redolet
2939 2361 3001 2401 ac
3026 2345 3351 2416 resplendet,
3380 2355 3432 2399 et
3458 2360 3549 2414 per
3578 2344 3714 2413 Spi-

2113 2436 2274 2493 ritum
2304 2450 2547 2494 sanctum
2582 2448 2830 2508 potantes
2859 2439 3111 2493 inebriat.

2186 2530 2344 2585 Num.
2380 2532 2501 2587 165.
2532 2529 2755 2602 Dignum
2778 2531 2963 2585 dilecto
2986 2548 3097 2585 meo
3118 2531 3422 2602 potandum.
3452 2530 3526 2584 De
3548 2545 3712 2584 sacra

2116 2621 2389 2691 Scriptura
2419 2621 2619 2676 Christi
2662 2629 2867 2689 potant,
2898 2638 3018 2675 cum
3046 2636 3111 2675 ex
3166 2636 3227 2673 ea
3258 2618 3576 2687 Christiani,
3610 2620 3709 2686 qui

2116 2726 2240 2767 sunt
2283 2715 2521 2768 membra
2581 2714 2769 2783 ipsius,
2814 2713 2967 2769 miris
2994 2712 3169 2768 modis
3196 2722 3250 2768 et
3296 2712 3711 2781 incomparabili

2114 2806 2397 2861 dulcedine
2424 2807 2709 2860 satiantur.

2186 2898 2347 2951 Num.
2375 2897 2496 2953 164.
2523 2897 2799 2967 Labiisque
2830 2909 2877 2953 ct
2916 2898 3150 2953 dentibus
3170 2900 3312 2952 illius
3337 2900 3407 2951 ad
3437 2901 3713 2951 ruminan—

2116 2989 2260 3041 dum.
2297 2988 2458 3042 Labia
2509 2999 2560 3043 ct
2610 2989 2805 3044 dentes
2848 2990 3046 3044 Christi
3101 2988 3352 3045 doctores
3400 2989 3711 3045 Ecclesiae:

2118 3079 2167 3130 lii
2196 3078 2336 3147 quod
2368 3086 2609 3133 sanctum
2637 3088 2720 3134 θμι
2751 3081 3022 3135 ruminare
3054 3096 3161 3134 non
3185 3080 3463 3149 desinunt,
3497 3095 3619 3135 cum
3649 3096 3714 3135 ea

2117 3187 2235 3240 quae
2265 3170 2331 3224 ad
2378 3180 2615 3225 nostram
2666 3170 2969 3226 doctrinam
3018 3173 3217 3242 scripta
3265 3182 3418 3241 sunt,
3471 3173 3715 3242 quotidie

2119 3262 2460 3317 lticditantur.

2187 3357 2343 3411 Num.
2378 3357 2498 3412 163.
2529 3356 2635 3426 Ego
2663 3357 2852 3410 dilecto
2880 3373 3010 3421 meo,
3033 3366 3079 3411 et
3107 3360 3171 3410 ad
3195 3373 3274 3411 me
3289 3359 3553 3413 conversio
3572 3362 3717 3431 ejus.

2119 3448 2254 3502 linic
2306 3448 2435 3502 dilm
2453 3458 2505 3499 to
2536 3493 2549 3515 ,
2599 3463 2662 3501 ex
2711 3463 2840 3502 voce
2891 3447 3151 3502 Ecclesia:
3197 3447 3397 3503 dicitur
3437 3465 3452 3502 :
3492 3448 3717 3504 adhtrsit

2117 3543 2293 3595 anima
2317 3560 2428 3595 mea
2446 3553 2558 3612 post
2586 3553 2655 3607 te,
2671 3558 2748 3594 me
2768 3543 2988 3609 suscepit
3007 3540 3213 3594 dextera
3230 3540 3406 3611 (Psal.
3438 3540 3592 3611 uti).
3626 3541 3717 3594 Vi-

2117 3635 2339 3690 deamus
2369 3645 2422 3688 et
2451 3635 2579 3689 alibi
2603 3634 2873 3703 quomodo
2918 3634 3031 3703 ipsa
3061 3632 3258 3687 dilecto
3290 3647 3388 3687 suo
3419 3632 3711 3702 loquatur:

2120 3728 2233 3780 A’os
2253 3737 2422 3781 autem
2480 3725 2701 3798 populus
2748 3736 2885 3789 tuus,
2931 3738 2979 3778 et
3030 3741 3143 3778 oves
3181 3725 3349 3795 gregis
3400 3725 3475 3776 tui
3534 3723 3715 3796 (I’sal.

2124 3816 2290 3885 ιρις).
2394 3820 2477 3880 Et,
2510 3818 2778 3889 quomodo
2809 3824 2874 3871 ad
2908 3835 2984 3871 me
3008 3818 3264 3871 conversio
3285 3820 3419 3889 ejus,
3447 3817 3579 3871 dicit
3599 3833 3712 3887 pro

2121 3912 2280 3979 pheta
2309 3927 2322 3963 :
2348 3908 2563 3979 Eritque
2583 3918 2859 3977 antequam
2900 3910 3139 3973 clament,
3164 3924 3255 3978 ego
3285 3908 3583 3971 uaudiant,
3614 3910 3715 3960 ad-

2119 4003 2216 4054 huc
2246 4001 2350 4055 illis
2395 4001 2715 4070 loquentibus
2758 4015 2851 4070 ego
2878 4000 3156 4053 exaudiam
3185 3997 3339 4068 (Isai.
3382 4015 3481 4052 ut"
3507 3998 3548 4069 ),
3581 3998 3715 4052 dicit

2121 4090 2393 4144 Dominus.
2428 4090 2535 4146 Sed
2566 4092 2709 4143 nulla
2740 4098 2823 4144 est
2871 4089 2938 4142 ad
2985 4088 3282 4144 Ecclesium
3343 4097 3451 4143 tam
3484 4088 3714 4144 evidens

2117 4184 2313 4238 Cinisti
2340 4186 2639 4246 conversio,
2671 4184 2770 4237 nisi
2812 4198 2934 4238 cum
2974 4182 3195 4237 Verbum
3216 4198 3339 4235 caro
3385 4186 3584 4251 factum
3609 4192 3713 4247 est,

2116 4285 2163 4331 et
2186 4277 2424 4328 habitavit
2446 4276 2495 4327 iu
2519 4276 2659 4328 nobis
2679 4272 2862 4345 (Joan.
2895 4274 2957 4344 ι).

2190 4368 2350 4422 Num.
2385 4365 2505 4421 166.
2537 4365 2688 4431 Veni,
2725 4364 2908 4419 dilecte
2929 4366 3019 4432 mi,
3051 4365 3392 4435 rgrcdiamur.
3421 4364 3713 4435 Egreditur

2117 4459 2365 4515 Christus
2392 4474 2511 4513 cum
2557 4457 2795 4513 Ecclesia
2820 4459 2876 4512 in
2918 4473 3069 4527 agro,
3113 4460 3326 4529 quando
3356 4473 3478 4513 cum
3502 4461 3714 4512 sanctis

2118 4552 2389 4621 prmdictis
2422 4551 2601 4605 visitat
2640 4549 2896 4604 mundum
2922 4595 2936 4619 ,
2971 4551 3108 4605 sicut
3145 4551 3198 4605 in
3253 4550 3543 4618 Evangelia
3570 4549 3712 4601 scri-

2114 4656 2259 4715 ptum
2280 4655 2363 4699 est
2399 4661 2411 4697 :
2451 4643 2555 4711 Qui
2579 4643 2797 4697 seminat
2826 4643 3011 4696 bonum
3041 4660 3229 4707 semen,
3263 4653 3334 4696 cst
3370 4643 3509 4709 ριύ.
3537 4641 3714 4692 homi-

2110 4739 2190 4792 nis
2216 4736 2431 4806 (Matth.
2459 4752 2546 4791 χιιι
2566 4752 2581 4802 ;
2605 4735 2925 4805 Maraxnv);
2953 4751 3076 4805 ager
3097 4743 3180 4789 est
3205 4734 3451 4801 mundus.
3479 4733 3715 4786 Commo-

2112 4846 2282 4884 remur
2311 4832 2361 4882 in
2384 4828 2550 4895 villis;
2582 4831 2635 4882 in
2668 4829 2878 4898 pupulis
2914 4828 3256 4882 credentibus
3286 4826 3716 4894 circumquaque

2115 4920 2346 4986 ὼῐῐιιείε,
2382 4920 2434 4975 in
2465 4920 2658 4989 quibus
2704 4917 2948 4973 Christus
2994 4933 3089 4987 per
3138 4919 3295 4971 ﬁdem
3330 4916 3565 4981 habitat;
3600 4934 3713 4971 non

2117 5016 2235 5068 sine
2266 5012 2528 5077 Ecclesia,
2573 5027 2692 5066 cum
2744 5011 2963 5066 eosdem
3017 5011 3161 5079 ipsos
3194 5010 3247 5064 in
3290 5011 3402 5064 suis
3451 5010 3713 5064 membris

2116 5114 2392 5174 reputans,
2423 5118 2574 5157 suam
2603 5099 2771 5157 efﬁcit
2801 5100 3117 5156 Ecclesiam.

2188 5195 2345 5249 Num.
2397 5192 2518 5247 167.
2555 5194 2713 5247 Mane
2754 5208 3027 5262 surgamus
3069 5192 3137 5244 ad
3175 5191 3368 5244 vineas.
3396 5190 3463 5244 Ut
3514 5193 3714 5245 animm

2114 5301 2235 5356 qua:
2259 5301 2354 5356 per
2382 5286 2540 5341 ﬁdem
2563 5286 2669 5341 coli
2685 5286 2792 5354 jam
2816 5293 3147 5348 meruerunt,
3178 5283 3233 5337 in"
3256 5284 3533 5337 matutinis
3548 5282 3711 5337 Chri-

2113 5389 2254 5433 stum
2297 5378 2657 5433 resurresisse
2697 5385 3045 5447 cognoscant,
3088 5390 3157 5430 ne
3206 5375 3348 5429 ultra
3377 5374 3446 5429 de
3477 5376 3560 5428 sui
3585 5388 3711 5428 cor—

2117 5471 2263 5539 poris
2284 5471 2680 5524 resurrectione
2704 5466 2973 5523 difﬁdant.

2186 5563 2345 5620 Num.
2377 5563 2501 5618 168.
2540 5561 2816 5617 Videamus
2846 5563 2892 5615 si
2935 5561 3111 5632 ﬂoruit
3134 5560 3302 5614 vinea.
3333 5561 3621 5630 Apparest,
3657 5560 3708 5617 Si

2114 5659 2321 5723 ﬁdeles,
2351 5673 2469 5727 quin
2488 5657 2658 5713 corde
2685 5655 3144 5713 credideruntore
3166 5656 3536 5719 pronuntient,
3565 5653 3707 5708 sicut

2116 5752 2401 5823 Apostolus
2428 5751 2502 5804 ait
2534 5749 2733 5805 :Corde
2760 5750 2991 5802 creditur
3013 5749 3079 5800 ad
3108 5748 3382 5815 iustitiam,
3416 5763 3502 5800 ore
3529 5757 3706 5800 autem

2116 5847 2367 5920 confessio
2399 5847 2458 5917 [it
2486 5845 2554 5899 ad
2598 5842 2814 5899 salu'cm
2868 5843 3044 5914 (lieni.
3077 5842 3172 5911 x);
3218 5841 3301 5896 vel
3332 5841 3374 5894 si
3404 5842 3557 5908 [iam
3584 5843 3700 5909 {ru-
