3958 6358
191 417 295 472 989

1158 407 1221 463 ΙΝ
1258 401 1555 462 CANTICA
1593 399 2038 458 CANTICORUM
2080 396 2514 454 EXPLICATIO.

3364 387 3469 443 990

193 542 306 584 ctus
334 526 646 598 parturiunt,
670 525 714 579 si
743 524 797 579 in
820 523 900 580 eis
926 536 1020 593 per
1055 527 1240 576 sancta
1268 518 1534 574 desideria
1567 514 1782 586 pietatis
1813 517 1856 575 Α
1887 519 1941 566 et
1970 510 2069 565 ﬁlii
2099 508 2381 575 hominum
2412 508 2501 577 qui
2534 508 2586 561 in
2628 506 2812 560 umbra
2849 506 3059 560 alarum
3112 513 3321 558 tuarum
3344 516 3475 569 spe-

193 634 359 691 upcra
390 617 727 688 prodierunt.

264 711 424 768 Num.
456 709 580 765 169.
614 708 676 764 Si
713 708 996 776 ﬂoruerunt
1024 720 1164 758 mata
1192 706 1399 776 punica.
1425 702 1482 759 Si
1509 701 1582 757 illi
1613 700 1702 771 qui
1730 716 1784 755 tn

194 805 410 859 Christo
436 801 783 857 crediderunt
824 797 876 854 in
909 807 1052 852 tanta
1074 796 1367 851 dileCtione
1412 793 1701 864 proﬁciunt
1731 799 1788 847 ut

196 896 357 949 etiam
389 891 561 947 occidi
602 905 699 960 pro
742 889 860 958 ipso
908 888 1157 943 omnibus
1204 886 1379 941 modis
1422 884 1783 939 delectentur.

203 986 240 1041 Ὗ
250 987 293 1041 is
319 984 501 1039 videre
530 983 726 1037 malum
759 981 1033 1051 punicum,
1064 977 1187 1033 audi
1238 978 1290 1033 in
1318 977 1543 1032 Actibus
1572 985 1790 1045 aposto-

201 1080 373 1132 lorum
408 1075 631 1130 Paulum
682 1072 983 1141 apostolum
1020 1088 1033 1123 :
1071 1071 1202 1139 Ego,
1253 1069 1447 1139 inquit,
1475 1085 1580 1121 non
1622 1067 1790 1122 solum

203 1168 425 1233 iudicari
443 1168 495 1220 in
523 1164 837 1233 Jerusalem,
869 1164 957 1218 sed
982 1171 1027 1217 et
1054 1163 1184 1217 mori
1211 1177 1304 1231 pro
1348 1157 1550 1214 Christo
1579 1169 1791 1229 paratus

199 1277 313 1315 sum
338 1260 475 1331 (Act.
502 1260 636 1329 xxi).

276 1353 436 1406 Num.
474 1351 595 1406 ΠΟ.
622 1349 705 1404 Ibi
734 1349 865 1403 dabo
894 1347 983 1402 tibi
1026 1347 1182 1401 ubera
1231 1354 1337 1399 tua.
1368 1343 1423 1397 in
1476 1342 1576 1397 hac
1606 1351 1793 1395 sancta

201 1443 545 1499 confessione
576 1442 927 1497 sociabuutur
957 1439 1048 1495 tibi
1074 1439 1324 1493 doctores
1345 1437 1471 1502 tnei,
1498 1434 1792 1503 comparati

206 1548 264 1591 ιιι
294 1537 567 1607 patiantur
598 1551 693 1606 pro
728 1546 798 1601 te,
832 1535 919 1604 qui
961 1548 1174 1603 quoque
1213 1532 1331 1587 sine
1362 1530 1468 1585 ﬁne
1495 1527 1795 1600 regnabant

204 1627 346 1699 apud
380 1638 452 1683 te.

278 1719 436 1773 Num.
460 1719 580 1772 171.
601 1717 963 1787 Mandragora:
985 1716 1230 1769 dederunt
1254 1714 1483 1767 odorem.
1501 1711 1564 1765 lli
1580 1710 1667 1780 qui
1685 1709 1792 1765 alta

205 1813 388 1867 radice
415 1812 519 1867 ﬁde
570 1809 778 1865 fundali
812 1817 956 1874 sunt,
1012 1816 1066 1864 et
1114 1806 1342 1877 quadam
1374 1805 1675 1874 disciplinae
1706 1802 1790 1856 vel

1886 610 2026 667 rant,
2043 600 2425 655 inebriabuntur
2449 615 2481 651 a
2503 598 2809 667 pinguedine
2834 596 3015 649 domus
3038 604 3155 658 tute,
3179 604 3223 648 et
3243 602 3470 646 torrcntc

1886 690 2187 747 deliciarum
2208 703 2409 744 tuarum
2439 689 2636 761 potabis
2660 705 2743 742 eos
2773 687 2946 759 (Psal.
2974 687 3162 753 xxxv).

1958 783 2120 838 Num.
2150 783 2270 837 177.
2306 781 2457 834 Lreva
2503 784 2615 851 ejus
2642 780 2731 833 sub
2756 780 2922 848 capite
2946 796 3075 843 meo,
3100 787 3146 830 et
3177 776 3386 829 dextera
3408 774 3475 827 il-

1890 875 1989 929 lius
2009 873 2385 943 amplexabitur
2409 888 2505 925 me.
2527 870 2726 941 Adjuro
2750 886 2858 937 vos,
2878 870 2996 936 filim
3015 867 3325 921 Jerusalem.
3356 864 3478 918 ll.rc

1891 965 2077 1035 quiein
2100 968 2200 1019 hoc
2225 965 2340 1019 loco
2363 965 2563 1032 scripta
2587 971 2729 1027 sunt,
2752 962 2802 1016 in
2823 958 3187 1027 superioribus
3204 956 3312 1024 jam
3336 969 3479 1023 prte-

1891 1060 2059 1128 dicta,
2098 1069 2152 1114 et
2181 1057 2393 1113 Clll‘ialO
2451 1056 2791 1110 illuminante
2834 1053 3174 1123 reperiuntur
3213 1047 3471 1117 exposita.

1892 1154 1997 1208 Sed
2028 1152 2228 1207 idcirco
2262 1152 2496 1205 arbitror
2528 1150 2717 1204 iterato
2749 1148 2804 1202 in
2845 1147 2947 1201 hoc
2976 1146 3117 1200 libro
3144 1142 3472 1208 conscripta,

1895 1255 1953 1299 ut
1982 1243 2353 1298 vehementius
2377 1241 2527 1295 cordi
2576 1238 2877 1303 insideant;
2902 1247 2956 1291 et
2982 1236 3064 1289 bis
3094 1234 3361 1287 insinuata
3398 1230 3479 1283 vi-

1897 1338 2103 1393 vaciori
2125 1336 2381 1391 memoria
2409 1342 2756 1388 renoventur.
2806 1330 2930 1384 llaec
2961 1328 3151 1397 iubent
3176 1322 3481 1394 spernenda

1897 1429 2243 1497 temporalia;
2276 1436 2330 1481 ct
2377 1424 2513 1480 infra
2546 1440 2643 1479 nos
2683 1422 2877 1491 posita,
2908 1421 3055 1474 velut
3083 1418 3355 1473 sinistram
3383 1413 3483 1467 sub

1897 1520 2070 1587 capite
2098 1522 2444 1574 constitutam
2468 1516 2725 1578 edocent;
2751 1524 2805 1567 et
2826 1512 3097 1569 caelestem
3119 1507 3340 1577 gloriam
3366 1519 3483 1573 qua:

1897 1626 1995 1665 nos
2024 1626 2086 1664 ex
2121 1609 2387 1677 superiori
2436 1617 2609 1676 parte,
2641 1616 2892 1674 tanquam
2922 1602 3143 1657 dextera
3170 1597 3481 1664 complexa-

1899 1711 2004 1766 tur,
2036 1699 2448 1771 etSpectandam
2482 1700 2803 1763 admonent;
2839 1695 2924 1749 vel
2969 1694 3120 1758 illud,
3151 1699 3208 1745 ut
3235 1687 3484 1743 servituri

1899 1793 2147 1860 Domino,
2185 1790 2469 1846 voluntarii
2497 1807 2599 1843 non
2624 1789 2774 1841 inviti
2804 1802 2920 1857 quae
2951 1792 3073 1837 sunt
3102 1788 3287 1835 sancta
3323 1778 3484 1846 perli-

208 1903 557 1974 parcitnonias
616 1902 932 1957 ausmritate
976 1901 1157 1971 vigere
1190 1910 1505 1967 noscuntur,
1560 1895 1790 1967 publicis
1827 1890 1870 1947 Β
1897 1884 2367 1953 ciant,seeundum
2394 1881 2533 1951 quod
2553 1882 2745 1935 Petrus
2766 1877 3037 1947 apostolus
3067 1873 3260 1926 docet:
3284 1867 3486 1921 Pascite

210 2012 302 2064 pra
324 1994 684 2050 dicationibus
722 1993 947 2063 populos
996 1992 1388 2055 instruxerunt,
1423 1991 1645 2045 odorem
1675 2003 1798 2043 sua-

210 2088 396 2144 vitatis
426 2104 489 2143 ex
519 2086 929 2143 conversatione
955 2084 1292 2140 sanctissima
1326 2083 1699 2153 pr0pinantes.

285 2203 601 2261 Num.172.
644 2202 829 2257 Omnia
863 2202 999 2255 dona
1042 2215 1173 2253 nova
1228 2207 1274 2253 et
1304 2208 1489 2251 vetera.
1538 2195 1799 2262 Quoniam

215 2305 327 2351 tam
355 2296 406 2350 in
452 2293 770 2363 patriuchis
796 2303 849 2349 et
892 2291 1167 2362 prophetis
1190 2304 1350 2360 quam
1386 2289 1438 2342 in
1462 2286 1718 2356 aposmlis
1747 2295 1800 2338 et

215 2389 542 2460 utanyribus
571 2403 670 2458 ego
692 2388 806 2458 ipse
833 2401 969 2442 nova
999 2394 1053 2440 et
1087 2394 1263 2439 vetera
1291 2381 1502 2437 servavi
1528 2378 1620 2435 tibi
1640 2396 1654 2446 ;
1678 2378 1801 2448 quia

213 2481 295 2536 illi
343 2489 395 2536 te
425 2479 974 2547 pronuntiaveruntet
1002 2476 1353 2532 crediderunt
1378 2483 1679 2536 venturum,
1716 2471 1801 2525 isti

216 2573 513 2644 prmdicarc
542 2587 647 2627 non
674 2571 924 2626 desinunt
949 2584 1017 2625 ex
1059 2568 1274 2637 Virgine
1295 2578 1475 2620 natum
1505 2581 1568 2619 ac
1590 2578 1685 2634 pro
1713 2577 1801 2615 sa—

219 2670 330 2721 lttte
355 2666 596 2720 omnium
623 2680 857 2735 passum,
883 2672 935 2719 et
959 2673 1079 2734 post
1096 2663 1544 2718 resurrectionem
1569 2659 1620 2713 in
1639 2656 1805 2713 caelos

219 2768 574 2827 assumptum.

275 2849 779 2905 (ΖΑΡ.ν111.-Νιιιη.
797 2848 916 2905 173.
944 2848 1068 2913 Quis
1082 2848 1205 2902 mihi
1226 2846 1307 2900 det
1325 2854 1372 2899 te
1388 2848 1597 2916 fratrem
1621 2859 1808 2897 meum.

221 2944 377 3015 Sugit
407 2944 569 2998 ubera
599 2945 785 2998 matris
811 2943 1058 2998 Christus
1085 2957 1205 2997 cum
1235 2939 1505 3010 mysteriis
1535 2937 1725 3006 prisca:
1746 2927 1813 2991 le.

222 3038 307 3107 gis
330 3038 565 3093 reficitur
606 3038 945 3094 Christianus
976 3035 1223 3106 populus,
1259 3036 1337 3087 vel
1369 3049 1489 3088 cum
1519 3030 1813 3101 spirituali-

224 3132 328 3187 bus
370 3132 719 3187 sacramentis
760 3130 1011 3186 doctores
1068 3138 1123 3183 et
1163 3127 1402 3198 piissima
1451 3123 1809 3195 expositione,

227 3236 481 3295 tanquam
513 3239 640 3278 vero
666 3224 803 3278 lacte
835 3222 1102 3277 reﬁciunt.

303 3339 463 3393 Num.
494 3339 615 3393 17.1.
647 3337 713 3393 Ut
764 3338 1017 3392 inveniam
1061 3348 1107 3390 te
1132 3336 1273 3405 foras
1317 3343 1364 3389 et
1394 3331 1611 3387 osculer.
1646 3330 1712 3387 Ut
1741 3341 1815 3399 te,

229 3432 442 3502 inquit,
472 3446 630 3499 quem
670 3430 873 3485 Veteris
928 3428 1256 3485 Testamenti
1307 3427 1489 3497 ﬁgurae
1539 3425 1814 3495 tegebant,

230 3540 334 3595 per
362 3523 729 3593 Evangelium,
759 3538 857 3593 ego
910 3521 965 3576 in
1006 3522 1233 3575 veritate
1264 3523 1550 3589 reperiam.
1587 3518 1652 3572 Et
1684 3518 1820 3571 bene

232 3620 314 3673 ait
344 3634 359 3672 ε
392 3618 468 3673 Te
503 3618 631 3674 loris
662 3617 953 3683 inveniam,
1009 3616 1133 3686 quia
1180 3615 1253 3669 illi
1284 3614 1485 3684 juniori
1512 3612 1619 3666 tilio
1644 3610 1714 3665 de
1736 3625 1823 3663 re-

232 3712 399 3779 gione
428 3711 710 3780 longinqui
744 3710 1011 3773 redeunti,
1039 3721 1190 3778 pater
1218 3709 1269 3763 in
1304 3722 1586 3763 occursum
1613 3718 1825 3775 regres-

232 3817 333 3856 sus
364 3810 448 3856 est
480 3802 632 3872 (Luc.
662 3802 753 3871 sv)
780 3818 796 3856 :
838 3811 892 3856 ut
918 3802 1183 3858 deosculer
1207 3809 1274 3866 te,
1308 3800 1498 3870 inquit,
1533 3810 1587 3852 ut
1614 3798 1709 3853 tibi
1741 3811 1826 3852 re-

233 3894 518 3950 conciliari
552 3909 793 3959 merear;
826 3903 871 3947 et
908 3896 1023 3966 jam
1054 3909 1200 3945 nemo
1240 3908 1318 3946 me
1338 3892 1611 3962 despiciet;
1638 3889 1828 3945 videli-

233 3995 328 4040 cet
355 3996 410 4039 ut
436 4000 542 4039 non
570 3984 780 4039 dicatur
810 3986 965 4041 l’etro
988 4026 1002 4049 ,
1054 4000 1151 4053 pro
1196 3984 1444 4039 Cornelio
1474 3997 1629 4051 quem
1657 3980 1824 4048 gratia

233 4074 471 4145 Spiritus
497 4078 667 4130 sancti
701 4088 1030 4145 prtevenerat
1062 4094 1075 4129 :
1112 4074 1284 4139 Quare
1327 4074 1548 4128 introisti
1580 4072 1649 4125 ad
1697 4076 1829 4126 viros

238 4173 551 4241 prirputium
570 4169 826 4235 habentes,
856 4178 904 4222 et
928 4168 1250 4221 manducasti
1269 4184 1381 4220 cuin
1404 4168 1551 4221 illis?
1589 4166 1697 4221 Sed
1716 4164 1831 4234 ipse

240 4262 436 4316 Petrus
459 4264 768 4332 pronuntiet
792 4278 805 4315 :
834 4260 895 4314 In
918 4262 1130 4315 veritate
1151 4265 1424 4333 comperio,
1457 4260 1695 4330 quoniam
1718 4273 1833 4328 pcr-

238 4370 486 4408 sonarum
529 4355 756 4423 acceptio
810 4372 909 4408 non
968 4363 1041 4410 est
1097 4356 1234 4423 apud
1266 4353 1451 4420 Deum,
1496 4352 1584 4406 sed
1614 4354 1665 4406 in
1696 4350 1835 4405 omni

241 4448 380 4510 loco,
408 4458 455 4499 et
481 4447 532 4500 in
561 4448 699 4500 omni
728 4457 892 4519 gente,
939 4448 1028 4517 qui
1054 4448 1193 4501 timet
1227 4462 1342 4501 eum
1369 4457 1416 4499 et
1446 4457 1692 4515 operatur
1713 4444 1835 4514 jus-

240 4542 433 4607 titiam,
466 4552 699 4612 acceptus
731 4552 804 4596 est
842 4544 919 4596 illi
944 4543 1081 4613 (Act.
1111 4560 1138 4596 ι

1897 1981 1986 2051 qui
2024 1981 2074 2032 in
2103 1979 2237 2032 vobis
2280 1986 2351 2031 est
2385 1991 2589 2047 gregem
2618 1973 2735 2039 Dei,
2769 1988 2870 2025 non
2906 1968 3066 2023 coacti
3093 1966 3180 2019 sed
3212 1958 3485 2033 spontanei

1899 2070 1951 2143 (1
1976 2069 2117 2124 Petr.
2152 2068 2225 2139 v).

1970 2164 2127 2219 Num.
2165 2163 2288 2218 178.
2320 2160 2447 2226 Qua:
2484 2168 2557 2212 est
2580 2158 2681 2211 ista
2701 2170 2812 2226 quae
2852 2150 3081 2207 ascendit
3119 2148 3183 2201 de
3229 2146 3431 2200 deserto
3464 2142 3488 2198 ?

1906 2257 2048 2310 Bene
2079 2255 2147 2311 de
2175 2254 2392 2309 deserto
2422 2250 2713 2305 ascendere
2742 2245 3090 2308 describitur,
3119 2240 3200 2294 cui
3233 2236 3488 2307 propheta

1902 2351 2036 2405 dicit
2068 2369 2081 2404 :
2117 2348 2223 2402 Pro
2246 2364 2306 2402 eo
2336 2346 2473 2415 quod
2522 2344 2666 2413 fuisti
2693 2340 2935 2395 derelicta
2982 2346 3030 2389 et
3075 2335 3191 2389 odio
3224 2332 3416 2393 habita,
3444 2337 3489 2382 et

1903 2459 2005 2495 non
2033 2449 2140 2493 erat
2157 2439 2242 2507 qui
2269 2437 2595 2507 pertransirct
2618 2432 2771 2506 (lsai.
2791 2430 2901 2500 Ls),
2925 2438 3027 2483 etc.
3058 2426 3132 2480 De
3154 2422 3306 2492 cujus
3328 2421 3489 2473 etiam

1907 2534 2028 2588 ﬁliis
2060 2534 2109 2586 in
2143 2529 2376 2586 l'salmis
2407 2530 2615 2583 canitur
2647 2544 2659 2578 :
2694 2523 3007 2577 Erraverunt
3034 2521 3082 2571 in
3103 2515 3403 2575 solitudine,
3436 2512 3490 2563 in

1904 2624 2164 2688 siccitate,
2212 2622 2347 2675 viam
2388 2618 2605 2672 civitatis
2649 2612 2976 2667 habitationis
3031 2624 3129 2660 nou
3172 2609 3487 2657 iurauerunt.

1908 2714 2209 2770 Esurientes
2233 2724 2281 2768 et
2308 2713 2552 2775 sitientes,
2576 2708 2748 2762 anima
2774 2721 2949 2760 eorum
2991 2704 3042 2755 in
3070 2700 3248 2767 idipsis
3282 2698 3487 2767 defecit,

1909 2821 1956 2865 et
1985 2810 2333 2863 clamauerunt
2364 2806 2431 2859 ad
2482 2802 2757 2857 Dominum
2785 2815 2902 2852 cum
2944 2795 3331 2857 tribularcntur,
3358 2798 3401 2842 et
3430 2790 3494 2840 tle

1909 2898 2291 2955 necessitatibus
2312 2912 2486 2951 eorum
2508 2893 2732 2947 liberavit
2759 2905 2874 2955 eos;
2897 2887 3106 2942 deduxit
3133 2901 3216 2939 eos
3248 2900 3336 2951 per
3366 2882 3496 2938 viam

1913 3004 2102 3044 rectam
2137 3000 2188 3043 ut
2210 2990 2341 3042 irent
2368 2988 2421 3042 in
2465 2987 2719 3041 ciuitatem
2744 2972 3497 3048 habitationisfl’sal.cv1).ld-

1916 3084 2065 3139 circo
2091 3084 2353 3152 sequitur.

1987 3174 2153 3231 Num.
2182 3174 2304 3229 179.
2340 3172 2553 3226 Deliciis
2576 3172 2798 3243 aﬁlucns.
2828 3167 2979 3224 Unde
3008 3175 3060 3221 ct
3090 3164 3315 3234 [opulus
3343 3162 3502 3217 lsrael

1848 3257 1894 3319 C
1925 3286 1957 3326 e
1982 3271 2198 3327 deserto
2229 3266 2536 3338 egrediens,
2570 3266 2623 3318 in
2653 3274 2850 3317 terram
2886 3258 3256 3328 promissionis
3288 3255 3426 3313 lacte
3455 3263 3505 3308 et

1923 3363 2078 3418 melle
2099 3360 2351 3416 ﬂuentem
2384 3355 2710 3426 ingreditur;
2736 3362 2789 3407 et
2816 3352 2906 3406 ille
2933 3351 3072 3404 ﬁlius
3095 3350 3183 3418 qui
3210 3349 3274 3401 de
3302 3347 3505 3413 siliquis

1923 3468 2207 3524 porcorum
2232 3450 2380 3521 pasci
2404 3448 2626 3518 cupiens
2648 3440 2877 3499 saturari
2910 3457 3013 3495 non
3043 3449 3270 3508 poterat,
3303 3437 3368 3489 ad
3394 3452 3493 3490 con

1922 3548 2121 3601 vivium
2145 3541 2287 3611 quod
2314 3540 2382 3595 de
2415 3537 2595 3609 pingui
2621 3537 2803 3591 occiso
2826 3533 2993 3586 vitulo
3019 3538 3168 3600 pater
3193 3527 3510 3597 praeparavit

1926 3635 2249 3693 reﬁciendas
2281 3631 2567 3687 inducitur.
2596 3627 2699 3681 llas
2729 3625 2949 3680 delicias
2975 3638 3001 3693 τι
3030 3622 3245 3674 deserto
3279 3616 3502 3671 veniens

1928 3726 2194 3791 Ecclesia,
2214 3725 2265 3778 in
2291 3722 2504 3777 Christo
2528 3718 2852 3788 multiplices
2880 3713 3112 3782 reperit;
3136 3719 3187 3764 et
3219 3709 3339 3763 nixa
3361 3724 3512 3774 super

1928 3820 2167 3872 dilectum
2187 3814 2457 3878 scribitur,
2482 3810 2601 3881 quia
2627 3807 2693 3861 ad
2723 3808 2888 3874 ipsam
2915 3820 3007 3874 per
3032 3801 3345 3871 prophetam
3374 3799 3512 3851 idem

1930 3910 2155 3964 dilectus
2182 3906 2315 3961 dicit
2345 3923 2358 3959 :
2390 3903 2499 3974 Ego
2522 3902 2641 3973 feci,
2665 3915 2755 3971 ego
2778 3897 2961 3969 feram,
2988 3911 3077 3967 ego
3093 3892 3328 3964 portabo,
3355 3900 3399 3945 et
3424 3905 3516 3960 ego

1929 3999 2135 4054 salvabo
2159 3995 2315 4069 (lsai.
2343 3995 2492 4063 XLVI)
2510 4033 2523 4046 .

2004 4090 2166 4145 Num.
2195 4087 2318 4143 180.
2355 4086 2461 4143 Sub
2491 4085 2671 4139 arbore
2716 4082 2840 4136 mali
2865 4078 3103 4134 suscitari
3131 4092 3234 4131 vos.
3260 4075 3314 4130 ln
3343 4071 3520 4127 utluri~

1934 4182 2055 4238 fero
2084 4184 2260 4236 crucis
2296 4179 2533 4247 patibulo
2581 4177 2669 4232 ubi
2697 4190 2797 4244 ego
2843 4171 3091 4237 accubui,
3118 4168 3227 4223 illic
3260 4178 3310 4222 te
3338 4181 3366 4219 a
3396 4181 3521 4235 pec-

1935 4286 2173 4330 calorum
2220 4272 2440 4326 interitu
2473 4268 2745 4334 suscitavi,
2774 4263 2988 4335 quando
3017 4272 3068 4319 te
3095 4262 3401 4317 credentem
3447 4256 3524 4310 si-

1935 4382 2039 4437 gno
2069 4364 2243 4419 crucis
2274 4370 2572 4431 praenotare
2593 4358 2867 4431 praecipio.
3460 4358 3461 4361 ‘

2009 4454 2171 4509 Num.
2202 4451 2327 4507 181.
2361 4451 2445 4505 Ibi
2474 4466 2717 4520 corrupta
2761 4460 2834 4501 est
2866 4455 3026 4500 mater
3056 4455 3161 4497 tua.
3196 4440 3299 4497 Ubi
3330 4450 3383 4492 tu
3426 4453 3523 4507 per

1942 4563 2115 4602 tneam
2146 4552 2375 4599 mortem
2417 4541 2665 4597 suscitari
2696 4537 2959 4600 meruisti,
2987 4536 3095 4590 illic
3124 4549 3221 4604 per
3249 4547 3397 4585 suatn
3424 4531 3526 4584 itu-

318 4657 475 4711 Nnm.
504 4657 624 4711 175.
650 4658 1041 4727 Apprehsndam
1063 4668 1134 4726 te,
1163 4666 1208 4711 ct
1234 4658 1419 4710 ducam
1447 4666 1511 4711 te.
1535 4656 1665 4711 Cum
1690 4624 1814 4710 enin

1944 4640 2011 4710 pit
2033 4648 2191 4693 tatem
2225 4636 2502 4707 Synagoga
2526 4642 2679 4702 capta
2711 4640 2793 4685 est
2814 4627 3026 4699 quando
3052 4624 3309 4692 Cruciﬁge
3330 4624 3527 4675 clama-

246 4756 303 4801 te
349 4746 752 4816 apprehendero
839 4748 1039 4816 tibique
1118 4763 1212 4818 per
1281 4747 1439 4801 tidem
1509 4746 1833 4813 adbrescro,

246 4848 416 4893 restat
438 4848 495 4891 ut
523 4838 844 4891 introducam
867 4850 914 4893 te
935 4839 985 4891 in
1012 4839 1219 4892 domum
1248 4838 1423 4891 matris
1448 4852 1570 4890 mea:
1591 4852 1610 4890 :
1639 4837 1691 4890 in
1711 4850 1841 4889 con-

244 4931 616 5003 gregatiouetn
646 4932 899 4986 videlicet
942 4930 1237 4986 Jerusalem
1270 4946 1283 4980 :
1314 4930 1439 4983 illuc
1472 4929 1654 4999 utique
1685 4936 1738 4982 te
1766 4927 1838 4981 in-

249 5020 555 5085 troducnm,
587 5020 801 5091 quando
823 5038 943 5076 cum
974 5022 1223 5075 omnibus
1245 5020 1400 5075 bonis
1431 5035 1547 5089 qua:
1572 5034 1666 5088 per
1694 5028 1837 5074 tuam

244 5118 477 5187 gratiam
510 5128 795 5171 consecuta
828 5132 945 5170 sum
987 5120 1147 5171 etiam
1181 5118 1293 5184 ipsa
1345 5114 1561 5184 perduci
1594 5128 1679 5177 eo,
1738 5113 1840 5167 hoc

248 5222 335 5265 cst
366 5209 432 5264 ad
463 5212 735 5264 C(PlCSlL‘III
772 5209 1220 5281 Hierosolymam,
1258 5221 1529 5263 meruero.

323 5323 483 5379 Num.
520 5323 641 5379 176.
678 5322 761 5377 Ibi
810 5340 888 5377 me
931 5323 1155 5388 docebis,
1209 5334 1254 5376 et
1286 5323 1415 5377 dabo
1455 5320 1545 5375 tibi
1575 5319 1839 5384 poculum.

254 5419 329 5472 Ibi
363 5433 447 5473 tne
469 5418 503 5473 d
528 5418 710 5482 .cebis,
739 5428 792 5471 ut
810 5418 918 5486 jam
945 5432 1049 5469 non
1075 5416 1127 5469 in
1150 5418 1417 5486 ωιιὶειιιιαιε
1438 5430 1527 5482 per
1553 5413 1842 5482 speculum,

253 5510 352 5565 Sid
400 5512 533 5579 facie
564 5511 631 5564 ad
677 5510 858 5579 faciem
912 5508 1151 5575 videam;
1190 5518 1243 5563 et
1274 5523 1377 5562 nou
1408 5521 1472 5559 ex
1514 5514 1660 5575 parte
1707 5506 1849 5557 sicut

256 5620 412 5668 nunc.
436 5606 531 5660 sed
564 5615 681 5658 tunc
704 5620 1003 5677 cognoscam
1025 5605 1153 5658 sicut
1184 5615 1228 5658 et
1258 5604 1489 5672 Cagnilus
1510 5617 1620 5654 sum
1645 5598 1697 5669 (Ι
1724 5597 1844 5653 Cor.

260 5699 405 5768 Mli),
453 5712 508 5757 ut
551 5702 638 5756 illc
686 5702 761 5756 ait
790 5718 802 5755 :
839 5698 902 5752 Et
935 5697 1068 5752 dabo
1096 5697 1185 5751 tibi
1215 5695 1458 5767 poculum
1487 5712 1551 5749 e1:
1580 5698 1693 5748 vino
1735 5709 1852 5746 con-

258 5796 391 5849 dito.
424 5807 468 5848 ct
497 5803 715 5847 mustum
747 5794 1219 5863 ntalogranaforum
1252 5805 1271 5843 :
1312 5787 1525 5858 quando
1548 5789 1777 5859 optimos
1798 5795 1853 5840 et

260 5884 606 5943 dulcissimos
637 5886 914 5959 protulero
954 5898 1248 5957 martyrum
1286 5891 1590 5942 sanctorum
1617 5882 1849 5951 fructus,

1942 4733 2026 4787 bat
2047 4749 2061 4799 ;
2086 4741 2160 4795 et,
2187 4729 2412 4799 Sanguis
2444 4729 2599 4799 hujus
2625 4742 2774 4795 super
2804 4740 2895 4777 nos
2926 4733 2971 4776 ct
2990 4737 3143 4790 super
3168 4718 3306 4789 filios
3329 4726 3529 4769 nostros

1943 4822 2095 4894 (an.
2120 4820 2295 4891 mu),
2332 4819 2499 4874 Pilato
2521 4818 2804 4888 iudicante
2830 4811 3129 4884 respondit.

2014 4936 2173 4991 Num.
2204 4933 2330 4989 182.
2350 4931 2494 4987 Pone
2515 4948 2593 4986 me
2618 4941 2669 4985 ut
2696 4929 3039 5002 signaculum.
3059 4926 3133 4982 lta
3158 4936 3212 4979 ut
3235 4941 3355 4980 cum
3385 4923 3533 4977 Psal—

1944 5030 2102 5084 mista
2133 5028 2313 5082 dicere
2362 5027 2557 5096 possis,
2591 5025 2867 5096 Signatum
2904 5031 2978 5075 est
3030 5036 3184 5089 super
3212 5036 3304 5072 nos
3360 5019 3533 5069 lumen

1944 5118 2112 5173 vultus
2142 5120 2238 5186 tui,
2275 5117 2511 5181 Domine,
2537 5116 2719 5169 dedisti
2736 5112 3033 5168 la‘tiliamin
3062 5110 3210 5164 corde
3230 5106 3529 5177 meo(Psal.

1950 5213 2045 5280 tv).
2079 5210 2341 5278 Quoniam
2397 5220 2733 5275 quaecunque
2760 5206 2969 5273 signata
3001 5214 3123 5255 sunt
3171 5198 3327 5253 facile
3362 5210 3527 5251 teme-

1946 5304 2053 5359 rari
2087 5318 2190 5358 non
2224 5311 2475 5369 possunt,
2506 5302 2584 5352 sic
2612 5298 2793 5367 recipe
2824 5296 2979 5351 ﬁdem
3013 5308 3209 5358 meam,
3234 5300 3289 5344 ut
3313 5305 3429 5344 eam
3455 5289 3537 5343 in-

1950 5405 2154 5466 tcgratu
2201 5394 2570 5462 illibatamque
2599 5390 2897 5453 custodias,
2951 5396 3005 5440 ct
3047 5390 3202 5455 quem
3248 5398 3342 5453 per
3363 5381 3538 5435 crucis

1954 5485 2289 5557 signaculum
2340 5482 2596 5553 accepisti
2631 5482 2944 5536 thesaurum
2970 5477 3193 5547 justitia:
3216 5487 3375 5541 quem
3406 5471 3456 5522 iu
3489 5480 3541 5522 te

1954 5578 2181 5642 coiituli,
2214 5591 2242 5629 a
2274 5574 2419 5629 nullo
2443 5572 2560 5630 iure
2597 5569 3012 5642 contingendmu
3043 5566 3152 5619 ullo
3184 5578 3271 5617 mo
3293 5565 3341 5615 lo
3374 5560 3540 5629 perti-

1957 5685 2185 5726 1118δεὶ15.

2030 5787 2187 5841 Nunt.
2221 5786 2337 5840 183.
2377 5783 2446 5841 Ut
2476 5778 2795 5850 signaculum
2829 5788 2956 5844 pone
2978 5787 3074 5825 me.
3104 5768 3355 5824 Primitus
3386 5780 3547 5830 super

1960 5896 2075 5953 θυιί
2096 5880 2398 5947 illdcwper
2426 5872 2705 5939 brachium
2726 5865 3054 5943 signaculum
3082 5859 3553 5938 ...p,.n,.,u._.udum
