3942 6344
467 387 562 442 991

1164 398 1220 455 S.
1258 397 1444 455 JUSTI
1485 395 1739 452 URGEL.
1784 394 1848 450 IN
1890 394 2190 453 CANTlCA
2227 398 2670 460 CANTICORUM
2711 402 3146 462 EXPLICATIO.

3651 412 3765 469 (’32

468 505 702 575 intellige
735 525 748 562 :
780 508 831 563 id
860 518 968 576 est,
993 519 1056 566 ut
1083 519 1190 567 tam
1221 514 1274 569 in
1303 516 1626 584 cogitatione
1653 529 1815 584 quam
1842 515 1895 569 itt
1923 531 2055 584 cpe-
2083 519 2134 579 Α
2164 519 2402 575 Ecclesia
2433 519 2812 590 disponuntur,
2839 532 3091 594 tauquam
3121 525 3527 597 propugnacula
3549 541 3757 598 argen-

467 613 554 662 re,
588 603 652 653 ad
682 617 858 656 meum
899 605 1109 672 signum
1134 621 1416 672 accurras;
1461 623 1524 664 ac
1552 619 1621 675 te,
1654 623 1749 677 per
1779 609 1911 675 hoc,
1946 625 2054 664 non

466 692 704 760 alterius,
733 697 828 750 sed
855 699 959 753 mei
987 715 1107 756 esse
1125 702 1696 776 demonstres;meque
1717 715 2052 777 contutante,

466 786 667 855 integra
701 803 1039 857 perseveres.

534 884 688 940 Num.
731 887 851 942 184.
900 890 1036 956 Quia
1071 893 1221 962 fortis
1269 903 1321 948 ut
1378 912 1517 950 mors
1567 897 1774 951 dilectio
1831 908 1940 953 tua.
1994 898 2048 954 In

463 983 665 1030 tantum
709 979 868 1035 dilexi
915 991 988 1049 te,
1040 995 1096 1038 ttt
1127 986 1263 1041 mori
1298 987 1557 1042 voluerim
1605 1004 1702 1058 pro
1732 999 1811 1056 te;
1853 999 1908 1046 et
1935 990 2050 1046 haec

461 1080 579 1124 erat
616 1070 878 1130 fortitudo
925 1078 1149 1145 amoris,
1204 1080 1471 1136 acerbitas
1520 1085 1732 1136 mortis.
1780 1083 1926 1138 Dura
1966 1099 2050 1140 au-

463 1174 568 1217 tem
601 1165 731 1219 sicut
763 1166 1004 1224 infernus
1033 1173 1335 1239 aemulatio;
1368 1183 1426 1228 ut
1452 1176 1621 1230 sancti
1647 1192 1861 1247 quoque
1887 1192 2050 1233 econ-

463 1256 626 1309 trario
650 1273 745 1325 pro
770 1260 986 1316 Christo
1013 1264 1182 1318 occidi
1213 1280 1318 1319 non
1347 1275 1608 1332 metuant,
1639 1283 1797 1337 quem
1825 1284 1924 1338 pro
1947 1283 2044 1324 sua

460 1348 629 1402 salute
652 1363 876 1407 mortem
909 1357 1213 1424 suscepisse
1235 1359 1353 1414 sine
1377 1359 1541 1414 dubio
1569 1371 1958 1432 cognoverunt.

529 1439 689 1493 Nunt.
718 1441 841 1497 185.
873 1443 1163 1515 Lampades
1192 1451 1325 1520 ejus,
1364 1451 1624 1521 lampades
1648 1454 1801 1523 ignis.
1832 1454 1973 1510 Vasa
1993 1454 2044 1508 in

457 1529 649 1592 quibus
697 1534 942 1590 castistas
991 1538 1218 1605 habitat,
1261 1555 1477 1612 semper
1523 1553 1648 1599 sunt
1690 1544 1968 1614 splendida
1991 1553 2046 1600 et

455 1620 684 1689 Spiritus
714 1627 884 1681 sancti
915 1629 1034 1699 igne
1066 1629 1345 1688 ferventia.

526 1720 686 1777 Num.
722 1725 842 1780 186.
892 1729 1052 1797 Ατιιιω
1073 1734 1250 1787 multa:
1279 1751 1382 1789 non
1407 1745 1687 1806 potuerunt
1715 1738 2039 1807 exstinguere

456 1814 778 1883 charitatem,
811 1833 911 1873 nec
958 1820 1176 1877 ﬂumina
1209 1823 1441 1880 obruent
1488 1826 1654 1893 illam,
1689 1843 1789 1883 nec
1819 1829 2043 1884 tribula-

457 1905 660 1970 tiones;
719 1908 883 1964 nulla:
918 1914 1209 1980 quamlibet
1239 1917 1430 1972 valida:
1475 1920 1877 1988 persecutiones
1903 1922 2040 1977 dile-

453 1997 686 2052 ctionem
715 2016 835 2070 quae
864 2012 946 2057 est
973 2021 1036 2060 ex
1061 2007 1192 2078 Deo,
1223 2010 1308 2064 vel
1342 2011 1483 2066 circa
1510 2012 1697 2079 Deum,
1729 2014 2043 2082 perturbare

452 2087 534 2139 vel
566 2088 780 2145 vincere
803 2104 1048 2162 possunt,
1083 2100 1382 2155 secundum
1415 2103 1543 2157 illud
1571 2105 1715 2172 quod
1751 2107 2040 2174 Apostolus

450 2175 580 2230 dicit
609 2195 623 2234 :
654 2179 781 2246 Quis
807 2199 898 2237 nos
943 2189 1203 2256 separabit
1227 2207 1258 2244 a
1289 2191 1536 2247 charitale
1576 2193 1809 2250 Christi?
1837 2214 1902 2250 an
1948 2199 2041 2252 tri-

449 2264 664 2334 bulatio,
697 2286 764 2323 an
789 2278 1050 2343 angustia,
1083 2295 1147 2331 an
1181 2284 1491 2349 persecutio,
1525 2301 1590 2338 an
1630 2285 1813 2354 fames,
1845 2306 1911 2341 an
1941 2306 2042 2342 nu-

446 2355 605 2424 ditas,
629 2377 694 2414 an
715 2361 940 2432 gladius,
970 2382 1037 2420 an
1061 2371 1348 2436 periculum
1365 2375 1388 2427 ?
1408 2384 1576 2430 certus
1602 2393 1716 2430 sum
1744 2379 1879 2432 enim
1919 2380 2039 2448 quia

446 2464 609 2517 neque
640 2468 800 2517 mors,
826 2472 988 2525 neque
1016 2461 1138 2524 vita,
1170 2475 1332 2530 neque
1361 2466 1554 2533 angeli,
1585 2483 1747 2536 neque
1769 2471 2034 2540 principa-

445 2548 546 2603 tus,
579 2556 740 2611 neque
769 2545 1043 2613 excelsum,
1071 2565 1230 2618 neque
1253 2555 1591 2622 profundum,
1615 2573 1774 2627 neque
1803 2570 2038 2615 creatura

442 2632 549 2685 alia
577 2639 759 2704 poterit
792 2655 884 2693 nos
934 2657 1174 2706 separare
1199 2662 1231 2700 a
1270 2648 1523 2703 charitate
1561 2651 1679 2720 Dei,
1705 2671 1823 2709 aute
1861 2666 1937 2711 est
1981 2659 2035 2712 in

442 2720 642 2778 Christo
664 2726 789 2780 Jesu
816 2726 1037 2785 Domino
1061 2744 1234 2789 nostro
1262 2736 1443 2806 (Rom.
1472 2739 1608 2810 vm).

511 2815 668 2870 Num.
709 2818 831 2873 187.
878 2821 940 2877 Si
969 2824 1165 2879 dederit
1219 2828 1369 2882 homo
1412 2847 1610 2885 omnem
1663 2835 2031 2894 substantiam.

439 2904 711 2976 Tanquam
736 2910 879 2966 dicat
913 2930 925 2964 :
959 2913 1028 2968 Et
1057 2917 1104 2969 si
1151 2918 1460 2975 distribuere
1491 2924 1543 2977 in
1577 2925 1715 2979 cibos
1741 2945 2030 2999 pauperum

437 3011 609 3050 omnes
630 2999 897 3067 facultates
918 3020 1078 3073 meas,
1112 3018 1160 3062 et
1186 3009 1235 3062 si
1266 3012 1530 3068 tradidero
1557 3032 1741 3085 corpus
1773 3035 1943 3073 meum
1972 3031 2029 3077 ut

436 3089 670 3158 ardeam,
691 3095 995 3151 charitatem
1011 3109 1181 3154 autem
1205 3119 1305 3157 non
1327 3103 1564 3174 habeam,
1595 3109 1728 3162 nihil
1751 3113 1878 3166 mihi
1905 3130 2028 3183 pro-

435 3183 545 3236 dest
565 3183 616 3253 (I
633 3187 753 3242 Cor.
777 3191 921 3260 xm).
950 3191 1060 3249 [lac
1081 3196 1224 3250 enim
1245 3198 1373 3252 nihil
1391 3201 1701 3269 pretiosius,
1717 3206 2022 3266 utJoannes

2163 622 2245 668 tea
2277 615 2444 669 muris
2465 616 2810 683 adjiciuntur.

2229 728 2384 784 Num.
2421 729 2544 784 191.
2579 729 2638 782 Si
2661 732 2843 783 ostium
2887 739 2981 794 est,
3016 731 3597 800 compingamuuDicit
3624 731 3758 785 Pro-

2155 825 2311 892 pheta
2342 822 2394 876 in
2424 821 2651 876 Psalmis
2692 839 2704 873 :
2735 821 2897 887 Pone,
2931 821 3172 886 Domine,
3197 825 3481 875 custodiam
3511 824 3591 876 ori
3617 841 3756 890 meo,

2153 922 2201 966 et
2226 913 2410 966 ostium
2439 914 2832 966 circumstantiae
2861 913 3013 966 labiis
3036 914 3159 967 meis
3180 912 3352 984 (Psal.
3379 914 3528 972 CIL).
3564 914 3757 983 Itaque

2153 1005 2199 1059 si
2238 1007 2463 1074 estquis
2494 1005 2721 1060 idoneus
2768 1005 2834 1058 ad
2894 1005 3239 1076 loquendum,
3272 1016 3327 1060 et
3353 1007 3496 1060 velut
3542 1007 3753 1060 ostium

2151 1097 2290 1166 quod
2315 1098 2552 1165 aperitur
2574 1107 2627 1153 et
2666 1097 2958 1164 clauditur,
3008 1107 3217 1166 tempus
3255 1098 3509 1168 loquendi
3553 1101 3643 1152 viil
3669 1111 3752 1153 ta-

2150 1191 2305 1244 cendi
2338 1191 2618 1260 intelligit;
2652 1190 2754 1246 hoc
2786 1191 2891 1244 tale
2914 1192 3107 1245 ostium
3131 1190 3330 1245 tabulis
3356 1192 3752 1246 cedriniscom-

2152 1282 2447 1351 pingamus,
2476 1293 2532 1337 ut
2556 1284 2680 1336 dum
2715 1283 3044 1338 odoriferum
3069 1284 3270 1352 lignum
3316 1284 3368 1337 in
3399 1299 3455 1337 se
3477 1286 3744 1353 suscepit,

2149 1389 2270 1427 cum
2300 1373 2464 1429 Paulo
2492 1375 2675 1430 dicere
2707 1377 2920 1445 possit:
2954 1376 3091 1430 Mihi
3128 1379 3256 1431 absit
3300 1378 3515 1447 gloriari
3562 1381 3670 1432 nisi
3693 1381 3747 1432 in

2148 1481 2294 1519 cruce
2321 1463 2532 1520 Domini
2559 1468 2722 1521 nostri
2749 1468 2782 1521 J
2789 1484 2878 1521 esu
2907 1466 3117 1536 Christi,
3152 1485 3240 1538 per
3263 1485 3413 1538 quem
3435 1470 3563 1523 mihi
3588 1487 3720 1523 nam

2148 1558 2244 1611 dus
2273 1559 2549 1628 cruciﬁxus
2574 1569 2670 1626 est,
2699 1568 2748 1614 et
2775 1577 2868 1632 ego
2888 1563 3078 1615 mundo
3109 1560 3252 1633 (Gal.
3275 1562 3374 1632 v1).

2218 1670 2376 1725 Num.
2408 1671 2528 1725 192.
2555 1670 2668 1742 Ego
2691 1689 2870 1727 murus
2890 1683 2936 1728 et
2958 1673 3114 1727 ubera
3137 1690 3246 1728 mea
3267 1675 3396 1728 sicut
3414 1676 3589 1730 turris.
3621 1675 3742 1732 Vox

2147 1763 2404 1822 Ecclesiae
2431 1775 2536 1832 est,
2561 1775 2669 1821 tam
2695 1766 2746 1821 itt
2773 1766 2878 1823 lide
2903 1783 3062 1836 quam
3091 1783 3188 1837 pro
3221 1769 3327 1823 ﬁde
3359 1769 3700 1839 prolicientis
3724 1789 3738 1823 :

2154 1856 2261 1927 Ego
2299 1874 2510 1925 murus;
2540 1859 2663 1929 quia
2697 1859 2811 1927 ipse
2857 1859 3140 1912 aediﬁcavit
3168 1874 3254 1914 me
3282 1862 3371 1929 qui
3398 1857 3740 1915 fortissimus

2148 1956 2345 2018 pugnat
2374 1964 2468 2018 pro
2490 1965 2594 2007 me.
2621 1949 2687 2002 Et
2710 1950 2863 2004 ubera
2885 1967 2992 2003 mea
3009 1952 3140 2004 sicut
3167 1952 3342 2005 turris.
3376 1951 3740 2009 Constr-uente

2146 2043 2279 2109 Deo,
2305 2043 2624 2112 proceritate
2647 2043 2872 2112 iustitiae
2914 2054 3220 2108 creverunt,
3253 2053 3308 2099 et
3338 2044 3390 2097 in
3423 2061 3508 2097 me
3540 2061 3738 2112 parvu-

2145 2135 2228 2189 los
2253 2134 2342 2202 qui
2375 2133 2428 2188 in
2461 2133 2677 2189 Christo
2725 2143 2868 2198 sunt,
2902 2133 3177 2200 nutriunt;
3209 2145 3263 2190 et
3293 2135 3466 2190 donec
3508 2135 3576 2188 ad
3608 2150 3734 2202 per-

2145 2225 2391 2281 fectionis
2431 2227 2606 2281 cibum
2669 2229 3005 2295 perveniant,
3039 2241 3134 2281 eos
3182 2228 3413 2281 educare
3451 2241 3559 2280 non
3590 2226 3735 2281 desi-

2142 2328 2296 2386 ttunt,
2324 2319 2674 2389 quoadusque
2715 2320 2794 2374 cis
2821 2334 2958 2374 voce
2987 2319 3261 2387 sapientiae
3308 2319 3519 2372 dicatur
3562 2336 3576 2372 :
3629 2319 3734 2373 Re-

2141 2411 2355 2481 linquite
2386 2411 2682 2483 infantiam,
2735 2422 2782 2466 et
2829 2413 2992 2466 venite
3027 2411 3294 2465 ambulare
3332 2429 3420 2482 per
3448 2414 3557 2467 vias
3594 2434 3734 2484 pru-

2140 2501 2345 2557 dentiaz.

2209 2613 2367 2668 Num.
2397 2614 2519 2670 195.
2554 2613 2637 2669 Ea:
2672 2631 2772 2684 quo
2822 2616 2960 2686 facta
2996 2632 3110 2669 sum
3159 2632 3333 2670 coram
3374 2633 3454 2670 eo.
3511 2613 3592 2670 Ex
3623 2635 3731 2686 quo

2137 2703 2352 2759 Christo
2383 2719 2569 2774 pacem
2600 2705 2798 2775 reperi,
2852 2721 2917 2762 ex
2946 2721 3012 2761 eo
3043 2717 3097 2763 et
3145 2724 3422 2764 murorum
3475 2710 3730 2778 prmsidia

2137 2804 2192 2850 et
2219 2797 2449 2851 turriunt
2483 2800 2886 2867 pr0pugnacula
2941 2814 3063 2854 cum
3097 2800 3294 2857 decore
3332 2805 3570 2870 suscepi,
3602 2820 3729 2859 cum

2136 2888 2216 2941 eis
2245 2887 2311 2941 ab
2338 2901 2405 2942 eo
2433 2889 2521 2955 qui
2545 2904 2630 2944 me
2659 2889 2905 2945 condidit
2933 2893 3127 2947 civitas
3153 2908 3275 2948 esse
3303 2898 3599 2963 promerui,
3635 2896 3728 2950 ha-

2135 2975 2269 3031 bens
2299 2978 2630 3034 munimenta
2660 2981 2716 3035 in
2755 2983 2981 3049 sanctis,
3014 2991 3069 3038 et
3109 2982 3365 3039 decorent
3399 2986 3643 3039 retinens
3676 2987 3726 3039 in

2131 3071 2338 3127 cloelis.

2202 3186 2363 3241 Num.
2395 3184 2518 3241 194.
2557 3186 2720 3241 Vinea
2750 3189 2848 3260 fuit
2878 3189 3112 3259 paciﬁca.
3142 3189 3362 3245 Cultura
3397 3193 3618 3246 assidua
3643 3192 3714 3246 ad

433 3276 705 3341 apostolus
724 3277 797 3333 ait
833 3298 844 3333 :
875 3281 1007 3348 Quia
1043 3284 1178 3340 Deus
1204 3286 1433 3345 charilas
1451 3301 1527 3346 est
1538 3300 1628 3358 ;et
1657 3295 1747 3363 qui
1773 3311 1943 3355 manet
1970 3303 2023 3358 in
2057 3277 2102 3339 θ
2135 3275 2303 3330 “ibi”
2334 3286 2416 3333 ⁸⁸⁸
2440 3292 2471 3331 ³
2500 3276 2716 3333 Christo
2764 3279 2816 3333 in
2864 3280 3102 3336 Ε⁰⁰¹θ⁵ί³
3137 3297 3255 3351 qum
3292 3283 3416 3338 “'05
3448 3283 3608 3338 hab“
3631 3302 3722 3352 po‘

432 3371 683 3429 charitate
713 3376 766 3430 in
793 3375 904 3432 Deo
933 3392 1124 3438 manet.

505 3463 663 3521 Num.
700 3468 822 3525 188.
855 3471 1017 3526 Soror
1047 3485 1221 3532 nostra
1250 3496 1429 3548 parva,
1464 3491 1513 3537 et
1541 3487 1697 3542 ubera
1719 3505 1820 3543 non
1847 3490 2018 3548 habet.

432 3556 670 3612 Ecclesia
694 3576 757 3614 ex
787 3565 1036 3630 gentibus
1066 3554 1311 3638 veniens,
1339 3573 1488 3628 rudis
1511 3577 1687 3633 adhuc
1710 3582 1774 3633 ad
1795 3583 2021 3640 creden—

430 3648 578 3716 dunt,
610 3661 663 3703 et
695 3668 792 3707 nec
817 3654 941 3709 dum
963 3659 1186 3726 praedita
1205 3663 1333 3718 viris
1356 3667 1578 3724 eruditis
1605 3670 1670 3724 ad
1690 3671 2018 3744 docendunt,

428 3740 725 3796 secundum
756 3746 899 3814 quod
929 3749 1217 3816 Apostolus
1248 3754 1483 3824 loquitur
1513 3776 1526 3812 :
1559 3759 1681 3816 Non
1711 3767 1857 3832 potui
1880 3740 2021 3823 vobis

428 3831 567 3900 loqui
593 3836 740 3899 quasi
766 3838 1140 3907 spiritualibus,
1159 3845 1248 3898 sed
1265 3853 1512 3916 lanqumn
1539 3831 1763 3919 parvulis
1793 3856 1845 3908 in
1870 3855 2020 3911 Chri-

428 3932 502 3975 sto
529 3925 606 3977 lac
631 3927 767 3980 vobis
789 3940 966 3997 potum
991 3933 1131 3999 dedi,
1162 3953 1262 3989 non
1291 3954 1490 4007 escam;
1522 3946 1747 3998 nondum
1770 3951 1903 4002 enint
1927 3967 2014 4019 po-

428 4018 625 4081 teratis,
661 4021 751 4072 srd
781 4038 871 4073 nec
900 4024 1108 4090 quidem
1138 4027 1309 4080 adhuc
1365 4033 1606 4096 potestis,
1661 4037 1832 4090 adhuc
1885 4018 2020 4094 enim

426 4106 545 4196 cs'is
574 4108 807 4162 carnales
840 4111 887 4180 (1
919 4111 1039 4165 Cor.
1067 4115 1167 4183 tu).
1204 4115 1270 4169 Et
1299 4117 1426 4172 alibi
1457 4137 1470 4173 :
1506 4119 1793 4178 Scecularia
1815 4128 2020 4196 judicia

430 4196 472 4246 si
501 4195 803 4263 habueritis,
831 4208 1234 4276 contemptibiles
1264 4215 1352 4280 qui
1379 4224 1496 4267 sunt
1527 4216 1578 4268 in
1612 4195 1864 4289 Ecclesia,
1899 4223 2018 4277 illos

426 4290 718 4346 constituite
761 4295 830 4345 ad
866 4297 1234 4364 judicandum.
1291 4306 1371 4358 Ad
1401 4311 1761 4365 verecundiam
1799 4322 2017 4369 vestiam

426 4381 540 4433 dico
570 4399 587 4435 :
618 4384 663 4436 si
687 4401 786 4438 non
814 4397 888 4439 est
935 4389 1066 4442 inter
1095 4408 1182 4445 vos
1212 4396 1418 4465 sapiens
1441 4399 1711 4468 quisquam
1740 4404 1826 4473 qui
1856 4407 2017 4474 possit

425 4474 657 4539 judicare
686 4479 820 4532 inter
843 4483 1056 4548 fratrem
1087 4500 1240 4538 suum
1267 4485 1322 4559 (I
1349 4487 1474 4543 Cor.
1509 4489 1617 4559 Vt)?
1646 4491 1779 4548 Dum
1830 4511 1923 4551 eos
1961 4497 2014 4552 in

424 4575 566 4622 tanta
603 4573 1043 4638 pusillanimitate
1091 4578 1384 4648 redarguit,
1421 4583 1608 4653 utique
1633 4584 1809 4640 adltuc
1840 4588 2014 4655 pusil-

2128 3368 2282 3436 pulos
2311 3368 2378 3423 de
2407 3368 2601 3438 quibus
2625 3369 2677 3424 in
2705 3370 2933 3426 Psalmis
2958 3374 3170 3428 canitur
3201 3390 3216 3428 :
3251 3374 3480 3428 l’lanlati
3506 3377 3721 3430 indomc

2126 3458 2360 3530 Domini,
2383 3463 2434 3515 in
2456 3465 2600 3517 atriis
2617 3463 2710 3518 Dei
2735 3466 2894 3518 nostri
2915 3467 3168 3534 ﬂorebunt
3187 3466 3503 3539 (Ρδαι.ιει).
3530 3469 3719 3522 Tradi-

2124 3553 2198 3606 dit
2221 3571 2332 3606 eant
2362 3555 2678 3611 custodibus.
2696 3556 2978 3612 Commisit
3001 3574 3119 3613 eam
3145 3560 3434 3629 regendam
3459 3563 3721 3630 apostolis

2123 3647 2207 3702 vel
2235 3647 2639 3702 successoribus
2662 3663 2846 3703 eorum
2871 3651 3161 3720 episcopis.
3193 3652 3274 3706 Ad
3303 3655 3605 3722 quam,sub
3623 3672 3720 3709 no-

2124 3737 2269 3792 mine
2285 3736 3023 3803 Jerusalem,dicitDominus
3054 3757 3150 3810 per
3174 3742 3488 3810 pr0phetam
3510 3759 3524 3796 :
3545 3743 3719 3812 Super

2123 3840 2171 3883 te
2200 3837 2247 3881 et
2278 3844 2431 3898 super
2459 3845 2631 3883 muros
2663 3841 2778 3884 tuos
2809 3833 2958 3900 posui
2987 3835 3221 3887 custodes
3261 3845 3394 3899 tuos,
3426 3846 3533 3890 tota
3560 3839 3645 3892 die
3670 3849 3718 3893 et

2120 3933 2286 3989 nocte,
2312 3938 2469 3993 usque
2488 3923 2539 3976 in
2571 3923 2725 3992 ﬁnem
2753 3925 3093 3979 contacebunt
3117 3925 3278 3998 (Isai.
3311 3931 3463 3996 un).

2192 4036 2351 4092 Num.
2381 4036 2504 4093 195.
2541 4037 2633 4092 Vir
2664 4040 2811 4109 a/fert
2839 4040 3038 4109 fructus
3067 4042 3178 4109 ejus
3207 4041 3348 4093 mille.
3367 4051 3655 4111 argenteos.

2122 4126 2367 4182 Christus
2399 4129 2467 4182 de
2496 4144 2603 4198 quo
2633 4129 2892 4198 prOpltcta
2925 4130 3052 4184 dicit
3086 4148 3098 4183 :
3129 4130 3258 4184 Ecce
3284 4133 3381 4196 vir,
3409 4131 3595 4185 Oriens
3624 4149 3711 4185 no-

2119 4235 2232 4272 men
2255 4223 2365 4289 ejus
2393 4220 2577 4288 (Zach.
2605 4221 2702 4290 νι).
2728 4219 3056 4292 Compensat
3084 4239 3305 4292 regnum
3335 4224 3594 4279 cmlorunt
3618 4240 3711 4293 pro

2120 4312 2320 4366 sanctis
2369 4312 2642 4368 laboribus
2689 4312 2773 4368 vel
2803 4313 3189 4385 eleemosynis,
3249 4316 3545 4370 secundum
3582 4316 3708 4370 illud

2120 4413 2260 4481 quod
2293 4411 2348 4465 in
2383 4412 2677 4484 Evangelio
2723 4410 2920 4488 dicitur
2951 4425 2965 4462 :
3003 4407 3206 4472 Venite,
3237 4408 3492 4462 benedich
3541 4407 3710 4461 Patris

2119 4504 2236 4568 mei,
2269 4504 2516 4571 percipite
2547 4518 2758 4573 regnum
2780 4502 2918 4570 quod
2947 4501 3086 4554 vobis
3125 4510 3360 4569 paratum
3390 4511 3466 4553 cst
3519 4502 3582 4553 ab
3607 4502 3710 4555 ori-

2119 4594 2235 4662 gine
2259 4594 2459 4656 mundi,
2496 4595 2618 4663 quia
2645 4593 2851 4658 esurivi,
2881 4602 2925 4645 et
2953 4592 3165 4645 dedistis
3205 4591 3327 4644 mihi
3377 4593 3707 4657 manducare,

422 4656 524 4714 lam
558 4664 609 4714 itt
638 4663 765 4729 ﬁde,
793 4676 847 4720 et
878 4668 1107 4722 necdum
1141 4671 1509 4739 Spiritualibus
1535 4675 1882 4733 nutrimentis
1912 4680 2011 4734 lta-
2045 4661 2095 4722 υ
2119 4656 2278 4752 sitiri,
2309 4695 2355 4738 et
2379 4656 2591 4739 dediitis
2615 4686 2742 4738 mihi
2764 4656 2963 4747 bibere;
2996 4684 3182 4752 hospes
3213 4683 3313 4747 fui,
3344 4693 3390 4736 et
3434 4685 3708 4753 collegisti:

421 4753 581 4809 ltilem
614 4758 824 4825 plebem
853 4762 1111 4819 ostendit.

493 4845 650 4898 Num.
687 4848 808 4903 189.
857 4853 993 4917 Quid
1019 4856 1264 4923 [aciemus
1291 4860 1458 4912 sorori
1481 4871 1667 4914 nostra:
1689 4862 1714 4915 Ρ
1739 4863 2011 4929 Quorund-

423 4934 637 4988 mudum
669 4937 1013 5006 disponemus
1035 4947 1330 5004 Ecclesiam
1360 4959 1602 5021 tempore
1623 4968 1729 5023 quo
1756 4954 1823 5008 ad
1850 4955 2008 5012 fidem

423 5029 657 5082 vocanda
687 5041 770 5084 est
788 5033 809 5084 ?

492 5123 651 5178 Nunt.
687 5124 808 5177 190.
842 5126 902 5180 Si
930 5144 1104 5184 murus
1125 5143 1217 5196 est,
1242 5134 1554 5204 wdiﬁcemus
1586 5153 1739 5209 super
1759 5155 1894 5196 eum.
1913 5139 2013 5206 Qui

420 5228 700 5284 coeperunt
724 5219 773 5271 in
800 5219 904 5273 {ide
926 5235 1171 5277 crescere
1194 5235 1246 5279 ct
1274 5227 1344 5280 ita
1367 5229 1593 5283 stabiliri
1622 5239 1679 5284 ut
1701 5231 1894 5287 robore
1913 5246 2012 5288 suo

419 5310 658 5366 inﬁrmos
684 5328 924 5381 quosque
951 5329 1360 5386 commoneant;
1385 5331 1636 5391 suscepto
1663 5324 1882 5382 honoris
1906 5327 2013 5396 pri-

419 5405 634 5474 vilegio,
661 5404 724 5457 ad
755 5415 980 5460 caeteros
1011 5407 1285 5465 docendos
1315 5412 1683 5482 instituantur,
1711 5419 2008 5473 secundum

417 5499 558 5568 quod
587 5499 783 5553 Paulus
810 5499 873 5553 ad
910 5499 1250 5556 Timotheum
1287 5520 1299 5556 :
1338 5503 1466 5558 Htec
1507 5511 1813 5562 commenda
1835 5509 2010 5577 ﬁdeli-

417 5592 507 5644 bus
537 5594 623 5656 qui
649 5593 821 5645 idonei
848 5602 994 5645 erunt
1022 5601 1071 5648 et
1122 5594 1256 5648 alios
1297 5596 1478 5649 docere
1513 5595 1603 5666 (11
1628 5598 1769 5654 Tim.
1802 5603 1888 5670 tt).
1946 5602 2014 5657 Et

415 5683 607 5736 iterum
642 5685 708 5738 :td
740 5684 918 5738 Titum
956 5703 966 5736 :
995 5683 1173 5757 Hujus
1203 5687 1277 5740 rei
1322 5689 1494 5759 gratia
1525 5692 1705 5760 reliqui
1748 5702 1794 5744 te
1824 5691 2009 5760 Crette,

415 5785 469 5826 ut
515 5792 576 5827 ea
602 5793 665 5837 qu
685 5792 714 5824 υ
746 5777 929 5830 desunt
957 5779 1209 5849 corrigas,
1253 5789 1302 5833 et
1357 5783 1638 5836 constituas
1665 5800 1755 5850 per
1781 5785 2010 5840 civitates

414 5868 596 5933 presby
625 5885 760 5934 cras,
795 5873 925 5924 sieut
954 5887 1045 5942 rgo
1073 5873 1158 5928 tibi
1189 5874 1437 5945 disposui.
1493 5875 1625 5933 Dum
1670 5875 1767 5932 ista
1829 5877 1906 5934 sic
1953 5879 2004 5933 itt

2122 4789 2235 4839 me;
2257 4775 2448 4841 nudus,
2480 4785 2525 4829 et
2557 4775 2827 4843 opcruistis
2854 4790 2964 4839 me;
2988 4773 3224 4841 inﬁrmus
3263 4782 3312 4827 et
3339 4775 3390 4825 in
3414 4791 3638 4838 carcere,
3662 4785 3708 4828 et

2121 4867 2328 4921 venistis
2349 4866 2418 4918 ad
2449 4883 2527 4919 me
2547 4866 2759 4937 (Matth.
2789 4865 2933 4934 xxv).
2963 4868 3016 4919 In
3053 4865 3198 4918 mille
3228 4874 3403 4918 autem
3437 4870 3708 4934 argcutcis

2121 4957 2402 5027 plenitudo
2435 4959 2598 5012 totius
2629 4959 3077 5013 remunerationis
3108 4957 3426 5024 os:cnditur,
3463 4971 3518 5014 et
3567 4977 3709 5015 tuer-

2119 5061 2210 5102 ces
2244 5058 2615 5102 consummata
2643 5049 2934 5117 justorum.

2191 5158 2348 5213 Num.
2381 5159 2506 5214 196.
2565 5159 2729 5214 Vinea
2781 5178 2894 5214 mea
2942 5178 3115 5215 coram
3144 5179 3221 5218 nte
3270 5174 3366 5217 est.
3397 5164 3704 5220 Secundum

2117 5253 2261 5323 quod
2293 5253 2345 5307 itt
2377 5251 2604 5307 Psalmis
2636 5254 2884 5308 canitur:
2916 5255 3067 5309 Oculi
3096 5255 3305 5311 Domini
3333 5276 3490 5328 super
3505 5263 3702 5331 justas,

2117 5353 2164 5397 et
2187 5360 2339 5398 aures
2373 5347 2485 5418 ejus
2511 5347 2565 5399 in
2618 5361 2792 5416 preces
2835 5363 3033 5402 eorum.
3067 5347 3204 5402 Dicit
3242 5349 3385 5403 enim
3417 5353 3704 5420 Apostolus

2120 5435 2373 5501 Quoniam
2404 5438 2512 5505 ipse
2565 5436 2813 5492 Dominus
2843 5439 2897 5492 in
2920 5445 3076 5511 jussu
3098 5450 3145 5493 et
3174 5440 3226 5493 in
3255 5459 3377 5495 voce
3404 5444 3703 5513 archangeli

2117 5537 2166 5581 et
2191 5529 2241 5582 in
2264 5529 2382 5581 tuba
2415 5528 2509 5582 Dei
2526 5528 2793 5584 descendet
2816 5531 2880 5585 de
2909 5532 3055 5597 ctelo,
3077 5542 3126 5586 et
3154 5536 3345 5587 mortui
3372 5536 3460 5604 qui
3482 5538 3534 5589 in
3555 5537 3701 5589 Chri-

2115 5632 2193 5676 sto
2213 5633 2328 5676 sunt
2349 5633 2610 5691 resurgent
2640 5626 2812 5693 primi,
2837 5626 3020 5681 deinde
3040 5645 3132 5681 nos
3154 5629 3244 5693 qui
3269 5630 3500 5696 vivimus,
3517 5631 3606 5700 qui
3632 5648 3700 5684 re-

2116 5713 2414 5783 linquimur,
2440 5715 2594 5769 simul
2622 5719 2883 5785 rapientur
2903 5734 3019 5770 cum
3044 5721 3146 5772 illis
3174 5721 3372 5774 obviam
3405 5722 3623 5776 Domino
3647 5726 3696 5775 iu

2115 5821 2257 5866 aera,
2281 5818 2326 5858 et
2351 5807 2426 5859 sic
2456 5823 2651 5878 semper
2681 5825 2798 5862 cum
2849 5809 3068 5864 Domino
3094 5816 3285 5867 erimus
3307 5815 3355 5885 (Ι
3389 5815 3564 5870 Thess.
3599 5816 3692 5885 IV).

2119 5898 2279 5966 Igitur
2303 5899 2424 5968 quia
2467 5914 2684 5970 semper
2717 5912 2838 5973 post
2875 5906 3328 5964 resurrectionem
3370 5912 3535 5964 sancti
3570 5923 3688 5962 cum
