3958 6358
38 346 80 401 Ο.

34 482 179 546 ’νειμ

34 684 175 751 ἔτεὶξῃη

39 794 173 836 κω

34 870 170 933 Italia:

34 966 169 1019 etiam

34 1076 101 1127 ipsi
118 1064 163 1115 la

34 1171 42 1207 ι
58 1158 159 1210 aliter

52 1364 113 1401 es:

36 1459 153 1509 ,κω

42 1536 132 1599 :‘th:

33 1670 143 1707 lHB

255 392 360 447 895

1278 401 1733 462 VIVENTIOLUS
1771 405 1987 462 EPISC.
2030 408 2525 472 LUGDUNENSIS.

3435 428 3544 491 994

255 506 485 562 Domino
512 519 657 578 sunt,
689 508 887 566 idcirco
931 512 1193 569 Dominus
1241 514 1392 583 dicit,
1433 516 1595 573 Vinea
1621 536 1733 574 mea
1762 535 1847 575 σο·
1875 524 1929 583 Α
1954 538 2037 579 vos
2064 543 2254 594 servos,
2284 533 2376 585 sed
2419 534 2616 589 amicos
2644 534 2831 607 (Joan.
2907 541 3032 611 xv);
3062 551 3117 598 et
3161 544 3358 602 iterum
3388 565 3403 601 :
3441 550 3542 614 Qui

253 611 365 650 ram
392 613 472 650 me
494 606 588 650 est.

320 690 477 745 Num.
503 688 627 745 197.
660 690 809 747 Mille
850 695 927 747 tui
951 696 1158 765 paci/ici
1181 708 1230 751 et
1262 697 1473 753 ducenti
1502 700 1601 756 Itis.
1629 701 1843 758 Duode-

251 783 353 839 cim
383 785 582 855 quippe
610 785 656 840 si
707 802 801 854 per
836 800 1118 844 centenum
1163 780 1447 848 numerum
1494 797 1841 866 amplientur,

249 877 393 931 mille
423 876 685 935 ducentos
724 877 1001 948 efﬁciunt;
1055 882 1143 952 qui
1195 898 1452 941 numerus
1494 888 1677 960 utique
1712 905 1843 961 apo-

247 967 452 1022 stolicis
478 970 629 1035 viris,
663 972 751 1041 qui
774 988 836 1028 ex
868 975 948 1033 eis
985 975 1337 1043 spiritualiter
1359 994 1456 1048 per
1486 980 1837 1052 Evangelium

246 1076 297 1114 tu
329 1060 543 1115 Christo
582 1076 710 1118 sunt
735 1065 926 1134 geniti,
957 1068 1235 1136 convenit,
1280 1072 1369 1141 qui
1396 1071 1449 1126 in
1477 1088 1687 1129 summa
1718 1090 1838 1146 per-

246 1146 480 1207 l'eCtione
516 1146 812 1225 constituti,
859 1166 1110 1229 tanquam
1161 1161 1250 1219 illa
1297 1174 1440 1219 terra
1485 1168 1708 1236 optima,
1742 1185 1839 1237 per

240 1246 598 1301 centesimum
623 1247 854 1305 fructum
891 1254 1097 1308 auctori
1128 1270 1228 1310 suo
1260 1260 1573 1327 respondet.
1606 1261 1670 1315 lli
1702 1279 1836 1332 quo-

236 1351 347 1405 que
373 1338 599 1406 pacilici,
635 1339 687 1394 id
735 1353 814 1397 est
846 1342 1050 1401 Chri3ti
1080 1347 1351 1419 discipuli,
1387 1355 1580 1409 merito
1628 1356 1833 1412 deseri-

239 1428 463 1500 buntur,
490 1434 651 1489 simul
675 1437 797 1505 quia
842 1437 941 1507 ipsi
971 1440 1228 1498 Ecclesia:
1254 1441 1465 1501 fructus
1494 1449 1826 1518 custodiunt,

236 1523 320 1577 vel
349 1522 517 1579 malos
546 1524 677 1581 loris
707 1526 965 1585 doctrina:
993 1546 1106 1588 sua:
1130 1550 1261 1591 voce
1282 1536 1579 1604 deterrent,
1605 1541 1689 1596 vel
1716 1542 1830 1597 suis

239 1614 597 1682 orationibus,
648 1618 715 1673 de
742 1619 1001 1689 improbis
1026 1626 1248 1681 canibus
1278 1637 1335 1684 et
1364 1628 1655 1686 bestiarum
1686 1649 1831 1689 mor-

238 1704 411 1770 sibus,
438 1708 740 1765 Ecelesiam
774 1728 930 1781 quam
956 1715 1204 1773 Christus
1233 1719 1508 1789 plantavit,
1544 1723 1827 1781 defensare

236 1814 345 1852 non
374 1813 604 1857 cessant.

309 1891 470 1949 Num.
508 1894 629 1949 I98.
658 1896 786 1961 Quae
813 1899 1009 1955 habitas
1038 1902 1091 1957 in
1112 1905 1293 1960 ltortis.
1324 1908 1455 1974 Quae
1477 1910 1748 1966 redundes
1773 1912 1830 1969 in
1857 1904 1910 1967 Β

234 1982 451 2053 populis
481 1988 582 2041 sub
613 1989 758 2044 cultu
802 1991 1028 2062 jUstitiae
1070 1998 1399 2066 constitutis,
1448 2000 1530 2055 vel
1562 2003 1827 2059 doctrina:

232 2074 530 2144 spiritualis
562 2094 702 2150 aqua
730 2097 947 2153 semper
977 2085 1216 2157 irriguis.

306 2167 468 2222 Num.
502 2172 624 2227 199.
647 2173 843 2240 Amice,
862 2179 1118 2245 ausculta,
1161 2182 1246 2250 fac
1274 2199 1353 2237 me
1373 2184 1574 2240 audire.
1604 2185 1740 2243 Dicit
1768 2190 1821 2243 in

231 2257 522 2331 Evangelia
554 2263 811 2321 Dominus
842 2267 1127 2340 discipulis
1171 2274 1283 2329 suis
1315 2291 1330 2329 :
1362 2274 1484 2329 Jam
1523 2296 1623 2332 non
1653 2280 1823 2333 dicam

1954 618 2104 675 liabet
2132 638 2375 693 sponsam
2404 643 2621 698 sponsus
2649 639 2743 697 est,
2790 633 2988 688 amicus
3023 648 3193 691 autem
3217 641 3421 708 sponsi,
3452 645 3541 713 qui

1945 714 2119 768 statim
2143 716 2291 771 audit
2315 735 2450 786 eum,
2481 724 2673 792 gaudio
2696 727 2888 795 gaudet
2917 738 3129 795 propter
3156 746 3327 785 vocem
3363 738 3542 804 sponsi

1947 803 2127 876 (Joan.
2163 806 2266 877 tu).
2295 808 2405 863 Fac
2432 828 2508 865 me
2528 815 2710 867 audire
2733 832 2903 870 vocem
2951 828 3092 872 tuam
3124 836 3143 874 :
3171 822 3314 876 illam
3346 803 3533 894 utique

1944 911 2103 966 quam
2129 905 2543 959 remunerandis
2574 906 2821 962 ﬁdelibus
2844 911 2979 965 dicis
3012 928 3026 968 :
3064 913 3226 984 Euge,
3250 933 3388 971 serve
3411 919 3540 971 bone

1942 994 1991 1039 et
2018 989 2207 1057 ﬁdelis,
2253 994 2374 1060 quia
2405 1010 2559 1065 super
2588 1015 2751 1063 pauca
2800 1002 2945 1069 fuisti
2972 1003 3159 1070 ﬁdelis,
3197 1022 3350 1076 super
3375 1010 3535 1061 multa

1943 1090 1990 1133 te
2016 1085 2363 1152 constituam;
2409 1088 2545 1141 intra
2586 1090 2640 1144 in
2668 1083 2918 1161 gaudium
2958 1096 3171 1151 Domini
3202 1102 3275 1152 tui
3308 1100 3526 1171 (Matth.

1941 1172 2101 1242 xxv).

2009 1290 2166 1345 Num.
2199 1292 2324 1347 200.
2362 1293 2527 1365 Fuge,
2552 1295 2734 1351 dilecte
2760 1300 2848 1360 nti,
2872 1299 3160 1355 assimilare
3182 1318 3382 1369 caprea:
3412 1304 3528 1357 Itin-

1937 1382 2164 1452 nuloque
2198 1401 2462 1439 cervorum
2517 1405 2672 1457 super
2718 1401 2912 1445 montes
2938 1402 3247 1448 aromatum.
3272 1396 3374 1461 Qui
3397 1411 3527 1451 con-

1934 1487 2178 1532 versatus
2199 1494 2257 1533 es
2282 1478 2556 1534 nobiscum
2590 1482 2640 1535 in
2694 1483 2873 1549 terris,
2908 1498 3108 1552 pronus
3140 1488 3425 1555 regredere
3454 1487 3521 1541 ad

1934 1582 2185 1637 superna.
2230 1570 2425 1640 Sicque
2451 1572 2750 1629 ascendens
2785 1576 2837 1630 itt
2866 1576 3120 1641 excelsis,
3154 1577 3242 1646 qui
3272 1593 3415 1632 nunc
3444 1594 3528 1647 ap-

1933 1673 2090 1728 pares
2112 1660 2387 1716 obtutibus
2416 1664 2630 1730 carnis,
2661 1665 2848 1719 adesto
2884 1682 3099 1736 semper
3144 1668 3318 1722 oculis
3344 1669 3527 1723 cordis

1932 1760 1991 1806 ut
2015 1762 2065 1808 te
2092 1753 2146 1807 itt
2178 1753 2281 1808 ﬁde
2310 1754 2637 1810 retineamus
2664 1771 2821 1825 quem
2843 1768 3060 1827 aspectu
3092 1774 3198 1814 non
3229 1759 3524 1814 cernimus.

1936 1845 2249 1902 Assimilare
2276 1862 2484 1917 caprea:
2519 1849 2852 1920 hinnuloque
2875 1866 3193 1918 cervorum;
3226 1853 3350 1921 quia
3377 1861 3432 1907 tu
3463 1866 3523 1907 es

1935 1938 2027 2006 qui
2051 1952 2267 1993 carnem
2291 1942 2576 2011 suscepisti
2610 1943 2939 2009 mortalium,
2973 1954 3027 1999 et
3057 1944 3193 1998 saltu
3217 1944 3376 2000 celeri
3405 1959 3522 1998 om-

1933 2042 2031 2083 nes
2056 2029 2366 2085 altitudines
2399 2034 2774 2087 transcendisti
2808 2039 3090 2099 coiturum.
3130 2035 3301 2101 Super
3324 2045 3520 2089 montes

1930 2132 2245 2189 aromatum,
2276 2123 2545 2181 excelsior
2586 2126 2825 2181 existens
2855 2142 3018 2197 super
3050 2143 3264 2183 omnem
3292 2126 3514 2198 gloriam

1930 2215 2265 2287 angelorum.

227 2472 3514 2515 -———————.._____.____._____________________________

1498 2505 1531 2547 ί

1553 2615 1718 2658 ANNO
1762 2615 1990 2659 DONINI
2039 2616 2190 2659 DXL.

1037 2780 2659 2947 VIVENTIOLUS

754 3054 1666 3160 EPISCOPUS
1772 3055 2962 3166 LUGDUNENSIS.

1555 3351 1829 3408 NOTITIA
1868 3349 2187 3408 FABRICII.

297 3506 651 3573 Viventiolus,
707 3506 759 3562 iu
793 3507 1121 3563 monasterio
1167 3506 1486 3562 Cordateusl
1525 3506 1800 3574 educatus,
1838 3487 1885 3551 C
1918 3507 2069 3562 nensi
2124 3522 2213 3563 an.
2249 3507 2376 3579 5I7,
2430 3509 2483 3564 in
2531 3509 2785 3568 Conciliis
2815 3512 3014 3571 Labbei
3058 3526 3186 3573 tom.
3235 3518 3333 3584 IV,
3386 3536 3506 3592 pag,

214 3614 304 3653 nu.
327 3600 450 3665 5l6,
473 3599 565 3653 fuit
588 3602 867 3669 episcopus
881 3601 1272 3671 Lugdunensis.
1300 3600 1810 3669 Scripsitquwdam,

213 3707 283 3744 ex
318 3693 503 3760 quzbus
537 3707 666 3746 vero
694 3693 826 3747 nihil
858 3703 1126 3761 superest,
1175 3694 1276 3747 nisi
1308 3692 1541 3764 Epistula
1570 3709 1675 3746 una
1706 3708 1810 3748 non

212 3800 426 3855 magna;
474 3786 648 3850 mulis,
701 3785 765 3839 ad
798 3785 1064 3840 Alcimum
1092 3787 1327 3852 Avitum,
1380 3787 1518 3840 inter
1558 3785 1815 3854 epistolas

213 3877 379 3946 hujus
408 3894 461 3931 n.
483 3876 583 3945 59;
619 3874 992 3948 Fragmentum
1017 3879 1273 3934 orationis
1300 3878 1352 3933 in
1378 3877 1605 3934 concilio
1632 3878 1813 3949 Agau-

1922 3601 2094 3667 1559;
2137 3612 2191 3658 et
2233 3602 2500 3657 Tractoria
2530 3602 2765 3668 Epistola
2809 3606 2873 3662 ad
2906 3609 3188 3679 episcopos
3220 3613 3506 3681 provincia:

1918 3712 2050 3763 suae,
2082 3708 2135 3752 ut
2164 3698 2229 3752 ad
2257 3699 2519 3768 synodum
2541 3699 2934 3770 Epaoneusem,
2979 3719 3067 3758 an.
3092 3705 3219 3777 5I7,
3268 3707 3504 3776 veniant,

1918 3788 2060 3858 apud
2088 3789 2418 3844 llarduinunt
2466 3801 2611 3845 l0lll0
2653 3792 3105 3861 IICouciIiurum,
3160 3812 3282 3864 pag.
3343 3798 3501 3852 illiti.

1919 3880 2055 3937 adde
2072 3880 2354 3937 Historiam
2388 3881 2574 3939 Gallia:
2603 3885 2937 3955 litterariam,
2971 3898 3115 3944 tomo
3147 3890 3233 3959 ΙΙΙ,
3267 3909 3387 3963 pag.
3411 3891 3502 3947 94.

212 4114 3501 4143 W

892 4252 1833 4364 VIVENTIOLI
1962 4258 2537 4368 EPISTO
2557 4261 2853 4373 LIE.

712 4562 1047 4620 EPISTULA
1089 4562 1303 4619 PRIMA

846 4673 913 4711 AD
956 4672 1173 4712 AVITUII.

205 4754 411 4825 (Quam
440 4750 619 4823 lcgesis
646 4752 778 4805 inter
808 4766 973 4873 operi;
978 4751 1139 4889 713:3“,
1172 4748 1375 4805 Patrol.
1402 4760 1525 4805 tam.
1551 4751 1687 4819 LIX,
1706 4753 1807 4809 col.

792 4911 1123 4967 EPISTULA
1173 4911 1237 4966 ll.

322 5045 347 5055 ι
446 5025 512 5063 AD
552 5022 829 5063 EPISCIIPOS
869 5021 1158 5061 PROVINCDE
1198 5020 1573 5062 LUGDUNENSIS.

206 5103 480 5159 Tractoria
509 5111 533 5138 η
561 5105 774 5174 cpi.~tola
801 5103 1075 5161 Viventioli
1112 5101 1470 5173 Lugdunensis
1493 5102 1715 5174 episwpi
1736 5105 1802 5154 ad

284 5175 550 5247 episcopo:
587 5172 861 5243 provincia:
894 5172 1272 5247 Lugdunensis,
1332 5182 1389 5226 ut
1437 5172 1507 5225 ad
1544 5176 1797 5244 synodum

278 5247 483 5299 reniaut
511 5245 878 5315 Epaonensem.

286 5336 529 5390 Dumiuis
578 5338 940 5392 devotissimis
970 5337 1225 5393 fratribus
1266 5345 1322 5393 et
1348 5336 1634 5406 episcopis,
1685 5336 1808 5390 uni.

199 5429 385 5484 versis
412 5428 640 5492 clericis,
689 5428 963 5483 lieuoratis
994 5444 1057 5483 ac
1092 5430 1495 5498 possessoribus
1544 5427 1801 5485 territorii

198 5518 405 5583 nostri,
440 5518 770 5575 Viventiolus
800 5520 1083 5591 episc0pus
1109 5522 1365 5577 salutem.

281 5731 308 5761 ι
340 5718 487 5776 Nunc
531 5724 759 5790 primum
796 5721 970 5790 prodit
1020 5738 1083 5778 cx
1108 5735 1211 5776 ms.
1252 5722 1436 5775 codice
1456 5720 1801 5777 Bibliotheca:

198 5794 313 5850 PP.
340 5794 845 5863 Augustinianorum
872 5810 921 5847 ιιι
943 5794 1157 5848 civitate
1172 5793 1522 5863 Tolosauaad
1553 5808 1650 5849 uos
1676 5794 1800 5849 inde

194 5862 528 5924 lfa::SttIlSS’)
554 5863 843 5929 exemplari
871 5878 971 5929 per
1004 5866 1063 5919 It.
1097 5864 1154 5919 P.
1183 5863 1396 5919 Petrum
1430 5862 1677 5937 Rocques.
1701 5865 1803 5921 So-

1829 4572 1884 4635 D
1983 4571 2324 4643 Disciplinam
2353 4574 2573 4634 fratrum
2605 4581 2944 4655 ﬁliorumque
2976 4598 3302 4656 nostrorum,
3346 4607 3498 4664 atque

1912 4680 1942 4719 a
1967 4669 2171 4723 cunctis
2200 4670 2571 4726 sacerdotibus
2597 4684 2808 4740 Oportet
2834 4679 3035 4745 aptari;
3068 4681 3163 4735 sed
3190 4684 3235 4735 si
3267 4684 3393 4752 quid
3431 4688 3497 4741 ab

1913 4756 2350 4814 honoretioribus
2370 4759 2578 4817 clericis
2603 4764 2705 4818 tale
2724 4769 3093 4832 committitur,
3118 4771 3256 4840 quod
3279 4773 3495 4844 dignum

1911 4851 2278 4922 increpatione
2302 4855 2511 4923 pub’ica
2538 4868 2845 4927 censeatur;
2878 4861 3111 4917 rectiusb
3134 4865 3496 4936 castigationis

1908 4953 2162 5015 arguatur
2190 4962 2348 5017 quam
2379 4949 2595 5005 silentio
2622 4952 2905 5007 nutriatur.
2960 4952 3110 5010 Sicut
3148 4968 3325 5013 autem
3356 4958 3496 5017 istud

1908 5038 2135 5107 simplex
2161 5049 2320 5110 atque
2343 5052 2546 5095 reetum
2575 5051 2679 5109 est,
2704 5044 2782 5099 sic
2817 5058 3244 5104 commentorqu
3276 5050 3492 5107 oblocu-

1913 5126 2148 5183 tionibus
2176 5137 2233 5183 et
2256 5139 2383 5184 voto
2417 5131 2639 5201 trepida:
2685 5138 3123 5194 murmutationis
3151 5139 3494 5198 offendimur.

1910 5217 2094 5288 Itaque
2131 5234 2200 5275 ne
2241 5222 2360 5289 quis
2389 5236 2488 5277 nos
2519 5232 2666 5291 putet
2695 5236 2892 5281 nostrae
2935 5228 3170 5285 lacilitati
3212 5243 3302 5287 aut
3332 5234 3499 5303 negli-

1906 5312 2100 5381 gentia:
2132 5313 2185 5367 in
2216 5315 2395 5383 aliquo
2426 5318 2666 5385 praebere
2691 5332 3035 5387 consensum,
3089 5325 3340 5391 praesenti
3373 5343 3489 5394 pro-

1909 5404 2194 5463 testatione
2222 5410 2478 5466 denuntio
2495 5421 2817 5469 conventum
2847 5414 3222 5485 episcOporum
3255 5419 3491 5472 omnium

1906 5499 2068 5555 sortis
2098 5511 2319 5566 nostrae,
2364 5504 2506 5559 circa
2534 5504 2870 5576 Septembris
2902 5506 3109 5562 mensis
3155 5505 3388 5574 initium,
3437 5508 3491 5562 iu

1903 5719 2404 5866 eleta€3rﬁsdieesu
2433 5793 2635 5860 aculeo,
2665 5794 2750 5850 vel
2772 5792 2985 5865 aliquod
3017 5795 3239 5852 verbum
3266 5797 3457 5854 simile.
