3958 6358
189 340 286 394 097

1038 338 1097 392 S.
1140 337 1503 396 CAESARIUS
1545 336 1760 394 EPISC.
1805 337 2292 396 ARELATENSIS.
2339 338 2635 396 NOTITH.

3373 337 3506 393 903'

166 453 331 524 quod
382 465 481 507 nos
532 466 638 506 non
689 450 1034 507 mediocriter
1081 456 1376 520 remordet,
1444 453 1643 507 debere
1687 466 1785 506 nos
1813 453 1974 515 Anis
2023 456 2246 511 istorum
2296 455 2625 527 Entychiana
2676 453 2896 510 haeresis
2940 456 3214 526 erigatur:
3274 467 3328 515 et
3354 460 3480 514 dum

187 546 554 609 Theodorum,
587 553 641 598 et
669 543 865 612 scripta
893 544 1221 600 Theodoreti
1253 555 1307 600 et
1347 548 1631 614 epistolam
1682 546 1786 600 lbte
1887 551 2104 604 minima
2135 551 2328 604 indicia
2363 567 2466 603 non
2487 551 2812 620 spernimus,
2845 550 2910 602 ad
2941 549 3196 619 majorem
3230 550 3480 607 haeresim

191 638 471 693 damnare.
508 636 708 690 Eorum
757 636 896 690 dicta
920 637 987 690 ad
1031 653 1128 692 nos
1151 653 1322 708 usque
1374 653 1515 693 nunc
1566 635 1788 692 minime
1887 641 2341 712 collisionetnqnc
2368 643 2664 696 veniamus.
2690 642 2755 696 Et
2777 642 2904 712 quid
2929 644 3086 697 nobis
3107 660 3224 698 cum
3255 647 3481 700 mortuis

192 726 749 796 pervcnerunt.Qnod
765 727 809 782 si
824 738 877 782 et
907 730 1526 801 pervenerint,etaliqna
1554 729 1626 785 ibi
1661 743 1790 800 apo-
1890 736 2026 790 inire
2057 735 2279 800 bellum,
2306 734 2394 787 ubi
2423 734 2565 788 nulla
2602 734 2868 789 invenitur
2901 736 2950 788 in
2979 736 3363 804 congressione
3402 737 3484 791 vi—

191 820 415 891 crypha,
469 835 588 887 qua:
619 830 805 872 contra
830 818 952 874 ﬁdei
978 821 1217 892 regulam
1247 822 1389 876 dicta
1412 827 1537 887 sint,
1590 821 1788 892 legeri-

195 931 344 981 mus;
389 915 532 968 dicta
557 929 838 984 possumus
868 918 1162 985 respicere,
1195 934 1298 972 non
1328 928 1577 975 auctores
1606 919 1785 973 dicto-

195 1020 312 1059 rmn
363 1005 472 1073 jam
517 1014 760 1061 mortuos
807 1002 1066 1078 prmeipiti
1118 1009 1567 1084 condemnationc
1631 1009 1786 1064 dam-

195 1112 346 1152 nare.
391 1098 543 1165 Quod
603 1097 648 1152 si
699 1098 874 1154 adlmc
929 1085 1290 1168 viverentfet
1339 1105 1570 1170 correpti
1631 1115 1787 1156 erro-

195 1204 310 1241 rem
338 1201 490 1241 suum
516 1204 622 1242 non
666 1189 1110 1258 condemnarent,
1135 1193 1432 1262 justissime
1460 1194 1789 1248 damnaren-

195 1289 302 1334 tur.
335 1280 487 1334 Nunc
512 1290 688 1335 autem
718 1283 911 1351 quibus
943 1285 1252 1340 recitabitnr
1283 1287 1546 1340 Sententia
1571 1285 1788 1340 damna-

195 1373 360 1428 tionis
384 1374 620 1428 nostite?
672 1376 822 1443 Quod
855 1377 907 1430 in
939 1378 1018 1431 eis
1041 1377 1401 1448 recorrigatnr
1428 1394 1532 1432 non
1558 1387 1656 1432 est.
1687 1376 1794 1431 Sed

195 1464 385 1532 timeo,
413 1464 654 1534 piissime
680 1465 994 1534 imperator.
1026 1481 1093 1521 ne
1120 1467 1220 1522 sub
1244 1469 1468 1522 obtentu
1496 1468 1797 1522 t‘latnnatio-

1889 827 2099 882 etoria?
2128 828 2279 896 Apud
2300 826 2534 896 jndicem
2557 842 2740 880 verum
2763 825 2871 895 jam
2897 836 3211 894 tenentur,a
3235 843 3337 898 quo
3367 831 3484 883 nul-

1892 920 1974 976 lus
1998 921 2252 990 appellat.
2289 919 2391 974 Per
2416 921 2610 988 ipsum,
2645 919 2696 974 in
2735 936 2838 990 quo
2862 935 2959 975 nos
2987 920 3260 976 honoratis
3289 933 3341 977 et
3368 924 3485 976 dili-

1893 1012 2039 1082 gitis,
2072 1010 2437 1080 supplicamus
2465 1011 2805 1064 clemcntiam
2839 1023 3004 1077 tuam,
3053 1021 3112 1066 ut
3144 1027 3241 1080 pax
3271 1029 3482 1082 perma-

1896 1108 2024 1155 neat
2065 1100 2394 1170 temporibus
2425 1103 2547 1163 tuis,
2580 1117 2646 1156 ne
2686 1102 2813 1156 dum
2841 1103 3033 1172 quieris
3082 1104 3339 1161 damnare
3376 1106 3487 1173 jam

1899 1203 2161 1260 tnortuos,
2212 1193 2408 1246 multos
2462 1192 2833 1249 inobedieutcs
2881 1194 3173 1249 interlicias
3217 1196 3385 1260 vivos,
3435 1206 3491 1250 et

1902 1287 2097 1341 exinde
2128 1286 2466 1356 compellaris
2520 1287 2747 1342 reddere
2779 1286 3042 1342 rationem
3085 1289 3132 1342 ei
3169 1289 3256 1358 qui
3299 1298 3489 1342 ventu-

1905 1397 1996 1436 rus
2035 1389 2118 1435 est.
2142 1378 2383 1449 judicare
2412 1378 2561 1433 vivos
2588 1389 2639 1434 et
2670 1390 2926 1434 mortuos.

1509 1694 1670 1737 ANNO
1718 1692 1949 1736 D0111)”
2003 1693 2081 1732 D1
2095 1689 2197 1732 ιιι.

489 1852 987 2066 SAN
999 1855 1324 2066 CT
1354 1855 1648 2070 US
1805 1847 3141 2064 CXESABIUS

920 2187 1690 2307 EPISCOPUS
1778 2180 2777 2299 ARELATENSIS.

633 2499 906 2556 NOTITIA
937 2500 1024 2572 (ex
1050 2498 1379 2568 Gallandio.)

279 2594 320 2650 Ι.
363 2592 633 2648 Caesarius
674 2593 889 2646 natione
934 2591 1138 2654 Gallus,
1186 2591 1356 2661 patria
1401 2587 1802 2649 Cabilonensis,

204 2703 408 2748 genere
455 2686 654 2752 clarus,
695 2684 916 2756 juvenis
955 2685 1130 2738 adhuc
1170 2683 1270 2738 sub
1313 2683 1509 2738 abbate
1548 2679 1804 2736 Porcario

207 2779 395 2834 Fausti
432 2778 676 2833 Reicnsis
700 2792 1012 2832 successore
1039 2777 1394 2831 mvnasticum
1424 2773 1724 2828 institutum
1753 2772 1804 2824 in

205 2871 465 2926 emnobio
490 2867 772 2924 Lerineusi
798 2867 1072 2938 professus
1091 2876 1195 2934 est,
1214 2881 1414 2920 annum
1435 2879 1600 2936 agens
1624 2864 1690 2919 18
1706 2861 1803 2933 (a).

207 2964 313 3031 Qui
342 2963 409 3017 ob
437 2963 561 3016 vitae
582 2961 950 3016 austeritatem
983 2959 1225 3030 corporis
1256 2959 1462 3016 viribus
1495 2955 1805 3018 conl‘mctis,

208 3073 320 3126 quo
349 3048 707 3108 valetudinein
755 3068 906 3107 suam
945 3053 1292 3106 conﬁrmaret
1333 3051 1528 3105 missus
1570 3048 1807 3112 Arelate,

207 3161 273 3199 ea
311 3145 362 3199 in
393 3145 523 3198 urbe
555 3143 806 3199 Pomerio
845 3143 974 3198 Al'ro
1014 3142 1314 3197 clarissimo
1360 3139 1562 3196 rhetori
1611 3138 1806 3192 libera-

208 3237 353 3293 libus
381 3237 677 3306 disciplinis
709 3235 1040 3291 excolendos
1073 3234 1302 3290 traditur
1330 3234 1422 3304 (ὁ).
1471 3232 1588 3286 Mox
1632 3240 1809 3285 tamen

209 3329 514 3384 eruditionis
544 3329 784 3382 humanae
833 3328 1087 3397 ﬁgmentis
1119 3326 1364 3382 nuntium
1407 3324 1716 3388 remittens,
1745 3325 1813 3377 ab

212 3422 389 3476 Eonio
430 3423 684 3492 episcopo
730 3419 1032 3475 Arelatensi
1071 3417 1371 3488 propinquo
1405 3431 1505 3471 suo
1552 3414 1814 3469 diaconus

127 3535 136 3540 -
217 3511 490 3581 primum,
547 3511 742 3565 deinde
785 3509 1068 3580 presbyter
1118 3508 1432 3572 ordinatus,
1483 3508 1816 3562 monasterio

215 3605 410 3659 insula:
462 3604 786 3658 suburbana:
845 3602 1130 3670 praefectus
1180 3599 1395 3670 eligitur
1447 3597 1540 3671 (c).
1609 3598 1816 3653 Mortuo

214 3698 416 3764 Εοιιίο,
451 3698 542 3769 qui
568 3713 689 3750 cum
713 3695 815 3751 sibi
838 3708 1209 3750 successorem
1231 3699 1532 3762 optaverat,
1567 3689 1818 3746 Ecclesiae

209 3790 557 3848 Arelatensis
599 3789 834 3859 regimen
893 3786 1092 3841 invitus
1133 3785 1259 3841 licet
1300 3799 1444 3838 anno
1487 3783 1594 3837 539.
1637 3796 1824 3836 susce-

1840 2510 1889 2568 Β
1915 2493 2283 2563 episcopatum
2325 2507 2456 2549 vero
2501 2491 2690 2549 iniisse
2716 2509 2858 2549 anno
2898 2495 3026 2565 595,
3059 2510 3088 2550 e
3146 2496 3280 2552 vivis
3325 2508 3501 2554 autem

1910 2586 2211 2641 excessisse
2249 2601 2392 2640 anno
2440 2585 2568 2640 545.
2620 2587 2962 2642 Eruditnruat
3014 2597 3196 2645 tamen
3240 2592 3503 2663 plerique,

1905 2673 2151 2730 Cuintius
2195 2675 2296 2747 (g),
2351 2675 2692 2732 Mabillonius
2733 2677 2837 2748 (It),
2897 2679 3089 2749 Pagius
3133 2682 3239 2752 (ἱ),
3293 2684 3504 2739 Bollan-

1907 2766 2051 2821 diani
2095 2767 2202 2838 (j),
2253 2770 2808 2842 Sammarthanus(k)
2855 2773 3094 2842 aliique,
3146 2777 3502 2832 chronutaxin

1909 2873 2068 2928 quam
2114 2859 2276 2914 modo
2327 2862 2728 2929 proposuimus,
2770 2864 3102 2918 retinendam
3138 2868 3504 2932 pronuntiant.

1913 2950 2233 3018 Sepulcrum
2262 2953 2436 3008 sancti
2469 2951 2712 3019 Ctesarii,
2747 2967 3025 3026 postquam
3057 2973 3086 3010 a
3116 2956 3404 3014 Saracenis
3427 2960 3507 3013 di-

1911 3055 2088 3098 rutum
2118 3043 2328 3112 luisset,
2357 3047 2594 3101 restituit
2628 3047 2826 3102 Paulus
2856 3049 2938 3102 vir
2971 3049 3194 3105 illustris
3224 3065 3369 3105 anno
3409 3051 3510 3106 Do-

1914 3138 2046 3192 mini
2079 3138 2204 3205 875,
2237 3139 2485 3208 apposito
2531 3139 2649 3209 ejus
2696 3140 2994 3212 epitaphio,
3044 3143 3186 3212 quod
3231 3159 3298 3199 ex
3342 3147 3510 3200 veteri

1915 3229 2100 3286 codice
2129 3232 2298 3284 multo
2319 3232 2656 3287 emendatius
2682 3247 2839 3302 quam
2867 3234 3007 3303 apud
3035 3234 3256 3290 Saxium
3285 3245 3341 3292 et
3373 3237 3510 3292 alios

1915 3322 2084 3378 edidit
2110 3322 2453 3379 Mabillonius
2476 3323 2585 3396 (ι).

1993 3414 2058 3469 ll.
2100 3414 2328 3472 Sanctus
2369 3415 2659 3481 Ctesarius,
2691 3415 2949 3474 doctrina:
2987 3417 3385 3489 Augustiniaue
3417 3420 3514 3475 ad-

1918 3504 2275 3573 dictissimus,
2301 3515 2485 3562 contra
2510 3505 2768 3562 Faustum
2792 3507 3064 3577 egregium
3092 3523 3226 3577 Opus
3250 3510 3320 3564 de
3347 3513 3512 3578 gratia

1917 3609 1974 3656 et
2021 3599 2191 3654 libero
2219 3598 2442 3653 arbitrio
2487 3597 2830 3667 conscripsit,
2864 3597 3007 3667 quod
3051 3598 3288 3669 synodus
3319 3599 3513 3655 Valen-

1921 3695 2029 3749 tina
2061 3701 2114 3748 et
2163 3691 2466 3774 Bonifacius
2518 3706 2652 3760 papa
2698 3691 3144 3758 comprobarunt.
3195 3692 3515 3761 llujusmodi

1924 3803 2058 3856 epus
2084 3785 2195 3857 jam
2223 3786 2314 3840 diu
2343 3783 2683 3839 intercidisse
2715 3782 2954 3838 nonnulli
2982 3782 3392 3849 existimarunt;
3422 3784 3516 3837 sed

212 3884 300 3955 pit
321 3881 424 3952 (Δ).
454 3880 742 3950 Complura
775 3878 1033 3934 virtutum
1064 3876 1294 3946 insignia
1324 3875 1514 3941 edidit,
1542 3873 1818 3942 complura
1853 3894 1901 3959 α
1933 3878 2220 3943 immerito,
2254 3887 2311 3931 ut
2358 3885 2582 3932 censent
2621 3875 2973 3931 eruditissimi
3019 3874 3238 3932 Gallica:
3271 3875 3519 3930 Historia)

213 3977 350 4030 item
381 3973 648 4044 patientia:
675 3972 999 4027 documenta
1032 3969 1336 4039 posteritati
1369 3966 1586 4036 reliquit
1613 3975 1829 4019 sanctus

216 4065 424 4136 prmsul
474 4081 642 4134 :qurc
691 4063 907 4134 quidem
941 4077 970 4118 e
1001 4060 1290 4133 Cypriane,
1345 4059 1584 4114 Firmino
1632 4067 1688 4112 et
1737 4057 1830 4111 Vi-

217 4163 411 4217 ventio
436 4159 725 4230 episc0pis,
748 4158 1015 4214 Messiano
1045 4170 1255 4225 quoque
1283 4152 1599 4224 presbytero
1620 4160 1676 4206 et
1712 4152 1833 4204 Ste-

231 4253 417 4324 phano
463 4253 692 4306 diacono
738 4249 882 4304 illius
937 4249 1058 4302 vite
1115 4245 1470 4316 scriptoribus
1519 4242 1830 4313 repetenda.

229 4345 416 4399 Variis
471 4344 716 4399 conciliis
769 4340 1088 4396 auctoritate
1147 4336 1541 4406 metropolitica
1581 4335 1832 4404 praefuit:

221 4435 542 4504 Agatheosi,
579 4449 720 4488 anno
748 4434 883 4494 5.06;
921 4430 1220 4485 Arelatensi
1251 4444 1327 4494 tv,
1363 4441 1505 4482 anno
1532 4425 1672 4492 59A;
1699 4423 1836 4480 Car-

225 4527 656 4598 pentoractcnsi,
697 4541 839 4578 anno
876 4522 1018 4590 527;
1051 4521 1380 4575 Araus’cano
1421 4535 1478 4584 ιι,
1509 4529 1654 4571 anno
1692 4515 1831 4580 52L);

223 4631 287 4674 ct
326 4618 544 4672 Vasensi
577 4632 635 4682 ιι,
685 4614 876 4670 eodem
923 4628 1066 4668 anno
1111 4613 1402 4668 celebrato.
1457 4608 1697 4679 Denique
1741 4622 1838 4662 an-

226 4714 324 4769 nis
357 4709 426 4767 40
457 4711 510 4764 in
541 4710 854 4778 episcopatu
901 4706 1129 4770 exactis,
1163 4717 1472 4773 supremum
1519 4700 1662 4755 diem
1707 4699 1838 4753 obiit

225 4804 327 4858 die
357 4800 425 4853 ‘27
460 4799 680 4870 Augusti
713 4811 854 4851 anno
885 4795 990 4850 5η
1022 4793 1117 4864 (ρ),
1150 4809 1270 4848 cmn
1305 4805 1504 4845 annum
1533 4797 1716 4858 ageret
1745 4786 1834 4840 75.

225 4896 312 4951 De
345 4892 564 4947 thsarii
597 4900 758 4945 (etate
805 4887 1048 4958 pluribus
1074 4885 1315 4954 disputat
1355 4883 1422 4938 cl.
1454 4882 1695 4936 Norisius
1728 4879 1836 4950 (Γ),

225 4985 620 5056 contenditque
669 4993 847 5038 natum
897 4981 1197 5035 antistitem
1246 4987 1487 5032 nostrum
1534 4989 1678 5027 anno
1709 4972 1836 5031 470.

316 5147 394 5216 (αα)
423 5145 681 5217 Cyprian.
707 5143 1077 5217 _V~it.VC:esar.
1119 5157 1239 5217 cap.
1290 5143 1334 5204 l,
1383 5155 1539 5217 num.
1580 5139 1633 5207 5,
1683 5144 1826 5212 apud

235 5210 654 5276 Bolland'fAct.
700 5214 798 5270 SS.
837 5216 974 5280 Aug.
1002 5224 1132 5268 tom.
1172 5213 1255 5278 Vl,
1287 5228 1406 5283 pag.
1443 5210 1535 5265 65.

319 5291 396 5360 (ο)
529 5289 700 5360 ibid.,
738 5301 889 5339 num.
916 5285 976 5360 _8_.

318 5355 391 5424 (ε)
423 5358 497 5409 Μ.
527 5359 685 5418 iltitl..
721 5372 872 5410 nunt.
909 5357 995 5417 10,
1035 5355 1118 5410 ΙΙ.

318 5431 398 5502 (d)
543 5427 942 5502 ibitl.,_cap.__2,
986 5442 1141 5502 nutu.
1169 5427 1220 5480 l.

324 5495 394 5570 (ε)
433 5499 686 5570 Messian.
717 5496 1182 5570 rVit.Ca-sar._lib.
1214 5514 1274 5562 tt,
1305 5514 1425 5569 cap.
1457 5499 1508 5567 4,
1545 5515 1697 5554 num.
1734 5495 1824 5558 Si,

237 5568 388 5644 apud
426 5569 750 5644 ﬁoll_antl_.__l.
777 5583 988 5644 c._pag.

316 5641 386 5711 (Γ)
428 5639 608 5694 Naris.
644 5639 787 5693 llisl.
813 5639 999 5712 Pelag.
1033 5638 1126 5695 lib.
1156 5657 1214 5705 Il,
1251 5654 1374 5710 cap.
1414 5640 1505 5704 22,
1543 5657 1661 5712 pag.
1697 5637 1819 5702 5|8,

239 5708 373 5778 seq.
395 5713 601 5764 noviss.
636 5712 704 5764 ed
737 5721 776 5763 t.
813 5708 1012 5763 Veron.

320 5787 398 5854 (g)
432 5781 613 5836 Coint.
648 5780 842 5834 Annal.
879 5779 1024 5836 Eccl.
1068 5781 1264 5838 Frane.
1305 5790 1436 5836 tom.
1475 5780 1514 5842 l,
1542 5799 1660 5852 pag.
1701 5784 1756 5835 {il
1780 5782 1818 5833 Ι.

1935 3969 2209 4025 litteratis:
2249 3968 2540 4039 scriptores
2581 3965 2676 4039 (ut)
2723 3984 2736 4021 :
2784 3980 2907 4022 nam
2937 3981 3002 4021 ex
3042 3977 3261 4022 auctore
3298 3970 3388 4036 qui
3433 3982 3522 4020 ea.

1935 4072 2030 4132 put
2073 4061 2142 4117 86
2181 4061 2254 4117 (le
2295 4061 2354 4116 S.
2407 4059 2644 4115 Caesarie
2690 4058 2956 4114 Gennadii
3009 4059 3252 4128 catalogo
3302 4059 3524 4116 intexuit

1935 4155 2074 4227 (qua
2103 4155 2173 4211 de
2219 4170 2280 4209 re
2310 4153 2576 4209 Norisium
2606 4152 2684 4225 (η)
2730 4151 2893 4206 adeas
2925 4149 3108 4216 velim)
3139 4158 3352 4205 constat
3392 4165 3526 4218 opus

1937 4249 2067 4303 illul
2091 4247 2222 4303 nihil
2245 4248 2387 4301 aliud
2412 4261 2532 4302 esse
2553 4261 2712 4316 quam
2737 4246 2868 4300 Acta
2893 4245 3105 4299 concilii
3129 4245 3438 4300 Araus'cani
3463 4258 3522 4298 ιι.

1939 4343 2008 4397 Et
2043 4341 2168 4412 jure
2193 4340 2430 4411 quidem,
2468 4348 2525 4394 ut
2566 4338 2797 4404 videtur,
2831 4338 2876 4392 si
2907 4336 3094 4394 eadem
3141 4337 3271 4391 Acta
3301 4350 3424 4389 cum
3459 4335 3527 4390 iis

1937 4442 2320 4504 comparentur
2361 4447 2481 4502 quae
2523 4431 2684 4486 habet
2728 4430 2959 4499 scriptor
2998 4429 3087 4484 ille
3123 4426 3523 4493 Gennadianus,

1937 4526 2065 4582 dum
2095 4527 2170 4581 ait
2203 4543 2222 4578 t
2251 4526 2320 4580 de
2348 4524 2517 4595 gratia
2557 4536 2608 4578 et
2640 4523 2812 4578 libero
2839 4521 3063 4577 arbitrio
3097 4518 3388 4574 Caesarium
3414 4517 3527 4572 edi-

1940 4618 2086 4674 disse
2131 4617 2458 4679 testimonia,
2511 4614 2814 4670 divinarum
2863 4611 3261 4682 Seripturarum
3310 4621 3365 4666 et
3407 4625 3527 4664 sau-

1939 4725 2150 4770 cmrum
2185 4711 2401 4767 Patrum
2430 4709 2644 4779 judiciis
2681 4707 2918 4769 munita;
2947 4705 3037 4760 ubi
3068 4705 3228 4760 docet
3256 4703 3528 4758 hominem

1942 4806 2078 4862 nihil
2116 4806 2185 4861 de
2230 4805 2449 4875 preprio
2487 4803 2611 4858 boni
2649 4816 2808 4872 agere
2846 4815 3021 4870 posse,
3056 4798 3155 4853 nisi
3185 4813 3308 4853 eum
3349 4798 3527 4852 divina

1941 4897 2108 4968 gratia
2140 4895 2486 4967 praevenerit.
2524 4911 2543 4944 ι
2578 4891 2841 4948 Plurituas
2880 4899 3138 4958 praeterea
3179 4887 3397 4955 scripsit
3436 4889 3531 4940 ho-

1943 4989 2118 5044 milias
2143 4996 2361 5044 sanctus
2392 4987 2569 5049 Pater,
2605 4969 2726 5054 quae
2755 4983 2864 5038 lere
2902 4995 3113 5048 outnes,
3145 4987 3206 5034 ut
3231 4980 3305 5034 ait
3344 4979 3532 5034 ﬂabil-

2015 5146 2095 5218 (Ιι)
2134 5146 2256 5202 Mab
2280 5145 2410 5218 llon.
2447 5142 2638 5198 Annal.
2675 5139 2878 5218 Bened.
2923 5136 3162 5218 tout.nl._
3189 5150 3307 5218 pag.
3359 5136 3448 5218 $9,
3479 5144 3534 5190 et

1949 5205 2193 5274 Act.'SS.
2229 5216 2427 5272 Bened.
2456 5229 2579 5268 suae.
2613 5228 2652 5278 t,
2686 5222 2816 5266 tom.
2851 5213 2886 5274 Ι,
2919 5225 3038 5280 pag.
3065 5210 3193 5271 65-4,
3225 5217 3335 5261 not.
3367 5205 3422 5261 ι».

1850 5275 1903 5336 Β
2000 5288 2085 5356 (ἱ)
2130 5289 2274 5355 Pagi,
2307 5286 2374 5341 ad
2405 5300 2532 5339 anu.
2567 5275 2688 5356 5“,
2728 5283 2756 5350 ᾗ
2787 5283 2842 5338 8.

2007 5345 2094 5431 (ΙΙ)
2137 5345 2398 5431 Βάίιέξιὰτ-
2435 5358 2552 5411 Act.
2597 5345 3000 5431 ⁸8ξ›.”ι‹)ιιι.);1
3052 5351 3210 5420 Aug.,
3265 5364 3384 5419 pag,
3437 5345 3528 5402 55,

1935 5424 2144 5488 Comm.
2179 5430 2245 5483 de
2271 5429 2329 5482 S.
2358 5427 2560 5482 Czesar.
2593 5425 2619 5495 §
2647 5426 2704 5487 εὶ,
2735 5441 2882 5478 num.
2916 5424 3003 5477 18.

2007 5501 2082 5570 (k)
2123 5501 2450 5555 Samtnarth.
2481 5486 2620 5570 Gil”:
2649 5495 2854 5570 Q'H‘isl.
2882 5505 3010 5546 tum.
3041 5491 3088 5570 l,_
3110 5506 3229 5558 pag.

2013 5561 2094 5642 Π)
2136 5570 2404 5642 Alabillott.
2443 5567 2635 5642 Annal.
2673 5564 2870 5642 liencd.
2907 5573 3036 5642 lout.
3075 5562 3267 5642 Lupug.
3297 5561 3386 5642 9t).

2008 5625 2102 5712 (nul)
2145 5641 2282 5696 "ist.
2325 5639 2483 5712 iittér.
2515 5642 2578 5712 de
2599 5640 2659 5712 _la
2694 5635 2908 5712 France,
2944 5641 3075 5684 tum.
3115 5631 3199 5712 lli,
3228 5625 3348 5699 pag.

2009 5699 2098 5784 in;
2131 5713 2306 5768 Noris.
2342 5710 2482 5768 llist.
2523 5707 2703 5776 Pelag.
2747 5707 2838 5759 nn.
2874 5718 2931 5768 ιι,
2963 5716 3084 5768 cap.
3123 5700 3216 5767 ~22,
3252 5716 3370 5771 pag.
3406 5699 3534 5762 5:7,
