3958 6358
508 305 613 363 999

1382 309 1435 366 S.
1480 309 1839 369 CESARIL'S
1883 309 2099 369 EPISC.
2141 307 2628 365 AREL.\TENSIS.
2669 308 2966 365 NOTITIA.

3652 322 3804 378 I000

505 419 684 475 Ionius
705 422 807 491 (α),
842 417 895 474 in
922 420 1216 488 appendicc
1244 423 1633 491 Augustiniana
1665 441 1817 480 nova:
1849 426 2100 480 editionis
2130 426 2179 484 Α
2206 423 2373 476 notavi
2398 421 2489 475 sub
2514 424 2599 476 die
2626 440 2656 477 x
2684 425 2925 479 calendas
2950 422 3100 480 Julii.
3120 426 3261 483 Alibi
3292 430 3452 486 ducet
3480 432 3634 489 idem
3658 435 3810 493 Biar-

506 510 667 565 simut
712 512 873 565 editze
917 520 1061 565 sunt.
1115 511 1218 565 Eas
1263 529 1390 568 vero
1436 530 1557 569 cum
1608 516 1728 571 aliis
1771 517 2091 572 Cmsarianis

508 603 780 670 opusculis
810 603 861 655 in
896 618 1058 656 unum
1093 604 1371 671 collectas,
1411 607 1647 661 edendas
1684 609 1905 677 parabat
1933 609 2097 664 Oudi-

510 708 609 745 nus
652 692 763 763 (b):
814 694 906 746 sed
956 695 1127 764 magis
1169 708 1420 751 accurate
1450 700 1684 768 digestas
1732 700 1988 755 exhibent
2017 701 2093 757 illi

504 784 696 836 eruditi
730 784 849 847 viri,
879 802 1106 854 quorum
1139 789 1297 842 modo
1325 789 1663 843 meminimus
1687 790 1782 860 (c).
1815 790 1984 846 Porro
2022 808 2092 848 ex

506 872 569 925 iis
592 873 710 927 illas
734 884 937 929 tantum
964 878 1101 945 typis
1122 878 1463 933 excudendas
1489 882 1937 950 consignavinius,
1962 897 2095 951 quas

506 977 567 1013 ex
598 974 910 1030 pervetusto
926 969 1111 1023 codice
1137 986 1237 1025 ms.
1259 986 1400 1025 anno
1426 970 1581 1038 l669,
1606 973 1821 1026 Parisiis
1846 974 1895 1025 in
1920 975 2095 1027 lucem

505 1051 687 1105 emisit
714 1057 855 1109 notis
893 1056 1181 1113 illustratus
1218 1062 1481 1118 Baluzius.
1516 1064 1715 1117 Harum
1759 1074 1934 1119 tamen
1962 1080 2096 1118 non-

507 1144 680 1197 nullas
701 1145 865 1201 fuisse
887 1158 1039 1203 antea
1069 1152 1339 1221 evulgatas
1360 1157 1720 1222 comperimus
1740 1156 1837 1227 (d).
1865 1156 2096 1211 Editoris

506 1246 685 1291 autem
711 1239 1089 1296 adnotationes
1117 1244 1351 1299 liomili'.s
1377 1246 1633 1318 subjecta:
1663 1252 1882 1318 paginas
1925 1248 2095 1317 respi-

504 1324 658 1379 ciunt
698 1330 949 1384 editionis
990 1332 1307 1390 Parisiensis
1359 1353 1492 1407 quas
1546 1341 1714 1394 nostri
1765 1340 2092 1410 exemplaris

509 1420 733 1487 margini
764 1424 1111 1490 apponendas
1142 1430 1471 1484 curavimus.

579 1508 667 1562 Ill.
715 1510 958 1567 lloniiliis
990 1515 1286 1572 Baluzianis
1319 1520 1550 1589 [tegulas
1577 1524 1748 1578 sancti
1778 1524 1992 1579 Caesarii
2025 1526 2093 1581 ad

507 1602 802 1662 monachus
846 1617 900 1660 et
937 1610 1197 1664 nioniales
1223 1612 1559 1668 subdidiinus
1602 1630 1665 1670 ex
1697 1617 1883 1671 codice
1916 1617 2089 1685 Begu-

505 1690 677 1745 larum
732 1694 1074 1752 llolsmniano
1121 1699 1437 1770 descriptas.
1485 1704 1553 1758 Et
1601 1709 1829 1774 primum
1875 1707 2091 1776 quidem

2201 516 2379 568 tenius
2419 514 2484 584 (i)
2540 516 2594 570 in
2643 516 2963 572 bibliotheca
3013 522 3323 574 monasterii
3372 523 3432 576 S.
3505 524 3804 584 Maximini

2197 606 2541 662 Trevirensis
2571 619 2782 663 exSIare
2814 624 2915 663 ms.
2944 611 3183 665 codiceni
3217 612 3544 682 [tegularum
3576 618 3642 674 S.
3696 620 3809 677 Be-

2198 699 2397 754 nedicti
2438 700 2760 755 Anianensis
2808 703 3013 756 abbatis
3053 703 3121 757 ab
3165 704 3444 760 liolstenio
3474 706 3805 774 iamdudum

2197 790 2425 855 editum,
2472 798 2530 846 et
2574 792 2860 847 admodum
2900 794 3113 863 quidem
3162 797 3440 867 eleganter
3478 814 3802 869 exaratum,

2197 884 2287 937 ubi
2319 886 2419 939 sub
2451 884 2607 939 ﬁnem
2660 886 2874 954 Regula:
2922 886 2991 941 ad
3042 889 3302 944 mouiales
3344 891 3543 960 legitur
3575 897 3807 961 privile-

2197 976 2340 1045 gium
2375 975 2674 1030 Hormisda:
2704 992 2877 1047 papae,
2906 993 3012 1045 quo
3034 978 3086 1032 in
3116 978 3239 1033 illud
3271 984 3668 1038 monasterium
3694 988 3807 1039 γίτο

2198 1067 2377 1137 ginum
2423 1080 2453 1119 a
2498 1067 2555 1122 S.
2597 1064 2830 1122 Cmsario
2876 1068 3171 1134 conditum,
3211 1071 3328 1140 ejus
3375 1077 3805 1131 successoribus

2198 1158 2465 1227 episcopis
2497 1158 2895 1213 Arelatensibus
2938 1161 3083 1214 nulla
3134 1165 3343 1229 penitus
3388 1174 3632 1232 potestas
3664 1184 3800 1238 per-

2198 1253 2448 1307 mittitur.
2497 1251 2772 1320 Ejusmodi
2803 1262 2979 1308 autem
3020 1254 3354 1324 privilegium
3383 1259 3528 1327 quod
3576 1262 3633 1314 in
3680 1264 3804 1317 edi-

2199 1345 2345 1401 tione
2391 1346 2733 1401 Holsteniana
2782 1345 3137 1409 desideratur,
3189 1352 3425 1405 occurrit
3472 1355 3621 1420 apud
3668 1356 3799 1410 Bol-

2196 1437 2413 1492 laiidum
2459 1438 2725 1505 praedicta:
2757 1437 2972 1507 Regula:
3007 1438 3303 1509 subjectum
3350 1443 3441 1512 (λ).
3488 1445 3653 1511 Quod
3703 1464 3798 1503 su-

2196 1542 2399 1602 perest,
2449 1533 2956 1599 animadvertimus,
3012 1536 3147 1589 hanc
3197 1536 3441 1591 eamdem
3500 1539 3795 1611 Regulam,

2196 1622 2417 1691 perinde
2471 1638 2533 1676 ac
2575 1624 2988 1693 praecedentem,
3042 1626 3183 1680 notis
3236 1628 3454 1684 auxisse
3508 1631 3794 1688 laudatum

2194 1712 2463 1767 Cointium
2500 1713 2600 1783 (k),
2645 1730 2777 1783 quas
2808 1730 2905 1768 nos
2946 1718 3264 1784 compendio
3294 1718 3375 1772 usi
3417 1721 3568 1776 edito
3602 1736 3794 1781 nostin

505 1786 736 1839 occurrit
766 1786 971 1859 [tegula
998 1791 1065 1845 ad
1095 1795 1407 1861 monachos,
1438 1812 1594 1866 quam
1635 1798 1915 1854 Tetradius
1944 1817 2091 1868 preso
2127 1812 2167 1870 Β
2197 1804 2543 1866 subjeeimus.
2580 1804 2657 1858 Ex
2693 1806 2884 1860 eodem
2909 1806 3024 1861 viro
3065 1808 3225 1863 docto
3273 1824 3538 1879 przetcrea
3590 1818 3793 1871 intelli-

506 1876 660 1946 byter
684 1890 737 1931 et
764 1880 950 1947 abbas,
981 1882 1145 1951 ipsius
1171 1886 1390 1942 Czesarii
1424 1905 1611 1959 nepos,
1636 1908 1701 1946 ex
1724 1908 1817 1948 ore
1842 1894 2093 1950 dictantis

504 1978 739 2037 excepit,
770 1970 994 2042 ejusque
1016 1974 1171 2042 jussu
1206 1994 1297 2048 per
1327 1980 1527 2033 diversa
1574 1987 1880 2038 monasteria
1911 1994 2090 2040 trans-

505 2065 670 2117 misit.
710 2065 862 2119 Edita
895 2069 1093 2138 saepius
1123 2083 1279 2125 antea
1316 2073 1485 2128 fuerat
1524 2076 1576 2129 in
1610 2077 1952 2134 Bibliothecis
1995 2079 2093 2133 Pa-

506 2163 671 2221 trum,
706 2172 804 2210 nec
840 2173 942 2213 non
991 2176 1019 2213 a
1066 2161 1327 2230 Prospero
1366 2166 1635 2221 Stellartio
1674 2170 1812 2224 inter
1859 2170 2092 2240 [tegulas

502 2248 750 2302 ordinum
785 2255 1205 2308 monasticozum
1244 2264 1299 2311 et
1346 2259 1657 2314 militarium
1697 2280 1710 2313 :
1741 2278 1899 2332 quam
1930 2264 2093 2319 dein-

502 2354 628 2408 ceps
671 2356 737 2395 ex
769 2342 1027 2397 llolstenii
1056 2346 1315 2412 editione,
1353 2360 1410 2402 ut
1440 2352 1677 2406 omnium
1714 2364 1981 2421 postrema
2012 2358 2091 2411 sic

504 2434 723 2499 optima,
763 2436 1058 2491 Annalibus
1088 2441 1467 2496 ecclesiasticis
1498 2444 1825 2500 Francorum
1864 2448 2091 2503 intexuit

502 2524 742 2577 Cointius
781 2528 887 2595 (e);
938 2528 1028 2597 qui
1077 2531 1321 2585 eamdem
1368 2550 1488 2589 cum
1524 2534 1726 2605 [tegula
1779 2539 2087 2593 monialiuin

502 2614 622 2682 ipso
650 2615 885 2672 Caesarie
915 2633 1137 2677 auctore
1167 2637 1415 2681 accurate
1445 2630 1695 2699 contulit,
1729 2634 2090 2703 nonnullaque

501 2702 618 2759 loca
655 2707 943 2764 edisseruit
983 2728 1104 2780 qua:
1136 2716 1367 2785 aliquam
1397 2720 1764 2776 difﬁcultatem
1794 2739 1982 2793 parere
2006 2702 2090 2779 vi-

500 2797 783 2854 debantur.
833 2800 1212 2859 Monachorum
1261 2808 1518 2879 [tegulam
1570 2813 1736 2867 altera
1778 2815 1977 2883 excipit
2018 2816 2086 2870 ad

503 2889 780 2960 Virgines,
829 2910 988 2963 quam
1040 2898 1381 2955 Mabillonius
1431 2905 1659 2971 primam
1707 2921 1827 2962 esse
1869 2909 2089 2978 conjicit

498 2986 850 3039 monasticam
902 2991 1137 3057 regulam
1197 2992 1249 3046 iu
1319 2995 1543 3063 gratiam
1600 2999 2084 3055 sanctimonialium

498 3088 767 3133 exaratam
809 3079 911 3150 (Ῑ).
956 3083 1137 3150 Neque
1181 3084 1265 3138 hic
1297 3088 1727 3153 praetereundum
1771 3091 1911 3160 quod
1943 3091 2083 3146 Mar-

2192 1898 2369 1965 gimus
2395 1897 2640 1952 eamdem
2669 1896 2885 1952 Cmsarii
2916 1899 3168 1969 Regulam
3202 1902 3267 1955 ad
3300 1906 3565 1961 moniales
3594 1923 3627 1961 a
3678 1910 3792 1964 Sir-

2196 1987 2392 2042 mondo
2414 1998 2684 2058 acceptam
2708 1992 2936 2059 primum
2958 1991 3192 2053 edidisse
3214 1994 3607 2054 Pictavisanno
3630 2002 3787 2070 ιϐἐι,

2192 2078 2523 2146 Stephanum
2572 2081 2880 2148 Mequotum
2931 2096 3051 2137 curn
3095 2085 3566 2143 observationibus
3620 2093 3790 2147 Fian-

2194 2170 2319 2224 cisci
2374 2170 2631 2225 Meinardi
2682 2173 3045 2228 antecesseris
3093 2176 3469 2246 Pictaviensis;
3527 2183 3789 2254 illamque

2193 2261 2353 2330 paulo
2399 2272 2540 2331 post,
2583 2277 2723 2317 anno
2772 2264 2979 2320 scilicet
3023 2266 3181 2333 1626,
3236 2284 3447 2324 rursum
3502 2276 3789 2344 evulgasse

2198 2354 2356 2410 Diiaci
2391 2355 2710 2424 Prosperum
2757 2356 3082 2411 Stellartium
3137 2359 3188 2413 in
3232 2376 3397 2429 opere
3444 2361 3785 2420 Fundanam:

2193 2445 2453 2498 Ordinum
2485 2450 2764 2514 inscripto,
2791 2456 2848 2501 ut
2879 2458 3104 2504 cmteras
3128 2452 3471 2520 insequentes
3492 2455 3608 2524 jam
3633 2469 3787 2513 antea

2191 2544 2516 2591 memoratas
2537 2536 2863 2593 omittamus.

2267 2625 2356 2680 IV.
2400 2626 2494 2680 llis
2526 2629 2789 2683 accedunt
2815 2629 3054 2697 epistola:
3081 2642 3310 2701 quatuor
3334 2638 3509 2692 sancti
3536 2636 3783 2709 Cmsarii,

2190 2717 2387 2788 quibus
2408 2720 2752 2786 prazmittitur
2774 2720 3011 2790 ejusdem
3034 2738 3209 2777 sermo
3233 2726 3297 2778 ad
3322 2732 3783 2790 sanctimoniales.

2192 2807 2274 2864 Ex
2325 2807 2411 2865 his
2457 2811 2701 2879 epistolis
2750 2816 2918 2882 prima
2953 2816 3258 2872 inscribitur
3302 2821 3567 2880 Oratoriae
3614 2828 3781 2881 abba-

2192 2901 2358 2970 tissae,
2391 2916 2509 2970 quae
2540 2912 2718 2958 tamen
2771 2906 2907 2959 liaud
2940 2907 3140 2976 integra
3185 2910 3440 2978 habetur;
3482 2916 3657 2972 altera
3704 2931 3782 2975 est

2191 2991 2488 3045 hortatoria
2518 2991 2585 3045 ad
2637 2992 2895 3062 virginem
2943 2994 3053 3049 Deo
3100 2998 3362 3067 dicatam;
3397 3003 3626 3073 reliquae
3664 3007 3781 3063 dua:

2190 3084 2373 3139 missa:
2422 3083 2668 3141 feruntur
2711 3086 2776 3140 ad
2826 3087 3109 3143 Caesarium
3153 3105 3394 3147 sororem
3440 3110 3619 3164 suam,
3662 3116 3781 3169 qua:

498 3175 674 3228 lenius
701 3177 972 3231 memoria:
1002 3178 1235 3247 prodidit
1270 3181 1374 3251 (g),
1406 3182 1505 3236 sibi
1538 3183 1787 3238 nimirum
1819 3184 2079 3240 detectam

2193 3178 2577 3231 monasterium
2607 3176 2774 3246 ipsius
2799 3177 3015 3232 Cmsarii
3045 3180 3223 3235 fratris
3252 3198 3412 3252 opera
3436 3196 3775 3245 exstructum

498 3268 635 3322 hanc
668 3270 905 3339 regulam
936 3271 985 3325 in
1020 3281 1230 3329 vetus'o
1250 3276 1436 3330 codice
1463 3291 1562 3331 nis.
1590 3278 2085 3348 Augustodunensis

484 3358 675 3413 Sancti
702 3362 909 3416 Martini
942 3368 1275 3430 monasterii,
1309 3370 1359 3421 in
1390 3369 1543 3437 cujus
1574 3370 1677 3423 ﬁne
1708 3371 1823 3424 haec
1853 3372 2093 3429 maxime.

496 3452 730 3505 notanda
760 3454 1107 3523 adjiciuntur,
1134 3472 1253 3526 qua:
1279 3457 1476 3513 desunt
1506 3460 1555 3512 in
1584 3462 1741 3514 editis
1776 3477 1790 3515 :

562 3541 816 3597 Ctesurius
844 3556 1081 3613 peccator
1103 3549 1333 3614 regulam
1358 3551 1489 3603 hanc
1519 3560 1805 3605 sanctarum
1831 3553 2083 3623 virginum

493 3638 621 3689 rexit
648 3646 694 3690 et
723 3640 922 3709 scripsit
948 3641 1041 3693 sub
1074 3642 1159 3695 die
1188 3658 1217 3695 χ
1246 3645 1486 3697 calendas
1523 3641 1676 3710 Julii,
1710 3643 1934 3698 Paulino
1961 3661 2083 3698 con-

492 3727 602 3781 sule
629 3736 873 3798 tempore.

564 3822 867 3890 Simplicius
898 3836 1132 3889 peccator
1158 3829 1412 3880 consensit
1441 3839 1491 3881 et
1516 3829 1754 3899 signavit.

564 3914 781 3968 Severus
808 3917 1075 3984 episcOpus
1096 3920 1330 3971 consensi
1350 3929 1395 3972 et
1426 3922 1644 3990 signavi.

567 4007 920 4077 Luperciaiius
950 4010 1215 4077 episcopus
1246 4018 1475 4064 consensi
1506 4024 1550 4063 et
1575 4013 1621 4064 si
1622 4014 1793 4083 Juavi.

561 4096 787 4150 Joannes
818 4100 1053 4150 consensi
1082 4110 1129 4152 et
1159 4099 1379 4168 signari.

561 4186 847 4255 Cyprianus
871 4187 1139 4255 epismpus
1169 4188 1404 4242 consensi
1436 4198 1484 4244 at
1512 4191 1729 4259 signari.

564 4276 839 4329 Montanus
864 4279 1099 4331 consensi
1126 4287 1173 4331 et
1201 4280 1418 4348 signavi.

561 4366 837 4421 Ferminus
866 4377 1100 4435 peccator
1128 4372 1362 4424 consensi
1391 4382 1439 4425 et
1468 4372 1686 4444 signavi.

560 4457 764 4525 Quibus
794 4474 857 4511 ex
892 4459 1069 4513 verbis
1096 4460 1272 4529 arguit
1311 4462 1393 4516 vir
1427 4464 1668 4517 eruditus
1700 4465 1952 4533 temporis
1982 4481 2079 4519 no-

2191 3268 2481 3337 regendum
2511 3277 2841 3338 susceperat.
2875 3270 3003 3337 Qua:
3028 3273 3240 3340 quidem
3274 3280 3450 3331 omnia
3476 3294 3542 3333 ex
3583 3283 3779 3339 codice

2190 3357 2515 3428 [tegularum
2576 3359 2920 3414 llolsteniano
2978 3363 3206 3418 subinde
3269 3366 3481 3423 laudato
3546 3376 3778 3431 mutuati

2187 3464 2394 3503 sumus.
2434 3451 2669 3519 Denique
2711 3465 2899 3519 agmen
2930 3452 3128 3507 claudit
3170 3456 3568 3516 Testamentum
3601 3469 3777 3521 sancti

2186 3539 2406 3594 Cirsarii
2462 3555 2526 3594 ex
2565 3542 2755 3594 eodem
2808 3542 2994 3596 codice
3035 3544 3395 3616 dosuniptum.
3454 3553 3776 3620 llujusmodi

2184 3646 2315 3687 vero
2337 3632 2721 3688 ecclesiasticae.
2749 3634 3077 3704 antiquitatis
3103 3654 3522 3707 monumentum,
3546 3662 3616 3700 ex
3645 3652 3777 3703 Are-

2185 3723 2407 3778 latensis
2448 3723 2701 3778 Ecclesia:
2745 3725 2963 3779 archivo
2994 3740 3300 3797 excerptum
3349 3749 3441 3801 per
3488 3735 3772 3793 Claudium

2185 3816 2313 3872 Saxi
2354 3817 2641 3881 notarium,
2681 3825 3066 3888 acceptumque
3113 3820 3181 3876 ab
3222 3823 3460 3893 ejusdem
3510 3828 3776 3886 Ecclesia:

2183 3907 2564 3961 arcliidiacono
2596 3906 2882 3963 Frauciseo
2925 3909 3138 3965 Clareto
3168 3912 3291 3967 dum
3333 3915 3514 3971 Romae
3556 3935 3771 3989 ageret,

2184 3999 2390 4066 primus
2434 3998 2604 4053 edidit
2649 4010 2833 4054 nosmr
2872 4000 3133 4057 Baronius
3188 4003 3273 4075 (ι).
3327 4007 3458 4061 Illud
3508 4026 3775 4077 prterea

2182 4090 2449 4160 evulgavit
2503 4089 2696 4147 Saxius
2726 4091 2777 4145 in
2815 4091 3094 4148 Pontiﬁcio
3136 4096 3429 4152 Arelatensi
3470 4100 3565 4169 (in)
3614 4120 3628 4154 :
3684 4121 3775 4171 po-

2182 4191 2445 4236 stremum
2494 4198 2621 4237 vero
2670 4183 2912 4239 Cointius
2962 4186 3015 4240 in
3047 4189 3341 4244 Annalibus
3388 4194 3773 4251 ecclesiasticis

2182 4272 2512 4327 Francorum
2545 4272 2648 4343 (η).
2681 4274 2849 4329 Porro
2879 4275 3003 4331 huic
3030 4276 3246 4332 Cmsarii
3279 4280 3625 4337 Testamento
3658 4288 3774 4354 plu-

2180 4366 2375 4420 rimum
2407 4365 2745 4421 auctoritatis
2776 4382 2837 4422 ac
2869 4370 2987 4424 tidei
3021 4373 3304 4428 conci:iare
3333 4373 3631 4431 lturmisda:
3672 4382 3775 4444 Ro.

2182 4459 2323 4512 mani
2369 4459 2638 4525 pontiﬁcis
2668 4458 2893 4524 litteras,
2924 4461 3031 4529 jam
3083 4463 3277 4517 dudum
3326 4467 3555 4521 advertit
3605 4471 3771 4527 nam

488 4549 745 4603 tationem
787 4564 894 4618 quo
926 4550 1065 4604 lianc
1092 4550 1349 4619 Regulam
1382 4553 1598 4623 scripsit
1637 4532 1853 4611 sanctus
1895 4558 2071 4611 Caisa-
2102 4574 2104 4632 ς

2193 4551 2420 4624 aius(o),
2452 4567 2515 4607 ac
2547 4532 2668 4622 post
2710 4554 2884 4624 ipsum
2927 4555 3166 4613 Cointius
3207 4560 3307 4627 (ρ).
3338 4560 3416 4613 Ad
3446 4577 3537 4616 eas
3584 4576 3775 4620 autem

489 4643 621 4703 rius,
658 4657 798 4697 anno
822 4642 1073 4697 nimirum
1103 4643 1230 4709 554,
1264 4646 1363 4699 sub
1392 4648 1669 4703 consulatu
1709 4649 1936 4715 Paulini,
1966 4652 2071 4706 Oc-

488 4734 831 4789 cidentalium
862 4736 1143 4792 consulum
1183 4741 1460 4808 postremi.
1488 4739 1752 4797 Cancrum
1781 4745 1920 4813 apud
1957 4746 2077 4800 Bol-

490 4822 705 4877 landum
742 4827 808 4879 ad
848 4827 1046 4882 calcem
1080 4830 1316 4897 prmfatm
1348 4831 1564 4901 Regula:
1596 4832 1779 4889 is:h:ec
1808 4834 1947 4890 beati
1981 4852 2076 4890 an-

490 4915 671 4970 tistitis
718 4919 1038 4988 subscriptio
1083 4922 1308 4977 habetur
1343 4924 1419 4992 (Ii)
1475 4941 1487 4977 :
1543 4924 1797 4981 Cresarius
1842 4942 2077 4997 peccator

488 5003 742 5074 Regulam
768 5008 900 5063 hanc
919 5022 1213 5065 sanctarum
1233 5014 1483 5084 virginum
1515 5016 1668 5086 relegi
1692 5026 1737 5070 et
1757 5021 2033 5091 subscripsi
2054 5038 2075 5077 :

560 5160 637 5241 (ᾳ)
677 5161 874 5241 μωρίη.
904 5165 1329 5241 Annal._Bened.
1364 5178 1490 5223 tom.
1521 5167 1560 5241 l,
1595 5184 1715 5241 pag.
1754 5172 1846 5227 89.

676 5232 971 5318 (ludimus;
990 5236 1195 5318 Script.
1221 5241 1354 5318 geel.
1384 5252 1511 5293 tom.
1542 5232 1730 5318 prfg.
1757 5242 1893 5301 i3“
1920 5260 2071 5318 seqq.

564 5305 634 5371 (ε)
679 5302 816 5356 Hist.
850 5305 1007 5359 littér.
1039 5302 1181 5361 dcta
1216 5305 1438 5376 France,
1474 5302 1741 5381 ioiii.'ti't,
1789 5330 1943 5389 pagg.
1974 5302 2077 5373 i's's

487 5388 639 5526 “illi
677 5443 809 5526 lbi.“-
846 5460 997 5526 νῆες·
1028 5446 1156 5526 2οῇ
1184 5449 1463 5526 εωρεαη.

561 5517 634 5582 (e)
673 5517 848 5571 Coint.
883 5520 1076 5573 Annal.
1114 5521 1257 5574 Eccl.
1293 5517 1483 5577 Fraiic.
1528 5533 1657 5578 tom.
1692 5524 1729 5591 Ι,
1777 5541 1929 5596 pagg.
1968 5524 2071 5581 489

487 5599 640 5739 δείξῗξ
683 5656 859 5739 stabit.
894 5659 1083 5739 Annal.
1116 5663 1314 5739 Bened.
1346 5673 1474 5717 tum.
1508 5665 1813 5739 l,pag.19_.
1846 5667 1873 5739 ς
1908 5667 1999 5724 52.

585 5660 640 5724 f)
683 5660 859 5711 Mabil.
894 5660 1083 5714 Annal.
1116 5663 1314 5717 Bened.
1346 5673 1474 5717 tum.
1508 5667 1544 5731 Ι,
1615 5681 1696 5734 ag.
1725 5665 1813 5725 19.
1846 5667 1873 5739 §
1908 5667 1999 5724 52.

559 5660 645 5867 ii;
682 5727 906 5853 tatis.-
932 5684 1975 5876 ‘t'a-amiti'°.:::::'-.'i
2007 5741 2051 5795 δ·

2181 4643 2392 4698 litteras
2436 4644 2662 4713 digitum
2709 4644 2940 4699 intendit
2987 4646 3102 4716 ipse
3144 4647 3419 4715 Caesarius,
3470 4652 3599 4706 dum
3652 4660 3773 4711 ait:

2181 4732 2298 4786 Hoc
2322 4733 2432 4804 ipsa
2478 4734 2542 4790 S.
2574 4734 2736 4806 Papia
2769 4734 3012 4790 Urbicani
3038 4741 3195 4793 suasit
3221 4743 3517 4797 auctoritas.
3560 4744 3775 4810 Quibus

2182 4840 2311 4881 sane
2344 4826 2524 4882 verbis
2569 4828 2902 4899 privilegium
2950 4832 3080 4886 illud
3119 4834 3355 4902 ejusdem
3389 4837 3667 4902 pontiﬁcis
3698 4842 3776 4894 in-

2182 4926 2317 4991 nuit,
2350 4926 2490 4993 quod
2537 4936 2712 4981 exstat
2750 4929 2892 4998 apud
2936 4929 3252 4987 Bollandum
3299 4934 3519 5005 Regula:
3564 4954 3776 4995 monia-

2183 5014 2312 5069 liuin
2342 5015 2633 5085 adjectum,
2664 5028 2721 5073 ut
2751 5022 2999 5089 superius
3027 5026 3351 5081 monuimus.

2357 5190 2591 5272 Martem
2630 5191 2829 5272 Yoyage
2859 5195 3015 5252 littér.
3044 5213 3163 5269 pag.
3190 5199 3295 5256 285
3317 5215 3432 5272 seq.

2255 5263 2329 5329 (j)
2374 5262 2613 5316 Bolland.
2647 5263 2683 5316 Ι.
2714 5280 2764 5318 c.

2374 5280 2613 5344 ηομίιηα.
2647 5280 2683 5316 Ι.
2714 5280 2764 5318 Co

2252 5336 2328 5410 tm)
2370 5332 2544 5410 goint.
2578 5333 2613 5385 l.
2646 5348 2721 5410 ς..
2754 5350 2877 5410 pag.
2909 5335 3016 5410 ῥῚέ
3037 5354 3188 5410 seqq.

2259 5402 2346 5483 il)‘
2371 5402 2590 5483 Daren.“
2598 5404 2663 5457 ad
2688 5402 2979 5483 βμὶιθᾞωΞ
3070 5402 3316 5483 23'scqq.

2255 5473 2350 5553 tui)
2376 5474 2520 5553 “sax.
2554 5474 2750 5553 Pontif.
2778 5473 3109 5553 Arel._§_SU,
3142 5473 3297 5553 pag-gl
3334 5484 3591 5547 {Ol-105.

2252 5540 2567 5668 (ιθϐξῖἕίἓῖὲ
2579 5544 2775 5600 Annal.
2816 5540 3178 5607 Εροι.”ιῖτειὶιὲ.
3202 5540 3273 5609 5’5
3291 5570 3417 5612 ann.
3682 5558 3771 5627 23,

2216 5626 2300 5667 32'.
2334 5626 2588 5667 υιυ-ϋιδ.

2180 5628 2300 5682 pag.
2334 5628 2588 5668 υιυ-υιδ.

2249 5683 2323 5751 (o)
2365 5684 2557 5757 nimii.
2578 5686 2626 5757 i.
2649 5686 2781 5757 c.,,§
2812 5686 2903 5743 28.

2246 5756 2323 5824 (ρ)
2348 5753 2542 5813 νϐοἱιιι.
2576 5756 2614 5812 I.
2642 5772 2691 5812 c.
2726 5753 2879 5829 5⁷24.
