3958 6358
544 371 566 426 1
578 368 681 424 (3Οὸ

1572 362 1626 415 S.
1668 355 1960 415 CESARII
2004 356 2207 412 EPISC.
2251 352 2724 411 ARELATENSIS

3660 348 3805 407 tuo;

541 488 703 536 missa
732 477 1117 548 supplicatione
1150 480 1465 543 proslrarel,
1492 480 1679 540 petens
1709 478 1768 522 ut
1796 468 1986 523 ablatis
2016 466 2115 520 sibi
2152 469 2193 524 Α
2226 466 2437 518 tandem
2470 462 2701 534 legendi,
2760 460 3039 529 psa‘lendi,
3073 442 3390 529 orandique,
3446 468 3498 514 et
3548 457 3808 530 vigilandi

547 571 777 635 capillis,
806 578 1111 634 mutatoque
1141 565 1342 625 habitu,
1376 562 1553 616 divino
1584 576 1703 616 eum
1740 561 1974 627 pontifex
1999 572 2117 611 ser-

546 661 675 713 vitio
735 644 1080 724 tnauciparet,
1148 670 1244 708 nec
1303 661 1572 722 pateretur
1634 652 1774 704 ultra
1828 648 2117 715 snpplicem

545 749 737 821 [Mab.,
769 747 846 820 se]
872 762 899 801 a
932 746 1240 816 parentibus
1272 745 1335 797 ad
1369 742 1979 823 praediutn'all‘ectnsque
2009 742 2119 809 pri-

545 828 718 893 stinos
740 839 999 893 revocari.
1026 838 1227 908 Agente
1250 850 1377 907 ergo
1402 836 1647 903 pontifice
1668 835 1866 904 gratias
1888 835 2120 899 ChriSto,

546 929 688 983 nulla
718 929 917 984 exstitit
946 929 1083 983 vatis
1106 928 1322 998 optimis
1350 941 1515 979 mora.
1548 925 1788 991 Cumque
1817 924 1944 977 inibi
1976 926 2125 977 bien-

547 1020 635 1071 nio
664 1034 757 1075 seu
791 1020 1019 1090 amplius
1046 1021 1146 1074 sub
1176 1020 1275 1077 hac
1306 1018 1647 1073 inchoatione
1678 1016 1951 1083 servisset,
1987 1015 2125 1068 divi-

548 1126 630 1164 na:
679 1111 864 1182 gratiae
905 1112 1250 1179 instigatione
1288 1124 1599 1173 succensus,
1641 1108 1903 1163 deliberat
1929 1110 2126 1162 arctius

522 1200 893 1271 1semetipsum
940 1200 1347 1268 expeditiusque
1394 1200 1537 1267 juxta
1571 1198 1912 1266 Evangelium
1945 1198 2127 1251 divino

527 1288 855 1357 {mancipare
885 1290 1122 1355 servitio,
1158 1298 1216 1342 ut
1249 1304 1343 1364 pro
1373 1304 1553 1344 amore
1578 1290 1723 1359 regni
1753 1290 1987 1344 cmlestis
2020 1304 2123 1345 non

524 1380 723 1451 .solum
780 1382 1114 1449 parentibus,
1164 1381 1257 1439 sed
1289 1390 1341 1435 et
1374 1382 1556 1450 patria:
1606 1381 1920 1436 redderetur
1948 1370 2127 1436 extra-

551 1483 703 1524 neus.
822 1506 831 1514 .
888 1542 889 1545 η

621 1562 674 1613 5.
711 1560 933 1629 Arrepta
994 1562 1169 1630 itaque
1225 1561 1511 1617 salubriter
1552 1562 1780 1631 fugiendi
1838 1563 1904 1618 de
1950 1566 2128 1618 Steculi

547 1649 898 1719 compedibus
938 1649 1205 1715 libertate,
1227 1636 1504 1706 Lirinense
1525 1654 1598 1720 (α)
1623 1654 2003 1707 monasterium
2030 1656 2143 1708 tiro

549 1749 768 1794 sanctus
793 1741 1039 1809 expetiit.
1084 1742 1326 1810 Cumque
1356 1741 1457 1795 iter
1488 1756 1608 1795 cum
1663 1758 1769 1795 uno
1824 1753 2025 1796 tantum
2058 1744 2131 1796 fa-

2223 554 2540 608 assiduitate
2572 550 2858 617 mactavit;
2908 562 2961 604 ut
2993 549 3368 604 adolescentiae
3396 564 3591 621 corpus
3620 552 3811 604 invali—

2223 646 2370 713 dum,
2399 645 2538 715 quod
2566 645 2783 713 palpare
2815 643 2988 711 potius
3026 656 3182 711 quam
3212 640 3502 697 debilitare
3524 642 3806 706 decuerat,

2223 734 2463 789 olfecerit
2490 733 2665 787 crucis
2723 732 2997 785 nimietate
3033 738 3308 784 curvatum
3362 730 3563 797 pariter
3591 738 3647 784 et
3674 744 3809 784 eon-

2226 826 2449 881 fractum
2480 843 2492 878 :
2525 828 2592 878 ita
2646 836 2703 877 nt
2731 824 2798 878 de
2829 824 3019 891 exigua
3073 824 3235 877 oleris
3264 837 3360 877 seu
3391 824 3663 892 pulticulze
3709 838 3808 878 Co—

2225 919 2421 981 etione,
2449 930 2607 984 quam
2630 913 2729 967 sibi
2753 912 3023 967 dominico
3047 911 3131 966 die
3158 912 3400 980 parabat,
3422 927 3593 983 usque
3619 913 3673 967 in
3705 914 3808 965 alia

2225 1008 2486 1062 dominica
2509 1006 2699 1077 Hlalm
2728 1005 2950 1059 alteram
2966 1002 3309 1075 dominicam]
3325 1005 3520 1060 victum
3546 1006 3809 1060 traheret.

2297 1099 2350 1152 7.
2382 1099 2503 1151 llaec
2530 1097 2693 1168 igitur
2723 1097 2775 1151 in
2805 1096 3039 1150 exordiis
3067 1097 3379 1150 meritorum
3402 1096 3517 1164 ejus
3552 1096 3690 1150 bona
3716 1096 3815 1149 iul.

2227 1199 2457 1245 serunt:
2489 1205 2607 1257 qua:
2637 1190 2879 1257 sequenti
2921 1189 3030 1242 vita
3084 1187 3468 1256 multiplicibus
3512 1198 3640 1242 sunt
3686 1203 3816 1257 aug-

2229 1290 2464 1336 ntentata
2494 1281 2798 1335 virtutibus.
2835 1281 3014 1334 Robur
3046 1295 3274 1348 namque
3302 1281 3477 1334 carnis
3506 1282 3733 1339 altrivil,
3760 1290 3815 1334 ut

2232 1374 2479 1427 virtutem
2506 1372 2726 1441 spiritus
2758 1372 2871 1439 spei
2895 1386 2955 1425 ac
2982 1370 3104 1425 ﬁdei
3128 1371 3395 1425 soliditate
3430 1372 3693 1426 lirmaret.
3727 1374 3812 1435 Et,

2232 1473 2285 1517 ut
2306 1462 2380 1517 ait
2413 1464 2724 1531 Apostolus,
2752 1462 3086 1531 triumphans
3116 1463 3181 1515 tle
3212 1478 3267 1515 se
3305 1461 3430 1525 sibi,
3479 1471 3539 1515 ut
3560 1464 3811 1519 coronari

2232 1563 2547 1619 mereretur,
2598 1556 2874 1620 evincens,
2932 1554 3201 1609 interioris
3271 1554 3499 1608 hominis
3542 1555 3811 1610 exteriora

2234 1646 2589 1716 transcripsit,
2646 1660 2709 1700 ac
2752 1646 3021 1714 prmclarm.
3068 1645 3264 1699 utentis
3312 1645 3551 1716 imperiis
3596 1646 3814 1700 rebells

2234 1740 2475 1809 corporis
2502 1739 2846 1793 incitamenta
2875 1738 3090 1807 abjeeit.
3113 1738 3237 1792 Post
3263 1738 3376 1791 haec
3404 1747 3584 1792 tamen
3612 1746 3815 1792 stoma-

552 1830 696 1885 tuulo
722 1832 901 1885 socius
931 1841 1135 1900 ageret,
1162 1847 1344 1887 coram
1372 1834 1775 1901 inquisitoribus
1804 1835 1982 1889 missis
2014 1850 2127 1887 ma-
2162 1826 2207 1885 B
2234 1832 2337 1885 eho
2365 1832 2648 1886 fatiscente
2695 1831 2917 1901 typbum
2945 1830 3017 1901 (ε)
3052 1841 3347 1899 quartante.
3376 1829 3540 1885 febris
3571 1833 3811 1886 incurrit.

552 1920 644 1972 tris
678 1934 811 1984 suae,
839 1920 1034 1975 flumen
1069 1924 1332 1978 transiens
1362 1924 1505 1977 visus
1531 1924 1599 1977 ab
1630 1926 1707 1978 eis
1734 1940 1839 1977 non
1873 1934 1975 1981 est.
2012 1926 2128 1978 Dia-

553 2008 705 2062 bolus
736 2024 861 2064 vero
916 2012 967 2064 in
997 2012 1279 2079 quemdam
1338 2014 1611 2081 ingressus
1664 2014 1938 2077 miserum,
1990 2014 2133 2068 insc-

550 2113 719 2165 quens
746 2099 845 2155 iter
867 2101 1002 2170 ejus,
1036 2110 1156 2170 post
1208 2112 1415 2170 tergum
1466 2104 1798 2158 incessanter
1824 2104 2129 2160 clamabat:

550 2188 772 2257 Ctesaii,
804 2206 910 2245 non
942 2192 1123 2247 vadas.
1159 2194 1328 2260 Quem
1360 2195 1445 2249 ille
1488 2195 1701 2250 bibendi
1747 2196 1939 2263 poculo
1971 2197 2133 2250 bene-

554 2280 697 2335 dicto
728 2292 1082 2352 porreetoque
1113 2285 1290 2338 statim
1322 2288 1529 2339 curavit
1573 2302 1586 2339 :
1620 2286 1759 2355 quod
1789 2302 1816 2339 a
1843 2298 2134 2341 memorato

552 2374 670 2440 ejus
696 2376 893 2428 comite
924 2376 1187 2430 referente
1210 2385 1565 2445 compertum,
1590 2378 1865 2445 ipsamque
1891 2378 2137 2432 constitit

553 2479 674 2518 eum
731 2465 953 2530 primam
1010 2465 1201 2521 fecisse
1261 2468 1529 2521 virtutem.
1586 2467 1878 2535 Susceptus
1923 2483 2049 2537 ergo
2108 2484 2135 2521 a

554 2565 739 2628 sancto
769 2556 1017 2611 Poreario
1049 2558 1124 2625 (b)
1152 2558 1365 2623 abbate,
1395 2558 1480 2612 vel
1510 2558 1577 2613 ab
1623 2558 1870 2612 omnibus
1914 2559 2140 2614 seniori-

555 2647 675 2713 bus,
708 2647 872 2714 cmpit
900 2662 1019 2701 esse
1048 2648 1099 2701 in
1128 2649 1319 2718 vigiliis
1349 2656 1647 2718 promptus,
1680 2651 1731 2703 in
1762 2650 2138 2705 observatione

554 2738 836 2805 sollicitus,
871 2740 920 2792 in
949 2739 1294 2795 obauditione
1319 2740 1561 2806 festinus,
1592 2741 1644 2795 in
1675 2741 1859 2797 labore
1888 2741 2133 2806 devotus,

557 2845 609 2886 tn
634 2831 933 2887 humilitate
963 2834 1286 2901 praecipuus,
1318 2834 1368 2887 in
1395 2834 1801 2888 mansuetudine
1830 2834 2135 2903 singularis,

558 2920 631 2975 ita
653 2931 705 2976 ttt
736 2937 890 2991 quem
920 2922 1307 2977 instituendum
1358 2933 1707 2993 susceperant
1737 2925 1788 2979 in
1841 2924 2139 2993 disciplinae

560 3017 820 3085 regularis
845 3018 1032 3081 initiis,
1060 3016 1352 3084 perfectum
1376 3031 1434 3071 se
1456 3018 1726 3073 invenisse
1755 3018 2048 3087 gauderent
2088 3017 2139 3070 in

562 3105 725 3158 totius
754 3106 1105 3159 institutionis
1127 3107 1445 3174 augmentis.

2233 1924 2471 1993 Cumque
2502 1924 2569 1979 de
2592 1924 2899 1979 infirmitate
2933 1924 3098 1993 ipsius
3127 1924 3291 1979 abbas
3335 1936 3550 1979 sanctus
3580 1927 3818 1996 graviter

2236 2016 2577 2081 turbaretur;
2629 2027 2683 2071 et
2738 2017 2876 2069 inter
2929 2018 3240 2086 magistrum
3292 2026 3451 2087 atque
3494 2019 3815 2087 discipulum

2234 2107 2681 2177 quemadmodum
2717 2108 2791 2179 [id
2829 2117 2899 2161 est
2934 2106 3353 2179 quodammodo]
3373 2119 3526 2178 esset
3557 2110 3818 2178 :Pgritudo

2236 2198 2429 2267 divisa,
2466 2208 2521 2252 ut
2554 2198 2641 2252 ille
2670 2199 2847 2252 animo
2880 2197 3167 2264 laboraret,
3219 2198 3304 2251 hic
3349 2212 3619 2265 corpore;
3654 2200 3819 2267 respi-

2238 2296 2490 2354 ceretque
2521 2296 2735 2341 sanctus
2768 2287 2922 2340 Pater
2952 2287 3002 2341 in
3048 2287 3346 2340 coenobium
3401 2288 3611 2342 nullum
3639 2290 3817 2343 eidem

2244 2378 2533 2431 remedium
2564 2392 2719 2446 posse
2753 2376 2990 2444 prtestari
3014 2394 3025 2429 :
3050 2378 3135 2429 ubi
3160 2376 3368 2431 etiamsi
3398 2378 3642 2432 medicus
3667 2380 3817 2432 ades—

2240 2479 2340 2533 set,
2371 2470 2579 2525 fervens
2606 2470 2669 2523 ad
2698 2470 2954 2538 spiritalia
2985 2470 3131 2537 pueri
3176 2471 3509 2526 consuetudo
3558 2470 3694 2524 nihil
3724 2472 3817 2524 sibi

2243 2572 2515 2629 pateretur
2546 2562 2611 2615 de
2638 2560 2976 2615 abstinentia:
3026 2560 3187 2615 frenis
3218 2571 3272 2616 et
3301 2562 3603 2633 vigiliarum
3650 2565 3821 2633 rigore

2242 2651 2449 2715 laxari;
2477 2651 2628 2720 jubet
2656 2667 2800 2716 eum,
2848 2650 2954 2703 imo
2982 2650 3122 2719 cogit
3158 2651 3502 2706 beatissimus
3551 2652 3720 2707 abbas
3758 2655 3817 2706 ad

2243 2740 2512 2797 civitatem
2574 2742 2942 2795 Arelatensem
2998 2755 3157 2795 causa
3205 2743 3586 2810 recuperanda:
3636 2744 3821 2797 salutis

2243 2832 2456 2885 adducL

2317 2927 2367 2978 Β.
2404 2925 2531 2978 Erat
2577 2920 2734 2993 igitur
2767 2935 3004 2993 tempore
3053 2924 3141 2979 illo
3192 2923 3462 2979 Firminus
3492 2927 3573 2994 (ά)
3606 2926 3823 2980 illustris

2245 3025 2293 3068 et
2330 3018 2522 3070 timens
2575 3017 2756 3081 Deum,
2806 3025 2859 3070 et
2910 3017 3146 3086 proxima
3176 3016 3363 3089 ipsius
3416 3017 3823 3072 materfamilias

2246 3106 2522 3177 Cregoria,
2557 3108 2915 3161 illustrissima
2942 3107 3255 3163 feminarum
3303 3110 3352 3162 in
3393 3110 3651 3175 prtedicta
3702 3111 3826 3163 urbe

629 3198 682 3252 6.
714 3198 838 3253 Post
879 3213 1102 3265 parvum
1136 3200 1295 3269 igitur
1323 3208 1534 3268 tempus
1564 3200 1615 3254 in
1647 3197 1864 3256 cellario
1912 3214 2137 3270 congrc-
2167 3197 2212 3261 C
2246 3198 2564 3262 Arelatensi,
2599 3214 2828 3267 quorum
2852 3200 3029 3253 studio
3056 3210 3107 3254 et
3130 3199 3401 3268 vigilantia
3422 3216 3662 3269 curaque
3688 3203 3825 3255 circa

563 3290 794 3356 gatiouis
823 3291 1054 3360 eligitur.
1090 3292 1304 3345 Attente
1330 3300 1383 3344 et
1406 3291 1644 3345 studiose
1692 3304 1818 3359 ergo
1848 3293 2012 3360 empit
2056 3291 2137 3345 bis

563 3380 795 3434 tribuere
818 3380 955 3435 velle
977 3380 1171 3448 quibus
1203 3382 1563 3435 necessarium
1596 3390 1735 3444 erat,
1762 3381 1842 3433 vel
1875 3382 1918 3435 si
1944 3379 2133 3453 [Mab.,

562 3469 792 3541 etiamsi]
823 3470 1157 3525 abstinentia!
1188 3486 1372 3531 amore
1412 3471 1538 3525 nihil
1571 3480 1843 3540 peterent;
1878 3472 1995 3524 illis'
2010 3486 2140 3525 vero

562 3562 751 3629 quibus
776 3563 1091 3631 probaverat
1119 3577 1338 3618 necesse
1371 3578 1473 3615 non
1506 3578 1645 3626 esse,
1686 3563 1815 3615 nihil
1852 3562 2138 3628 tribuebat,

562 3657 803 3722 quamvis
827 3655 1024 3710 vellent
1051 3656 1314 3725 accipere.
1349 3654 1501 3709 Unde
1525 3655 1717 3709 factum
1743 3667 1824 3709 est
1850 3666 1905 3708 ut
1954 3656 2145 3724 quibus

566 3750 787 3801 adversa
820 3760 937 3800 erat
972 3758 1152 3801 sancta
1180 3747 1455 3809 discretio,
1489 3746 1847 3814 supplicarent
1876 3746 2051 3800 abbati
2091 3756 2147 3800 ut

566 3842 786 3897 deberet
809 3856 838 3893 a
866 3841 1082 3895 cellario
1112 3840 1376 3894 removeri
1417 3858 1421 3891 ;
1460 3840 1601 3908 quod
1639 3849 1693 3893 et
1726 3838 2020 3907 praistitnm
2044 3847 2142 3892 est.

566 3934 682 3988 Mox
715 3947 841 3986 cura
872 3931 1167 4003 postposita
1200 3930 1368 4001 [addit
1428 3930 1570 3983 Mab.
1611 3928 1728 3999 ita],
1759 3930 2060 3985 desiderata
2091 3944 2149 3983 se

638 4116 713 4181 (tt)
740 4112 1081 4165 Baudrandus
1112 4112 1165 4162 in
1198 4109 1524 4181 Geographia
1554 4110 1896 4181 Lerinensem
1929 4110 2149 4173 insulam

567 4178 821 4238 describit
859 4181 959 4234 hoc
989 4180 1182 4234 modo:
1221 4198 1238 4230 t
1271 4178 1481 4243 Leriua,
1520 4180 1687 4233 insula
1734 4178 1914 4233 Galliae
1953 4181 2153 4233 Narbo-

571 4252 750 4305 nensis
780 4249 969 4314 Plinio,
997 4264 1115 4318 qum
1146 4250 1396 4303 Lerinum
1429 4258 1481 4303 et
1520 4248 1739 4303 Lerintts
1769 4249 1962 4303 dicitur
2013 4251 2155 4318 apud

566 4325 857 4389 scriptores
916 4320 1337 4380 ecclesiasticus,
1392 4336 1529 4383 nunc
1579 4318 1681 4372 l’ile
1738 4320 2156 4373 Saint—Ilonurnt

571 4390 791 4453 Incolis,
861 4389 1340 4444 Saut—llonorato
1402 4389 1575 4451 Italis,
1630 4391 1801 4443 insula
1864 4400 1948 4443 est
1996 4405 2156 4456 parva

570 4462 774 4521 Galliae,
808 4460 859 4513 itt
890 4474 984 4514 Ora
1018 4459 1333 4518 Ριόνιηςίηι,
1376 4460 1427 4512 in
1474 4459 1603 4513 mari
1634 4460 1857 4523 Gallico,
1891 4461 1976 4513 ubi
2011 4462 2159 4514 Leri-

572 4546 734 4621 περιινζρ
760 4530 1066 4621 etettobium
1087 4530 1675 4621 pr;t;elari~sinlutn'.‘v»x
1706 4530 1739 4621 ξ
1763 4531 1926 4621 l'eucis
1954 4532 2020 4584 ab
2048 4536 2155 4585 An-
2194 4566 2236 4621 D

571 4603 719 4668 tipoli
744 4601 926 4654 dissita
954 4604 1004 4653 in
1031 4600 1326 4662 meridiem,
1353 4609 1401 4652 et
1437 4600 1468 4653 5
1493 4618 1515 4648 a
1544 4599 1682 4652 Foro
1705 4601 1844 4654 Julio
1876 4600 1926 4652 in
1954 4611 2151 4664 ortum,

572 4676 683 4741 ipsa
707 4682 757 4725 ct
788 4672 922 4725 Lcro
950 4670 1111 4741 vulgo
1134 4672 1203 4721 (es
1234 4671 1325 4723 ilex
1354 4672 1417 4723 de
1446 4670 1859 4725 Saint-Honorat
1891 4681 1936 4723 et
1965 4673 2026 4724 de
2061 4672 2155 4724 Lé-

571 4740 677 4795 rius
701 4743 966 4804 dicuntur,
988 4742 1077 4794 sed
1098 4740 1239 4811 Loro
1268 4742 1452 4807 major,
1487 4751 1540 4795 et
1569 4741 2036 4811 septentrionaliur
2062 4743 2156 4796 Le-

574 4817 709 4876 rina,
728 4827 757 4864 a
782 4830 883 4880 qua
908 4812 1052 4865 tenui
1087 4810 1219 4864 freto
1242 4822 1537 4873 separatur.
1568 4810 1640 4863 ne
1669 4813 1798 4881 viris
1824 4815 2041 4872 sanctis,
2065 4815 2155 4881 qui

574 4898 762 4943 magno
795 4898 1019 4935 numero
1068 4882 1379 4942 prodierunt
1426 4899 1487 4935 ex
1538 4880 1782 4935 etrnobio
1834 4880 2151 4950 LerinenSi,

576 4954 741 5005 multa
770 4953 982 5019 collegit
1008 4951 1318 5005 Vincentius
1343 4952 1571 5005 Barralis
1594 4951 1703 5020 jam
1732 4961 1855 5006 ante
1883 4951 2152 5007 laudatus.

650 5022 724 5090 (b)
763 5040 780 5073 ς
819 5021 913 5075 llic
943 5022 1219 5075 Porcarius
1242 5022 1404 5074 abbas
1443 5022 1685 5076 diversus
1711 5034 1792 5076 est
1831 5023 1900 5077 ab
1926 5023 2032 5076 alio
2066 5038 2156 5077 cu-

578 5092 847 5160 gnomittc,
876 5092 962 5157 qni
989 5098 1179 5145 octavo
1206 5092 1403 5145 sarculo
1432 5093 1745 5160 martyrium
1778 5106 1964 5160 passus
1993 5102 2096 5157 est,
2133 5115 2149 5145 ι

581 5163 750 5229 inquit
778 5161 829 5213 in
864 5161 1002 5213 notis
1034 5161 1391 5217 Mabillonitts.
1418 5163 1505 5217 De
1540 5162 1597 5216 S.
1632 5162 1887 5217 Poreario
1916 5163 1959 5215 ll
1985 5174 2041 5218 et
2069 5180 2157 5218 So-

576 5233 676 5305 eiis
708 5231 1047 5305 martyribus
1064 5240 1245 5305 actum,
1272 5241 1351 5305 est
1381 5241 1515 5305 tom.
1547 5234 1593 5305 ll
1616 5234 1839 5305 Augusti
1862 5274 1877 5297 ,
1911 5233 1999 5288 ubi
2030 5249 2149 5305 pag.

578 5302 682 5355 Ἰδαί
714 5304 989 5370 utriusque
1018 5301 1248 5356 Porearii
1280 5302 1555 5358 distinctio
1584 5301 1740 5357 latius
1772 5301 2046 5369 probaturi

650 5374 718 5443 (ο)
747 5371 917 5443 Typus
944 5372 1024 5425 vel
1055 5374 1240 5441 lyp/tus
1266 5384 1369 5439 pro
1391 5373 1552 5434 febris
1574 5375 1903 5440 accessione,
1934 5376 2014 5428 vel
2039 5376 2153 5441 ipsa

577 5444 710 5566 gitti
730 5485 759 5526 ρ,
781 5458 886 5498 non
913 5458 1035 5498 raro
1065 5443 1350 5512 reperitur,
1384 5444 1650 5499 ιιιννὶἀθτθ
1678 5453 1762 5500 est
1798 5446 1849 5498 in
1881 5445 2156 5500 Glossario

622 5530 783 5566 antzu.
1360 5554 1367 5559 ι
1412 5550 1423 5561 ι
1454 5540 1479 5549 σ

622 5530 783 5582 angit.
1360 5554 1367 5559 ί
1412 5550 1423 5561 ι
1454 5540 1479 5549 π

651 5584 922 5665 (φιλ-Αρρά
950 5584 1467 5665 εἰςψοηάιὲφιιρηη
1488 5584 1531 5650 l,
1559 5586 1665 5639 col.
1693 5586 1814 5665 82],
1848 5595 2022 5665 exstat
2040 5586 2155 5665 epi-

577 5654 799 5711 stolas.
846 5656 1071 5710 Ennodii
1104 5655 1171 5708 ad
1214 5654 1527 5719 Firmium,
1560 5668 1718 5722 quem
1760 5655 2075 5709 Sirmondus
2102 5657 2155 5710 in

578 5726 721 5779 notts'
752 5726 994 5788 eumdem
1020 5732 1169 5794 putat
1194 5739 1314 5781 cum
1342 5723 1446 5779 hoc
1472 5735 1676 5779 nostro.
1834 5752 1861 5775 τι

649 5796 723 5865 (ε)
754 5796 1089 5863 ᾊςὼἰιιυηὶυε
1116 5806 1243 5851 tom.
1271 5796 1287 5849 l
1311 5794 1594 5849 Annalium
1626 5808 1741 5864 pag.
1766 5794 1856 5860 20,
1881 5794 1947 5850 de
1970 5796 2159 5851 Pome-

2241 3290 2440 3343 clerum
2480 3296 2534 3343 et
2576 3290 2886 3357 monachos,
2922 3291 3169 3359 circaque
3190 3291 3333 3345 cives
3369 3300 3424 3345 ct
3464 3307 3731 3360 pauperes
3758 3294 3825 3355 ei»

2242 3386 2437 3451 vitatis,
2466 3386 2712 3454 praedicta
2758 3386 3076 3439 reddebatur
3128 3386 3401 3440 illustrior.
3429 3386 3668 3455 Uterque
3689 3393 3825 3440 enim

2244 3477 2484 3542 prOprias
2507 3492 2637 3550 opes
2663 3493 2765 3529 non
2791 3476 3173 3530 consumebant
3196 3476 3462 3531 mundana
3486 3477 3825 3541 luxuria,sed

2246 3565 2308 3617 ad
2344 3564 2644 3632 paradisum
2675 3566 2774 3620 sibi
2804 3581 2894 3619 eas
2924 3565 3291 3633 deportatione
3332 3582 3627 3635 pauperum
3660 3579 3825 3622 trans‘

2249 3656 2548 3710 mittebant.
2578 3658 2674 3722 Qui
2709 3658 3016 3725 prrcdietum
3049 3657 3105 3712 S.
3137 3655 3427 3712 Caesarium
3456 3658 3523 3712 ad
3564 3673 3625 3714 se
3674 3676 3827 3715 causa

2251 3748 2633 3801 misericordia!
2664 3755 3002 3815 receperunt.
3038 3748 3162 3801 Erat
3205 3758 3378 3802 autem
3425 3748 3552 3817 ipsis
3584 3754 3827 3818 personas

2252 3836 2694 3889 familiarissimus
2719 3824 2929 3905 quidam
2957 3830 3234 3891 Pometios
3260 3836 3328 3907 (ε)
3349 3838 3582 3902 nomine,
3608 3840 3827 3895 scientia

2198 3986 2201 3990 ,
2252 3930 2455 3992 rhetor,
2507 3931 2627 3982 Afer
2666 3945 2890 3998 genere,
2928 3945 3083 3998 quem
3141 3930 3214 3983 ibi
3262 3930 3585 3997 singularem
3626 3942 3680 3987 et
3723 3934 3829 3985 (ξΙι⁹

2256 4114 2333 4165 rio
2358 4112 2427 4163 ita
2455 4110 2666 4176 scripsit
2696 4127 2707 4162 :
2733 4129 2750 4159 ι
2784 4110 3081 4173 Pomerius,
3114 4109 3297 4163 rhetor
3318 4109 3405 4163 ille
3430 4108 3552 4163 Afer
3576 4113 3667 4162 cui
3700 4111 3829 4176 apud

2258 4182 2471 4234 Arelate
2500 4180 2823 4235 erudiendos
2854 4180 3079 4233 traditus
3109 4192 3183 4233 est
3212 4180 3495 4243 Caesarius,
3519 4181 3660 4232 alius
3688 4183 3828 4231 vitle-

2259 4263 2395 4305 tura
2430 4250 2641 4303 Juliano
2690 4250 2954 4313 Pomerio,
3002 4250 3087 4315 qui
3136 4249 3300 4301 libros
3342 4249 3549 4317 scrip~it
3597 4250 3673 4303 de
3721 4251 3780 4302 \‘i
3808 4267 3831 4301 ι

2258 4321 2690 4390 contemplativa,
2724 4321 2931 4374 tametsi
2965 4319 3121 4373 ambo
3150 4320 3261 4390 Afri
3294 4319 3439 4390 fuere
3466 4329 3629 4390 atque
3680 4322 3831 4373 ambo

2261 4389 2529 4445 monachi.
2589 4390 2863 4443 Pomerius
2907 4390 3100 4458 quippe
3130 4457 3134 4458 ί
3167 4389 3258 4443 ille
3302 4389 3628 4443 Αι-ειειιεημίς
3680 4392 3833 4443 abba-

2265 4464 2331 4514 tis
2382 4462 2594 4513 nomine
2616 4457 2967 4527 compellatur
3012 4457 3315 4526 induzbus
3347 4459 3537 4512 Rtnicti
3587 4459 3831 4512 Lemovi-

2265 4532 2438 4586 eensis
2471 4531 2721 4584 antistitis
2750 4529 3002 4601 epistolis;
3028 4530 3303 4601 (videlicet
3352 4531 3437 4582 lib.
3472 4532 3724 4601 Lepist.
3760 4532 3831 4594 l7,

2263 4612 2313 4656 et
2346 4602 2437 4654 lib.
2474 4617 2537 4655 tt.
2573 4601 2726 4668 epist.
2762 4603 2794 4654 9
2819 4642 2833 4663 ,
2866 4599 3009 4667 apud
3039 4599 3337 4652 'llenricutn
3378 4600 3653 4653 Canisiutn
3688 4602 3834 4654 editis

2264 4681 2393 4728 tom.
2428 4671 2441 4723 I
2474 4670 2731 4723 Thesauri
2755 4668 3271 4737 Momnnentorum);
3302 4680 3356 4723 et
3376 4669 3624 4723 Juiianus
3656 4672 3837 4724 Pome-

2263 4743 2392 4803 rius,
2421 4755 2539 4793 eum
2578 4741 2858 4808 episcopus
2890 4749 3052 4805 esset,
3100 4740 3289 4800 voluit,
3322 4743 3391 4793 uti
3442 4741 3555 4807 ipse
3592 4751 3837 4803 testatur,

2263 4812 2471 4865 sarcina
2501 4810 2840 4878 episcopatus
2861 4811 2941 4863 sui
2970 4810 3233 4877 deposita,
3259 4811 3492 4874 elongari
3524 4810 3764 4877 fugiens,
3788 4824 3837 4863 et

2263 4896 2481 4934 manere
2529 4886 2577 4932 in
2623 4881 2907 4934 solitudine
2933 4898 2944 4933 :
2977 4895 3091 4947 quae
3121 4880 3227 4933 dno
3253 4922 3268 4945 ,
3297 4880 3621 4949 epismpalis
3658 4896 3839 4949 nempe

2263 4952 2494 5019 dignitas
2522 4962 2577 5005 et
2606 4951 2863 5015 solitudo,
2893 4952 3140 5004 Pomerio
3168 4952 3463 5005 Arelatensi
3498 4967 3607 5004 non
3653 4968 3839 5006 conve-

2264 5024 2432 5076 niunt.
2470 5042 2485 5072 t
2524 5024 2770 5076 Attamen
2805 5026 2915 5075 ιιτεξο
2945 5022 3123 5088 opinio
3164 5021 3483 5074 difﬁcultate
3510 5037 3623 5074 non
3648 5036 3795 5076 caret
3822 5042 3829 5068 :

2263 5094 2346 5146 vix
2370 5110 2509 5147 enun
2562 5092 2819 5146 credibile
2865 5102 3117 5160 apparet,
3151 5091 3283 5145 duos
3333 5092 3495 5144 fuisse
3526 5089 3838 5149 Pomerius.

2262 5164 2350 5231 qui
2395 5163 2549 5215 ambo
2591 5162 2789 5215 fuerint
2834 5163 2980 5221 Afri,
3029 5163 3186 5214 amba
3228 5162 3448 5229 patriam
3501 5162 3838 5230 reliquerint,

2262 5232 2420 5287 ambo
2452 5232 2697 5285 monachi
2731 5233 2975 5285 instituto
3004 5241 3160 5299 atque
3189 5243 3302 5284 arte
3329 5233 3576 5285 rhetores
3612 5236 3837 5285 exstite-

2261 5304 2385 5355 rint.
2437 5303 2567 5355 llinc
2624 5302 2955 5356 Beuedictini
2988 5342 3001 5364 ,
3054 5302 3142 5369 qui
3193 5302 3475 5355 Historiam
3526 5301 3839 5354 litterariam

2262 5372 2497 5427 Franeire
2528 5373 2833 5434 ediderunt,
2869 5382 2997 5425 tum.
3032 5372 3094 5434 ll,
3146 5386 3264 5440 pag.
3311 5371 3440 5427 669.
3478 5372 3839 5425 Mabilloniutu

2263 5456 2411 5498 recte
2442 5442 2718 5506 refutant,
2762 5455 2813 5495 et
2844 5457 3030 5496 vocem
3070 5445 3389 5512 rpiscopatus
3431 5441 3734 5511 improprie
3763 5458 3839 5493 ευ.

2263 5523 2413 5568 munt
2456 5528 2553 5581 pro
2599 5514 3063 5567 administratione
3112 5513 3459 5577 monasterii,
3492 5513 3655 5578 cujus
3683 5514 3839 5564 abbas

2262 5596 2375 5637 erat
2410 5584 2703 5638 Pomerius.
2744 5585 2942 5638 Horum
2984 5584 3248 5636 sententia
3282 5582 3589 5651 prasplaeet,
3629 5593 3689 5635 ut
3717 5597 3837 5635 evn-

2263 5654 2484 5708 formior
2531 5656 2624 5707 toti
2673 5653 2996 5722 antiquitati.
3044 5652 3271 5720 Quidam
3321 5653 3615 5718 scriptores
3668 5654 3841 5707 existi-

2264 5734 2411 5779 mant
2436 5724 2736 5780 Pomerium
2762 5725 3008 5777 abba'ent
3038 5724 3199 5776 fuisse
3226 5724 3275 5775 in
3305 5723 3473 5776 insola
3500 5724 3705 5775 Arrian
3731 5725 3845 5775 snt-

2266 5796 2464 5851 urbana
2496 5836 2509 5861 ,
2561 5795 2650 5850 ubi
2704 5795 2867 5849 abbas
2916 5794 3108 5848 deinde
3153 5792 3249 5845 fuit
3292 5792 3555 5847 Ctesarrus
3604 5792 3841 5848 Potnrrzc
