3958 6358
247 294 388 353 I005

1615 271 1799 344 vm.
1835 268 2044 342 'Ltertt
2082 287 2125 342 t.

3371 293 3575 349 tm.

244 423 364 463 rum
399 405 471 475 (τι)
505 405 867 474 grammaticae
895 402 1025 457 artis
1054 401 1296 456 doctrina
1323 399 1604 455 reddebat.
1634 401 1826 455 Concie
1860 403 1904 461 Α
1935 410 2017 455 tus
2037 401 2389 471 ejusqualitas
2407 399 2589 455 nescio
2609 401 2732 470 quid
2755 414 2966 470 semper
2995 403 3511 461 vi-Iereturreniters

243 499 397 571 piunt
427 498 588 566 igitur
616 497 792 553 animo
814 508 1057 562 personae
1070 508 1368 565 generosae,
1392 504 1664 564 quatenus
1680 503 1828 549 tanta
1868 535 1876 546 ..

249 591 342 644 Dei
376 590 546 658 gratia
576 588 638 643 S.
683 587 950 642 Ca'sarius
996 589 1245 650 refertus,
1287 593 1539 654 tantaque
1571 587 1829 640 memoria

246 679 390 734 dono
405 679 596 737 Christi
613 679 885 733 videretur
904 691 1024 732 esse
1045 677 1278 740 l'ulcitus,
1294 684 1350 730 ut
1371 676 1640 730 smcularis
1660 676 1832 729 scien-

249 770 338 826 tiae
357 768 652 838 disciplinis
673 767 1064 823 monasterialis
1085 767 1138 821 in
1160 781 1227 820 eo
1237 766 1551 834 simplicitas
1575 766 1829 834 polleret.

239 949 241 951 _
290 870 378 937 '9.
416 879 525 935 Sed
551 879 870 934 eruditionis
897 878 1145 934 humana:
1187 876 1439 947 ﬁgmenta
1474 893 1580 932 non
1610 881 1829 948 recepit,

249 985 407 1040 quem
434 969 806 1024 instruendum
839 983 935 1040 per
955 983 1014 1024 se
1040 969 1138 1023 sibi
1166 968 1344 1026 divina
1368 971 1536 1037 gratia
1569 983 1832 1038 praepara—

251 1067 347 1117 vit.
380 1062 596 1119 Librum
629 1065 806 1131 itaque
835 1076 993 1132 quem
1022 1063 1070 1117 ei
1123 1061 1406 1132 legendum
1451 1061 1643 1116 doctor
1673 1062 1836 1116 tradi-

251 1156 426 1220 derat,
453 1169 580 1209 casn
609 1155 782 1224 vigilia
811 1155 1046 1208 lassatus
1075 1154 1126 1207 in
1150 1153 1345 1209 lectulo
1374 1153 1474 1208 sub
1500 1154 1714 1223 scapuIa
1741 1166 1834 1207 sua

255 1248 431 1316 posuit
469 1265 483 1302 :
523 1230 688 1315 supra
727 1261 882 1315 quem
923 1259 1044 1300 cum
1077 1245 1425 1300 nihilominus
1456 1245 1833 1312 obdormisseJ,

252 1353 376 1392 mox
407 1338 660 1392 divinitus
686 1337 910 1392 terribili
942 1337 1149 1392 visione
1176 1337 1524 1408 percellitur;
1565 1346 1618 1391 et
1646 1338 1700 1390 in
1751 1351 1839 1391 so-

254 1445 440 1498 porem
465 1430 845 1499 aliquantulum
888 1429 1174 1494 resolutus,
1208 1429 1356 1484 videt
1383 1431 1534 1498 quasi
1565 1429 1836 1499 scapulam

256 1524 307 1576 in
339 1536 441 1591 qua
463 1520 700 1598 iacebat,
722 1519 1110 1594 brachiumqtte
1150 1535 1256 1589 quo
1287 1520 1502 1576 innixus
1533 1522 1706 1579 fuerat
1733 1535 1839 1576 co-

255 1614 384 1680 dici,
409 1613 646 1668 dracone
696 1612 982 1682 colligante
1028 1612 1264 1667 corrodi.
1321 1615 1588 1670 Excussus
1637 1628 1766 1683 ergo
1809 1627 1840 1668 e

258 1717 465 1769 somno,
493 1703 713 1759 territus
743 1702 861 1771 ipso
902 1704 1044 1768 visu,
1089 1703 1389 1766 terribilius
1431 1719 1490 1758 se
1535 1720 1602 1758 ex
1649 1705 1837 1760 eodem

248 1797 403 1852 iacto
425 1784 590 1866 εαξρἰ
631 1810 858 1866 arguere
889 1809 971 1850 eo.
985 1795 1125 1862 quod
1158 1795 1334 1851 lumen
1367 1796 1563 1865 regulae
1592 1797 1841 1851 salutaris
1873 1781 1918 1842 Β

263 1887 432 1941 stulta!
449 1887 633 1942 mundi
662 1887 939 1956 sapientiai
966 1885 1203 1941 voluerit
1228 1886 1499 1954 copulare.
1531 1886 1695 1956 Igitur
1717 1902 1842 1942 cono

260 1977 480 2045 tcmpsi-t
503 1976 619 2032 haec
643 1975 915 2046 protinus,
938 1976 1116 2046 sciens
1137 1977 1261 2044 quia
1289 1991 1394 2031 non
1415 1978 1631 2031 deesset
1650 1976 1842 2048 [Hab.,

256 2063 428 2134 esset]
455 2063 558 2117 illis
585 2064 835 2132 perlecta:
876 2063 1162 2117 locutionis
1193 2072 1436 2127 ornatus,
1467 2065 1660 2133 quibus
1690 2065 1848 2134 spiri-

180 2180 190 2188 -
253 2158 384 2212 talis
404 2155 719 2212 eminuisse't
749 2154 1076 2210 intellectus.

333 2267 420 2322 10.
459 2266 590 2328 Post
611 2265 820 2334 aliquos
847 2275 1025 2320 autem
1058 2265 1174 2320 dies
1204 2266 1578 2336 suprascripta
1606 2279 1846 2335 persona:

259 2365 641 2430 Jnggesserunt
668 2355 724 2412 S.
762 2356 933 2411 Eonio
966 2358 1065 2428 (ὑ),
1098 2360 1352 2428 episcopo
1376 2355 1624 2425 civitatis,
1656 2360 1848 2414 dicen-

252 2457 346 2503 tes
375 2462 496 2503 esse
524 2446 810 2517 quemdam
845 2460 1010 2515 penes
1038 2462 1098 2503 se
1122 2447 1484 2504 venerabilem
1529 2450 1849 2506 monachum

258 2553 321 2600 et
344 2543 486 2598 omni
519 2541 674 2598 laude
721 2538 1070 2611 praecipuum,
1105 2541 1256 2611 cujus
1298 2553 1580 2612 perSonam
1607 2541 1851 2599 deberet

264 2633 510 2690 familiari
539 2643 594 2687 et
623 2631 828 2701 privata
855 2632 1271 2702 interrogatione
1303 2646 1649 2703 cognoscere.
1691 2633 1851 2690 lubet

261 2733 429 2801 igitur
457 2743 578 2784 eum
611 2726 678 2781 ad
704 2740 763 2781 se
790 2724 1028 2796 perduci.
1066 2725 1449 2779 Prassentatum
1489 2739 1622 2794 ergo
1645 2725 1748 2780 sibi
1789 2725 1848 2782 S.

260 2821 558 2875 Caesarium
603 2815 929 2873 venerabilis
973 2814 1172 2870 Ennius
1221 2816 1505 2886 cpiscopus
1541 2813 1851 2885 diligentius

259 2921 663 2985 percunctatur,
693 2911 812 2978 quis
842 2909 978 2963 civis
1019 2917 1186 2975 esset,
1231 2908 1491 2976 quibusve
1540 2909 1852 2978 parentibus

272 3005 433 3058 fuerit
454 3010 788 3072 procreatus.
819 2999 1064 3070 Cumque
1093 2999 1381 3054 incolatnm
1410 2997 1645 3054 civitatis
1671 3006 1724 3053 et
1751 3012 1850 3068 pa—

265 3104 480 3152 rentum
510 3091 834 3165 publicasset
857 3091 1140 3162 originem,
1171 3089 1512 3158 congaudens
1537 3097 1719 3144 saucta
1741 3089 1852 3145 ala-

267 3189 463 3242 critate
479 3151 762 3254 episcOpus
785 3151 968 3264 dixit:
998 3182 1148 3237 Meus
1167 3196 1248 3247 es,
1268 3180 1362 3247 ﬁli,
1387 3180 1625 3236 concivis
1654 3179 1854 3250 pariter
1880 3151 1928 3216 α

267 3290 330 3335 et
377 3278 741 3347 propinquus;
786 3289 908 3330 nam
960 3281 1016 3330 et
1073 3281 1323 3344 parentes
1366 3282 1487 3329 tuos
1538 3274 1856 3330 reminiscor

269 3376 498 3442 Optime,
533 3381 585 3427 et
630 3387 723 3440 per
752 3368 1265 3438 consanguinitatem
1296 3367 1556 3437 parentali
1606 3367 1858 3422 recorda-

269 3469 420 3522 tione
441 3463 785 3532 complector.
817 3461 990 3530 (Impit
1020 3474 1146 3531 ergo
1170 3459 1444 3529 juvenem,
1475 3473 1581 3513 non
1613 3469 1673 3514 ut
1704 3472 1857 3529 pere-

271 3559 484 3630 grinum
497 3557 607 3610 sive
619 3563 956 3619 extraneum,
973 3551 1066 3620 sed
1083 3565 1328 3621 respectu
1352 3551 1622 3607 attentiori
1656 3551 1862 3607 intimis

274 3649 458 3705 cordis
483 3646 652 3703 oculis
679 3646 1054 3714 contemplari.
1086 3646 1206 3700 Mox
1233 3656 1363 3720 ergo
1407 3643 1477 3698 ab
1523 3644 1716 3720 abbate
1764 3658 1864 3699 suo

276 3748 468 3796 sancto
493 3738 748 3794 Porcario
777 3752 898 3792 enni
930 3733 1172 3805 expetiit.
1221 3719 1464 3804 Rogante
1493 3719 1655 3804 igitur
1707 3734 1865 3788 beato

278 3834 404 3886 viro
435 3829 604 3884 Eonio
627 3825 900 3896 episcopo,
927 3824 1052 3880 licet
1083 3825 1150 3879 ab
1169 3825 1342 3879 invito
1362 3824 1696 3879 conceditur.
1721 3824 1867 3878 Illico

283 3924 566 3985 dias-onus,
594 3920 788 3976 dehinc
810 3917 1091 3989 presbyter
1119 3915 1418 3971 ordinatur.

367 4044 453 4097 ii.
507 4039 786 4110 Nunquam
841 4045 1018 4090 tamen
1075 4033 1386 4088 canonicam
1449 4030 1870 4086 modulationem

285 4135 561 4200 monachi,
599 4147 868 4204 nunquam
911 4129 1153 4186 instituta
1190 4124 1560 4184 Lirinensium
1579 4127 1661 4181 vel
1703 4125 1872 4180 morti-

287 4246 411 4285 cuut
453 4227 887 4296 subrelinquens,
927 4224 1117 4279 ordine
1158 4232 1213 4277 et
1262 4219 1438 4276 Ollio-io
1477 4221 1727 4284 clericus,
1779 4221 1876 4271 ltu-

291 4323 537 4396 tnilitate,
578 4319 856 4382 charitate,
903 4315 1184 4386 obsequio,
1219 4328 1380 4368 cruce
1426 4310 1722 4365 monachus
1755 4325 1874 4378 per.

291 4413 566 4470 manebat.
596 4411 677 4466 Ad
707 4410 986 4465 rcclesinm
1016 4423 1143 4463 vero
1173 4403 1450 4460 matutinis
1499 4404 1565 4457 ali
1591 4417 1722 4471 sque
1750 4415 1879 4455 cnn-

1935 500 2174 555 cosleste.
2195 495 2318 548 Post
2347 495 2458 547 ha-c
2490 503 2665 547 autem
2695 495 2944 548 defuncto
2969 481 3145 550 abbati
3171 496 3223 549 in
3253 497 3515 552 suburba-

1943 601 2008 641 na
2055 587 2223 641 insula
2280 587 2532 652 civitatis,
2563 587 2806 656 dirigitur
2833 603 2860 639 a
2893 598 3078 643 sancto
3129 589 3298 642 Ennio
3332 591 3517 643 beatus

1937 680 2190 735 Caesarius
2215 679 2388 744 Pater,
2416 688 2472 732 ut
2502 679 2880 733 monasterium
2909 681 3008 747 (ρ),
3034 679 3176 748 quod
3225 678 3396 732 fuerat
3427 694 3514 732 re-

1935 773 2141 827 centius
2161 773 2473 826 destitutum
2499 771 2642 826 obittt
2661 774 2909 835 rectoris,
2937 773 3050 838 ipse
3077 770 3330 826 ineadem
3359 783 3513 824 reve-

1935 863 2124 917 rentiae
2141 860 2456 916 auctoritate
2477 861 2789 926 succedens,
2805 861 2870 916 ad
2901 861 3238 931 disciplinam
3263 861 3518 916 formarat

1938 953 2161 1008 abbatis.
2178 951 2566 1021 Suscepitergo
2578 952 2740 1006 vitam
2762 952 2816 1006 in
2861 953 3170 1007 suburbano
3186 951 3436 1007 emnobio
3455 952 3508 1004 li-

1938 1045 2087 1110 beas,
2103 1059 2259 1112 qnam
2273 1045 2431 1097 etiam
2450 1043 2586 1098 intra
2600 1043 2784 1097 urbem
2799 1041 3122 1112 quotidianis
3133 1055 3344 1108 semper
3357 1054 3522 1098 execr

1939 1136 2298 1190 lebatactibus
2319 1146 2374 1190 et
2394 1137 2530 1191 votis
2544 1150 2756 1205 semper
2779 1135 3015 1204 optabat,
3032 1133 3520 1202 monasteriumquc

1940 1227 2249 1298 praedictum
2266 1229 2442 1283 taliler
2457 1227 2762 1296 quotidiana
2788 1227 3040 1282 instantia
3062 1236 3115 1280 et
3136 1227 3335 1281 divinis
3361 1225 3523 1280 infor—

1941 1317 2324 1373 mavitofliciis
2352 1328 2405 1373 ut
2431 1319 2559 1373 inibi
2584 1319 2848 1388 hodieque
2889 1318 3000 1373 Deo
3039 1317 3360 1387 propitiante
3403 1330 3520 1370 ser-

1941 1417 2116 1466 νθιυτ.

2559 1479 2785 1606 CAPUT
2825 1524 2888 1577 Il.

1943 1613 2143 1667 Invitus
2190 1615 2260 1667 ad
2315 1615 2659 1684 episcopatum
2730 1625 3094 1683 promovetur;
3141 1616 3312 1668 divina
3363 1617 3526 1686 o/ﬁria

2019 1686 2261 1751 disponit,
2289 1700 2351 1736 ac
2386 1687 2628 1752 ferventer
2659 1686 3104 1751 pra’dicationibus
3139 1697 3283 1738 vacat
3309 1703 3327 1749 ;
3373 1688 3520 1752 inﬁr-

2019 1754 2141 1818 mis,
2171 1755 2385 1823 captit'is
2413 1764 2458 1807 et
2489 1756 2798 1823 pauperibus
2823 1755 3040 1808 consulit
3062 1770 3080 1817 ;
3103 1755 3237 1823 falso
3261 1765 3525 1808 accusatus

2020 1825 2314 1894 relegatur;
2352 1826 2528 1894 agnita
2573 1825 2756 1878 deinde
2795 1827 3104 1889 innocentia,
3136 1826 3414 1892 honoriﬁce
3441 1840 3526 1878 re-

2022 1904 2265 1959 vocatur;
2306 1894 2471 1962 ignem
2504 1894 2793 1963 compescit,
2825 1895 3051 1964 pluviam
3081 1895 3292 1961 obtinet,
3317 1904 3418 1949 etc.

2023 2027 2109 2081 12.
2155 2026 2287 2080 Dum
2318 2039 2448 2094 ergo
2472 2018 2705 2080 antelata
2751 2025 2920 2078 insula
2951 2025 3120 2096 [addit
3149 2024 3289 2078 Mab.
3319 2025 3527 2099 parum]

1951 2120 2092 2176 uitra
2125 2119 2412 2173 triennium
2441 2119 2494 2170 in
2537 2117 2743 2171 abbatis
2783 2115 2964 2171 ofﬁcio
3004 2125 3371 2183 conversatur,
3401 2132 3525 2173 san-

1951 2221 2068 2272 ctus
2095 2210 2294 2264 Ennius
2317 2209 2522 2263 clerum
2552 2209 2635 2262 vel
2661 2209 2805 2283 cives
2839 2209 3146 2279 alloquitur,
3177 2218 3230 2264 et
3254 2210 3399 2279 ipsos
3419 2210 3522 2264 do-

1951 2301 2126 2355 minos
2149 2312 2327 2354 rerum
2352 2312 2445 2366 per
2469 2297 2844 2364 internuntios,
2872 2306 2948 2364 ut,
2981 2314 3100 2353 cum
3131 2299 3264 2368 ipse.
3298 2300 3411 2356 Deo
3437 2316 3529 2354 vo-

1952 2391 2113 2454 lente,
2157 2388 2437 2458 migrasset
2477 2389 2542 2441 ad
2588 2388 2862 2443 Christum
2887 2429 2900 2452 ,
2937 2389 3136 2443 nullum
3167 2390 3267 2444 sibi
3300 2392 3528 2446 alterum

1953 2493 2110 2548 quam
2141 2477 2199 2535 S.
2219 2478 2513 2533 'Caasarium
2533 2478 2793 2547 eligerent
2823 2478 2937 2533 ﬁeri
2964 2492 3333 2536 successorem
3360 2497 3375 2534 :
3402 2496 3529 2553 qua-

1917 2620 1919 2623 .
1953 2579 2112 2626 tenus
2142 2569 2570 2624 ecclesiasticum
2629 2569 2890 2640 vigorem,
2925 2583 3084 2638 quem
3117 2571 3442 2641 querebatur
3479 2574 3531 2626 in

1955 2665 2136 2725 multis
2163 2663 2358 2733 regulis
2391 2662 2712 2733 aegritudine
2755 2676 2852 2718 sua
2899 2662 3060 2717 fuisse
3097 2663 3399 2730 mollitum,
3443 2681 3536 2734 per

1953 2769 2170 2810 servum
2198 2754 2397 2810 Christi
2420 2755 2712 2810 Caesarium
2743 2753 2808 2808 ad
2831 2762 3029 2809 statum
3051 2767 3204 2809 suum
3223 2763 3276 2809 et
3298 2755 3534 2827 vigorem

1953 2845 2308 2917 gratularetur
2331 2845 2573 2901 revocari
2599 2845 2922 2911 fraternitas;
2949 2853 3196 2916 essetque
3207 2847 3508 2916 subsequen
3525 2877 3539 2890 ς

1955 2939 2026 2991 tis
2057 2936 2206 2991 labor
2231 2937 2654 2992 emolumentum
2696 2937 3037 3005 aliquatenus
3083 2937 3387 2993 decessoris
3417 2937 3534 3010 (ἀ),

1956 3035 2036 3092 ut,
2082 3042 2200 3082 cum
2261 3026 2420 3082 talem
2465 3035 2740 3096 posterum
2781 3025 3140 3096 relinquebat,
3192 3037 3535 3097 augmentum

1958 3127 2175 3174 aeterna:
2196 3116 2524 3172 haereditatis
2542 3119 2704 3173 etiam
2725 3118 2781 3172 in
2801 3119 3127 3174 sanctissimi
3154 3119 3252 3173 viri
3275 3119 3542 3176 electione

1960 3207 2293 3278 perciperet;
2319 3215 2374 3261 et
2396 3222 2502 3260 non
2527 3207 2739 3262 deesset
2769 3216 2888 3275 post
2916 3207 3195 3263 transitum
3217 3210 3395 3264 socius
3431 3211 3542 3266 elc-

1960 3299 2154 3355 ctionis
2176 3309 2327 3361 voto,
2347 3299 2435 3368 qui
2457 3300 2617 3353 etiam
2639 3307 2912 3367 superstes
2941 3307 3127 3353 auctor
3147 3299 3353 3356 exstitit
3377 3301 3430 3355 in
3459 3301 3546 3356 de-

1962 3399 2128 3446 creto.
2158 3390 2340 3460 Itaque
2358 3389 2442 3445 his
2461 3389 2712 3445 omnibus
2740 3388 2920 3443 divina
2950 3389 3291 3444 Providentia
3315 3389 3544 3446 ﬁdeliter

1963 3485 2243 3554 ordinatis,
2265 3499 2482 3540 securus
2505 3484 2571 3538 de
2593 3497 2903 3539 successore
2925 3483 3112 3538 beatus
3138 3484 3334 3540 Eonins
3350 3485 3540 3555 migra-

1963 3579 2043 3632 vit
2067 3578 2134 3632 ad
2165 3576 2467 3632 Dominum.
2497 3577 2630 3630 Cum
2671 3591 2800 3647 ergo
2831 3577 3165 3646 pervenisset
3194 3577 3260 3631 ad
3300 3579 3541 3633 notitiam

1968 3670 2036 3727 de
2059 3685 2165 3739 quo
2189 3670 2477 3739 loquimur,
2505 3668 2673 3733 Patris
2689 3671 2880 3736 nostri,
2902 3683 3024 3723 vera
3042 3671 3223 3738 opinio
3239 3671 3382 3740 quod
3404 3682 3549 3728 esset

1969 3760 2300 3816 erilinandus
2318 3761 2622 3828 episcopus,
2653 3760 2791 3814 inter
2813 3761 3068 3830 quasdam
3100 3765 3401 3832 sepulturas
3433 3765 3553 3819 lati-

1973 3855 2154 3908 hulutn
2193 3852 2488 3922 requisivit.
2538 3840 2641 3908 Sed
2695 3851 2986 3908 absconsus
3034 3868 3154 3908 esse
3203 3870 3306 3908 non
3361 3859 3551 3924 potuit,

1973 3960 2130 4015 quem
2153 3944 2352 3999 detexit
2373 3959 2478 3997 non
2499 3944 2676 4012 culpa,
2697 3943 2791 3998 sed
2820 3944 3009 4013 gratia.
3031 3945 3207 4016 Itaque
3237 3945 3304 4002 de
3324 3947 3555 4016 quadam

1976 4036 2247 4104 sepultura
2290 4036 2519 4090 trahitur
2557 4037 2731 4098 vivus,
2763 4036 2922 4106 quem
2978 4052 3081 4091 non
3131 4049 3419 4106 mortuum,
3460 4041 3557 4096 sed

1978 4113 2305 4179 absconsum
2339 4127 2460 4179 vi'tze
2491 4127 2710 4180 claritas
2736 4127 3074 4182 ostendebat.

2054 4218 2140 4271 15.
2183 4217 2343 4287 Igitur
2372 4218 2714 4286 episcopatus
2747 4234 3010 4275 sarcinam
3037 4232 3256 4276 coactus
3284 4227 3520 4294 suscepit
3553 4272 3566 4291 ,

1983 4319 2364 4379 mansuetoqttc
2390 4308 2636 4378 jutnento
2658 4310 2858 4366 ChriSti
2884 4314 3186 4374 im;ositum
3216 4331 3350 4370 onus
3382 4317 3502 4373 mod
3516 4339 3561 4370 ι·-

1986 4398 2099 4453 stin:
2144 4411 2566 4468 temperamento
2602 4404 2853 4472 portavit.
2892 4405 2964 4460 De
3011 4407 3336 4474 profectibus
3385 4409 3568 4478 itaque

291 4506 432 4562 ciliis
455 4503 654 4574 primus
680 4503 748 4557 de
775 4499 1120 4573 intrantibus,
1151 4495 1366 4550 ultimus
1388 4494 1455 4550 de
1485 4491 1880 4564 egredientibus
1911 4527 1962 4588 Β
1986 4501 2297 4545 cunctorum
2329 4490 2588 4545 sollicitus
2619 4504 2672 4548 et
2697 4494 2951 4562 providus
2975 4506 3175 4562 pastor,
3205 4497 3383 4552 statim
3417 4499 3573 4554 insti—

295 4597 504 4652 atlerat.
533 4584 648 4648 Non
682 4592 844 4657 visus,
885 4606 990 4645 non
1024 4587 1236 4642 auditus
1266 4587 1500 4640 animum
1534 4584 1672 4638 beati
1708 4581 1803 4635 viri
1855 4597 1884 4637 a

293 4689 596 4745 caelestium
622 4687 880 4740 bonorum
914 4693 1129 4738 nectare
1159 4679 1550 4748 sequestraba‘t,
1580 4676 1648 4730 ita
1675 4687 1733 4731 ut
1765 4677 1880 4730 vul~

298 4839 642 4896 substitutus.
677 4835 974 4892 Probabilis
1013 4840 1236 4904 apparet
1265 4832 1386 4904 hac
1412 4832 1680 4904 sententia
1700 4872 1714 4890 .
1748 4846 1890 4904 praef

295 4911 485 4968 sertim
518 4909 661 4979 quod
703 4908 977 4979 Pomerius
1018 4919 1048 4957 a
1091 4905 1150 4960 S.
1179 4900 1427 4979 Eunomo
1458 4901 1772 4979 irrepistola
1820 4901 1887 4955 ad

295 4998 424 5038 eum
457 4970 578 5033 data
621 4990 843 5034 vocetur
889 4977 1128 5028 alumnus
1172 4970 1430 5024 Rhodani.
1485 4971 1661 5024 Vitleri
1709 4980 1888 5040 potest

303 5054 426 5106 haec
450 5050 676 5117 epistola
725 5047 862 5117 apud
908 5044 1252 5117 Sirmondtttn
1286 5056 1406 5117 tuo;
1456 5040 1726 5117 laudatum
1778 5043 1884 5096 col.

300 5123 433 5175 8‘26.
465 5111 620 5175 Plura
651 5120 717 5174 de
761 5111 1010 5172 Pomerio
1038 5115 1260 5183 ejusque
1289 5111 1505 5179 scriptis
1529 5113 1586 5165 in
1619 5115 1889 5181 assignate

304 5192 540 5245 Historia
571 5191 821 5243 Iitlerat‘ta
852 5185 1106 5241 Francius.

385 5263 462 5332 (tt)
506 5261 598 5314 llic
627 5261 776 5314 locus
823 5255 1449 5332 diuersitnodedegitur,
1472 5252 1807 5332 Sirmontltis_
1834 5254 1886 5306 in

309 5324 459 5386 neiis
486 5335 549 5384 atl
579 5334 855 5399 epistolam
892 5327 1118 5382 Ennndii
1147 5327 1211 5399 ad
1242 5325 1544 5399 Pomerium
1571 5325 1733 5376 verba
1763 5324 1892 5399 citat

303 5407 415 5458 hoc
451 5395 643 5455 modo}
673 5403 833 5463 Quem
861 5399 984 5468 ips's
1017 5397 1340 5464 singulariter
1367 5398 1614 5468 charum,
1648 5405 1752 5468 etc.
1789 5395 1886 5448 ΜΞ.

297 5484 553 5528 nostrum
605 5474 803 5525 habet:
857 5466 1016 5533 Quem
1063 5469 1159 5519 sibi
1204 5467 1514 5536 singularem
1559 5466 1884 5536 ecclesiarum

293 5542 455 5610 quod
493 5552 710 5611 apparet
755 5545 1089 5594 mendosum.
1134 5537 1242 5591 llac
1285 5534 1353 5591 de
1397 5550 1555 5589 causa
1601 5534 1885 5591 editionem

293 5613 599 5671 Habillottii
629 5614 713 5666 hic
742 5622 958 5665 seetttus
987 5623 1123 5664 sum.

387 5685 464 5753 (ὸ)
506 5685 576 5739 De
601 5685 655 5740 S.
706 5684 872 5738 Eonio
902 5695 1118 5750 agemus
1148 5679 1212 5731 ad
1241 5677 1310 5732 30
1355 5678 1597 5743 Augusti,
1621 5691 1729 5746 quo
1759 5678 1888 5732 coli-

291 5766 422 5812 tur.

1991 4585 2108 4644 tuit,
2135 4593 2185 4637 ut
2212 4584 2449 4653 quotidie
2476 4583 2666 4648 tertim,
2689 4596 2965 4654 saumque
2989 4598 3044 4642 et
3072 4603 3226 4643 nonas
3258 4590 3329 4659 (e)
3354 4606 3486 4659 Opus
3509 4593 3563 4643 in

1989 4676 2168 4730 Sancti
2217 4675 2472 4745 Stephani
2521 4676 2735 4731 basilica
2765 4677 2944 4733 clerici
2975 4693 3094 4735 cum
3145 4681 3360 4752 hymnis
3391 4696 3571 4739 canta-

2065 4835 2139 4905 (υ)
2181 4854 2200 4885 ι
2243 4836 2409 4904 IIujus
2457 4838 2767 4909 monasterii
2801 4839 2962 4909 (quod
2991 4843 3058 4895 ab
3089 4841 3364 4897 llonorato
3387 4845 3565 4900 condi-

1996 4915 2104 4960 tum
2135 4919 2326 4985 censet
2348 4907 2615 4985 S_axius_in
2642 4907 3097 4985 Pontif.’_A_relat.)
3118 4914 3320 4985 nullum
3351 4917 3576 4985 amplius

1994 4979 2498 5050 exstatvestigium.
2535 4979 2616 5032 Es
2657 4996 2721 5034 eo
2761 4981 2954 5050 prodiit
2999 4984 3056 5039 S.
3090 4983 3310 5038 Ailbeus
3341 4979 3458 5040 szve
3482 4989 3566 5040 Al-

1997 5048 2446 5125 veu~',__l_l_ibe_r_t_ti:e
2475 5048 2924 5125 alteri-’atricius,
2951 5053 3018 5106 de
3058 5069 3162 5123 quo
3209 5053 3475 5125 Culgantts
3526 5062 3574 5108 in

1999 5120 2127 5190 actis
2155 5120 2249 5171 SS.
2286 5118 2647 5172 Hibernia-.12
2691 5123 3040 5190 St-ptetttbris.
3077 5118 3103 5175 ἰ
3139 5125 3210 5178 Ita
3244 5118 3576 5180 Maltillonius

1999 5191 2062 5240 ad
2096 5189 2237 5243 hunc
2267 5191 2458 5241 Ineunt.
2495 5195 2572 5244 An
2612 5193 2670 5248 S.
2700 5189 2899 5248 Alveus
2933 5195 3004 5248 ibi
3037 5194 3273 5250 ﬂoruerit
3322 5199 3421 5251 sub
3464 5196 3574 5252 Ca:-

1997 5259 2160 5320 sario.
2187 5268 2250 5331 _ut
2277 5262 2547 5314 altirtuattt
2576 5263 2762 5331 aliqui,
2794 5266 2911 5319 loco
2937 5280 3033 5318 suo
3059 5267 3390 5321 discutietur.

2074 5332 2155 5403 (ιι)
2185 5329 2236 5383 Itt
2270 5346 2388 5403 ms,
2419 5343 2619 5391 nostro,
2659 5329 2799 5403 quod
2845 5336 2929 5389 hic
2966 5337 3318 5391 deserendum
3373 5334 3583 5396 eensui,

2000 5401 2256 5454 mendose
2290 5402 2480 5465 legitur
2511 5401 2834 5459 sttct‘essoris.

2073 5472 2141 5540 (ei
2168 5474 2311 5525 limit
2338 5475 2378 5525 it
2407 5476 2588 5538 primm
2611 5475 2870 5542 nl'licium,
2893 5485 2949 5530 ut
2970 5474 3197 5528 advertit
3221 5474 3576 5541 Mabillonitts,

1998 5544 2138 5610 quod
2165 5544 2196 5594 ιΙ
2221 5559 2249 5596 e
2271 5543 2561 5606 dominico,
2589 5545 2831 5607 sabbato,
2857 5556 2912 5600 et
2928 5546 3075 5598 festis
3100 5546 3425 5600 solemnibus
3447 5546 3575 5599 dun-

2000 5622 2143 5665 taxat
2171 5614 2273 5666 divi
2306 5615 2425 5665 voln
2453 5625 2492 5676 t,
2529 5625 2581 5667 ιιι
2603 5630 2634 5666 c
2657 5625 2806 5666 instat
2839 5631 2903 5669 ex
2928 5616 3132 5683 apnetnl
3158 5631 3220 5668 ce
3243 5631 3400 5683 quam
3425 5630 3570 5683 regu-

2002 5683 2067 5736 la:
2100 5684 2408 5737 ntonialinm
2439 5687 2686 5752 subjecit.
2730 5685 2884 5736 Ilotae
2930 5686 3200 5738 canonica:
3239 5702 3302 5738 eo
3345 5699 3584 5750 tempore

2003 5756 2229 5806 uetulum
2261 5754 2524 5811 ordinata:
2555 5762 2732 5816 erant,
2767 5766 2917 5822 prout
2941 5755 3227 5808 hodiedum
3257 5767 3400 5809 sunt.
