3958 6358
386 417 390 420 .
432 372 581 428 Ἰοθῖ

1503 357 1557 411 S.
1601 352 1895 410 CAESAR“
1941 349 2152 405 EPISC.
2198 344 2662 402 ARELATENSIS
3561 338 3706 393 ωθὸ

450 490 587 544 rent,
615 488 669 533 ut
708 479 751 533 si
797 478 913 547 quis
961 477 1093 529 forte
1137 470 1469 529 saecularium
1519 468 1600 523 vel
1642 464 2015 537 poenitentium
2048 466 2097 522 Α
2127 471 2282 514 tenus
2326 449 2607 511 feneratori
2658 454 2840 509 eadem
2896 453 3053 523 dupla
3107 452 3375 506 restituas.
3406 450 3540 506 Audi
3569 467 3701 522 pro-

452 542 690 629 sanetum
728 542 860 637 Opus
887 565 1106 633 exsequi
1156 562 1403 626 ambiret,
1449 560 1649 628 absque
1675 557 2023 623 excusatione
2132 542 2343 619 phetam
2379 566 2388 599 :
2420 548 2510 602 Va:
2555 546 2681 600 mihi
2708 545 2828 613 quia
2858 544 3033 598 tacui!
3073 543 3208 599 Audi
3239 543 3553 611 Apostolum
3581 557 3711 597 cum

455 664 626 730 aliqua
661 635 967 729 quoiidiano
1002 657 1262 711 interesse
1306 653 1474 723 possit
1500 650 1698 706 officio.
1734 650 1851 719 ipse
1894 660 2022 701 vero
2134 652 2275 697 metu
2299 641 2560 696 dicentem
2591 661 2603 693 :
2630 639 2719 692 Va:
2751 636 2880 692 mihi
2910 637 3077 691 eritsi
3108 651 3210 690 non
3244 635 3710 705 evangelizavero.

459 726 629 818 spreta
655 726 799 803 enini
822 745 1178 801 sollicitudine
1200 756 1433 810 curaque
1463 738 1739 803 terrestri,
1770 736 1835 790 ad
1860 736 2025 788 instar
2142 734 2270 788 Vide
2320 750 2384 787 ne
2418 737 2467 787 te
2488 741 2777 800 occupante
2823 729 3098 783 cathedra:
3126 728 3301 782 locum
3326 728 3463 781 alius
3493 726 3718 781 forsitan

459 842 818 911 apostolorum
846 839 1119 894 solertiam
1145 838 1363 891 cultura:
1390 834 1443 887 in
1468 831 1865 902 dispensatione
1889 826 2032 883 ordi-
2137 829 2441 885 secludatur
2491 836 2543 880 et
2590 826 2796 878 dicatur
2827 823 2953 877 illud
2984 822 3051 876 de
3081 830 3132 876 te
3169 840 3179 871 :
3214 820 3473 874 Tulerunt
3510 819 3720 873 clavem

460 936 735 990 natoribus
760 944 817 988 et
845 932 1155 987 diaconibus
1182 928 1409 985 credidit
1436 927 1535 981 sub
1558 926 1647 980 Dei
1677 921 2034 977 obtestatione
2137 920 2396 983 scientire,
2454 933 2550 975 nec
2592 917 2691 986 ipsi
2741 918 2962 977 intrant,
3006 928 3106 968 nec
3135 914 3314 967 sinunt
3335 912 3469 966 alios
3492 911 3720 969 intrare,

463 1024 927 1088 committendam,
954 1031 1008 1077 et
1040 1030 1204 1076 totum
1255 1035 1315 1074 se
1345 1018 1509 1073 verbo
1543 1016 1632 1070 Dei
1676 1023 1729 1068 et
1774 1011 2031 1074 lectioni,

2186 1019 2227 1070 ui
2284 1015 2420 1069 forte
2458 1012 2649 1066 melius
2697 1008 2983 1063 dominicis
3035 1004 3357 1073 profeCtibus
3396 1000 3723 1071 respondere

466 1114 717 1185 inquietis
745 1112 905 1168 etiam
942 1109 1405 1182 praedicationibus
1449 1103 1790 1173 mancipavit.
1827 1100 2033 1155 Revera
2142 1114 2447 1179 ροιυθηηι,
2499 1105 2611 1158 ιιου
2656 1114 2853 1166 tamen,
2900 1099 3192 1167 inspirante
3224 1096 3353 1158 Deo,
3380 1093 3566 1147 habuit
3608 1106 3725 1159 pro-

450 1215 523 1273 tut
548 1203 802 1273 spiritalis
831 1203 1090 1266 medicus,
1114 1201 1201 1270 qui
1228 1198 1533 1252 morborum
1565 1193 1690 1246 vitia
1720 1198 1933 1245 curaret
1960 1188 2039 1240 in-

2186 1201 2341 1265 rium,
2377 1207 2452 1273 ut,
2486 1197 2611 1250 dum
2656 1193 2879 1262 singulis
2928 1191 3135 1259 singula
3168 1186 3493 1257 proferebat,
3524 1183 3727 1237 unicui-

453 1303 609 1359 zserta
644 1293 717 1363 [et
759 1292 1067 1362 prohiberet
1101 1268 1256 1342 malis
1298 1282 1707 1354 cogitationibus
1738 1279 2036 1341 nascitura;
2145 1268 2249 1359 huc
2272 1288 2393 1341 νίιω
2410 1268 2521 1340 gum,
2541 1298 2757 1339 cursum
2788 1292 2909 1335 ame
2940 1280 3124 1335 οςυιοε
3149 1282 3525 1347 praesa-marci,
3557 1282 3615 1325 ιη
3636 1272 3729 1341 qui

449 1396 780 1455 :tantamque
808 1383 860 1439 ei
893 1383 1035 1437 Deus
1064 1379 1286 1449 gratiam
1312 1378 1380 1432 de
1403 1392 1461 1431 se
1491 1371 1707 1429 dicendi
1734 1368 1881 1424 dedit
1908 1364 2042 1438 (οη,

2186 1394 2267 1434 um
2317 1377 2584 1438 audiebat.
2622 1390 2729 1428 non
2778 1373 2951 1426 solum
2993 1378 3347 1425 scrutatorem
3390 1364 3569 1420 cordis
3598 1377 3722 1417 eum

446 1502 449 1509 -
474 1487 531 1532 ut
556 1475 810 1544 quidquid
834 1474 1003 1528 oculis
1028 1471 1209 1525 videre
1243 1470 1516 1533 potuisset,
1547 1465 1611 1517 ad
1636 1460 2042 1516 :edificationem

2186 1468 2416 1529 rederet,
2448 1465 2539 1519 sed
2564 1464 3012 1533 quemadmodum
3041 1470 3230 1513 testem
3258 1472 3367 1511 sua:
3388 1455 3734 1510 conscientia

442 1596 445 1603 -
474 1566 795 1621 audientium
831 1577 926 1630 pro
974 1544 1337 1616 similitudinis
1385 1555 1751 1611 consolatione
1787 1560 2049 1627 propone-
2152 1561 2427 1617 (διετειυιι,
2460 1558 2527 1611 Et
2557 1557 2688 1611 δίευι
2721 1564 2839 1610 ora;
2866 1554 3009 1607 circa
3031 1568 3089 1607 se
3116 1550 3513 1620 severissimus,
3540 1549 3611 1600 ηδ
3641 1561 3736 1615 ap.

476 1664 576 1709 rel.
606 1654 834 1708 Talllunl
871 1651 1198 1705 voluminum
1242 1661 1515 1701 sacrorum
1556 1643 1747 1698 εει-ἱεω
1772 1652 2049 1695 εοωωθη-
2153 1649 2371 1720 pareba‘
2393 1648 2535 1703 circa
2567 1647 2699 1700 alios
2730 1660 2829 1715 pro
2853 1643 3231 1699 eluendalione
3260 1626 3555 1695 άξειιιίριυέ,

478 1744 644 1807 davit,
676 1743 750 1797 sic
776 1755 990 1809 semper
1012 1738 1250 1793 recentia
1279 1736 1641 1805 congregavit,
1676 1740 1734 1786 ut
1763 1730 1829 1784 de
1851 1726 2049 1782 veteri-

2231 1763 2320 1816 15.
2337 1760 2543 1828 Adiecit
2559 1758 2717 1813 etiam
2735 1766 2893 1825 atque
2903 1754 3156 1821 compulit
3174 1762 3235 1807 ut
3251 1752 3503 1806 laicorum
3521 1749 3737 1818 popula-

480 1833 580 1887 ωδ
602 1832 730 1886 nihil
758 1832 1045 1893 amittere"
1071 1827 1262 1921 Sim_m_s
1284 1824 1481 1921 tempio
1507 1822 1626 1885 Dei’
1653 1819 1794 1921 quad
1813 1826 1867 1873 et
1889 1829 2054 1918 nov.”
2088 1820 2132 1879 Β
2163 1856 2293 1908 ritas
2315 1819 2547 1921 psalmos
2573 1857 2627 1903 et
2658 1819 2886 1918 hymnos
2915 1819 3145 1915 pararet,
3172 1844 3383 1913 altaque
3414 1852 3469 1896 et
3492 1841 3741 1895 modula-

482 1922 719 1992 quotidie
765 1920 998 1987 hospites
1041 1918 1295 1984 suscipit,
1328 1924 1382 1969 et
1419 1914 1559 1968 fovet
1598 1911 1874 1979 antiquos;
1902 1916 1956 1962 et
1986 1909 2056 1960 ita

482 2029 697 2083 semper
722 2012 919 2066 crescit
958 2008 1354 2063 advenientium
1403 2006 1659 2069 introitu,
1686 2012 1746 2057 ut
1791 2014 2056 2070 nunquam

488 2116 723 2159 veterum
754 2101 1081 2156 discessione
1112 2100 1394 2152 minuatur.
1429 2096 1502 2149 ita
1533 2093 1875 2164 quantalibet,
1904 2092 1948 2145 si
1973 2105 2057 2145 res

488 2194 749 2265 poposcit,
779 2192 1077 2246 divinorum
1127 2189 1450 2242 voluminum
1482 2184 1719 2251 exempla
1760 2182 2058 2247 seriemque

488 2287 737 2350 narravit,
771 2285 919 2350 quasi
946 2283 1012 2334 de
1036 2281 1171 2333 libro
1192 2278 1402 2347 cognita
1429 2282 1751 2335 recenseret,
1783 2287 1886 2325 non
1908 2270 2059 2340 quasi

488 2379 555 2431 de
585 2375 859 2431 memoriae
898 2373 1145 2425 thesauro
1177 2370 1303 2423 olim
1334 2369 1467 2422 lecta
1508 2364 1796 2435 proferret,
1836 2362 2060 2431 implens

488 2469 621 2522 illud
671 2464 942 2534 Evangelii
972 2464 1171 2516 dictum
1216 2460 1283 2513 de
1328 2460 1543 2512 homine
1594 2458 1682 2525 qui
1715 2455 1781 2509 de
1812 2454 2061 2509 thesauro

490 2574 587 2612 suo
620 2559 822 2627 profert
858 2570 992 2610 nova
1025 2564 1079 2609 et
1105 2562 1306 2607 vetera.
1350 2550 1707 2604 Advenientes
1734 2561 1861 2600 vero
1891 2544 2064 2613 ponti-

490 2648 619 2703 ﬁces
645 2649 755 2703 sive
785 2646 1149 2717 presbyteros,
1179 2651 1506 2709 cunctosque
1540 2638 1743 2692 ordinis
1774 2636 1934 2689 divini
1966 2634 2065 2688 mi-

493 2740 712 2802 nistros,
742 2751 855 2791 sive
882 2735 986 2790 loci
1011 2734 1182 2801 cives,
1220 2733 1332 2786 sive
1357 2733 1514 2786 etiam
1548 2739 1865 2790 extraneos,
1897 2733 1954 2779 ιιι
1980 2738 2063 2779 sa-

496 2827 679 2882 lutavit
704 2834 865 2896 atque
892 2824 1087 2889 oravit,
1115 2822 1384 2893 paululum
1414 2821 1480 2875 de
1510 2820 1807 2875 concivium
1840 2817 1920 2872 vel
1942 2830 2065 2871 suo-

505 2934 619 2972 rum
645 2917 839 2973 aﬂ'ectu
866 2916 1147 2985 saluteque
1174 2911 1462 2969 consuluit.

562 3031 655 3088 H.
683 3032 805 3086 Mox
827 3044 957 3085 vero
986 3028 1149 3084 armis
1172 3035 1370 3082 sanctae
1393 3021 1789 3094 prmdicationis
1816 3018 2064 3089 arreptis,

499 3127 562 3182 de
588 3125 770 3179 umbra
799 3121 1141 3193 praesentium
1170 3120 1468 3189 disputans,
1498 3116 1567 3171 de
1588 3112 1919 3185 perennitate
1944 3112 2069 3166 bea-

492 3219 736 3277 titudinis
789 3215 1139 3289 persuadens,
1194 3212 1332 3267 alios
1357 3210 1500 3265 dulei
1538 3208 1777 3262 invitavit
1819 3204 2070 3272 allotiuio,
2101 3187 2144 3247 (ἶ

499 3316 631 3368 alios
676 3314 869 3368 acriori
919 3306 1204 3369 deterruit,
1252 3304 1389 3358 alios
1437 3300 1711 3365 minando,
1763 3298 1898 3351 alios
1927 3296 2073 3349 blan-

499 3410 690 3463 dienilo
736 3410 994 3472 correxit,
1034 3408 1168 3461 alios
1211 3416 1305 3475 per
1333 3400 1673 3463 citarita'em,
1700 3396 1834 3448 alios
1875 3410 1966 3461 per
1996 3392 2077 3445 di-

502 3503 834 3557 strictionem
890 3501 1159 3555 revocavit
1204 3515 1231 3552 a
1282 3498 1457 3560 vitiis,
1491 3491 1626 3549 alios
1669 3488 1815 3551 αυιιεί
1859 3490 1907 3538 ill
1957 3502 2078 3552 W0-

503 3594 702 3649 verbiis
751 3592 1076 3661 generaliter
1124 3605 1373 3658 monens,
1418 3589 1551 3643 alios
1592 3583 1834 3655 asperius
1875 3588 1928 3632 et
1981 3576 2080 3631 sub

505 3686 888 3739 contestatione
958 3682 1139 3736 divina
1213 3681 1515 3747 increpans,
1572 3685 1649 3730 ἰιι
1716 3674 1914 3730 monita
1992 3683 2080 3722 se-

504 3781 810 3843 querentur,
836 3783 1031 3826 :eterna
1060 3786 1179 3825 cum
1240 3770 1487 3838 lacrymis
1541 3766 1799 3835 supp'ieia
1844 3764 2079 3817 minaba-

505 3874 608 3928 tur,
666 3871 819 3928 ιιι-υιιι
887 3861 1216 3931 singulorum
1268 3868 1490 3925 noverat
1540 3867 1630 3909 aut
1677 3856 1927 3913 virtutes,
1994 3859 2085 3903 aut

509 3970 707 4020 mores,
759 3966 848 4007 aut
879 3956 1025 4007 vitia.
1060 3953 1165 4007 Ista
1206 3951 1644 4020 praedicationem
1674 3946 1996 4015 proferebat,
2030 3952 2085 3997 ut

506 4057 560 4100 et
607 4048 774 4099 bonos
824 4048 1070 4100 incitaret
1113 4044 1176 4097 ad
1224 4044 1443 4109 gloriam
1474 4050 1529 4094 ct
1558 4040 2083 4093 malos'revocareta

510 4156 684 4209 parua.
712 4142 857 4193 S-cut
883 4140 1051 4191 bonus
1076 4137 1311 4191 medicus
1334 4131 1895 4189 diversisvulneribus
1912 4130 2087 4184 diver-

508 4250 563 4284 sa
603 4233 949 4283 medicamina
974 4228 1311 4297 providebat,
1339 4245 1349 4275 i
1374 4226 1569 4280 ll'erens
1602 4239 1703 4276 non
1727 4221 1866 4292 quod
1897 4238 2085 4276 unum-

508 4337 775 4390 quemque
801 4322 1115 4384 delectaret,
1148 4321 1242 4372 sed
1297 4318 1472 4386 potius
1510 4316 1652 4383 quod
1695 4324 1936 4379 curaret;
1982 4328 2087 4367 non

510 4413 794 4481 inspideus
844 4411 1170 4464 voluntatem
1203 4408 1407 4478 aegroti,
1437 4406 1531 4461 sed
1566 4406 1847 4459 sanitatem
1875 4405 2088 4459 deside-

509 4521 633 4559 rans
707 4514 1102 4573 rompetcntem
1167 4500 1419 4566 infirmis,
1491 4500 1739 4567 ipsosque
1810 4497 2086 4565 pontifices

509 4603 742 4657 sanctos,
794 4605 847 4648 et
890 4592 1121 4660 reliquos
1151 4599 1390 4645 rectores
1420 4587 1673 4642 Ecclesia:
1701 4586 1971 4655 granditer
2001 4587 2082 4640 in-

509 4686 786 4754 crepabat,
829 4693 886 4737 ut
915 4683 1051 4751 plebi
1093 4681 1193 4735 sibi
1219 4681 1519 4735 commissa:
1550 4678 1911 4732 indesinenter
1934 4677 2089 4743 Spiri-

510 4778 617 4832 tale
646 4776 896 4846 pabulum
929 4774 1311 4835 ministrarent,
1344 4770 1530 4825 dicens
1558 4786 1571 4821 :
1606 4768 1781 4822 Uteris
1802 4768 1852 4820 in
1888 4766 2088 4821 Christi

515 4871 731 4921 nomine
772 4868 977 4920 ordinis
1009 4865 1166 4934 primi
1208 4862 1466 4931 Spiritalis
1489 4860 1689 4914 militiae
1720 4860 1857 4923 loco,
1888 4859 2085 4923 frater;

520 4959 737 5013 attende
763 4958 1014 5027 pastorali
1044 4954 1259 5011 solertia
1294 4956 1486 5008 talenta
1512 4953 1603 5006 tibi
1630 4952 1927 5014 COIllﬂliSSIl,
1957 4966 2088 5020 qua-

584 5096 664 5163 (a)
695 5093 821 5158 Quae.
845 5088 1243 5163 uncis__inclusa
1276 5086 1447 5163 vides,
1487 5085 1705 5163 aberant
1733 5100 1759 5136 a
1781 5096 1915 5163 ius”
1947 5082 2087 5163 quod

516 5154 967 5231 alias'se'quimur.
1005 5159 1197 5213 Verum
1229 5158 1488 5231 habentur
1520 5157 1607 5231 illa
1632 5156 1683 5207 in
1728 5157 1959 5207 editione
1983 5154 2090 5205 Ma-

518 5225 879 5295 bitloniifcui,
926 5231 1106 5299 paucis
1143 5227 1381 5295 exceptis
1433 5225 1632 5289 verbis,
1672 5234 1931 5279 consonat
1985 5237 2085 5275 ms.

515 5304 897 5358 Bisonticense.

588 5377 663 5446 (ὸ)
701 5373 837 5425 Audi
869 5379 1046 5446 notata
1087 5368 1369 5446 Mabillonii
1401 5367 1468 5446 ad
1522 5367 1670 5446 hunc-
1694 5365 1891 5446 locum.
1920 5380 1931 5414 :
1971 5381 1996 5446 ι.
2024 5362 2084 5418 S.

516 5434 869 5513 Hieronymus
914 5442 966 5513 in
1004 5439 1260 5513 pretemio
1305 5438 1437 5513 libri
1451 5436 1672 5513 secundi
1713 5434 1765 5486 io
1802 5434 2087 5513 Epistolqu

516 5517 580 5570 ad
610 5505 823 5569 Galatas
848 5505 1091 5565 refert—ex
1124 5509 1386 5571 Varrone,
1419 5506 1776 5561 Massiliensis
1800 5505 2084 5556 Arelaten-

517 5590 652 5640 sium
707 5581 1202 5650 comprovinciales,
1244 5578 1521 5650 trifingurs
1571 5576 1750 5637 fuisse,
1785 5588 1847 5626 ac
1878 5573 2083 5636 Grut-ce,

521 5657 703 5709 Latine
725 5647 1030 5720 Galliceque
1052 5653 1271 5720 locutos.
1299 5648 1465 5713 Quem
1491 5647 1784 5720 linguarum
1816 5658 1964 5720 usuin
1993 5658 2085 5709 per

518 5726 711 5780 Gallias
729 5738 793 5777 ex
820 5712 1014 5776 celebri
1068 5712 1473 5775 Massiliensium
1518 5712 1786 5768 academia
1835 5712 2083 5765 dides-uin

516 5796 770 5864 susiiicart
810 5797 929 5846 licet
967 5806 1031 5846 ex
1058 5792 1192 5843 libro
1221 5796 1373 5842 sexto
1400 5785 1523 5840 Julii
1571 5784 1793 5838 Caesaris
1842 5787 1907 5835 de
1940 5783 2082 5835 Bello

2160 1952 2210 1997 ta
2232 1956 2361 1995 voce
2374 1941 2538 1995 instar
2552 1937 2887 2002 clericorum,
2906 1935 2993 1988 alii
3006 1934 3190 1989 Graece
3207 1932 3285 2002 (ὁ)
3296 1973 3309 1994 ,
3324 1932 3413 1985 alii
3428 1931 3615 1985 Latine
3630 1945 3754 1999 pro-

2158 2048 2246 2087 sas
2297 2031 2718 2100 antiphonasque
2763 2035 3067 2101 cantarent,
3112 2032 3171 2079 ut
3198 2040 3305 2079 non
3330 2024 3594 2079 baberent
3621 2038 3741 2090 Spa-

2166 2126 2296 2177 tium
2327 2124 2377 2175 in
2405 2119 2630 2176 ecclesia
2656 2117 2848 2172 fabulis
2878 2116 3147 2185 occupari.
3178 2114 3593 2168 Prmdicationes
3620 2128 3741 2181 quo»

2162 2232 2265 2285 que
2335 2211 2854 2281 compunctissimas,
2931 2208 3157 2276 tempori
3214 2206 3295 2260 vel
3363 2203 3744 2258 festivitatibus

2163 2312 2535 2373 congruentes,
2568 2300 2791 2354 inStituit
2813 2299 3011 2367 pariter
3037 2309 3090 2351 et
3120 2297 3333 2350 invexit.
3360 2294 3593 2348 lniirmis
3614 2308 3748 2346 vero

2174 2395 2433 2463 imprimis
2490 2391 2676 2464 [Mab.,
2736 2386 2997 2457 apprime]
3053 2386 3333 2448 consuluit,
3388 2380 3751 2451 subvenitque

2175 2485 2272 2549 eis,
2322 2493 2375 2538 et
2397 2484 2834 2553 spatiosissimam
2866 2479 3137 2547 deputavit
3162 2478 3402 2543 domum,
3425 2474 3480 2527 in
3506 2488 3612 2543 qua
3634 2476 3753 2525 sine

2166 2578 2391 2643 strepitu
2416 2575 2591 2640 aliquo
2618 2571 2850 2625 basilicae
2875 2585 3007 2638 opus
3029 2577 3268 2621 sanctum
3293 2566 3499 2634 possint
3523 2564 3750 2642 audire;

2174 2668 2359 2732 lectos,
2399 2665 2675 2727 lectuaria,
2705 2672 2947 2730 sumptos
2980 2660 3094 2730 [pro
3125 2656 3387 2728 sumptus]
3408 2672 3530 2710 cum
3563 2670 3750 2723 perso-

2171 2750 2260 2823 tta,
2294 2772 2421 2827 qua:
2460 2757 2678 2823 obsequi
2719 2763 2773 2808 et
2813 2754 3011 2806 mederi
3046 2757 3246 2820 posset,
3278 2748 3533 2811 instituit;
3577 2747 3757 2799 locum

2167 2849 2581 2913 libertatemque
2609 2844 2927 2913 suggerendi
2953 2842 3175 2911 captivis
3216 2850 3269 2894 et
3300 2837 3625 2908 pauperibus
3649 2850 3757 2889 non

2168 2939 2395 3008 negavit.
2451 2938 2800 3004 l’rmcipiebat
2830 2933 3074 2987 ministro
3105 2945 3202 2986 suo
3240 2944 3475 2997 semper,
3510 2928 3704 2981 dicens
3739 2942 3755 2980 :

2174 3033 2306 3087 Vide
2354 3034 2397 3086 si
2449 3030 2609 3099 aliqui
2662 3042 2953 3097 pauperum
2997 3038 3091 3094 pro
3117 3022 3318 3076 toribus
3348 3029 3639 3085 astant,ne
3660 3033 3766 3087 pro

2174 3125 2353 3194 quiete
2386 3132 2564 3177 nostra
2605 3121 2832 3173 fors;tan
2872 3116 3077 3184 trepida
3105 3124 3158 3168 et
3188 3112 3485 3167 verecunda
3514 3117 3758 3179 petestas

2177 3216 2244 3270 ad
2292 3224 2561 3284 peccatum
2604 3219 2842 3265 nostrum
2884 3205 3193 3277 praestolans
3225 3204 3452 3271 patiatur
3484 3200 3760 3269 injuriam.

2182 3308 2529 3375 Traltensque
2552 3306 2705 3371 longa
2736 3301 2802 3355 de
2830 3298 3093 3368 profundo
3119 3295 3294 3350 cordis
3323 3293 3574 3361 suspiria,
3608 3292 3761 3345 dicc-

2178 3401 2312 3454 bat:
2349 3397 2483 3451 Vere
2526 3394 2690 3448 factus
2738 3402 2820 3447 est
2875 3390 3118 3445 Christus
3162 3385 3497 3456 praestolator
3547 3383 3655 3454 (c),
3707 3392 3764 3438 et

2180 3492 2419 3561 garrulus
2469 3497 2523 3541 ct
2564 3484 2779 3548 surdus,
2829 3468 2883 3536 et
2935 3491 3109 3534 tamen
3136 3486 3287 3547 rogat
3315 3489 3521 3541 omnes,
3545 3474 3765 3538 suadet,

2181 3584 2451 3643 admmtet,
2485 3586 2833 3635 contestatur.
2887 3574 3129 3629 Addebat
3154 3573 3317 3627 etiam
3347 3569 3544 3624 nostris
3574 3571 3768 3637 procul

2183 3677 2344 3732 dubio
2388 3672 2707 3743 pmicetibus
2756 3672 2805 3723 in
2856 3667 3105 3737 priesenti
3147 3664 3343 3719 smculo
3373 3676 3633 3730 pauperes
3665 3662 3769 3714 im-

2177 3777 2421 3847 pertitos,
2456 3772 2649 3842 quibus
2689 3782 2849 3834 nunc,
2883 3765 3196 3835 fideiussore
3224 3762 3460 3825 Christo,
3488 3774 3775 3819 commen-

2177 3868 2424 3920 daremos
2453 3864 2503 3915 in
2546 3861 2704 3915 terris
2735 3856 2873 3925 quod
2906 3864 3089 3925 postea
3115 3851 3471 3918 reciperemus
3500 3849 3549 3901 in
3583 3849 3697 3903 coal
3723 3865 3771 3901 s.

2254 3957 2341 4010 16.
2372 3955 2473 4007 Sed
2494 3952 2927 4019 tranquillitatem
2947 3946 3102 4014 hujus
3116 3936 3281 3997 sancti
3301 3943 3398 3995 viri
3417 3952 3529 4004 rost
3558 3956 3771 4001 raucos

2189 4046 2308 4098 dies
2358 4042 2548 4097 aemula
2602 4040 2798 4094 diaboli
2848 4037 3174 4106 perturbavit
3217 4035 3549 4097 adversitas;
3580 4044 3638 4086 et
3683 4050 3770 4087 cut

2190 4150 2293 4187 non
2346 4131 2571 4186 habebat
2617 4146 2735 4198 quae
2774 4135 3067 4197 opponeret
3095 4127 3219 4179 vitia
3270 4128 3530 4195 corporis,
3558 4126 3773 4179 crimen

2188 4225 2372 4292 objicit
2404 4219 2692 4277 traditoris.
2741 4219 2948 4273 Etenim
2978 4226 3095 4287 post
3118 4217 3329 4286 aliquod
3359 4227 3562 4283 tempus
3586 4218 3773 4284 perdi-

2191 4324 2274 4369 tus
2292 4313 2507 4383 quidam
2530 4312 2599 4367 de
2624 4310 2846 4365 notarLis
2872 4308 3013 4363 beati
3042 4308 3161 4372 viri,
3193 4307 3495 4360 Licinianus
3523 4308 3776 4371 nomine,

2192 4404 2481 4473 assumpsit
2529 4416 2717 4473 gerere
2768 4400 2819 4453 in
2863 4400 3033 4453 virum
3060 4398 3411 4466 apostolicum
3436 4396 3575 4465 quod
3607 4400 3778 4452 disci-

2194 4498 2349 4567 pulus
2372 4496 2398 4550 J
2407 4497 2536 4549 udas
2559 4509 2662 4547 non
2684 4493 2862 4547 timuit
2885 4493 3140 4546 adversus
3168 4492 3495 4546 Salvatorem
3523 4503 3778 4545 nostrum

2200 4589 2290 4641 Dei
2318 4586 2506 4640 Filium
2534 4597 2859 4655 perpetrare.
2888 4585 3098 4639 Veneno
3123 4583 3265 4638 enim
3292 4598 3444 4636 δίεπε
3474 4593 3783 4637 accusatio-

2196 4678 2277 4731 uis
2320 4686 2575 4739 armatus,
2601 4676 2862 4744 siiggessit
2899 4690 2990 4742 per
3018 4673 3363 4727 auricularios
3399 4672 3618 4726 Alarico
3640 4677 3781 4742 regi,

2195 4768 2335 4837 quod
2379 4767 2712 4821 beatissimus
2755 4764 3037 4830 Caesarius,
3088 4768 3174 4833 qui
3206 4765 3273 4817 de
3312 4762 3492 4817 Galliis
3542 4764 3785 4818 habebat

2201 4862 2482 4931 originem,
2516 4860 2640 4913 totis
2673 4859 2872 4911 viribus
2904 4858 3174 4911 allectztret
3204 4857 3524 4911 territorium
3552 4870 3608 4909 et
3651 4862 3787 4913 civi-

2201 4942 2360 5006 tatem
2392 4952 2759 5005 Arelatensem
2790 4951 3221 5018 Burgundionum
3269 4950 3557 5003 dilicuihus
3587 4956 3790 5020 suhja.

2194 5086 2419 5153 Gallico,
2450 5101 2553 5155 quo
2578 5095 2793 5140 auctore
2814 5084 2928 5138 disc
2952 5100 3066 5138 mus
3097 5082 3278 5138 Gallos
3311 5085 3359 5137 in
3388 5086 3644 5139 omnibus
3673 5086 3784 5139 fere

2192 5162 2372 5222 rebus,
2404 5157 2622 5223 tublicis
2672 5155 2992 5223 privatisque
3012 5155 3328 5217 rationibus,
3353 5155 3553 5208 Graecis
3582 5158 3785 5209 litters

2195 5243 2317 5280 usos
2343 5243 2481 5282 esse.
2518 5228 2586 5280 At
2617 5242 2741 5279 vero
2767 5240 2830 5279 ex
2864 5226 2963 5279 hoc
2989 5227 3104 5277 loco
3140 5224 3268 5277 Vitae
3292 5226 3348 5277 S.
3379 5226 3598 5277 Cmsarit
3626 5230 3783 5280 coll:-

2140 5308 2145 5313 '
2192 5300 2399 5365 gimus,
2428 5299 2617 5364 lingur
2656 5294 2853 5348 Grmcae
2883 5310 3037 5347 usum
3077 5295 3141 5346 ad
3172 5307 3377 5348 sextum
3410 5309 3574 5361 usrlue
3598 5312 3783 5351 sien-

2198 5373 2304 5419 tum
2334 5368 2470 5433 apud
2496 5368 2853 5431 Arelatenses,
2886 5367 3041 5418 etiam
3069 5380 3231 5432 penes
3255 5368 3485 5418 Iaicoset
3513 5366 3781 5430 plebeios,

2194 5444 2537 5501 remansisse,
2563 5452 2623 5489 ac
2653 5440 2703 5488 ιιι
2729 5438 2894 5489 sacris
2922 5434 3086 5487 fuis>e
3111 5434 3299 5488 officiis
3328 5444 3667 5501 usurpatum.
3708 5457 3727 5486 9

2263 5508 2335 5579 (c)
2369 5508 2703 5561 Mabxllonius
2756 5508 2883 5573 legit
2912 5505 3209 5574 protelator.
3254 5508 3419 5558 Porro
3452 5522 3543 5571 per
3584 5522 3781 5560 Vlici‘ln

2191 5577 2420 5631 Chi-iatus
2439 5580 2783 5648 designantur
2802 5578 2885 5628 hic
2904 5589 3161 5643 pauperes
3180 5591 3272 5629 seu
3292 5578 3527 5628 membra
3552 5579 3783 5639 (inrisu,

2189 5664 2413 5718 quorum
2448 5651 2569 5702 vitia
2605 5662 2707 5701 non
2747 5657 2934 5717 negat;
2970 5648 3074 5699 illis
3124 5656 3297 5701 tamen
3349 5650 3779 5701 succurrendum

2189 5728 2370 5773 tloccl.
