3958 6358
247 385 264 437 Ι
276 389 380 448 009

1632 379 1660 432 \
1677 377 1810 431 lTA.
1850 374 2051 430 LIBER
2085 375 2123 432 Ι.

3373 387 3530 442 ίῡιὶῦι.

247 481 415 570 gare:
448 517 570 556 cum
616 477 799 571 utique
843 497 1316 569 praestantissimus
1348 495 1434 549 ille
1468 504 1645 563 pastor
1685 489 1836 544 ﬂexis
1864 488 1916 546 Δ
1942 502 2035 542 seu
2086 491 2154 545 de
2182 491 2424 561 ingenuis
2467 494 2882 564 Obsequentibus
2908 497 3029 560 sibi,
3060 513 3329 565 nunquam
3359 510 3530 554 extraz.

247 594 474 662 genibus
515 607 699 663 pacem
731 593 990 663 gentium,
1020 589 1251 660 quietem
1278 587 1511 651 urbium,
1544 583 1731 640 diebus
1769 598 1831 636 ac

249 686 498 741 noctibus
526 701 555 738 a
585 684 813 740 Domino
838 682 1160 754 generaliter
1188 679 1501 751 postularet.
1533 677 1647 744 Qua
1666 675 1833 745 magis

250 801 411 841 causa
451 785 776 850 credendum
819 794 904 839 est
953 783 1208 838 instinctu
1247 780 1443 835 diaboli
1482 778 1550 833 ad
1589 777 1833 836 exsilium

251 879 422 935 sancti
469 877 568 931 viri
601 875 933 933 ferocitatem
975 873 1140 928 fuisse
1171 873 1449 947 barbaram
1493 869 1834 924 concitatam.

253 967 369 1022 Non
392 969 533 1022 enim
571 975 824 1034 acceptus
852 973 944 1019 aut
971 973 1154 1035 gratus
1179 971 1262 1018 est
1288 962 1504 1016 inimico
1535 959 1580 1014 is
1601 958 1691 1028 qui
1721 966 1838 1013 orat

255 1069 313 1113 ut
342 1059 456 1128 ejus
476 1057 875 1114 contradicatur
901 1055 1172 1126 cperibus.

330 1153 416 1205 17.
467 1149 1020 1220 lgitur.instigatione
1071 1145 1830 1216 praesentium,necinnocen-

258 1247 297 1298 ti
319 1265 348 1295 ι·
390 1243 526 1300 lides
564 1243 879 1309 attenditur,
908 1257 1006 1298 nec
1028 1240 1386 1297 accusationis
1417 1238 1610 1294 veritas
1639 1236 1842 1307 ﬂagita-

259 1347 384 1400 tur;
435 1337 530 1390 sed
574 1334 724 1390 falsis
763 1344 820 1390 et
865 1334 1065 1388 illicitis
1115 1331 1542 1387 accusationibus
1589 1329 1843 1384 condem-

264 1439 439 1495 natus,
485 1444 607 1483 cum
647 1428 716 1481 ab
749 1429 965 1482 Arclato
991 1426 1180 1481 fuisset
1205 1425 1526 1493 ab5tractus,
1557 1426 1608 1480 in
1646 1423 1846 1478 Burde-

263 1522 536 1591 galensem
567 1522 642 1590 (α)
671 1521 938 1576 civitatem
966 1530 1048 1575 est
1072 1521 1222 1590 quasi
1252 1521 1302 1574 in
1333 1519 1528 1574 exsilio
1556 1519 1842 1589 relegatus.

263 1613 372 1668 Sed
409 1625 464 1667 ut
510 1613 563 1667 in
601 1627 666 1666 eo
701 1613 792 1666 Dei
830 1613 998 1682 gratia
1052 1628 1157 1666 non
1185 1612 1395 1676 lateret,
1427 1628 1554 1667 casu
1575 1611 1770 1667 accidit
1792 1620 1849 1665 ut

267 1716 423 1760 nocte
445 1705 675 1773 quadam
699 1706 888 1760 civitas
914 1720 1060 1758 smvo
1088 1705 1336 1772 flagraret
1357 1705 1624 1772 incendio,
1651 1705 1851 1774 populi-
1901 1756 1907 1761 .

268 1814 373 1867 que
403 1797 657 1852 velociter
685 1803 1073 1851 concurrentes
1102 1795 1168 1850 ad
1213 1797 1307 1850 Dei
1339 1798 1608 1850 hominem
1641 1796 1850 1865 procla-

268 1896 483 1942 tnarunt
516 1906 530 1940 :
561 1886 755 1942 Sancte
801 1887 1016 1952 Caesari,
1066 1888 1398 1942 orationibus
1433 1889 1539 1944 tuis
1571 1889 1851 1957 exstingue

270 1980 448 2048 ignem
469 1980 799 2034 smvientem.
830 1979 982 2046 Quod
1010 1994 1130 2035 cum
1156 1980 1235 2037 vir
1267 1980 1357 2034 Dei
1383 1980 1640 2049 audisset,
1669 1980 1856 2036 dolore

272 2087 335 2125 ac
360 2071 554 2139 pietate
580 2083 900 2136 commotus,
937 2072 1165 2126 venienti
1190 2070 1416 2126 flamma:
1440 2071 1630 2128 obvius
1653 2073 1707 2128 in
1733 2087 1858 2126 ora-

274 2163 419 2215 t'one
471 2161 846 2230 prosternitur,
897 2172 951 2215 et
978 2161 1153 2215 statim
1176 2160 1508 2216 ﬂammarum
1539 2162 1724 2230 globos
1746 2163 1856 2217 ﬁxit

274 2259 354 2304 et-
379 2251 590 2320 repulit.
622 2251 738 2316 Qun
769 2253 884 2307 viso
912 2253 1150 2307 omnium
1185 2255 1617 2312 concurrentium
1644 2255 1860 2310 vocibus

275 2342 613 2422 divinaeper
659 2358 780 2422 cum
834 2344 946 2398 laus
990 2353 1073 2398 est
1117 2343 1385 2400 celebrata
1432 2347 1702 2414 potentia}.
1737 2347 1862 2400 Post

282 2434 419 2485 hanc
453 2432 702 2487 virtutem
753 2443 896 2488 tanta
949 2433 1304 2491 admiratione
1333 2435 1401 2490 ab
1437 2437 1684 2494 omnibus
1715 2436 1862 2492 babi-

277 2533 378 2598 tus.
405 2534 508 2589 est,
543 2535 604 2582 ιιι¹
637 2526 689 2579 in
723 2526 910 2580 eadem
956 2528 1088 2583 urbe
1139 2543 1244 2582 non
1295 2528 1470 2583 solum
1502 2537 1559 2582 ut
1587 2529 1859 2596 sacerdos,

277 2616 376 2671 sed
419 2626 478 2671 ut
515 2618 788 2686 apostolus
825 2618 1133 2683 haberetur,
1161 2629 1218 2674 et
1244 2629 1432 2676 auctor
1454 2623 1859 2690 persecutionis,

281 2706 335 2760 id
379 2716 463 2762 est
505 2706 770 2774 diabolus,
804 2707 1244 2776 confunderetur,
1276 2711 1366 2780 qui
1394 2727 1513 2768 eum
1536 2728 1694 2782 quem
1717 2714 1867 2768 nisus

285 2797 460 2854 fuerat
483 2815 628 2856 reum
653 2816 918 2867 asserere,
954 2803 1168 2859 videbat
1197 2804 1361 2860 divini
1395 2809 1573 2875 operis
1597 2807 1868 2864 miraculis

283 2889 548 2946 eminere.
579 2891 730 2958 Quod
753 2892 825 2947 ita
871 2893 1067 2949 factum
1110 2895 1252 2952 fideli
1307 2896 1568 2954 relatione
1605 2898 1870 2968 comperi-

284 2994 428 3035 mus.
461 2979 720 3038 lnstruxit
767 2983 944 3054 itaque
969 2994 1024 3040 et
1051 2984 1122 3041 ibi
1146 2994 1202 3042 et
1226 2986 1422 3057 ubique
1441 3002 1655 3058 semper
1682 2988 1868 3044 Eccle-

283 3070 422 3125 siam
468 3071 696 3128 reddere
723 3088 845 3144 qua:
871 3085 995 3129 sunt
1020 3073 1248 3132 Caesaris
1268 3077 1491 3146 Caesari,
1521 3086 1577 3134 et
1603 3084 1723 3149 qute
1746 3087 1872 3134 sunt

1934 585 2219 654 legitimam
2271 586 2630 656 disciplinam,
2686 589 2736 642 id
2787 600 2871 644 est
2925 589 3140 660 triginta
3190 606 3378 645 novem
3438 591 3516 660 (ὁ)

1934 677 2172 746 quisquis
2226 686 2454 745 peccans
2499 680 2786 746 acciperet.
2836 680 2892 734 Si
2925 696 3055 736 vero
3086 683 3134 734 in
3161 683 3305 750 gravi
3332 667 3521 738 luisset

1936 771 2089 836 culpa
2118 769 2507 838 deprehensus,
2535 773 2880 839 permittebat
2936 782 2993 826 ut
3019 785 3138 842 post
3170 775 3287 828 dies
3317 775 3524 844 aliquot

1940 860 2120 926 paucis
2170 860 2363 915 iterum
2414 861 2748 926 caederetur;
2802 864 3221 932 praepositosque
3266 861 3520 920 Ecclesia:

1938 959 2266 1018 contestans,
2316 953 2458 1021 quod
2488 953 2531 1007 si
2575 954 2693 1022 quis
2723 954 2952 1021 amplius
2993 954 3348 1022 negligentem
3385 955 3520 1010 credi

1941 1044 2276 1114 praeciperet,
2335 1054 2390 1098 et
2440 1060 2537 1114 pro
2595 1047 2705 1114 ipsa
2751 1044 3028 1114 disciplina
3081 1045 3240 1100 homo
3287 1055 3526 1107 mortuus

1945 1136 2122 1202 fuerit,
2181 1151 2306 1190 reus
2336 1147 2478 1191 esset
2518 1136 2812 1202 homicidii,
2854 1138 3012 1205 cujus
3056 1136 3282 1205 imperio
3331 1137 3525 1192 factum

1945 1226 2123 1280 fuerit.
2154 1225 2394 1296 Cumque
2435 1227 2708 1282 nuntiatus
2759 1228 2950 1283 fuisset
3008 1227 3170 1282 homo
3215 1224 3414 1293 Christi
3445 1220 3528 1282 re?

1947 1316 2081 1371 verti
2138 1323 2299 1386 atque
2357 1317 2638 1372 imminere
2685 1331 2853 1386 proi.e
2908 1317 3134 1384 civitati,
3175 1318 3443 1388 egreditur
3475 1318 3528 1372 in

1947 1423 2226 1475 occursum
2288 1410 2452 1482 ipsius
2504 1418 2611 1463 tota
2666 1407 2994 1476 fraternitas,
3061 1418 3310 1480 totusque
3365 1424 3526 1464 sexus

1949 1514 2069 1554 cum
2116 1500 2288 1554 cereis
2335 1510 2388 1554 ct
2409 1499 2657 1555 crucibus
2699 1501 2996 1568 psallendo,
3052 1500 3223 1556 sancti
3245 1500 3344 1554 viri
3369 1515 3529 1568 Oppe-

1952 1590 2097 1643 l'it‘llS
2129 1589 2450 1658 ingressum.
2481 1589 2546 1642 Et
2591 1589 2714 1658 quia
2744 1587 2871 1642 facit
2905 1590 3194 1658 tripudiare
3217 1603 3345 1644 suos
3370 1589 3534 1643 virtu-

1954 1679 2095 1733 tibus
2124 1680 2391 1747 Christus,
2439 1690 2494 1734 et
2540 1680 2774 1750 perfidos
2821 1688 3002 1750 aperta
3050 1680 3368 1735 mirabilium
3419 1681 3538 1744 lucc

1954 1771 2230 1840 confundi,
2265 1773 2316 1825 in
2342 1773 2573 1827 adventu
2599 1773 2740 1827 servi
2763 1772 2845 1826 sui
2876 1772 3130 1826 Dominus
3161 1781 3359 1826 terram
3382 1787 3539 1826 aren-

1884 1849 1929 1907 Β
1959 1872 2064 1916 tem
2113 1861 2422 1932 longissima
2463 1862 2730 1928 siccitate,
2758 1861 3062 1930 largi~simo
3087 1861 3257 1918 imbre
3285 1862 3548 1930 perfudit,

1958 1963 2014 2008 ut
2040 1954 2268 2009 fructum
2303 1956 2601 2009 fecunditas
2624 1965 2962 2022 sequeretur,
2985 1952 3202 2024 quando
3231 1953 3544 2015 reverteba‘a

1962 2057 2046 2104 tur
2075 2048 2177 2103 sibi
2201 2049 2428 2118 placitus
2457 2047 2815 2121 dispensator.

2032 2164 2117 2218 19.
2151 2163 2392 2218 Postume
2424 2161 2651 2233 quadam
2669 2162 2754 2217 die
2777 2161 3108 2232 prospiciens
3136 2161 3203 2215 de
3221 2161 3432 2223 altario,
3465 2159 3543 2212 vi-

1961 2255 2272 2323 dit‘aliquos
2299 2253 2454 2309 lectis
2499 2255 2797 2323 Evangeliis
2824 2253 2890 2309 de
2934 2253 3157 2309 ecclesia
3202 2253 3346 2307 foras
3375 2254 3542 2318 exite,

1961 2347 2050 2416 qui
2082 2346 2303 2401 verbum
2332 2347 2470 2400 beati
2502 2346 2620 2410 viri,
2652 2345 2703 2400 id
2725 2354 2808 2400 est
2831 2345 3260 2413 prmdicationem
3285 2345 3544 2415 dedigna-
3635 2348 3652 2366 “‘

1964 2439 2154 2492 bantur
2181 2440 2234 2492 in
2267 2437 2436 2507 primo
2464 2451 2809 2505 cognoscere.
2838 2437 2983 2492 Illico
3003 2451 3316 2505 occurrens,
3346 2438 3542 2490 clama-

1964 2530 2041 2584 vit
2057 2529 2121 2583 ad
2147 2529 2426 2599 populum:
2447 2529 2580 2596 Quid
2603 2530 2781 2599 agitis,
2807 2544 2840 2583 o
2863 2529 2990 2582 filii?
3011 2543 3117 2599 quo
3140 2527 3394 2582 ducimini
3420 2527 3546 2580 loris

1966 2620 2104 2674 mala
2133 2621 2382 2684 suasione
2411 2620 2694 2675 subversi?
2721 2621 2871 2675 State
2921 2634 3020 2688 pro
3047 2618 3327 2694 animabus
3357 2620 3551 2673 vestris

1966 2711 2031 2764 ad
2061 2709 2280 2766 verbum
2295 2709 2699 2776 admonitionis,
2722 2718 2779 2764 et
2796 2707 2977 2763 audite
2997 2707 3231 2763 solliciti.
3259 2707 3372 2762 Hoc
3402 2707 3553 2760 vobis

1970 2804 2022 2858 in
2051 2805 2136 2860 die
2153 2804 2339 2874 judicii
2361 2799 2546 2860 facere
2573 2819 2680 2859 non
2702 2801 2903 2859 licebit.
2929 2801 3117 2857 Moneo
3144 2809 3200 2856 et
3227 2800 3401 2855 clamo
3425 2813 3556 2854 con-

1972 2905 2284 2967 testorque:
2321 2910 2426 2952 non
2456 2910 2586 2967 ergo
2628 2904 2799 2952 estote
2837 2894 3043 2964 fugitivi
3083 2894 3168 2949 vel
3202 2892 3375 2948 surdi.
3417 2893 3554 2946 Ecce

1971 2990 2082 3045 oris
2104 2990 2212 3044 mei
2235 2988 2479 3054 buccina,
2501 2988 2653 3058 quasi
2671 2988 2846 3042 anima
2863 2987 3124 3057 cujusque
3146 2995 3379 3040 vestrum
3400 2985 3555 3039 fuerit

1972 3081 2171 3136 diaboli
2196 3096 2450 3138 mucrone
2481 3089 2777 3150 perempta.
2799 3078 2914 3135 Non
2938 3079 3162 3135 tenebor
3187 3077 3254 3134 de
3281 3079 3556 3134 taciturni-

287 3162 386 3217 Dei
414 3163 557 3231 Deo;
588 3165 809 3275 obedire
849 3167 1064 3275 quidem
1107 3167 1260 3238 juxta
1301 3171 1614 3240 Apostolum
1653 3173 1872 3244 regibus
1899 3211 1945 3275 ο
1979 3183 2087 3230 tate
2115 3173 2417 3240 culpabilis.
2446 3161 2527 3228 0b
2555 3174 2657 3228 hoc
2686 3175 2982 3243 saepissime
3011 3175 3162 3230 ostia
3183 3184 3301 3244 post
3326 3189 3556 3245 evange-

289 3266 344 3309 et
367 3257 740 3324 potestatibus,
765 3259 980 3327 quando
998 3261 1142 3328 justa
1167 3262 1503 3331 praecipiunt,
1521 3274 1574 3319 et
1598 3265 1872 3334 despectui

290 3348 493 3406 habere
524 3350 575 3404 in
607 3351 847 3423 principe
875 3353 1060 3410 'Ariani
1103 3356 1368 3424 dogmatis
1401 3359 1735 3426 pravitatem.
1760 3359 1872 3425 Sic,

291 3442 522 3497 veritate
556 3451 804 3510 testante,
839 3459 944 3501 non
973 3448 1144 3515 potuit
1173 3448 1391 3504 lucerna
1431 3450 1686 3507 abscondi
1715 3467 1875 3522 supra

290 3543 529 3588 montem
545 3538 738 3603 posita,
755 3535 846 3591 sed
861 3552 1179 3607 quocunque
1191 3541 1440 3606 accessit,
1456 3553 1678 3599 cunctos
1692 3543 1880 3596 illumi-

292 3625 666 3686 navitradians
676 3641 837 3696 super
853 3628 1234 3686 candelabrum
1251 3644 1405 3687 suum
1429 3632 1598 3704 [Mab.
1618 3632 1877 3704 Domini].

371 3718 456 3772 18.
482 3717 730 3775 Ροειιιωο
757 3732 1030 3788 comperta
1060 3721 1366 3778 innocentia
1396 3724 1536 3779 beati
1567 3725 1686 3792 viri,
1710 3709 1883 3795 poscit

295 3811 535 3866 nefarius
567 3813 818 3882 princeps
838 3826 1104 3883 quatenus
1142 3825 1362 3871 sanctus
1407 3817 1628 3873 antistes
1679 3817 1746 3872 ad
1777 3820 1884 3889 pri—

297 3910 493 3961 stiriam
529 3917 890 3964 reverteretur
920 3910 1239 3976 Ecclesiam,
1271 3925 1436 3982 seque
1465 3911 1665 3968 civitati
1691 3915 1886 3980 pariter

305 4009 654 4070 pra-sentaret
696 4010 752 4055 et
801 4001 976 4065 clero;
1029 4013 1396 4058 accusatorem
1452 4019 1579 4058 vero
1635 4002 1753 4072 ejus
1794 4018 1886 4058 rex

300 4089 564 4159 pra-cepit
588 4091 834 4160 lapidari.
866 4084 1091 4162 Jamque
1121 4108 1242 4148 cum
1272 4095 1536 4165 lapidibus
1563 4097 1739 4163 populi
1761 4111 1889 4150 con-

297 4184 614 4252 currebant,
667 4184 848 4238 subito
902 4185 970 4238 ad
1015 4200 1170 4241 aures
1211 4186 1328 4256 ejus
1369 4187 1546 4257 jussio
1594 4188 1737 4259 regis
1768 4203 1889 4257 per-

299 4274 477 4338 venit;
530 4274 706 4328 statim
758 4274 981 4330 festinus
1027 4291 1315 4348 assurgens
1361 4280 1748 4336 intercessione
1795 4294 1891 4336 sua

303 4368 389 4420 vir
428 4376 665 4432 sanctus,
721 4381 830 4422 non
885 4377 992 4422 tam
1059 4368 1310 4425 vindictae
1365 4386 1477 4427 suae
1523 4380 1888 4428 accusatorem

301 4459 429 4514 dari
468 4459 656 4525 voluit,
704 4475 864 4531 quam
894 4461 1285 4532 supplicatione
1317 4465 1535 4534 propria
1563 4465 1752 4520 maluit
1779 4481 1892 4535 pm-

1979 3267 2049 3324 lia
2076 3265 2252 3322 claudi
2275 3265 2421 3332 fecit,
2442 3265 2615 3320 donec
2632 3264 2742 3320 Deo
2764 3265 2974 3319 volente
2995 3265 3388 3332 gratularentur
3407 3279 3559 3320 coer-

1977 3361 2171 3418 citione
2203 3367 2260 3414 et
2306 3367 2561 3430 provectu
2591 3357 2680 3428 qui
2737 3357 2945 3414 fuerant
2997 3355 3165 3428 [addit
3220 3356 3362 3410 Μαι).
3413 3354 3559 3426 ante]

1980 3453 2206 3523 fugitivi.
2295 3511 2298 3515 ,

2599 3541 2822 3599 CAPUT
2860 3541 2924 3596 Ill

1985 3660 2277 3738 Cmnobiunt
2318 3659 2476 3713 sacris
2521 3657 2800 3738 virginibus
2849 3667 3130 3738 structum,
3177 3655 3452 3738 rcgulaque
3498 3659 3566 3709 eis

2057 3732 2373 3800 conscripta;
2418 3737 2627 3800 sanctus
2657 3729 2923 3800 calumniis
2951 3729 3206 3800 appetitus
3231 3729 3284 3779 in
3313 3743 3566 3800 carcer-cut

2057 3797 2306 3864 truditur,
2351 3816 2412 3852 ac
2449 3799 2633 3853 deinde
2666 3797 2964 3852 Ravennam
3002 3797 3242 3862 ducitur;
3274 3798 3462 3864 captivi
3486 3814 3565 3849 re-

2045 3875 2246 3942 .demptt
2265 3888 2281 3934 ;
2312 3872 2581 3924 miracula.

2059 4007 2152 4063 20.
2193 4006 2448 4075 Concepit
2478 4004 2637 4073 igitur
2665 4013 2843 4066 mente
2887 4002 3046 4056 homo
3091 4001 3184 4054 Dei
3228 4009 3309 4066 ut,
3356 4015 3564 4068 semper

1990 4106 2248 4166 regnante
2288 4097 2534 4164 Domino,
2568 4095 2748 4150 divino
2787 4094 3059 4158 instinctu,
3109 4108 3211 4146 non
3259 4098 3431 4146 solum
3459 4094 3568 4146 cle«

1991 4191 2224 4245 ricorum
2285 4187 2516 4243 catervis
2571 4187 2901 4252 innumeris,
2955 4183 3051 4240 sed
3102 4185 3262 4241 etiam
3311 4184 3576 4255 virginum

1991 4286 2170 4339 choris
2211 4280 2600 4337 Arelatensium
2649 4290 2931 4334 ornaretur
2977 4276 3242 4341 ecclesia,
3291 4283 3348 4331 et
3388 4276 3580 4331 civitas

1993 4381 2337 4434 muniretur:
2377 4383 2640 4444 quatenus
2695 4371 2986 4441 plenariam
3041 4377 3278 4437 segetem
3335 4383 3440 4422 non
3500 4368 3578 4421 in-

1991 4470 2295 4524 fructuosus
2311 4465 2537 4538 agricola
2559 4464 2867 4520 cmlestibus
2881 4461 3086 4517 horreis
3103 4469 3156 4516 et
3169 4470 3438 4527 superstes
3455 4474 3579 4513 con.

304 4553 547 4608 nitentia:
570 4553 870 4618 reservari;
901 4561 963 4608 ut
987 4553 1221 4609 animam
1251 4555 1370 4624 ejus
1399 4571 1494 4625 per
1517 4557 1884 4626 paenitentiam
1915 4575 1969 4638 ι)
1993 4562 2160 4627 deret,
2204 4568 2258 4614 et
2297 4565 2544 4624 receptus
2591 4555 2921 4622 sequacitate
2963 4567 3056 4607 sua
3088 4551 3306 4606 doceret
3362 4550 3576 4612 inferri.

301 4651 520 4698 curaret
580 4642 857 4712 Dominus,
897 4659 1058 4715 quam
1117 4660 1212 4715 per
1268 4645 1461 4702 falsam
1532 4643 1887 4718 prodititinem

301 4736 576 4807 captivam
647 4734 847 4792 fecerat
882 4733 1175 4804 inimicus;
1223 4749 1278 4796 et
1296 4731 1592 4797 domestico
1621 4743 1762 4798 hosti
1787 4743 1897 4800 cle-

305 4837 520 4882 menter
574 4828 874 4902 indulgens,
919 4831 1199 4900 antiquum
1257 4819 1648 4888 adversarium
1684 4835 1738 4890 in
1793 4851 1895 4891 una

304 4937 468 4975 causa
511 4921 840 4991 conscientia
887 4938 1017 4992 pura
1045 4924 1128 4979 bis
1148 4923 1410 4979 vinceret.
1443 4926 1556 4980 Hoc
1584 4929 1744 4982 etiam
1776 4942 1898 4999 spe-

304 5014 498 5070 calius
520 5027 708 5069 servus
732 5014 823 5070 Dei
854 5014 1061 5070 studuit
1077 5015 1371 5084 custodire,
1405 5025 1463 5072 ut
1481 5018 1593 5074 sive
1615 5018 1681 5074 de
1701 5021 1892 5087 servis,

384 5154 464 5220 (τι)
493 5150 810 5224 Burdegala,
837 5153 1004 5209 Gallis
1033 5153 1330 5221 Bardcaux,
1357 5159 1484 5213 urbs
1512 5169 1592 5214 est
1620 5159 1895 5214 nctissiina

306 5225 503 5298 Gallice
530 5224 595 5277 ad
643 5223 968 5298 Garumnam
1003 5225 1246 5294 ﬂuvium,
1276 5245 1398 5296 quae
1447 5229 1658 5284 Alarico
1691 5230 1898 5298 Visigo-

309 5297 530 5350 tliarutn
563 5297 670 5367 regi
701 5296 916 5367 parebat
952 5305 1075 5349 tunc
1119 5299 1396 5367 temporis.
1437 5299 1626 5354 Totum
1680 5300 1779 5354 hoc
1809 5296 1898 5353 Ἰξι-

307 5378 460 5420 (ειιιιιι
492 5365 656 5419 refert
680 5365 926 5429 Sigonius
955 5367 1023 5420 de
1049 5365 1272 5434 imperio
1300 5369 1626 5424 Occidentali
1662 5371 1749 5425 lib.
1788 5388 1894 5434 xvi,

311 5435 598 5508 riunt.5_154
628 5437 879 5508 editionis
904 5451 1082 5502 nov.i~,
1109 5449 1361 5508 recteque
1386 5455 1505 5494 cum
1535 5442 1647 5494 \‘ita
1675 5457 1899 5494 consen-

307 5506 539 5580 lit,‘n’.si
570 5507 708 5580 quod
742 5509 1000 5580 notarius.
1027 5509 1192 5562 sancti
1235 5506 1450 5563 accusat
1490 5527 1532 5573 r,
1581 5514 1667 5580 qui
1699 5514 1782 5565 hic
1815 5514 1899 5565 Li-

299 5577 559 5633 cinianus
601 5578 812 5638 dicitur,
844 5579 907 5629 ab
932 5594 996 5630 eo
1022 5582 1322 5632 nominetur
1355 5577 1730 5636 Lictnnaiiims.
1763 5583 1898 5636 Lau-

299 5649 478 5702 datus
509 5648 757 5720 Sigonius
783 5664 893 5701 rem
925 5648 1213 5718 contigisse
1239 5652 1305 5703 ait
1347 5652 1444 5704 sub
1478 5661 1681 5720 tempus
1710 5670 1902 5708 consu-

298 5721 461 5775 ﬁatus
515 5717 756 5787 (Icilicgi,
814 5721 964 5773 idest
998 5717 1139 5772 circa
1185 5736 1381 5773 annum
1412 5719 1534 5782 58-1,
1571 5717 1672 5789 quo
1718 5729 1756 5778 is
1785 5728 1900 5778 sine

294 5789 526 5859 collega
560 5792 891 5844 considat'im
919 5790 1098 5859 gessit.
1134 5792 1234 5843 Nos
1263 5807 1455 5844 annum
1490 5791 1612 5862 Tit-fi,
1643 5798 1895 5852 \‘Ct‘i§llili'

1999 4652 2105 4708 Sed
2135 4646 2576 4718 dispositionibus
2625 4645 2740 4700 istis
2781 4644 3057 4700 diabolicae
3100 4643 3313 4698 invidi-.e
3351 4643 3581 4700 obviavit

2001 4742 2386 4812 aliquantisper
2425 4737 2739 4794 adversitas.
2774 4735 2986 4791 Etenim
3014 4734 3380 4790 obsidentibus
3409 4736 3576 4790 Fran-

2002 4837 2079 4889 cis
2109 4847 2171 4888 ac
2204 4829 2666 4901 Burgundionibus
2703 4826 2976 4882 civitatem
2999 4869 3012 4892 ,
3053 4826 3164 4896 jam
3208 4827 3420 4882 Alarico
3460 4843 3584 4895 rege

2005 4943 2034 4980 a
2065 4923 2499 4979 victoriosissimo
2537 4919 2809 4975 Clodoveo
2849 4919 2902 4974 in
2949 4918 3243 4973 certamine
3269 4931 3544 4990 perempto
3566 4963 3580 4987 ,

2005 5017 2368 5074 Theodoricus
2395 5015 2466 5085 (c)
2485 5013 2664 5068 italiae
2691 5027 2784 5069 rex
2809 5011 3134 5083 provinciam
3169 5012 3324 5066 istam
3356 5013 3581 5069 duc-ilius

2001 5162 2122 5216 liter
2150 5152 2488 5211 statuendum
2525 5151 2754 5206 diximus
2783 5153 2834 5205 in
2864 5150 3251 5206 commentario
3297 5167 3444 5205 num.
3500 5151 3583 5204 16.

2075 5228 2150 5299 (b)
2178 5227 2454 5292 Plagarum
2486 5223 2674 5299 modus
2693 5222 2940 5299 ,_Jud:eis
2967 5221 3309 5299 prtescriptus
3340 5222 3596 5299 Deutero-

2004 5291 2166 5356 nuntii
2213 5291 2332 5365 cap.
2375 5309 2500 5354 xxv,
2543 5293 2578 5347 2
2623 5291 2772 5365 et},
2821 5300 2955 5358 erat,
2997 5307 3066 5365 ne
3106 5293 3588 5365 quadragenarium

2005 5361 2293 5426 numerum
2311 5365 2650 5420 excederent.
2685 5363 2760 5418 Illi
2794 5379 2923 5418 vero
2949 5363 3012 5416 ad
3042 5361 3301 5416 cautelam
3333 5378 3493 5415 unam
3527 5363 3594 5416 de

2008 5455 2234 5495 numero
2263 5436 2632 5491 detrahebant.
2666 5435 2800 5489 llinc
2847 5434 3060 5494 Paulus,
3123 5431 3165 5484 ll
3221 5432 3342 5485 Cor.
3375 5446 3490 5496 cap.
3525 5449 3584 5492 ll,

2006 5512 2114 5566 2i:
2154 5514 2193 5564 Α
2236 5507 2434 5560 luditis
2491 5507 2758 5575 quinquies
2808 5504 3180 5574 quadragmas,
3233 5517 3338 5555 una
3397 5502 3582 5566 minus,

2006 5599 2198 5636 ((6081):.

2080 5604 2560 5722 i:’))'.'|‘|.emlnricns
2601 5643 3042 5722 Ustt'ngntliorum
3088 5641 3139 5691 in
3170 5641 3315 5722 Italia
3361 5657 3452 5722 rex
3491 5658 3584 5722 nc:-

2008 5711 2242 5779 tissimns
2273 5728 2354 5773 est
2384 5719 2435 5769 in
2470 5716 2718 5772 historia.
2738 5714 2860 5779 Ejus
2883 5713 3181 5780 ingressum
3209 5713 3260 5764 in
3285 5711 3486 5766 Italiam
3514 5714 3590 5761 af-

2009 5797 2117 5865 ﬁgit
2154 5793 2342 5864 l‘agius
2393 5803 2536 5847 anno
2588 5781 2729 5848 489,
2771 5793 2995 5839 mortem
3037 5793 3179 5834 anno
3212 5783 3334 5837 5‘26.
3373 5784 3598 5837 Arianus
