3958 6358
365 4663 370 4702 ὲ
431 4674 628 4713 etesum
660 4674 800 4712 anno

433 378 566 434 i0”

1493 371 1550 426 S.
1592 369 1887 426 CAESARI!
1927 367 2141 423 El‘lSC.
2185 367 2656 424 AltELATENSlS

3561 365 3725 421 πη

429 488 610 544 missis
657 488 970 543 intraverat.
1014 483 1066 542 In
1117 484 1214 538 hac
1249 497 1377 553 ergo
1417 483 1714 550 obsidione,
1751 491 2017 536 tuonaste—
2046 485 2093 542 A
2123 483 2265 539 lattdi
2291 499 2472 540 curant
2501 484 2640 540 forte
2668 493 3046 553 susceperant,
3087 483 3300 552 ligatam
3345 496 3472 536 saxo
3503 481 3723 549 episto-

430 581 594 644 riutu,
634 579 774 647 quod
820 575 994 630 sorori
1035 588 1129 630 seu
1159 572 1376 642 reliquis
1411 573 1706 642 virginibus
1737 571 2019 627 inchoabat

430 670 722 736 fabricari,
757 668 924 721 multa
963 681 1028 720 ex
1070 673 1218 734 parte
1247 664 1564 727 destruitur,
1603 664 1796 718 tabulis
1827 676 1889 717 ac
1909 675 2019 717 cte-

435 761 640 816 uaeulis
696 759 1042 814 barbarorum
1101 756 1381 813 ferocitate
1433 752 1660 824 direptis
1720 755 1920 823 pariter
1966 761 2019 809 et

429 852 650 906 eversis.
711 850 952 920 Dumque
992 848 1264 913 laborem,
1305 861 1462 926 quem
1501 847 1726 902 festinus
1774 846 2018 915 urgebat,

435 958 701 1012 manuque
731 942 942 1012 propria
971 951 1023 996 et
1055 939 1250 996 sudore
1281 946 1690 1007 construxerat,
1744 941 1912 995 everti
1942 940 2020 994 vi-

433 1041 585 1091 deret
635 1044 691 1090 et
719 1035 920 1090 destrui
942 1075 956 1098 ,
999 1034 1270 1104 geminato
1298 1035 1461 1102 cepit
1492 1048 1722 1089 maerore
1751 1034 2016 1088 consumi.

501 1126 594 1181 21.
639 1129 791 1182 Tunc
829 1126 1045 1196 quidam
1090 1125 1314 1181 clericus
1351 1126 1588 1181 concivis
1616 1135 1672 1182 et
1696 1125 2017 1196 tonsangui-

438 1235 570 1274 neus
601 1219 791 1288 ipsius,
831 1217 1150 1287 captivitatis
1180 1218 1371 1274 timore
1408 1219 1754 1288 perterritus,
1790 1229 1842 1273 et
1869 1218 2020 1287 juve-

430 1297 521 1367 nili
571 1315 788 1369 levitate
835 1322 1132 1382 permotus,
1179 1313 1376 1368 diaboli
1427 1322 1610 1367 contra
1663 1327 1877 1368 sertum
1927 1312 2019 1366 Dei

455 1406 603 1458 addit
632 1404 774 1458 Mali.
809 1405 1066 1474 armatusl
1116 1407 1373 1460 instinctu
1401 1405 1479 1476 (α)
1513 1405 1750 1461 funiculo
1780 1421 1875 1475 per
1905 1420 2019 1458 mu-

443 1509 560 1550 rum
591 1510 711 1552 sese
739 1495 792 1551 in
823 1507 979 1552 nocte
1004 1497 1357 1561 submittens,
1385 1497 1526 1551 ultro
1563 1495 1785 1552 oﬁ‘ertur
1819 1496 1874 1549 in
1905 1511 2021 1550 cra-

436 1586 584 1640 stino
611 1587 1048 1642 sceleratissimis
1079 1587 1449 1642 obsidentibus
1477 1587 1725 1642 inimicis.
1750 1588 1901 1654 Quod
1933 1588 2020 1642 ubi

441 1676 597 1732 Gellii
645 1680 967 1734 intrinsecus
1013 1690 1376 1750 agnoverunt,
1429 1681 1636 1736 irruunt
1683 1682 1734 1735 in
1775 1691 2018 1736 sanctum

437 1770 639 1831 \irum,
700 1770 1039 1837 popularium
1088 1771 1349 1826 seditione
1394 1771 1594 1839 pariter
1620 1780 1676 1828 et
1713 1771 2018 1826 Judteorum

2123 577 2248 641 lam,
2298 576 2450 646 quasi
2478 577 2722 632 inimicos
2767 585 3105 644 percuteret,
3161 573 3480 628 adversariis
3521 570 3658 642 jecit
3702 587 3720 624 :

2121 669 2173 722 in
2199 683 2298 738 qua
2323 683 2518 723 nomen
2547 678 2860 737 sectamque
2893 667 3198 736 designans,
3223 675 3279 718 ut
3303 665 3352 717 in
3382 664 3501 716 loco
3525 670 3718 716 custo-

2122 760 2222 815 dite
2251 776 2437 816 eorum
2469 761 2644 816 scalas
2677 770 2834 815 nocte
2866 761 3165 822 mitterent,
3213 756 3498 821 invitavit;
3547 755 3682 809 dum
3703 782 3720 793 -

2123 853 2282 906 modo
2312 851 2378 906 ad
2411 853 2580 906 vicem
2608 851 2861 920 impertiti
2893 850 3158 912 beneﬁcii,
3189 848 3363 902 nullus
3392 847 3714 903 Judteorum

2125 943 2448 997 intrinsecus
2524 943 2887 1011 captivitatem
2955 940 3221 1012 perferret
3287 949 3378 992 aut
3444 937 3713 1005 praedam.

2123 1035 2274 1090 Mane
2315 1049 2466 1100 vero,
2513 1034 2708 1089 amotis
2750 1033 3138 1102 aliquantulum
3176 1047 3203 1083 a
3251 1044 3406 1084 muro
3451 1028 3710 1093 inimicis,

2123 1125 2458 1194 egredientes
2484 1124 2700 1194 quidam
2723 1133 2876 1179 extra
2908 1107 3264 1184 anteinurale,
3305 1121 3445 1174 inter
3479 1121 3708 1188 parieti-

2125 1233 2250 1284 uas,
2285 1225 2345 1270 ut
2372 1217 2529 1280 solet,
2563 1225 2827 1285 repertam
2874 1215 3154 1283 epistolam
3199 1208 3480 1282 deportant
3523 1213 3670 1264 intro
3695 1252 3712 1274 ,

2098 1309 2175 1364 'ct
2207 1308 2477 1377 publicant
2498 1308 2707 1364 cunctis
2729 1308 2940 1361 in‘foro.
2972 1302 3088 1360 Moti
3114 1319 3344 1376 persona
3371 1303 3716 1373 producitur,

2124 1402 2458 1458 convincitur
2497 1409 2550 1454 et
2581 1401 2817 1470 punitur.
2857 1401 2992 1454 Tum
3037 1413 3164 1454 vero
3207 1413 3346 1453 sazva
3397 1397 3718 1452 Judmorum

2124 1495 2426 1548 immanitas
2487 1493 2595 1548 Deo
2676 1503 2731 1549 et
2794 1493 3101 1547 hominibus
3161 1491 3419 1545 invidiosa
3487 1489 3717 1543 tandem

2124 1575 2308 1652 aperta
2341 1585 2458 1640 luce
2489 1584 2852 1640 confunditur.
2888 1583 3004 1637 Mox
3040 1582 3220 1637 Daniel
3251 1597 3461 1651 quoque
3495 1589 3717 1644 uoster,

2125 1674 2174 1728 id
2203 1685 2284 1728 est
2312 1674 2370 1729 S.
2392 1675 2689 1737 Caesarius,
2733 1675 2802 1728 de
2832 1673 2948 1727 lacu
2981 1673 3194 1727 leonum
3229 1673 3499 1735 educitur,
3534 1683 3589 1726 et
3615 1687 3715 1724 sa-

2126 1773 2398 1833 traparum
2439 1765 2706 1819 accusatio
2750 1765 3089 1834 publicator;
3137 1773 3192 1818 et
3219 1764 3492 1830 impletum
3519 1772 3602 1816 est
3632 1766 3715 1816 de.

430 1859 584 1912 turba
642 1859 1051 1915 immoderatius
1099 1869 1468 1930 perstrepente
1516 1869 1674 1932 atque
1722 1864 2006 1925 clamante,
2047 1874 2095 1933 Β
2130 1870 2346 1913 auctore
2383 1858 2695 1912 eorumdem
2723 1875 2735 1910 :
2762 1858 2954 1912 Larum
2983 1853 3183 1928 aperuit
3207 1867 3256 1910 et
3285 1856 3456 1922 eﬁ‘odt
3486 1874 3618 1916 eum.
3659 1869 3714 1910 et

435 1950 576 2017 quod
609 1950 660 2004 in
693 1949 1034 2004 traditionem
1081 1952 1336 2018 civitatis,
1381 1952 1705 2008 adversariis
1735 1967 2019 2022 personam

435 2041 894 2110 compatrioticam
926 2043 1001 2112 (ὁ)
1033 2053 1190 2098 nocttt
1235 2043 1560 2099 destinasset
1600 2047 1844 2100 antistes.
1878 2045 2020 2102 Nihil

429 2149 557 2202 ergo
583 2132 731 2198 ﬁdei,
767 2133 895 2188 nihil
923 2134 1224 2204 probationi
1249 2179 1266 2204 ,
1303 2137 1540 2205 nihilque
1567 2152 1711 2204 pura:
1740 2139 2022 2194 conscien-

428 2228 516 2281 tiae
557 2235 882 2290 reservatur,
933 2225 1135 2280 Judaeis
1167 2221 1482 2295 praesertim
1527 2237 1584 2281 et
1626 2228 1892 2285 haereticis
1929 2229 2020 2290 iid-

429 2316 604 2382 ipsum
655 2314 722 2372 ab
752 2330 855 2381 que
901 2318 1203 2370 reverentia
1237 2325 1292 2370 ct
1321 2318 1694 2373 moderatione
1734 2319 2018 2374 clamanti-

438 2406 535 2460 hus
567 2421 581 2459 :
613 2405 934 2466 Extrabatur
958 2421 988 2461 a
1024 2405 1458 2462 domo-ecclesiae
1486 2409 1732 2473 antistes,
1771 2419 1933 2480 atque
1965 2411 2017 2465 in

430 2495 628 2564 palatio
675 2497 991 2553 arctissimte
1031 2497 1290 2560 custodite
1343 2497 1680 2568 mancipatur
1710 2517 1724 2554 :
1755 2510 2020 2569 quatenus

431 2588 534 2644 Sub
588 2597 745 2644 nocte
783 2599 873 2644 aut
913 2589 1177 2658 profundo
1226 2590 1469 2646 Rhodani
1517 2602 1885 2662 mergeretur,
1927 2604 2017 2651 aut

431 2689 581 2737 certe
621 2683 671 2734 in
715 2691 894 2736 castro
936 2682 1228 2751 Ugcrnensi
1297 2682 1367 2754 (ε)
1432 2693 1704 2740 teneretur
1745 2685 2013 2752 detrusus,

431 2772 606 2828 donec
640 2773 830 2828 exsilio
853 2782 910 2828 et
933 2773 1273 2831 ttibuiatione
1312 2775 1479 2844 ipsius
1527 2776 1761 2844 amplius
1793 2777 2019 2833 baccha-

433 2878 580 2922 tetur
607 2866 922 2924 adversitas.
958 2869 1155 2924 Domus
1182 2869 1342 2938 igitur
1369 2869 1612 2924 ecclesia:
1627 2878 1686 2925 et
1707 2871 2014 2925 Cubiculum

435 2957 690 3013 antistitis
729 2957 1050 3013 Arianorum
1080 2961 1449 3014 mansionibus
1481 2963 1833 3030 constipatur.
1868 2963 2034 3020 linus‘

439 3061 616 3106 tamen
640 3065 704 3104 ett
733 3051 864 3118 ipsis
893 3050 1081 3108 Gothis
1126 3053 1216 3120 qui
1247 3067 1306 3107 se
1348 3052 1403 3107 in
1455 3053 1650 3108 lectulo
1691 3053 1853 3120 illius,
1896 3057 2013 3112 aliis

433 3142 926 3197 contradicentibus
946 3184 962 3210 ,
992 3143 1305 3212 collocavit,
1339 3157 1367 3196 a
1394 3144 1683 3214 Divinitate
1708 3160 2012 3214 percussus,

2125 1952 2302 2011 incidit
2321 1952 2375 2004 in
2396 1951 2592 2020 foueam
2617 1965 2773 2020 quam
2795 1951 2931 2022 fecit.

2195 2041 2285 2096 25.
2327 2041 2384 2095 lit
2426 2038 2645 2095 Ar‘elato
2675 2054 2802 2096 vero
2829 2039 3016 2095 Gothis
3056 2056 3175 2096 cum
3219 2042 3549 2108 cagtivorum‘
3597 2043 3712 2094 iiu-

2124 2133 2408 2199 mcusilate
2458 2131 2685 2187 reversis
2739 2129 2830 2202 (ε).
2894 2130 3168 2199 replentur
3216 2129 3445 2185 basilicae
3495 2145 3741 2195 sacra,

2124 2227 2360 2294 repletur
2393 2225 2556 2280 etiam
2595 2223 2786 2277 domus
2812 2223 3053 2279 ecclesia:
3081 2221 3468 2289 constipatione
3503 2220 3714 2278 intide—

2123 2317 2250 2371 lium
2280 2315 2383 2385 (ί),
2412 2313 2596 2383 eisque
2626 2315 2680 2366 in
2706 2311 2894 2384 grandi
2942 2313 3161 2382 penuria
3204 2311 3455 2367 alimenta
3495 2314 3712 2382 pariter

2122 2420 2177 2464 et
2204 2407 2453 2463 vestitum
2497 2409 2659 2462 homo
2687 2407 2777 2462 Dei
2808 2405 3110 2475 impertitur
3137 2393 3365 2471 affatim,
3386 2408 3558 2462 donec
3581 2408 3709 2462 sin-

2121 2501 2274 2572 gulos
2317 2499 2699 2568 redemptionis
2745 2512 2966 2554 munere
3005 2498 3275 2562 liberaret,
3325 2513 3558 2567 expenso
3609 2515 3710 2554 ar-

2111 2591 2279 2662 gento
2306 2590 2448 2660 quod
2493 2589 2812 2645 venerabilis
2859 2589 3058 2645 Ennius
3099 2592 3173 2660 (θ)
3217 2598 3528 2644 antecessor
3569 2604 3713 2644 suus

2121 2684 2364 2738 ecclesia:
2403 2694 2607 2738 mensa
2651 2681 2971 2750 reliquerat,
3022 2681 3331 2737 custodiens
3378 2681 3508 2736 illud
3555 2683 3707 2750 quod

2123 2773 2380 2828 Dominus
2407 2774 2458 2830 iu
2485 2773 2732 2828 arautino
2759 2771 2840 2843 (It)
2864 2772 3148 2841 parapside
3171 2774 3326 2826 tinxit
3349 2788 3562 2841 panem,
3589 2788 3708 2825 non

2121 2869 2173 2923 in
2203 2876 2459 2936 argenteo
2488 2880 2639 2928 vase,
2669 2875 2725 2921 et
2762 2865 3035 2936 discipulis
3082 2868 3336 2936 praecepit
3376 2881 3480 2920 non
3528 2867 3708 2935 possi-

2120 2959 2248 3014 dere
2277 2973 2465 3013 aurum
2513 2973 2686 3027 neque
2734 2967 3036 3027 argentum.
3083 2960 3229 3026 (lpus
3277 2972 3404 3011 vero
3452 2967 3708 3012 sanctum

2120 3049 2381 3118 usquead
2402 3048 2568 3103 divini
2596 3049 2879 3104 ministerii
2903 3048 3357 3116 dispensationem
3392 3049 3709 3117 peragitur:

2119 3144 2318 3197 etenim
2370 3139 2560 3212 [Mab..
2610 3150 2665 3195 et
2705 3140 2850 3211 cum]
2903 3140 3203 3206 thurihu-lis,
3246 3139 3516 3204 ea'ieibus,
3551 3149 3712 3206 pate-

432 3233 534 3288 alia
565 3233 652 3288 die
682 3240 924 3290 moi-tuus
972 3244 1074 3299 est,
1126 3246 1184 3289 ut
1225 3235 1365 3290 servi
1397 3228 1501 3291 Dei'
1537 3237 1712 3300 locum
1744 3237 1921 3293 nullus
1952 3239 2021 3295 de
2047 3243 2094 3308 ρ
2125 3234 2314 3303 nisque
2361 3248 2459 3302 pro
2503 3231 2814 3287 eorttmdem
2865 3231 3232 3300 redemptione
3282 3231 3451 3297 datis,
3490 3246 3708 3292 sacrata

435 3325 642 3394 reliquo
697 3325 918 3388 auderet
977 3327 1173 3396 poiluttt
1231 3329 1556 3385 conscientia
1610 3331 1832 3385 violare.
1880 3330 2012 3386 Cum

433 3431 558 3484 ergo
587 3430 650 3471 ex
679 3428 901 3486 utraque
929 3419 1040 3488 ripa
1073 3419 1389 3476 drumouem
1420 3419 1502 3490 (ἀ)
1529 3435 1635 3488 quo
1662 3421 1869 3475 illectus
1899 3420 2016 3476 fue-

435 3519 539 3572 rat,
561 3509 840 3564 obsidione
865 3510 1117 3577 hostium,
1143 3512 1304 3565 Getlii
1330 3513 1422 3566 Dei
1454 3522 1583 3566 nutu
1607 3513 1881 3584 subrigere
1907 3529 2012 3568 non

443 3601 703 3669 valerent,
748 3611 1064 3656 revocantes
1106 3603 1208 3658 sub
1240 3613 1395 3658 nocte
1437 3604 1488 3657 in
1535 3604 1731 3676 palatio
1768 3619 2012 3659 sauc'um

435 3693 628 3759 virum,
673 3708 955 3764 personam
997 3695 1164 3764 ipsius
1205 3705 1388 3754 texere
1431 3696 1668 3762 silentio,
1713 3707 1788 3761 ut,
1837 3705 2012 3752 utrum

437 3787 665 3853 viveret,
691 3787 868 3844 nullus
890 3775 1270 3843 catholicorum
1301 3798 1482 3856 posset
1506 3803 1819 3859 agnoscere.

504 3877 597 3931 2‘2.
640 3879 772 3933 Dum
815 3894 964 3949 ergo,
1007 3879 1223 3934 diabolo
1269 3881 1592 3945 exsultante,
1624 3880 1723 3934 ista
1755 3889 2013 3949 geruntur

435 3971 488 4024 iu
510 3970 706 4040 gaudio
733 3969 1066 4037 Judrorum,
1094 3972 1181 4038 qui
1211 3971 1262 4024 in
1296 3984 1508 4026 nostros
1537 3972 1733 4040 ubique
1759 3972 1875 4027 sine
1906 3973 2014 4025 ttllo

439 4069 688 4130 respectu
736 4059 972 4128 perﬁdia
1008 4059 1202 4129 probra
1249 4061 1562 4124 ruetabant;
1603 4054 1761 4115 nocte
1783 4062 2011 4130 quadam

436 4169 575 4209 unus
601 4167 669 4207 ex
699 4160 912 4206 caterva
945 4151 1162 4207 Judaica
1202 4151 1270 4207 de
1310 4153 1426 4206 loco
1472 4153 1559 4208 ubi
1600 4153 1651 4207 itt
1692 4169 1845 4208 tnuro
1880 4156 2012 4224 vigi-

436 4317 572 4370 crat,
602 4315 659 4360 ut
684 4303 840 4377 Gothi
865 4306 1105 4377 plerique
1129 4323 1193 4363 eo
1216 4317 1473 4375 tempore,
1501 4309 1594 4363 sed
1626 4310 1861 4366 moribus
1882 4311 2011 4365 alio.-

356 4411 376 4450 τ
433 4379 558 4450 quin
587 4387 638 4432 et
682 4376 943 4450 regimine
972 4376 1448 4450 commendandus,
1475 4393 1539 4432 ac
1565 4395 1690 4450 t-rga
1717 4381 2012 4443 catholicos

367 4447 373 4497 ξ
432 4458 486 4499 et
509 4448 651 4502 tit-os
677 4447 963 4501 sanctitate
986 4447 1216 4502 illustres
1235 4449 1373 4518 satis
1405 4447 1684 4518 benignus,
1708 4450 1752 4503 si
1777 4452 2015 4505 maculas

360 4522 372 4557 '=‘
432 4520 634 4588 aliquas
667 4533 779 4590 non
795 4519 1168 4590 contraxisset.
1205 4517 1422 4578 Factum
1449 4519 1549 4573 hoe
1578 4523 1926 4590 exposuimus
1954 4522 2006 4576 itt

362 4597 370 4635 ς
431 4588 878 4713 υοιιιιηεηιπίοὲ
907 4588 962 4653 2,
995 4588 1078 4641 ubi
1113 4589 1346 4642 diximus
1374 4588 1703 4644 Alaricuma
1736 4591 2009 4660 Clodoven

365 4663 370 4702 ὲ
431 4674 628 4713 etesum
660 4674 800 4712 anno
869 4660 957 4713 U7.
983 4656 1166 4712 urbem
1198 4659 1430 4713 obsideri
1458 4669 1689 4713 emota-tu
1721 4672 1861 4713 anno
1884 4662 2009 4713 508-

365 4663 370 4734 ξ
431 4674 628 4734 etesum
660 4674 800 4712 anno
831 4656 968 4734 507,
983 4656 1166 4712 urbem
1198 4659 1430 4734 obsideri
1458 4669 1689 4729 emptam
1721 4657 1861 4716 anno
1884 4662 2009 4728 508,

363 4729 370 4790 ἐ
436 4729 774 4798 solutamque
801 4729 1133 4783 obsidionem
1166 4745 1306 4784 anno
1335 4729 1458 4784 510.

363 4829 367 4836 ι
504 4798 579 4868 (a)
622 4799 677 4853 Id
709 4811 811 4860 BSt,
839 4799 1052 4854 diabolo
1082 4800 1132 4853 id
1162 4811 1374 4868 agente,
1405 4809 1462 4854 ut
1490 4802 1771 4856 calumniae
1803 4804 2016 4858 occaséo

364 4878 369 4895 ’
433 4869 652 4922 daretur
674 4871 929 4924 adversus
948 4880 1213 4924 sanetum.

505 4939 581 5011 (ὁ)
622 4938 676 4991 ld
705 4947 807 5000 est,
844 4941 1152 5011 popularem
1185 4954 1362 5006 suum,
1397 4941 1776 5011 inliurguudia
1808 4952 2010 5009 uatum,

437 5009 630 5077 opinor
655 5026 666 5059 :
693 5022 815 5077 nam
842 5009 910 5061 ibi
941 5021 1092 5062 natus
1125 5023 1239 5064 erat
1267 5010 1553 5064 Caesarius.

506 5080 580 5144 (ε)
627 5095 643 5128 t
679 5075 781 5132 Cas
807 5084 924 5133 ru‘m
965 5079 1303 5148 ligerneuse,
1338 5082 1628 5147 inquit-hic
1657 5081 2012 5147 Mabillonius,

436 5163 498 5202 ex
529 5148 789 5214 Strabone
818 5150 908 5203 lLb.
954 5165 1004 5203 tv
1031 5153 1280 5205 COItSiilui
1328 5153 1486 5205 debet
1523 5153 1659 5204 inter
1688 5151 2011 5207 Nemausum

433 5227 494 5272 et
519 5218 873 5272 Tarascouem
902 5260 915 5282 ,
967 5236 1032 5274 eo
1078 5221 1282 5276 st-ilicet
1325 5223 1377 5275 in
1420 5224 1538 5275 loco
1571 5222 1655 5275 ubi
1700 5237 1840 5276 nunc
1889 5224 2015 5279 urbs

440 5288 748 5354 Bellocaria,
771 5292 928 5358 vulgo
952 5289 1250 5356 Beauraire,
1272 5294 1618 5360 conspicitur.
1645 5308 1707 5344 ex
1740 5296 1964 5349 Samson
1989 5310 2015 5349 s

371 5391 378 5394 -
433 5361 721 5429 geographi
771 5363 903 5429 regii
963 5363 1248 5416 sententia.
1305 5365 1540 5419 Joantns
1601 5363 1906 5418 Bulareusis
1963 5368 2013 5418 in

435 5428 646 5502 chron.’
676 5430 750 5502 ad
783 5428 910 5502 anu.
939 5434 972 5484 5
1004 5433 1232 5487 Mauritii
1283 5435 1530 5490 meminit
1570 5434 1764 5502 l‘gertti
1795 5435 2010 5501 Castri,

434 5501 575 5573 quod
620 5500 670 5554 in
714 5501 824 5573 ripa
872 5501 1111 5573 libndaui
1147 5503 1380 5558 ﬂuminis
1425 5505 1581 5557 locat.
1621 5500 1640 5555 ἱ
1678 5500 2010 5573 ιιοιιευυνλξὲ

436 5569 537 5624 lius
560 5581 690 5626 tom.
717 5570 781 5632 ΙΙ,
815 5589 932 5640 pag.
951 5571 1076 5634 “299,
1101 5577 1352 5637 ob~ervat
1383 5575 1519 5628 inter
1542 5569 1876 5643 getigrttttlios
1904 5593 2007 5630 non

435 5643 722 5694 convenire
755 5643 822 5696 tle
863 5646 966 5696 Sllll
1017 5645 1160 5700 illius
1188 5647 1370 5700 castri.
1410 5664 1426 5694 ι
1472 5647 1653 5702 Muli.
1693 5647 1797 5708 ait,
1828 5645 2010 5700 existi-

437 5723 582 5786 mant
606 5712 789 5766 urbem
813 5729 940 5786 esse,
957 5715 1238 5769 hodi-edunt
1260 5717 1662 5783 liclluquadraut
1684 5721 1698 5780 (
1710 5717 2008 5782 Beaucairc)

434 5781 627 5862 dictum
656 5785 1036 5862 :_I’ru_babi|itts
1061 5797 1144 5841 est
1185 5781 1554 5862 insulatnLcs-se
1580 5787 1823 5862 ltltotlnui
1844 5781 2008 5862 ..ᾳ-ηαξ

435 5852 655 5915 (it-Tritici}
685 5852 761 5910 LA
794 5854 1034 5924 YhttGNE,
1076 5869 1309 5914 vocatur.
1355 5878 1367 5908 ι
1408 5857 1541 5923 Quia
1588 5857 1834 5913 nimirum
1873 5852 2008 5914 illud

2124 3325 2307 3394 templi
2337 3324 2712 3393 redemptione
2737 3323 3059 3379 venduntur.
3097 3324 3316 3379 Videtur
3352 3326 3512 3380 etiam
3555 3327 3709 3394 quod

2119 3415 2390 3474 securium
2436 3415 2575 3477 ictus
2619 3414 2674 3469 in
2719 3415 2892 3484 podiis
2927 3425 2981 3468 et
3019 3411 3271 3471 cancellis
3320 3415 3580 3470 feriantur
3610 3417 3708 3485 (ί),

2119 3510 2245 3564 dum
2301 3507 2425 3563 inde
2473 3507 2839 3562 columnarum
2880 3521 2947 3563 ex
2997 3517 3219 3578 argento
3243 3510 3584 3563 excutiuntur
3614 3523 3712 3562 οι·-

2120 3609 2402 3654 namenta.
2421 3599 2533 3654 lloc
2560 3599 2642 3653 vir
2665 3599 2757 3653 Dei
2781 3597 3036 3663 faciebat,
3071 3599 3286 3666 dicens,
3318 3614 3384 3654 ne
3411 3599 3711 3653 rationabi-

2119 3694 2185 3748 lis
2211 3693 2373 3747 bomo
2411 3692 2674 3760 sanguine
2701 3690 2900 3746 Christi
2943 3691 3271 3760 redemptus,
3306 3690 3514 3758 perdito
3541 3690 3710 3745 liber-

2119 3785 2244 3838 tatis
2263 3793 2427 3849 statu,
2451 3798 2550 3853 pro
2578 3782 2922 3838 obnoxietate
2944 3792 3034 3836 aut
3055 3783 3284 3837 Arianus
3302 3781 3583 3850 efﬁciatur,
3609 3792 3710 3838 aut
3755 3765 3772 3777 ’

2117 3875 2357 3943 ιυᾱωυε,
2372 3886 2464 3931 aut
2481 3890 2550 3932 ex
2573 3863 2806 3945 ingenuo
2819 3889 3025 3940 servus,
3041 3885 3136 3928 aut
3152 3890 3219 3929 ex
3238 3887 3395 3928 servo
3417 3875 3712 3943 ingenuus.

2185 3967 2276 4022 ομ.
2317 3968 2539 4022 Oritavit
2577 3968 2719 4022 enim
2752 3966 2920 4038 [καθ.
2949 3967 3096 4020 addit
3128 3980 3224 4035 per
3249 3964 3373 4036 hoc]
3403 3974 3460 4020 et
3485 3966 3709 4032 tutavit,

2121 4080 2224 4120 neu
2254 4063 2578 4118 deformavit
2607 4063 2926 4128 ecclesiam;
2961 4065 3174 4130 aperire
3203 4062 3326 4118 fecit
3355 4063 3484 4117 ﬁliis
3514 4063 3709 4116 matris

2117 4155 2351 4219 viscera,
2397 4171 2504 4210 nou
2542 4155 2824 4210 damnari:
2857 4154 2958 4212 hoc
2997 4154 3298 4224 saepissime
3340 4153 3565 4209 dicens:
3600 4153 3710 4208 Ve-

2118 4327 2311 4367 nomen
2353 4312 2595 4370 vicinius.
2633 4309 2901 4374 Posterior
2930 4307 3344 4372 limeseutentia
3389 4322 3455 4362 ex
3489 4306 3711 4372 Valesio

2117 4384 2397 4451 desumpta
2427 4393 2529 4449 est,
2559 4380 2648 4450 qui
2679 4382 2730 4434 in
2759 4379 2952 4434 Notitia
2983 4378 3298 4447 Galliarum,
3329 4392 3447 4447 pag.
3475 4377 3606 4442 601,
3635 4379 3710 4431 de

2118 4452 2341 4522 Ugerno
2357 4452 2549 4506 Castro
2582 4452 2740 4506 latius
2763 4451 3025 4522 disputat.
3117 4467 3120 4470 λ

2185 4524 2269 4594 (d)
2307 4521 2504 4576 Dromo
2528 4563 2554 4594 ,ί
2576 4523 2771 4579 rectius
2813 4518 3005 4575 Dromo
3026 4563 3040 4587 ,
3075 4519 3249 4574 navim
3279 4518 3510 4574 celerem
3557 4518 3708 4573 desi-

2041 4625 2095 4685 u
2116 4593 2264 4685 est:
2299 4595 2400 4685 si
2417 4599 2509 4674 τοῦ
2538 4593 2761 4685 89693":
2783 4606 3086 4685 59?-‘2‘1'3":

2190 4664 2267 4736 (ε)
2301 4658 2707 4736 Nimirum'iom
2735 4676 2902 4717 cazsos
2925 4661 3330 4736 iugenti‘strage
3357 4658 3570 4736 hostes,
3617 4676 3710 4736 sn.

2119 4729 2390 4804 lntamque
2441 4733 2774 4792 obsidionem
2816 4740 2918 4802 ope
2964 4729 3212 4786 Submissi
3263 4729 3295 4783 a
3357 4729 3710 4784 Theoderico

2119 4820 2362 4859 aemtuts.

2151 4822 2420 4945 εῗίῗιῇξηι
2452 4876 2604 4945 pauci
2654 4875 2818 4932 etiam
2848 4881 2957 4926 tutu
3007 4870 3413 4945 ittter‘f'rancgs
3452 4871 3669 4945 ethnici
3697 4912 3712 4933 ι

2119 4941 2330 5002 etiam
2361 4941 2667 5007 rex'corum
2695 4946 2996 4999 Clodoveus
3026 4943 3090 4997 ad
3133 4942 3293 4996 ﬁdem
3337 4941 3712 4999 ChriStianatu

2119 5034 2238 5072 cum
2268 5017 2444 5071 multis
2467 5025 2610 5070 esset
2633 5029 2945 5070 conversus.

2190 5088 2266 5156 (ῃ)
2308 5087 2384 5142 De
2410 5088 2469 5144 S.
2504 5087 2674 5140 Ennio
2713 5099 2877 5154 pauca
2914 5086 2966 5139 in
2998 5083 3409 5148 commentario,
3442 5082 3596 5150 plura
3641 5085 3712 5137 ad

2120 5160 2188 5214 '50
2214 5159 2472 5228 Augusti,
2506 5167 2563 5210 ut
2585 5157 2693 5226 jam
2729 5156 2983 5228 diximus.

2189 5229 2266 5299 (It)
2301 5223 2366 5282 tu
2399 5223 2719 5299 ms.nostro
2745 5226 3044 5299 Araantino.
3077 5223 3146 5299 At
3173 5224 3413 5299 voxgbzec
3439 5237 3595 5299 atque
3626 5231 3706 5280 est

2120 5295 2315 5368 ignota.
2351 5298 2685 5352 Mnbillonius
2717 5298 3030 5349 vocabulum
3065 5296 3140 5351 sic
3169 5295 3662 5368 explicat-enititur
3689 5314 3703 5346 :

2125 5365 2162 5420 ἱ
2186 5372 2484 5426 Uerivatunt
2527 5369 2736 5422 videtur
2765 5370 2832 5421 ab
2869 5369 3070 5442 ἀραςᾴς,
3101 5365 3252 5442 quod
3285 5382 3399 5420 rem
3444 5365 3700 5442 fragilem

2120 5443 2405 5510 signiﬁcat,
2435 5442 2592 5507 quale
2621 5450 2709 5514 est
2733 5455 2822 5491 vas
2867 5435 3140 5504 ﬁgulinuut
3170 5438 3252 5489 vel
3283 5443 3543 5496 vitrezun,
3577 5435 3704 5514 ior—

2115 5507 2259 5567 tasse
2292 5516 2360 5567 ab
2401 5521 2618 5566 auctore
2660 5510 2745 5564 hic
2788 5511 3137 5572 iutelecunu,
3168 5518 3222 5559 ttt
3252 5523 3317 5561 ex
3350 5507 3704 5575 sequentibus

2113 5584 2399 5656 colligitur.
2439 5602 2491 5656 ι⁸
2611 5653 2620 5656 _
2877 5650 2888 5656 _
3253 5648 3264 5656 ,
3303 5648 3345 5656 ,,
3559 5647 3569 5656 .

2180 5647 2269 5723 (if
2294 5655 2415 5706 Haec
2444 5653 2654 5720 phrasis
2693 5648 3264 5723 pet‘turbatnrstapud
3303 5647 3700 5723 ilnbillnuitirn,

2116 5719 2276 5793 atque
2326 5719 2482 5778 aliam
2529 5723 2746 5793 exhibet
2794 5721 3160 5793 sententiain,
3210 5730 3265 5773 ttt
3318 5719 3551 5788 reperiet
3605 5721 3700 5786 qui

2116 5790 2396 5864 utramque
2428 5793 2585 5849 simul
2609 5791 2850 5848 cutiferre
2882 5790 3130 5846 vtzluerit.
