3958 6358
222 407 362 468 1015

1567 403 1747 461 VITA.
1790 400 1992 457 LIBER
2028 403 2066 457 f.

3354 407 3500 464 1⁵0ιὶ·

221 519 310 574 lim
345 527 523 580 tamen
558 502 798 573 dicerent
830 516 1126 589 darentque
1163 517 1294 574 mihi
1335 520 1596 574 rationem
1631 513 1792 584 aliqui
1823 512 1875 572 Δ
1902 512 2047 583 regni
2074 512 2290 583 januam
2315 513 2708 596 prtestolentur,
2733 525 2786 572 et
2815 503 3182 588 competenter
3203 521 3484 592 ingressa,

223 611 431 665 Domini
463 609 790 676 sacerdotes,
817 610 931 666 sive
959 611 1196 681 reliquus
1238 611 1436 676 clerus,
1483 609 1574 679 qui
1620 606 1800 662 nescio

219 715 327 768 quo
366 698 750 769 superfluitatis
785 714 970 754 amore
1000 700 1186 756 nolunt
1217 699 1347 768 dare
1377 697 1688 754 insensibile
1714 711 1800 749 ar-

219 800 440 859 gentum
482 801 538 845 et
577 804 770 845 aurum
807 790 874 846 de
902 791 1139 847 donariis
1169 791 1367 846 Christi
1399 805 1496 858 pro
1521 787 1802 856 mancipiis

219 882 454 947 Christi;
488 881 671 950 velim,
716 881 955 952 inquam,
989 883 1250 950 dicerent,
1289 884 1333 937 si
1373 881 1590 938 sibimet
1617 893 1803 934 casua-

221 971 344 1029 liter
374 974 473 1028 ista
503 973 733 1029 adversa
778 975 1174 1044 contingerent,
1229 969 1424 1028 utrum'
1449 987 1510 1027 se
1547 979 1806 1042 cuperent

220 1060 625 1119 insensibilibus
661 1063 880 1119 liberari
908 1064 1180 1131 donariis;
1213 1073 1306 1122 aut
1336 1064 1556 1118 forsitan
1588 1063 1810 1121 sacrile-

221 1159 368 1227 gium
418 1164 824 1225 computarent,
865 1156 910 1210 si
943 1155 1110 1228 [_Mab.
1163 1155 1308 1209 addit
1351 1152 1457 1226 his]
1504 1154 1696 1224 aliquis
1740 1153 1807 1208 de

223 1250 424 1305 divinis
477 1249 810 1304 munusculis
852 1248 1189 1305 subveniret.
1238 1248 1352 1304 Non
1401 1247 1566 1304 credo
1594 1257 1806 1302 contra-

221 1343 360 1398 rium
406 1355 530 1399 esse
577 1341 689 1396 Deo
741 1342 807 1397 de
861 1342 1163 1398 ministerio
1223 1357 1323 1399 suo
1382 1342 1805 1412 redemptionem

221 1432 360 1497 dari,
409 1433 498 1502 qui
545 1432 783 1501 seipsum
839 1447 933 1501 pro
976 1433 1208 1488 hominis
1249 1432 1618 1503 redemptione
1647 1430 1808 1486 tradi-

225 1523 296 1576 dit
326 1521 423 1593 (a).
459 1521 710 1576 Videmus
739 1535 804 1576 ex
839 1522 939 1576 hoc
969 1515 1174 1592 aliquos
1225 1523 1443 1578 laudare
1477 1522 1690 1591 quidem
1732 1523 1808 1574 fa-

223 1625 366 1668 ctum
418 1615 584 1668 sancti
638 1613 769 1679 viri,
836 1623 890 1668 et
948 1624 1124 1670 tamen
1181 1616 1486 1681 nullatenus
1543 1597 1806 1668 mmulari.

225 1703 412 1759 Nonne
443 1704 496 1758 in
541 1704 680 1759 vitro
721 1704 940 1775 sanguis
989 1704 1226 1772 Christi,
1258 1715 1312 1759 et
1343 1705 1395 1758 in
1427 1705 1570 1775 ligno
1615 1716 1809 1772 corpus

223 1794 677 1864 pretiosissimum
726 1796 846 1863 ejus
889 1795 1142 1864 pependit
1190 1809 1288 1864 pro
1333 1795 1488 1849 nobis
1525 1793 1582 1849 'et
1632 1793 1810 1847 fulsit?

1904 605 2098 660 Christi
2139 607 2413 674 perpetuis
2445 619 2751 664 mereantur
2790 611 3123 680 amplexibus
3160 614 3428 672 inhaerere
3471 637 3486 673 :

1903 697 1974 750 ita
2005 705 2246 764 retrusae,
2273 707 2330 752 ut
2360 713 2528 769 usque
2576 701 2628 754 in
2661 701 2803 756 diem
2838 703 3094 759 transitus
3124 721 3307 762 earum
3356 710 3488 766 nulli

1907 787 2226 844 liceat'foris
2260 790 2480 859 januam
2519 793 2699 862 egredi
2729 793 2796 849 de
2827 798 3172 856 monasterio.

1976 877 2069 930 26.
2091 879 2195 934 Pro
2215 881 2314 935 ista
2333 880 2564 952 denique
2586 898 2744 938 causa
2769 899 2974 955 proque
2990 887 3094 942 hoc
3109 889 3289 945 studio
3308 893 3487 958 procul

1907 972 2070 1028 dubio
2100 983 2286 1029 contra
2317 989 2529 1030 servum
2556 974 2753 1032 Christi
2783 977 3049 1046 diabolus,
3081 989 3139 1035 ut
3160 982 3244 1037 leo
3275 985 3490 1038 rabidus

1908 1065 2304 1127 intumescens.
2332 1065 2526 1122 iterum
2555 1069 2896 1124 accusatione
2927 1071 3166 1126 confecta
3190 1074 3397 1128 extrahi
3425 1077 3490 1130 ah

1910 1155 2125 1211 Arelate
2153 1156 2446 1212 antistitem
2494 1157 2615 1212 fecit
2636 1199 2650 1224 ,
2680 1167 2733 1214 et
2762 1159 2813 1213 in
2845 1159 3050 1215 Italiam
3085 1162 3185 1217 sub
3214 1165 3478 1229 custodia,

1909 1242 2327 1316 Ravennamque
2359 1247 2575 1316 perduci
2624 1266 2637 1302 :
2675 1259 2731 1304 ut
2779 1250 3092 1318 impleretur
3115 1253 3168 1306 in
3198 1268 3298 1320 eo,
3344 1254 3492 1310 Sicut

1911 1336 2168 1405 probatur
2220 1353 2411 1394 aurum
2440 1348 2494 1394 et
2534 1333 2812 1410 argentum
2844 1341 2898 1397 in
2930 1343 3182 1411 fornace,
3218 1347 3289 1401 ita
3328 1348 3491 1404 corda

1913 1421 2204 1485 electorum
2244 1430 2383 1499 apud
2430 1431 2619 1487 Deum.
2668 1433 2812 1488 Adiit
2841 1449 2968 1504 ergo
3009 1437 3280 1505 palatium,
3310 1453 3490 1508 regem

1913 1535 2126 1589 quoque
2149 1520 2539 1578 Theodericum
2566 1521 2778 1578 Christo
2795 1527 2928 1581 duce
2949 1529 3273 1584 salutaturus
3300 1543 3489 1599 aggre.

1913 1611 2070 1667 ditur.
2101 1612 2170 1667 Ut
2203 1628 2330 1669 vero
2356 1629 2448 1669 rex
2480 1615 2570 1670 Dei
2596 1616 2862 1673 hominem
2886 1618 3206 1689 intrepidum
3234 1635 3493 1677 veneran—

1914 1702 2143 1772 dumque
2173 1705 2484 1774 conspexit,
2515 1706 2583 1760 ad
2615 1706 2951 1767 salutandum
2979 1721 3288 1766 reverenter
3311 1727 3494 1768 assur-

1913 1793 2009 1861 git,
2043 1808 2102 1847 ac
2133 1783 2374 1864 deposito
2398 1805 2588 1849 ornatu
2619 1796 2686 1851 de
2707 1798 2880 1866 capite
2907 1798 3202 1854 clementer
3225 1803 3489 1856 resaluta-

222 1889 331 1945 Nos
381 1897 557 1944 tamen
603 1887 875 1944 credimus
911 1898 964 1942 et
1008 1887 1324 1944 confidimus
1356 1888 1410 1942 in
1445 1887 1668 1942 Domino
1695 1885 1806 1941 Deo
1839 1884 1883 1944 Β
1914 1882 1989 1935 vit
2020 1923 2036 1949 ,
2093 1883 2324 1957 primum
2384 1885 2719 1955 interrogans
2766 1886 2834 1942 de
2876 1889 3059 1944 labore
3113 1890 3281 1958 ipsius
3335 1901 3496 1961 atque

224 1997 322 2050 per
372 1979 795 2036 misericordiam
854 1987 909 2035 et
961 1980 1119 2036 fidem
1171 1995 1268 2035 seu
1321 1980 1618 2034 orationem
1669 1978 1808 2032 beati

223 2072 469 2138 Caesarii,
511 2072 637 2142 quia
666 2071 744 2126 sic
775 2072 828 2126 in
858 2071 1048 2128 diebus
1079 2073 1191 2126 suis
1231 2071 1296 2126 ab
1343 2063 1588 2126 hostibus
1629 2069 1806 2126 Arela-

224 2161 393 2216 tensis
423 2162 642 2218 obsessa
673 2171 756 2216 est
786 2161 1001 2229 civitas,
1048 2170 1107 2216 ut
1150 2175 1248 2216 nec
1277 2161 1570 2229 captivitati
1604 2173 1811 2215 merue-

228 2254 320 2339 rit,
355 2267 456 2308 nec
469 2252 679 2340 praeda:
720 2237 1098 2308 succumbere.
1133 2253 1221 2308 Sic
1245 2251 1434 2307 deinde
1457 2267 1486 2306 a
1519 2250 1812 2320 Yisigothis

223 2332 289 2397 ad
333 2332 780 2412 Ostrogothorutn
837 2341 912 2414 (ὁ)
966 2343 1219 2398 devoluta
1268 2352 1352 2398 est
1404 2358 1653 2412 regnum.
1721 2341 1813 2398 Sic

227 2436 495 2506 hodieque
529 2437 581 2490 in
614 2435 812 2491 Christi
846 2437 1065 2490 nomine
1095 2436 1468 2507 gloriosissimi
1499 2437 1639 2506 regis
1665 2433 1814 2490 Chil—

226 2526 432 2581 deberti
466 2523 540 2597 (ο)
567 2525 814 2580 subditur
840 2526 1161 2593 ditioni,-ut,
1191 2529 1330 2581 sicut
1354 2528 1602 2597 legimus,
1638 2535 1814 2581 trans-

229 2619 408 2671 ierunt
433 2616 502 2672 de
529 2627 688 2686 gente
725 2617 777 2670 in
821 2626 1031 2686 gentem
1063 2626 1120 2671 et
1169 2617 1238 2672 de
1268 2632 1431 2687 regno
1461 2617 1526 2672 ad
1559 2617 1810 2685 pepulum

229 2708 484 2770 alterum,
523 2716 575 2762 et
605 2721 709 2762 non
744 2707 984 2774 permisit
1024 2707 1162 2762 Deus
1203 2708 1302 2762 sub
1342 2708 1433 2762 illo
1466 2708 1683 2761 homine
1713 2723 1811 2761 no-

228 2815 356 2855 cere
373 2798 683 2863 Arelatensi
693 2801 788 2853 bus
813 2800 945 2854 suis.

300 2889 394 2944 23.
429 2891 568 2945 Inter
621 2891 720 2943 ista
777 2889 938 2958 igitur
994 2892 1378 2946 monasterium
1441 2888 1765 2959 principuum
1799 2931 1814 2956 ,
1861 2947 1866 2952 ,

229 2981 375 3048 quod
438 2981 609 3036 sorori
662 2995 774 3035 suae
835 2995 1024 3050 parare
1069 2989 1309 3050 coeperat
1338 3022 1354 3047 ,
1409 2983 1579 3035 instar
1626 2982 1820 3050 prioris

231 3050 469 3139 normae,
517 3081 572 3127 et
612 3072 981 3141 singularitate
1027 3073 1246 3128 claustri
1285 3072 1655 3128 recedificavit.
1701 3073 1820 3141 Ipse

230 3175 364 3219 vero
390 3163 679 3234 (siquidem
706 3165 841 3218 nihil
889 3165 1068 3220 obviat
1106 3165 1364 3232 mysterio
1393 3168 1536 3232 quod
1575 3165 1820 3234 congruit

1916 1971 2140 2040 itineris,
2192 1974 2386 2030 dehinc
2413 1975 2480 2030 de
2521 1974 2713 2030 Gothis
2735 1979 2878 2045 suis,
2907 1993 2970 2034 ac
2991 1979 3060 2035 de
3090 1981 3495 2038 Arelatensibus

1915 2061 2204 2116 affectuose
2223 2064 2522 2132 requirens.
2547 2064 2776 2134 Egresso
2799 2067 2960 2136 igitur
2977 2071 3093 2124 viro
3113 2079 3300 2125 sancto
3328 2072 3494 2142 [addit

1916 2150 2058 2205 Mab.
2109 2153 2380 2225 pontifice]
2427 2169 2456 2208 a
2485 2165 2774 2226 conspectu
2807 2160 2982 2229 regis,
3035 2177 3164 2217 suos
3205 2163 3497 2234 alloquitur

1916 2259 2040 2310 rex,
2071 2243 2254 2300 dicens
2295 2263 2307 2296 :
2339 2244 2456 2301 Non
2488 2257 2669 2315 parcat
2702 2247 2807 2303 illis
2841 2250 2979 2304 Deus
3021 2253 3109 2322 qui
3139 2251 3295 2323 hujus
3341 2255 3496 2310 inno-

1916 2337 2105 2387 centi-v
2123 2336 2299 2390 virum
2318 2346 2477 2405 atque
2495 2339 2795 2395 sanctitatis
2827 2340 3020 2396 frustra
3041 2343 3279 2398 fecerunt
3307 2347 3494 2402 itinere

1919 2433 2022 2477 tam
2057 2425 2216 2494 longo
2243 2426 2440 2480 vexari.
2472 2427 2654 2493 Qualis
2673 2429 2742 2483 sit
2767 2431 2874 2492 ille,
2912 2431 3036 2486 hinc
3063 2435 3342 2500 probatur;
3371 2440 3493 2506 quia

1919 2513 2160 2582 ingresso
2175 2529 2240 2570 eo
2258 2514 2323 2568 ad
2347 2515 2682 2571 salutandum
2705 2534 2789 2572 me
2807 2528 2949 2575 totus
2967 2525 3286 2579 contrentui.
3310 2526 3495 2591 Video,

1919 2604 2106 2673 ittquit,
2135 2606 2432 2674 angelicum
2461 2607 2688 2672 vultum,
2724 2609 2876 2664 video
2907 2613 3262 2678 apostolicum
3293 2618 3495 2681 virum;

1920 2695 2070 2751 nefas
2098 2696 2329 2750 arbitror
2369 2697 2495 2753 mali
2521 2699 2793 2767 quippiam
2824 2700 2890 2755 de
2919 2711 3024 2755 tam
3049 2706 3357 2759 venerando
3389 2707 3500 2761 viro

1920 2801 2162 2841 censere.
2194 2786 2439 2843 Posthaee
2460 2797 2678 2857 recepto
2697 2789 2746 2842 in
2768 2789 3064 2846 diversorio
3086 2794 3249 2848 mittit
3267 2797 3496 2850 muneris

1921 2877 2059 2941 loco,
2084 2893 2349 2948 pransuro
2371 2891 2681 2949 argenteum
2708 2882 2937 2946 discum,
2969 2883 3122 2953 cujus
3149 2900 3312 2954 pensa
3337 2888 3406 2957 (ε)
3435 2890 3498 2942 ad

1921 2975 2197 3045 sexaginta
2231 2975 2392 3030 libras
2422 2976 2640 3033 circiter
2665 2977 3007 3048 jungebatur,
3043 2981 3269 3050 adjectis
3316 2985 3499 3038 solidis

1923 3067 2198 3134 trecentis,
2233 3077 2452 3137 rogante
2485 3069 2685 3138 pariter
2713 3079 2766 3124 et
2792 3071 3040 3126 dicente:
3072 3074 3290 3142 Accipe,
3320 3089 3508 3130 saneto

1929 3155 2199 3227 episcope,
2249 3167 2400 3227 rogat
2429 3157 2570 3240 filius
2596 3169 2774 3214 vester
2801 3175 2892 3216 rex
2915 3202 2930 3228 ,
2965 3171 3021 3216 ut
3051 3164 3323 3218 vasculum
3365 3165 3501 3220 istud

232 3254 597 3325 Christiano),
651 3257 803 3324 quasi
848 3257 1113 3312 recentior
1155 3257 1412 3325 temporis
1455 3256 1636 3311 nostri
1674 3255 1815 3322 Noe,
1849 3255 1894 3316 C
1926 3248 2164 3304 muneris
2190 3248 2311 3303 loco
2341 3248 2623 3318 dignanter
2648 3248 2920 3305 beatitudo
2951 3260 3124 3308 vestra
3167 3254 3426 3323 percipiat
3452 3265 3501 3310 et

235 3359 456 3420 propter
478 3349 713 3404 turbines
740 3358 796 3404 et
817 3349 1099 3418 procellas,
1121 3348 1395 3403 sodalibus
1425 3349 1506 3402 vel
1535 3348 1814 3404 sororibus

232 3441 291 3497 in
324 3439 490 3496 latere
514 3439 758 3494 ecclesia:
791 3440 1098 3494 monasterii
1123 3439 1345 3494 fabricat
1369 3454 1571 3501 arcam,
1601 3448 1817 3494 evocat-

232 3545 344 3601 que
377 3544 410 3584 e
449 3529 764 3585 Massiliensi
805 3530 1133 3586 monasterio
1170 3529 1250 3599 (rt)
1299 3530 1657 3586 venerabilem
1699 3545 1820 3598 ger-

232 3637 454 3679 manam
496 3637 646 3677 suam
675 3622 985 3688 Ctesariam,
1031 3626 1188 3692 quam
1219 3622 1350 3676 inibi
1395 3622 1514 3676 ideo
1551 3621 1822 3677 direxerat

233 3725 301 3771 ut
329 3716 562 3772 disceret
609 3715 748 3784 quod
794 3715 1053 3779 d0r-eret,
1102 3724 1158 3769 et
1197 3714 1342 3782 prius
1389 3723 1533 3776 esset
1561 3714 1819 3784 discipula

233 3822 399 3879 quam
445 3807 727 3877 magistra,
775 3808 911 3862 etin
961 3807 1273 3875 praeparatis
1327 3805 1641 3861 habitaculis
1697 3821 1821 3860 cum

236 3901 452 3954 duabus
513 3909 602 3953 aut
659 3900 828 3952 tribus
884 3899 1098 3972 interim
1148 3897 1424 3952 sodalibus
1492 3895 1817 3950 intromittit.

237 3989 578 4044 Conveniunt
608 3989 734 4044 inibi
763 3987 1025 4057 virginum
1066 3986 1434 4041 multitudines
1461 3987 1771 4042 catervatim
1807 4005 1818 4036 '.

237 4080 585 4133 facultatibus
649 4095 860 4148 quoque
913 4088 972 4134 et
1027 4080 1334 4149 parentibus
1405 4081 1816 4145 renuntiantes,

237 4183 502 4240 respuunt
521 4174 823 4227 mortalium
846 4173 1005 4228 flores
1026 4173 1242 4226 fallaces
1272 4172 1474 4240 pariter
1494 4180 1549 4228 et
1569 4172 1822 4227 cadunros.

239 4265 461 4320 Caesarii
504 4264 670 4333 patris
693 4262 989 4337 ,Caesariae
1023 4263 1211 4317 matris
1246 4273 1502 4332 expetunt
1526 4264 1821 4334 gremium,

239 4367 507 4423 quatenus
534 4369 653 4409 cum
689 4355 876 4411 eodem
905 4354 1163 4409 accensis
1203 4353 1539 4422 lampadibus
1582 4354 1824 4412 caelestis

318 4507 392 4577 (η)
414 4507 490 4559 Ex
528 4508 671 4560 hisce
693 4508 861 4560 sancti
892 4506 1066 4577 verbis
1086 4506 1296 4560 abunde
1313 4516 1574 4577 patetnon
1594 4508 1826 4560 defuisse

237 4576 334 4647 qui
375 4576 684 4630 chartatem
717 4579 853 4630 hanc
884 4576 1000 4645 ejus
1027 4576 1497 4645 reprehenderent.
1529 4577 1823 4632 Defendere

1922 3338 1975 3392 in
2001 3353 2151 3393 usum
2185 3353 2282 3408 pro
2314 3339 2575 3394 memor-ia
2605 3341 2686 3394 sui
2717 3341 2929 3403 habeat.

1991 3433 2083 3488 ‘27.
2125 3433 2220 3489 llle
2250 3448 2408 3495 vero.
2458 3433 2551 3503 qui
2581 3435 2632 3490 in
2665 3450 2818 3489 usum
2850 3451 3048 3490 mensm
3077 3452 3192 3491 sua:
3223 3448 3502 3505 argentum

1922 3539 2190 3595 nunquam
2241 3523 2426 3578 habuit
2471 3525 2674 3594 absque
2721 3525 3019 3580 cochlearia
3050 3525 3499 3598 {madentibus},

1923 3615 2010 3670 die
2059 3616 2213 3670 tertia
2256 3630 2352 3684 per
2392 3614 2670 3671 ministros
2723 3631 2850 3670 suos
2900 3619 3254 3686 appretiatum
3298 3619 3380 3672 dis
3416 3636 3504 3673 um

1927 3707 2051 3761 facit
2097 3707 2302 3775 publice
2346 3707 2668 3773 venundari,
2723 3707 2944 3776 ejusque
2976 3709 3146 3778 pretio
3175 3710 3504 3778 captivorum

1925 3799 2086 3868 coepit
2115 3799 2373 3866 plurimos
2402 3797 2653 3853 liberare.
2687 3798 2831 3862 Mox,
2856 3795 3124 3868 inquiunt,
3152 3802 3260 3868 regi
3295 3802 3504 3856 nuntia-

1928 3899 2122 3946 verunt
2151 3889 2334 3943 famuli
2364 3889 2447 3943 sui
2483 3909 2495 3944 :
2535 3889 2672 3944 Ecce
2694 3891 2923 3946 vidimus
2954 3891 3005 3945 in
3037 3893 3314 3962 proposito
3343 3907 3504 3946 vena-

1927 3986 2054 4039 lium
2093 3983 2419 4038 dominicum
2451 3997 2650 4053 munus.
2675 3986 2880 4050 venale,
2911 3985 3064 4053 cujus
3089 4001 3164 4053 pr.
3188 3987 3260 4040 tio
3301 3986 3359 4041 S.
3393 3984 3505 4040 Cac-

1927 4077 2098 4136 sarius
2123 4075 2490 4131 multitudines
2515 4076 2707 4131 liberat
2727 4078 3082 4144 captivorum.
3111 4077 3323 4132 Etenim
3360 4087 3506 4132 tanta

1927 4170 2220 4225 enormitas
2251 4184 2539 4238 pauperum
2589 4171 2640 4223 in
2679 4169 2936 4224 medtatu
2977 4170 3060 4240 (f)
3095 4171 3264 4241 ipsius
3293 4181 3409 4225 erat
3455 4180 3508 4226 et

1928 4263 2120 4318 domus
2161 4261 2298 4316 atrio
2347 4263 2644 4329 constipata
2674 4271 2774 4326 ,-ut
2805 4263 2891 4316 vix
2923 4263 2989 4316 ad
3020 4262 3356 4319 salutandum
3389 4279 3508 4318 eum

1929 4368 2029 4425 pro
2046 4353 2310 4408 densitate
2331 4353 2729 4422 suggerentium
2751 4354 3070 4409 miserorum
3098 4355 3268 4423 possit
3302 4355 3508 4410 accedi.

1931 4517 2070 4564 terat
2099 4507 2384 4562 Cmsarius.

2001 4579 2078 4648 (ὑ)
2115 4578 2477 4633 Theodericus
2528 4577 2968 4646 Ostrogotltorum
3011 4594 3102 4632 rex
3139 4577 3324 4630 urbem
3365 4579 3510 4631 obsi-

235 4626 561 4716 estquae
586 4626 818 4714 taeta"
832 4626 1112 4700 115553}qu
1125 4626 1136 4629 ⁷
1153 4626 1506 4716 gaianas.
1529 4626 1821 4712 mitigati
1852 4626 1905 4686 1)
1928 4626 2088 4703 ιιίὸᾖὸ
2117 4626 3290 4714 negans55.15a".e‘;s;.3;;;smassae,
3314 4626 3390 4700 λεί
3405 4626 3509 4714 ’ᾖὰ-

234 4729 295 4774 et
328 4718 383 4772 S.
437 4717 738 4777 Ambrosii,
787 4732 922 4785 quos
963 4718 1014 4772 in
1063 4717 1165 4770 hoc
1212 4716 1352 4770 facto
1399 4726 1516 4771 erat
1562 4719 1817 4782 imitatus.

240 4787 380 4842 Audi
415 4789 586 4852 ipsum
627 4787 685 4842 S.
721 4787 1098 4857 Ambrosium,
1137 4787 1232 4840 lib.
1274 4803 1308 4840 ll
1339 4788 1405 4840 de
1431 4786 1670 4850 Officiis,
1701 4803 1819 4857 cap.

233 4860 311 4912 ἐἶὸ
340 4875 354 4910 :
384 4877 398 4905 t
439 4857 549 4911 Hoc
576 4858 887 4926 maximum,
922 4856 1128 4925 inquit,
1159 4857 1484 4911 incentivum
1517 4856 1819 4911 miscricor-

237 4930 372 4989 ἀίω.
406 4936 462 4980 ut
502 4929 890 4994 compatiamur
918 4928 1108 4981 alienis
1137 4927 1526 4982 calamitatibus
1546 4968 1560 4990 ,
1586 4930 1822 4983 necessi-

239 5007 384 5052 tates
414 4999 657 5059 aliorum,
688 5008 944 5067 quantum
977 5011 1287 5066 possumus,
1311 4997 1558 5064 jnvemus
1581 5013 1596 5062 ;
1622 5007 1677 5053 et
1704 5000 1820 5066 plus

239 5069 512 5122 interdum
542 5082 700 5137 quam
723 5083 1024 5136 possumus.
1059 5068 1242 5120 Melius
1262 5079 1344 5120 est
1375 5068 1516 5122 enim
1543 5085 1638 5134 pro
1669 5069 1822 5124 mise-

239 5139 480 5193 ricordia
508 5154 695 5191 causas
714 5149 991 5206 praestare,
1025 5140 1103 5192 vel
1127 5137 1376 5190 ittvidiztnt
1411 5140 1634 5206 perpeti,
1665 5154 1822 5206 quam

240 5209 585 5274 praetendere
622 5209 1045 5271 inclementiam;
1081 5219 1136 5261 tit
1167 5224 1262 5260 nos
1290 5209 1575 5277 aliquando
1609 5210 1658 5260 in
1691 5210 1827 5262 invi-

238 5280 388 5331 aliam
418 5279 704 5333 incidimus
725 5319 741 5350 ε
771 5279 912 5347 quod
951 5278 1374 5350 confregerimus
1415 5293 1538 5332 vasa
1561 5281 1823 5350 mystica,

239 5358 306 5404 ut
349 5351 592 5418 captivos
631 5349 1054 5411 redimeremus,
1093 5349 1235 5417 quod
1283 5349 1494 5403 Arianis
1540 5349 1826 5418 displicere

241 5428 530 5488 potuerat;
561 5434 660 5473 nee
688 5430 794 5473 tam
821 5419 1015 5474 factum
1047 5418 1378 5486 displiceret,
1411 5434 1568 5489 quam
1603 5431 1658 5473 ut
1681 5430 1828 5474 esset

233 5489 386 5559 quod
412 5490 463 5543 in
507 5489 660 5544 nobis
689 5491 1192 5558 reprehenderetur.
1226 5490 1561 5555 Quisantem
1595 5501 1677 5544 est
1717 5501 1822 5543 tam

231 5558 432 5622 tlnrus,
466 5561 706 5623 immitis,
759 5561 994 5624 ferreus,
1031 5558 1115 5613 cui
1155 5560 1434 5628 displiceat
1480 5562 1620 5628 quod
1666 5564 1825 5614 homo

237 5630 530 5685 redimitur
559 5647 586 5683 a
616 5642 810 5694 morte,
837 5631 1028 5684 femina
1057 5630 1123 5682 ab
1153 5633 1428 5698 impuritat
1454 5631 1549 5682 bus
1579 5633 1825 5685 barbaro-

235 5717 386 5767 rum,
417 5716 537 5768 quae
572 5703 844 5770 graviores
882 5713 1052 5755 morte
1078 5710 1236 5764 sunt;
1268 5701 1677 5755 adolescentulzc
1702 5742 1714 5766 ,
1744 5707 1829 5757 vel

233 5772 485 5840 pueruli,
521 5774 602 5826 rel
649 5770 877 5824 infantes
907 5772 974 5824 ab
1001 5771 1262 5825 idolorum
1309 5772 1600 5838 contagiis.
1634 5776 1826 5840 quibus

230 5843 432 5897 mortis
463 5854 606 5896 metu
637 5841 1078 5911 inquinabantur'.’
1111 5861 1127 5893 ι
1169 5842 1309 5896 ldcm
1345 5841 1498 5908 plane
1529 5844 1706 5901 dicere
1735 5861 1826 5915 po-

1925 4731 1998 4776 tet
2016 4734 2086 4773 ex
2117 4717 2320 4772 tributo
2366 4734 2460 4785 per
2495 4718 2668 4787 ipsum
2700 4718 3099 4773 Arelatensibus
3129 4719 3376 4772 I'CIIIiSSU.
3413 4718 3507 4771 Adi

1923 4788 2383 4854 commentarium,
2410 4805 2556 4843 num.
2584 4789 2670 4843 17.

1995 4860 2066 4930 (c)
2109 4858 2455 4930 Childelterto
2511 4859 2702 4928 obtigit
2767 4857 2953 4912 civitas
3001 4857 3324 4930 Arelatensis
3372 4873 3509 4913 anno

1924 4928 2055 4992 556,
2087 4945 2207 4982 cum
2241 4929 2440 4997 Vitiges
2466 4930 2912 4998 Ostrogothorum
2945 4942 3037 4982 rex
3064 4928 3299 4991 Francis
3326 4930 3509 4992 cessit,

1926 5001 2182 5069 quidquid
2215 5000 2520 5068 possidebat
2551 5001 2602 5052 in
2648 4999 2840 5062 Gallia,
2872 5014 3133 5069 regesque
3158 4999 3510 5066 Francorum,

1929 5073 2022 5124 fi;ii
2047 5079 2102 5125 et
2123 5070 2365 5123 hatredes
2391 5071 2665 5133 Clodovci,
2687 5069 2947 5126 ditionem
2981 5070 3123 5124 illam
3156 5072 3295 5124 inter
3316 5086 3375 5125 se
3399 5087 3514 5137 par.

1929 5141 2006 5194 titi
2040 5150 2183 5194 sunt.
2215 5141 2368 5194 Plura
2393 5141 2460 5194 de
2493 5141 2575 5193 his
2599 5139 2840 5195 Cointius
2871 5140 2936 5194 ad
2973 5157 3169 5194 annum
3209 5141 3335 5208 556,
3367 5158 3513 5194 num.

1934 5217 1955 5265 ι
1991 5220 2042 5263 ct
2069 5225 2219 5278 seqq.

2002 5282 2080 5348 (ιι)
2119 5300 2136 5330 t
2170 5281 2220 5333 ln
2245 5280 2601 5346 Parthenone,
2630 5282 2703 5334 ait
2729 5281 3087 5345 Mabillonius,
3113 5299 3138 5332 ει
3157 5281 3361 5335 Joanne
3385 5281 3517 5335 Cas-

1932 5351 2082 5405 siano
2112 5353 2608 5406 sanetimonialibus
2636 5359 2818 5405 erecto
2847 5355 2897 5405 in
2944 5368 3071 5422 agro
3101 5352 3299 5406 Massili
3321 5371 3348 5401 υ
3388 5355 3512 5403 sub.

1925 5422 2138 5474 -ut'bauo
2169 5423 2231 5472 ad
2267 5422 2546 5476 Yvelittum
2578 5437 2810 5482 amnem,
2840 5424 2980 5476 unde
3017 5437 3207 5475 nomen
3238 5423 3511 5483 cmuobio,

1933 5493 2073 5558 quod
2106 5493 2307 5556 ptidem
2341 5510 2586 5548 eversum
2631 5503 2733 5560 est,
2779 5494 3038 5548 reditibus
3064 5494 3121 5545 S.
3166 5493 3338 5544 Paula:
3383 5491 3512 5543 Par-

1933 5565 2147 5616 thenoni
2185 5567 2388 5618 urbano
2417 5565 2702 5618 :tttribtttis.
2744 5584 2760 5614 ι
3002 5630 3012 5632 _
3193 5619 3202 5632 ι

2004 5636 2076 5704 (ιτ)
2133 5634 2296 5688 f’msa
2335 5653 2428 5703 pro
2459 5639 2714 5702 pondere,
2748 5633 2968 5704 opinor,
3001 5630 3084 5682 hic
3116 5630 3366 5704 sumitur,
3398 5631 3519 5685 licet

1933 5700 2030 5757 alia
2062 5721 2272 5772 quoque
2304 5700 2568 5772 signiﬁcet
2610 5707 2746 5770 apud
2779 5700 3062 5769 scriptorcs
3095 5700 3253 5753 medii
3286 5704 3405 5754 aevi.

2006 5777 2052 5841 (1
2080 5771 2094 5838 j
2141 5771 2244 5830 vox
2275 5779 2502 5831 Oi‘SCUlll
2527 5785 2625 5840 cst,
2653 5783 2703 5826 at
2733 5787 2918 5826 sensus
2942 5786 3003 5825 es
3035 5772 3380 5836 sequentibus
3407 5771 3518 5825 col-

1933 5848 2132 5916 l'gttur.
