3958 6358
524 394 661 447 1015

1572 394 1627 448 S.
1668 392 1963 447 CAESAR“
2008 391 2217 448 EPISC.
2261 388 2735 446 ARELATENSIS

3651 400 3804 454 10H;

523 515 652 566 Nam
681 519 735 564 et
775 525 871 577 per
922 510 1122 577 plateas
1177 510 1483 562 innumeras
1527 519 1768 562 catervas
1812 507 2101 560 infelicium
2135 517 2181 573 Α
2207 508 2469 557 stinantcr
2508 515 2561 557 et
2591 515 2846 572 propera,
2896 516 3048 570 cujus
3077 507 3406 559 orationibus
3440 508 3530 561 tibi
3562 510 3803 580 vitaeque

533 605 762 656 vidimus
792 602 1143 667 cursitantes,
1178 604 1595 657 euntesscilicet
1623 618 1685 656 ac
1721 603 2008 657 redeuntes
2036 603 2101 654 ad

530 696 722 747 virum.
755 693 907 760 Quod
933 695 1020 747 ubi
1065 693 1261 748 factum
1296 696 1598 761 hujusmodi
1631 696 1891 763 comperit
1929 696 2103 749 Theo—

523 786 755 845 dericus,
792 792 935 836 tanta
967 785 1122 839 laude
1171 795 1225 840 et
1251 786 1604 840 admiratione
1637 787 1895 855 przetulit,
1928 798 1981 839 ut
2011 790 2106 841 ob-

523 882 810 926 servantes
833 873 949 941 ejus
980 875 1173 941 palatio
1199 886 1475 929 senatores
1500 892 1561 931 ac
1586 891 1833 945 proceres
1860 878 2103 931 certatim

520 980 713 1019 omnes
742 966 1030 1020 oblationis
1058 982 1169 1021 sua:
1201 968 1502 1023 mercedem
1549 985 1642 1037 per
1672 970 1809 1023 beati
1840 970 1940 1023 viri
1977 971 2105 1023 dex-

523 1069 692 1111 teram
725 1069 984 1127 cuperent
1011 1046 1310 1128 dispensati
1340 1104 1352 1123 ,
1383 1061 1637 1115 divinitus
1686 1072 1855 1115 semet
1900 1064 2105 1129 procla-

523 1158 733 1202 mantes
755 1164 873 1204 esse
903 1160 1195 1219 respectos,
1224 1152 1363 1219 quod
1378 1153 1535 1205 talem
1551 1152 1854 1220 pontiﬁcem
1882 1152 2109 1206 fuissent

523 1239 665 1308 digni
688 1245 1022 1309 consp'cere,
1046 1242 1137 1311 qui
1165 1244 1494 1311 temporibus
1518 1244 1645 1309 illis,
1674 1245 1829 1298 dictis
1852 1254 1905 1297 et
1930 1245 2106 1303 factis,

526 1344 685 1383 verus
700 1333 1061 1398 aposto!0rnm
1085 1347 1363 1387 successor
1380 1344 1433 1387 et
1456 1334 1782 1402 apostolicus
1801 1343 2105 1402 appareret.

450 1448 469 1462 .
526 1419 588 1470 I'It
612 1422 732 1497 quia
762 1421 887 1474 nihil
918 1424 1155 1475 velocius
1190 1424 1325 1475 fama
1360 1425 1651 1493 percurrit,
1682 1439 1845 1490 opere
1886 1426 2110 1478 sanctis-

525 1512 660 1565 simo
690 1513 1087 1581 crebrescmte,
1122 1519 1303 1569 statim
1338 1518 1505 1569 sancti
1536 1517 1632 1570 viri
1658 1526 1839 1570 sancta
1869 1518 2111 1584 pervola-

526 1604 602 1658 vit
626 1605 849 1659 Romam
878 1609 1087 1676 opinio,
1112 1611 1377 1678 capitque
1411 1610 1536 1663 inihi
1563 1627 1590 1659 a
1620 1621 1807 1664 senatu
1841 1621 1894 1664 et
1923 1625 2108 1676 proce-

526 1697 711 1761 ribus,
771 1714 800 1751 a
855 1716 988 1768 papa
1046 1716 1256 1769 quoque
1314 1713 1369 1755 et
1420 1704 1675 1765 clericis,
1736 1705 2004 1773 simulque
2059 1712 2113 1757 et

529 1789 871 1855 popularibus
926 1801 1074 1845 tanto
1103 1794 1378 1847 charitat‘s
1432 1795 1723 1848 desiderari
1780 1795 2006 1857 fervore,
2058 1807 2111 1849 ut

2213 612 2327 649 sum
2360 596 2617 663 redditus,
2644 605 2695 650 et
2721 610 2819 665 age
2842 598 3039 665 gratias
3065 598 3202 663 quod
3234 600 3439 653 meritis
3465 600 3800 659 virtutibus-

2208 706 2309 753 que
2340 688 2448 741 suis
2488 688 2628 742 Deus
2656 688 2803 742 dedit
2837 687 3105 743 effectum.
3152 689 3240 741 Illa
3285 691 3574 758 perniciter
3621 694 3799 748 advo-

2209 781 2324 832 lans
2364 780 2629 845 accurrit,
2658 782 2859 848 gratias
2906 796 3011 834 non
3064 791 3267 835 tantum
3310 784 3490 839 verbis
3527 800 3799 853 quantum

2212 873 2457 941 Iacrymis
2487 881 2543 927 et
2604 872 2825 926 vocibus
2864 872 3179 942 gaudiisque
3218 876 3559 940 persolvens,
3610 888 3807 946 postu-

2217 962 2437 1025 lanspte
2469 972 2523 1013 ut
2547 976 2706 1030 quem
2736 960 2876 1016 Deus
2908 976 3001 1029 per
3031 962 3180 1017 illum
3209 963 3294 1017 isti
3327 964 3430 1018 luci
3460 966 3801 1033 reddiderat,

2212 1053 2275 1106 ad
2304 1052 2500 1107 Gallias
2529 1055 2741 1107 reliens
2762 1053 2829 1107 de
2852 1069 2949 1107 suo
2977 1069 3080 1108 non
3114 1064 3381 1122 pateretur
3410 1057 3689 1114 discedere
3719 1060 3805 1114 fa-

2217 1150 2439 1197 mutatu.
2481 1146 2587 1199 Sed
2622 1145 2808 1199 beatus
2832 1146 2921 1201 ille
2943 1146 3023 1200 vir
3042 1148 3246 1202 altioris
3269 1150 3464 1218 ingenii
3497 1154 3799 1219 respondit,

2226 1253 2342 1290 eam
2376 1238 2452 1290 illi
2494 1238 2669 1306 potius
2695 1238 2893 1293 debere
2938 1238 3141 1294 referre
3166 1243 3360 1309 gratias
3382 1285 3395 1304 .
3444 1244 3597 1313 cujus
3631 1248 3805 1301 virtus

2217 1340 2269 1382 et
2302 1329 2474 1396 pietas
2505 1332 2753 1383 omnibus
2780 1332 3129 1387 merentibus
3154 1344 3207 1388 et
3227 1336 3575 1391 clamantibus
3605 1340 3806 1396 adesse

2214 1435 2440 1473 consuet
2457 1422 2516 1473 it.
2539 1422 2705 1491 llujus
2727 1422 2883 1491 igitur
2901 1424 3141 1477 miraculi
3162 1427 3469 1494 magnitudo
3486 1446 3593 1482 non
3620 1434 3800 1485 solum

2216 1513 2493 1580 civitatem
2542 1512 2723 1577 illam,
2777 1513 2871 1568 sed
2908 1515 3241 1582 provinciam
3272 1529 3518 1573 cunctam
3562 1522 3801 1579 ﬁdelium

2219 1604 2593 1658 devotionibus
2620 1619 2683 1658 ac
2713 1607 2916 1659 nuntiis
2948 1611 3271 1674 peragravit.

2282 1697 2372 1749 ‘29.
2414 1697 2644 1749 Medicus
2670 1698 2828 1750 etiam
2869 1699 3121 1752 dfac‘tnus
3157 1701 3416 1769 Elpidius,
3450 1706 3596 1774 regis
3637 1720 3797 1774 pote-

2218 1799 2355 1841 state
2384 1804 2447 1842 ac
2476 1790 2663 1843 scdulo
2706 1784 2959 1843 fainulatu
3007 1792 3083 1845 int
3106 1808 3243 1855 mus.
3275 1795 3535 1850 diabolica
3577 1800 3800 1854 inlesu-

528 1887 652 1933 ante
689 1880 1018 1949 singulorum
1051 1878 1230 1937 cordis
1282 1878 1567 1938 iuhrercret
1618 1886 1899 1954 amplexu,
1950 1902 2107 1952 quam
2147 1904 2188 1961 Β
2218 1885 2359 1934 tione
2408 1899 2511 1934 non
2547 1884 2719 1936 solum
2762 1884 2981 1952 reliquis
3012 1886 3235 1940 diversis
3268 1888 3476 1943 insidiis
3506 1892 3800 1961 fatigatus,

529 1970 896 2036 (-Orpcralihus
916 1973 1083 2027 oeulis
1099 1976 1387 2029 videretur.
1422 1977 1621 2030 Interea
1646 1992 1836 2032 omnes
1865 1980 2107 2046 captivos

532 2060 667 2112 ultra
702 2060 1007 2116 Dureutiam
1038 2066 1137 2133 (a),
1164 2067 1498 2134 maximeque
1530 2067 1766 2120 Aransici
1802 2068 1877 2136 (b)
1900 2068 2101 2137 oppidi,

528 2148 616 2214 qui
643 2148 774 2222 [lege
796 2154 936 2221 quod
958 2195 971 2218 ,
1004 2153 1126 2223 etc.J
1155 2172 1218 2208 ex
1245 2164 1357 2208 toto
1381 2157 1549 2209 fuerat
1570 2157 1865 2225 captivitati
1896 2171 2107 2211 contra-

527 2241 691 2307 ditus,
737 2243 889 2311 cujus
918 2245 1079 2298 etiam
1134 2256 1335 2311 partem
1371 2247 1641 2301 Arclatum
1672 2248 1742 2315 (ε)
1790 2248 2108 2303 liberaverat

530 2332 863 2399 redimendo,
897 2352 1017 2389 mox
1079 2338 1325 2392 inventos
1360 2340 1411 2390 in
1445 2340 1591 2393 Italia
1625 2341 1883 2403 redemit,
1917 2352 1975 2395 ut
2018 2358 2109 2412 po-

530 2426 647 2480 tuit.
683 2422 747 2480 Et
772 2436 829 2481 ut
866 2428 943 2481 eis
974 2429 1191 2483 libertas
1220 2430 1427 2497 plenior
1473 2433 1808 2496 redderetur,
1854 2436 2108 2502 imposuit

530 2532 648 2569 tum
672 2529 886 2587 sumpto
906 2519 1017 2588 [pro
1037 2520 1269 2589 sumptu]
1291 2520 1547 2589 jmnentis
1577 2534 1629 2576 et
1652 2523 1904 2590 plaustris
1929 2525 1980 2578 in
2005 2527 2103 2585 via.

530 2623 860 2678 suorumque
900 2612 1092 2664 solatio
1135 2621 1186 2663 et
1235 2613 1574 2667 ordinatione
1621 2613 1743 2666 fecit
1775 2613 1839 2667 ad
1896 2616 2106 2683 propria

530 2714 800 2754 revocare.

598 2791 688 2846 ‘28.
712 2792 853 2846 Inter
876 2793 987 2846 hzcc
1013 2794 1063 2847 in
1086 2796 1331 2862 pr'cdicta
1354 2796 1602 2849 Ravenna
1628 2797 1840 2848 civitate
1862 2797 2103 2863 quardam

528 2884 683 2935 vidua
700 2883 929 2937 habebat
950 2884 1113 2938 filium
1136 2886 1420 2939 adolescen
1436 2898 1533 2939 :em
1558 2888 1788 2953 pra-fect-
1814 2886 1906 2939 riis
1919 2888 2106 2941 ofﬁciis

529 2974 876 3037 militantem,
905 2976 993 3044 qui
1049 2976 1394 3044 indigentiam
1418 2976 1689 3044 genitricis
1730 2978 2107 3034 emolumentis

527 3080 589 3119 ac
637 3066 869 3133 propriis
897 3066 1177 3135 stipendiis
1214 3067 1567 3121 sustentabat.
1602 3066 1695 3120 Hic
1740 3082 1901 3135 puer,
1932 3068 2104 3122 subita

526 3156 833 3212 infirmitate
875 3157 1128 3222 faciente,
1165 3157 1373 3226 jacebat
1418 3159 1697 3213 exanimis.
1732 3157 1828 3211 Cui
1861 3172 1982 3212 cum
2011 3157 2107 3212 hu-

527 3262 698 3301 mana:
727 3249 1015 3303 curationis
1038 3262 1160 3317 spes
1187 3250 1362 3302 omnis
1390 3259 1445 3303 et
1468 3249 1769 3304 consolatio
1796 3248 2098 3319 defecisset,

528 3353 650 3392 mox
680 3350 850 3394 mater
870 3340 1009 3409 ejus,
1042 3341 1231 3396 relicto
1261 3351 1315 3396 et
1344 3340 1542 3395 amisso
1566 3341 1695 3407 filio,
1719 3342 1784 3396 ad
1810 3343 1979 3397 virum
2011 3345 2104 3399 Dei

526 3429 715 3483 festina
756 3432 1051 3498 percurrit;
1082 3442 1135 3486 et
1162 3442 1430 3502 prostrato
1471 3448 1694 3501 corpore
1723 3434 2001 3502 oculisque
2030 3434 2106 3488 ri-

524 3522 799 3589 gantibus,
852 3522 986 3576 dans
1030 3524 1247 3593 insuper
1298 3524 1563 3591 ululatus,
1616 3525 1719 3579 fide
1769 3526 2109 3581 solummodo

525 3614 759 3677 vi:ente,
786 3612 930 3667 beati
958 3613 1055 3667 viri
1080 3606 1247 3682 genua
1274 3614 1553 3683 complexa
1582 3615 1852 3677 clamavit,
1882 3617 2066 3671 dicens
2093 3635 2104 3669 :

524 3704 695 3755 tlrcdo
716 3704 837 3772 quia
862 3706 1135 3758 miseratio
1160 3706 1339 3759 divina
1362 3706 1482 3761 ideo
1511 3707 1615 3759 huc
1641 3717 1709 3772 te,
1734 3716 1915 3761 sancte
1942 3709 2109 3780 [addit

526 3792 667 3845 Μαι).
712 3793 847 3862 Dei],
879 3794 1103 3849 deduxit
1142 3805 1202 3849 ut
1224 3795 1388 3850 filium
1420 3796 1675 3852 redderes
1720 3798 1895 3851 matri.
1927 3798 2107 3854 Flebi-

529 3886 651 3937 liter
666 3885 971 3955 deprecanti
1002 3887 1212 3942 mulieri
1245 3888 1514 3954 paululum
1537 3890 1821 3951 recusavit;
1847 3898 1901 3943 et
1929 3900 2106 3944 tamen

525 3978 717 4030 durum
742 3978 998 4042 credens,
1044 3978 1089 4031 si
1113 3978 1247 4032 tales
1279 3994 1382 4032 non
1410 3977 1616 4032 audiret
1640 3980 1921 4048 lacrymas,
1954 3982 2108 4033 solita

522 4068 867 4120 miSeratione
907 4078 1237 4129 commotus,
1286 4069 1470 4123 volens
1502 4070 1705 4123 scilicet
1751 4074 1827 4121 sic
1870 4070 2106 4125 debitunt

523 4158 836 4223 impendere
867 4158 1145 4211 charitatis
1175 4158 1423 4213 affectum
1444 4199 1457 4222 ,
1484 4168 1531 4211 et
1567 4159 1644 4212 sic
1686 4159 1736 4211 in
1766 4158 1860 4212 Dei
1892 4162 2107 4217 nomine

523 4252 774 4301 virtutem
816 4264 1103 4311 exercere.
1138 4259 1195 4303 ut
1237 4252 1287 4303 in
1320 4250 1565 4303 omnibus
1596 4249 1865 4318 refugeret
1895 4253 2105 4306 vanita-

444 4410 449 4413 _
522 4349 650 4403 tem,
682 4339 747 4393 ad
774 4341 1040 4409 tugurium
1071 4344 1189 4408 ejus
1224 4342 1436 4397 occulte
1464 4342 1794 4411 latenterque
1840 4346 2100 4410 pervenit.

522 4428 657 4483 Fusa
682 4432 860 4500 itaque
885 4446 1042 4499 prece
1070 4447 1217 4485 more
1235 4432 1394 4485 solito
1416 4440 1731 4499 prostratus.
1758 4433 1843 4487 ubi
1870 4434 2101 4489 divinam

516 4523 769 4577 virtutem
792 4524 1090 4577 vocatirin’s
1109 4539 1220 4579 suae
1243 4539 1337 4593 per
1359 4524 1612 4595 Spiritum
1639 4534 1881 4579 sanctum
1912 4528 2101 4581 ad~sse

2216 1974 2306 2025 sed
2340 1984 2393 2027 ct
2440 1988 2690 2027 saxorum
2722 1990 2931 2045 quoque
2956 1977 3126 2031 imbre
3155 1979 3205 2031 in
3239 1983 3399 2033 domo
3430 1997 3527 2035 sua
3558 1986 3803 2041 crebrius

2212 2068 2480 2133 appetitus
2506 2108 2518 2125 .
2552 2080 2794 2120 sanctum
2829 2067 2919 2120 Dei
2952 2081 3138 2122 exorat
3186 2081 3240 2122 ut
3287 2087 3313 2121 a
3356 2075 3651 2129 vexatione
3694 2078 3803 2145 ipsa

2219 2155 2336 2223 ejus
2370 2168 2665 2212 mereretur
2708 2159 3043 2216 orationibus
3087 2162 3322 2215 liberari.
3366 2161 3530 2231 Cujus
3582 2168 3801 2220 domum

2213 2250 2646 2303 sanctificaturus
2686 2251 3023 2319 ingrediens.
3056 2253 3350 2306 benedicta:
3387 2258 3799 2323 aquninfusio-

2215 2354 2333 2391 neut
2391 2342 2662 2407 respersit,
2696 2353 2749 2392 at
2772 2357 2857 2406 ,ue
2886 2344 2953 2395 ita
2977 2353 3248 2397 consuete
3272 2346 3583 2400 vexationis
3613 2349 3798 2404 diserto

2213 2428 2443 2481 tuinibus
2474 2430 2734 2494 liberavit,
2768 2441 2823 2485 ut
2847 2432 2977 2486 ultra
3014 2433 3083 2486 ibi
3114 2434 3242 2487 nihil
3280 2436 3381 2489 tale
3413 2440 3725 2508 contigerit.

2833 2591 3059 2647 CAPUT
3100 2592 3186 2647 IV.

2217 2702 2427 2777 Romam
2494 2706 2749 2771 profectus
2796 2706 2933 2757 rario
2964 2706 3151 2759 obtinet
3204 2724 3234 2759 a
3296 2710 3579 2777 pontiﬁce;
3617 2716 3800 2767 dem:

2284 2776 2489 2826 domum
2548 2790 2824 2842 regressus,
2880 2778 3035 2828 variis
3090 2776 3353 2831 rirtutibata
3418 2776 3465 2831 et
3533 2786 3799 2839 miraculis

2284 2844 2462 2915 fulget.
2498 2894 2501 2897 η

2282 2956 2369 3011 30.
2398 2957 2640 3012 Posthaec
2664 2957 2886 3013 Romam
2911 2961 3150 3028 veniens,
3180 2963 3333 3019 beato
3354 2964 3692 3035 Symmacho
3716 2970 3797 3039 (ὁ)

2212 3052 2337 3100 tunc
2385 3061 2553 3116 papae,
2604 3064 2667 3103 ac
2712 3050 2909 3103 deinde
2947 3054 3286 3110 senatoribus
3333 3067 3389 3110 et
3436 3062 3795 3116 senatricibus

2212 3148 2582 3206 praesentatur.
2594 3140 2794 3197 Omnes
2811 3144 2918 3198 Deo
2934 3146 3132 3214 gratias
3148 3157 3202 3201 et
3215 3148 3323 3217 regi
3337 3150 3795 3222 retuleruntquod

2212 3231 2535 3287 meruissent
2554 3234 2828 3303 corporeis
2851 3233 3025 3290 oculis
3051 3237 3244 3292 intueri
3265 3254 3427 3307 quem
3448 3240 3558 3308 jam
3582 3243 3789 3299 dudum

2216 3323 2384 3377 oculis
2427 3325 2608 3379 cordis
2640 3336 2983 3395 aspexerant.
3016 3327 3178 3397 Igitur
3211 3330 3382 3386 virum
3425 3336 3787 3400 apostolicum

2212 3432 2317 3471 non
2365 3418 2476 3486 jam
2524 3418 2661 3473 fama
2718 3420 2966 3491 vulgaute
2996 3463 3010 3485 ,
3064 3422 3160 3475 sed
3198 3424 3460 3492 corporali
3503 3430 3791 3496 pmsentia

2209 3509 2651 3576 comprobantes,
2685 3510 2933 3563 certatim
2970 3510 3195 3581 diligere
3238 3527 3302 3566 ac
3330 3517 3568 3569 venerari
3608 3533 3794 3587 cepe.

2209 3609 2353 3653 runt.
2389 3599 2493 3653 Pro
2523 3616 2624 3669 qua
2668 3616 2726 3655 re
2755 3600 2916 3655 etiam
2951 3616 3084 3671 papa
3114 3602 3465 3673 Symmachus
3500 3616 3653 3660 tanta
3682 3625 3795 3665 me~

2211 3686 2433 3744 ritorum
2482 3690 2597 3758 ejus
2633 3690 2896 3758 dignitate
2944 3701 3251 3757 permotus,
3283 3706 3387 3746 non
3424 3692 3596 3747 solum
3626 3701 3794 3751 vcris~

2210 3778 2346 3834 sime
2396 3794 2517 3834 eum
2566 3782 2992 3847 metropolitana:
3034 3782 3237 3836 honore
3274 3785 3551 3851 suspexit,
3602 3790 3706 3841 sed
3747 3802 3795 3845 et

2210 3886 2469 3927 concesso
2498 3873 2807 3941 specialiter
2837 3872 3001 3940 pallii.
3025 3874 3292 3928 decoravit
3333 3878 3635 3946 privilegio.
3677 3881 3796 3933 Di}

2211 3978 2377 4019 conos
2401 3965 2565 4033 ipsius
2605 3965 2670 4019 ad
2713 3964 2967 4019 Romana:
2999 3967 3163 4019 instar
3203 3967 3450 4021 Ecclesiae
3480 3970 3795 4026 dalmatiea-

2212 4070 2326 4108 rum
2351 4055 2481 4109 fecit
2504 4056 2683 4110 habitu
2720 4059 3090 4127 praacminere.

2281 4148 2369 4203 51.
2418 4148 2619 4204 Dehinc
2638 4149 2702 4203 ad
2735 4152 2944 4218 prepria
2975 4164 3242 4215 reversus,
3279 4152 3652 4208 Arelatensem
3714 4157 3796 4210 in-

2210 4242 2447 4306 greditur
2488 4243 2781 4309 civitatem,
2830 4244 3105 4311 psa‘lendo
3154 4247 3462 4314 suscipitur,
3500 4262 3797 4321 secumque

2207 4331 2451 4397 expedita
2479 4332 2848 4401 redemptione
2876 4344 2999 4388 octo
3017 4334 3190 4388 millia
3228 4336 3523 4391 solidorum
3555 4342 3636 4407 (ρ)
3658 4383 3674 4404 ,
3711 4344 3798 4411 qui

2207 4422 2532 4478 cxsiliandus
2560 4425 2715 4491 ierat,
2749 4426 2815 4479 ab
2843 4425 2988 4479 Italia
3018 4427 3205 4481 defert.
3234 4428 3437 4483 Etenim
3466 4432 3555 4485 die
3579 4448 3696 4500 qua
3726 4436 3798 4489 ri-

2205 4516 2422 4568 vitatcm
2455 4515 2726 4585 ingressus
2752 4527 2853 4584 est,
2886 4519 3169 4573 ecclesiam
3196 4510 3265 4574 ad
3296 4537 3569 4590 vesperam
3618 4528 3795 4587 bene-

516 4615 703 4679 sensit,
737 4616 991 4670 abcessit.
1027 4615 1244 4670 Notario
1268 4632 1393 4670 vero
1422 4631 1519 4671 suo
1548 4617 1639 4670 illo
1671 4628 1929 4681 tempore,
1962 4633 2100 4672 nunc

2218 4606 2492 4662 lictionem
2520 4609 2741 4664 daturus
2782 4609 3031 4665 intravit:
3072 4624 3125 4667 et
3152 4628 3281 4668 ecce
3325 4630 3423 4668 una
3473 4631 3538 4669 ex
3572 4618 3801 4677 feminis

514 4704 805 4759 venerabili
849 4706 1165 4772 presbytero
1195 4705 1419 4760 Messian
1445 4726 1488 4768 ν,
1540 4706 1728 4759 relicto
1760 4708 2015 4774 prmccpjt
2044 4715 2102 4760 ut

513 4808 632 4846 cum
653 4794 966 4849 adolescens
992 4795 1056 4849 ad
1080 4810 1139 4849 se
1172 4804 1551 4857 rcverlerrlur,
1574 4796 1673 4850 sibi
1696 4797 1935 4863 protittus
1966 4814 2100 4849 utm-

516 4881 689 4935 tiarct.
716 4883 955 4948 Quicum
978 4894 1099 4939 ante
1121 4886 1487 4940 decumbentis
1512 4886 1761 4938 lectulum
1784 4887 2093 4951 excubaret,

516 4993 526 5024 ι
552 4973 740 5025 ecdum
791 4979 917 5027 hora
950 4977 1211 5044 completa
1231 5018 1244 5037 ,
1276 4992 1405 5043 puer
1435 4976 1501 5029 tle
1531 4979 1720 5029 mortis
1749 4984 1832 5029 est
1863 4978 2095 5033 tenebris

516 5076 816 5129 revocatus,
848 5077 900 5119 et
923 5083 1041 5119 mox
1063 5068 1313 5122 reseratis
1336 5068 1552 5120 orbibus
1575 5068 1849 5121 oculorum
1868 5078 2091 5121 matrem

512 5155 819 5223 alloquitur,
853 5156 1037 5211 dicens
1066 5177 1075 5209 :
1112 5159 1277 5223 Vade,
1314 5167 1505 5222 mater,
1538 5158 1602 5212 ad
1635 5176 1849 5213 servum
1899 5159 1990 5212 Dei
2018 5160 2092 5213 [υ-

587 5308 667 5373 (α)
712 5307 1159 5369 Druentiaﬁallis
1206 5312 1256 5363 la
1291 5309 1550 5375 Duranre,
1584 5314 1753 5365 oritur
1797 5327 1863 5366 ex
1912 5323 2089 5367 monte

514 5380 781 5442 lienelira,
812 5394 917 5430 tmo
943 5396 1007 5433 ex
1040 5382 1261 5445 Alpibus
1284 5383 1471 5435 Cottiis
1500 5385 1550 5437 in
1591 5384 1896 5450 Brigantiuo
1921 5392 2088 5435 tractu

515 5450 879 5517 llelphinatus,
908 5451 1205 5519 deindeque
1233 5467 1327 5518 per
1354 5453 1686 5505 Provinciam
1720 5454 1919 5519 lapsos,
1950 5453 2087 5505 Itho.

510 5523 652 5573 datio
684 5522 946 5589 excipitur
973 5538 1072 5573 una
1111 5526 1256 5575 leuca
1291 5524 1424 5575 infra
1457 5523 1801 5576 Avertionent.

582 5590 662 5660 (ὸ)
704 5593 926 5645 Αναῦδίο
951 5594 1102 5659 vulgo
1137 5591 1362 5661 Orauge,
1396 5596 1645 5658 oppidum
1676 5604 1754 5645 est
1792 5592 2085 5644 l’t0\inci;c

513 5672 657 5713 trans
699 5661 870 5714 Druen
901 5662 1023 5715 iam.
1074 5662 1202 5715 Illud
1244 5678 1270 5713 a
1323 5662 1512 5714 Gothis
1544 5702 1556 5723 ,
1592 5675 1705 5727 post
1745 5679 1848 5713 (εςιες.
1887 5677 1912 5715 s
1948 5664 2084 5729 apud

510 5732 775 5784 Arelatem
809 5733 1041 5785 It‘taucos
1063 5744 1117 5787 ct
1142 5733 1559 5800 Burgundiones,
1593 5733 1894 5786 Ilruenziam
1924 5740 2085 5785 trans-

508 5802 729 5868 gre~sis.
763 5818 971 5867 captum
1004 5804 1185 5861 fuisse,
1217 5803 1339 5854 lllllC
1362 5803 1490 5853 suis
1522 5804 1807 5871 cuiligitur.

583 5873 657 5941 (ε)
697 5872 1027 5928 Mabillonius
1059 5873 1216 5933 habet
1247 5875 1469 5927 Arcluto.

2206 4708 2438 4753 tremore
2467 4710 2731 4769 correpta,
2749 4716 2869 4756 cum
2892 4705 3095 4771 spumis
3115 4703 3342 4771 ejnlans,
3366 4715 3420 4761 et
3444 4709 3800 4773 proclamans

2207 4790 2496 4856 pavefactis
2514 4790 3058 4862 [apudjlabmdditur
3085 4794 3135 4847 in
3158 4794 3659 4866 ecclesialcuucais.
3688 4820 3799 4860 eru-

2203 4882 2313 4947 pit:
2342 4896 2460 4951 quae
2487 4884 2822 4950 apprehensa
2852 4884 2976 4937 hinc
3005 4896 3163 4954 atque
3191 4886 3312 4940 inde
3332 4888 3600 4951 manibus,
3638 4893 3799 4948 beate

2203 4976 2314 5027 tiro
2340 4985 2464 5029 ante
2487 4975 2654 5029 altare
2686 4976 2829 5029 illico
2852 4988 3225 5043 prmsentatur,
3260 4981 3613 5033 exorantibus
3662 5001 3794 5039 επιει-

2198 5066 2297 5116 ctis
2350 5078 2405 5119 ut
2459 5067 2677 5134 depulsa
2710 5078 2855 5135 peste
2892 5068 3241 5137 redintegrari
3276 5071 3555 5125 mulierem
3584 5074 3799 5131 faceret

2200 5158 2461 5224 sospitati.
2504 5158 2653 5213 Tunc
2680 5175 2777 5213 suo
2808 5160 2895 5214 ille
2920 5176 3067 5214 more
3099 5176 3194 5229 pro
3229 5163 3414 5215 eadem
3443 5164 3499 5216 in
3541 5169 3797 5223 oratione

2271 5316 2349 5385 (ά)
2397 5314 2749 5383 Symmachus
2790 5319 3155 5385 pontificatum
3188 5319 3354 5374 tenuit
3385 5318 3453 5372 ab
3493 5328 3644 5377 anno
3690 5326 3795 5380 ωδ

2200 5402 2366 5460 usque
2418 5387 2482 5460 ad
2510 5387 2660 5460 SM,
2692 5403 2797 5454 quo
2827 5388 2959 5442 obiit
3007 5405 3090 5442 xtv
3121 5390 3370 5443 calendas
3423 5393 3682 5460 Augusti,
3736 5408 3791 5448 ut

2203 5456 2395 5509 ibidem
2440 5456 2596 5509 habet
2642 5458 2834 5524 Pagius
2876 5475 3021 5511 num.
3059 5461 3105 5513 ί.
3137 5462 3298 5514 Gesta
3346 5456 3534 5523 autem
3560 5464 3787 5519 (lassat-ii

2201 5540 2320 5578 cum
2354 5528 2678 5600 Symmacho
2721 5531 3059 5596 contigerunt
3104 5546 3244 5585 anno
3273 5530 3397 5595 5I5,
3451 5546 3569 5600 qua
3624 5536 3786 5591 latius

2196 5597 2543 5662 exposuimus
2577 5599 2626 5649 in
2650 5600 3085 5669 conuueotariu§
3116 5600 3171 5652 5.

2268 5668 2340 5734 (e)
2370 5669 2647 5742 Supcrllua
2677 5685 2740 5723 cx
2788 5668 3143 5739 elrcmosynis
3176 5672 3439 5738 acceptis,
3485 5674 3703 5742 opinor,
3733 5688 3787 5728 ut

2196 5752 2254 5789 ea
2288 5738 2866 5812 Arelatejimpendcret
2919 5738 3240 5797 redimendis
3270 5738 3637 5812 captivispaut
3668 5748 3787 5803 aliis

2196 5808 2444 5875 operibus
2476 5810 2593 5877 piis.
