  <div class='ocr_page' id='page_1' title='image "/cluster/home/n/w/nwhite01/storage/ocr_20150623/67/hvd.32044073505141/516.png"; bbox 0 0 3958 6358; ppageno 0'>
   <div class='ocr_carea' id='block_1_1' title="bbox 203 432 336 488">
    <p class='ocr_par' dir='ltr' id='par_1_1' title="bbox 203 432 336 488">
     <span class='ocr_line' id='line_1_1' title="bbox 203 432 336 488; baseline -0.015 -2"><span class='ocrx_word' id='word_1_1' title='bbox 203 432 336 488; x_wconf 75' lang='grc'><strong>1017</strong></span> 
     </span>
    </p>
   </div>
   <div class='ocr_carea' id='block_1_2' title="bbox 199 538 1861 620">
    <p class='ocr_par' dir='ltr' id='par_1_2' title="bbox 199 538 1861 620">
     <span class='ocr_line' id='line_1_2' title="bbox 199 538 1861 620; baseline -0.012 -15"><span class='ocrx_word' id='word_1_2' title='bbox 199 549 574 620; x_wconf 77' lang='lat' dir='ltr'><strong>prosternitur,</strong></span> <span class='ocrx_word' id='word_1_3' title='bbox 609 555 662 601; x_wconf 90' lang='lat' dir='ltr'><strong>et</strong></span> <span class='ocrx_word' id='word_1_4' title='bbox 693 545 968 612; x_wconf 81' lang='lat' dir='ltr'><strong>imponens</strong></span> <span class='ocrx_word' id='word_1_5' title='bbox 1000 541 1156 610; x_wconf 90' lang='lat' dir='ltr'><strong>capiti</strong></span> <span class='ocrx_word' id='word_1_6' title='bbox 1186 553 1423 604; x_wconf 87' lang='lat' dir='ltr'><strong>manum,</strong></span> <span class='ocrx_word' id='word_1_7' title='bbox 1451 550 1639 591; x_wconf 91' lang='lat' dir='ltr'><strong>omnes</strong></span> <span class='ocrx_word' id='word_1_8' title='bbox 1661 549 1779 589; x_wconf 87' lang='lat' dir='ltr'><strong>sen~</strong></span> <span class='ocrx_word' id='word_1_9' title='bbox 1813 538 1861 592; x_wconf 75' lang='grc' dir='ltr'><strong>Α</strong></span> 
     </span>
    </p>
   </div>
   <div class='ocr_carea' id='block_1_3' title="bbox 199 628 1777 701">
    <p class='ocr_par' dir='ltr' id='par_1_3' title="bbox 199 628 1777 701">
     <span class='ocr_line' id='line_1_3' title="bbox 199 628 1777 701; baseline -0.015 0"><span class='ocrx_word' id='word_1_10' title='bbox 199 659 292 701; x_wconf 78' lang='lat' dir='ltr'><strong>sus</strong></span> <span class='ocrx_word' id='word_1_11' title='bbox 321 659 383 698; x_wconf 90' lang='lat' dir='ltr'><strong>ac</strong></span> <span class='ocrx_word' id='word_1_12' title='bbox 413 641 614 697; x_wconf 85' lang='lat' dir='ltr'><strong>vultum</strong></span> <span class='ocrx_word' id='word_1_13' title='bbox 649 645 791 692; x_wconf 83' lang='lat' dir='ltr'><strong>tactu</strong></span> <span class='ocrx_word' id='word_1_14' title='bbox 829 634 935 690; x_wconf 88' lang='lat' dir='ltr'><strong>olei</strong></span> <span class='ocrx_word' id='word_1_15' title='bbox 963 633 1099 688; x_wconf 81' lang='lat' dir='ltr'><strong>sacri</strong></span> <span class='ocrx_word' id='word_1_16' title='bbox 1148 631 1417 699; x_wconf 75' lang='lat' dir='ltr'><strong>perunxit.</strong></span> <span class='ocrx_word' id='word_1_17' title='bbox 1453 630 1570 696; x_wconf 79' lang='lat' dir='ltr'><strong>Quo</strong></span> <span class='ocrx_word' id='word_1_18' title='bbox 1616 628 1777 689; x_wconf 84' lang='lat' dir='ltr'><strong>facto,</strong></span> 
     </span>
    </p>
   </div>
   <div class='ocr_carea' id='block_1_4' title="bbox 198 718 1778 805">
    <p class='ocr_par' dir='ltr' id='par_1_4' title="bbox 198 718 1778 805">
     <span class='ocr_line' id='line_1_4' title="bbox 198 718 1778 805; baseline -0.012 -13"><span class='ocrx_word' id='word_1_19' title='bbox 198 718 530 805; x_wconf 86' lang='lat' dir='ltr'><strong>nequaquam</strong></span> <span class='ocrx_word' id='word_1_20' title='bbox 580 731 833 799; x_wconf 87' lang='lat' dir='ltr'><strong>deinceps</strong></span> <span class='ocrx_word' id='word_1_21' title='bbox 890 726 1098 795; x_wconf 81' lang='lat' dir='ltr'><strong>repetiit</strong></span> <span class='ocrx_word' id='word_1_22' title='bbox 1141 725 1415 779; x_wconf 82' lang='lat' dir='ltr'><strong>mulierem</strong></span> <span class='ocrx_word' id='word_1_23' title='bbox 1464 720 1686 791; x_wconf 83' lang='lat' dir='ltr'><strong>depulsa</strong></span> <span class='ocrx_word' id='word_1_24' title='bbox 1728 722 1778 773; x_wconf 89' lang='lat' dir='ltr'><strong>in</strong></span> 
     </span>
    </p>
   </div>
   <div class='ocr_carea' id='block_1_5' title="bbox 200 820 994 884">
    <p class='ocr_par' dir='ltr' id='par_1_5' title="bbox 200 820 994 884">
     <span class='ocr_line' id='line_1_5' title="bbox 200 820 994 884; baseline -0.014 -2"><span class='ocrx_word' id='word_1_25' title='bbox 200 829 417 884; x_wconf 83' lang='lat' dir='ltr'><strong>nomine</strong></span> <span class='ocrx_word' id='word_1_26' title='bbox 441 825 640 880; x_wconf 86' lang='lat' dir='ltr'><strong>Christi</strong></span> <span class='ocrx_word' id='word_1_27' title='bbox 671 820 967 878; x_wconf 83' lang='lat' dir='ltr'><strong>calamitas.</strong></span> <span class='ocrx_word' id='word_1_28' title='bbox 992 828 994 831; x_wconf 86' lang='grc'><strong>·</strong></span> 
     </span>
    </p>
   </div>
   <div class='ocr_carea' id='block_1_6' title="bbox 272 936 1779 1012">
    <p class='ocr_par' dir='ltr' id='par_1_6' title="bbox 272 936 1779 1012">
     <span class='ocr_line' id='line_1_6' title="bbox 272 936 1779 1012; baseline -0.008 -12"><span class='ocrx_word' id='word_1_29' title='bbox 272 945 362 1001; x_wconf 69' lang='lat'><strong>&#39;59..</strong></span> <span class='ocrx_word' id='word_1_30' title='bbox 391 945 600 998; x_wconf 87' lang='lat' dir='ltr'><strong>Interea</strong></span> <span class='ocrx_word' id='word_1_31' title='bbox 628 942 856 998; x_wconf 86' lang='lat' dir='ltr'><strong>habebat</strong></span> <span class='ocrx_word' id='word_1_32' title='bbox 889 943 1208 1012; x_wconf 64' lang='lat' dir='ltr'><strong>praecipuam</strong></span> <span class='ocrx_word' id='word_1_33' title='bbox 1241 940 1382 994; x_wconf 88' lang='lat' dir='ltr'><strong>inter</strong></span> <span class='ocrx_word' id='word_1_34' title='bbox 1413 939 1648 1007; x_wconf 89' lang='lat' dir='ltr'><strong>reliquas</strong></span> <span class='ocrx_word' id='word_1_35' title='bbox 1671 936 1779 990; x_wconf 80' lang='lat' dir='ltr'><strong>sol-</strong></span> 
     </span>
    </p>
   </div>
   <div class='ocr_carea' id='block_1_7' title="bbox 201 1030 1777 1103">
    <p class='ocr_par' dir='ltr' id='par_1_7' title="bbox 201 1030 1777 1103">
     <span class='ocr_line' id='line_1_7' title="bbox 201 1030 1777 1103; baseline -0.008 -10"><span class='ocrx_word' id='word_1_36' title='bbox 201 1037 532 1093; x_wconf 88' lang='lat' dir='ltr'><strong>licitudinem</strong></span> <span class='ocrx_word' id='word_1_37' title='bbox 581 1036 940 1103; x_wconf 67' lang='lat' dir='ltr'><strong>captiv‘orum;</strong></span> <span class='ocrx_word' id='word_1_38' title='bbox 975 1043 1255 1103; x_wconf 87' lang='lat' dir='ltr'><strong>tantusque</strong></span> <span class='ocrx_word' id='word_1_39' title='bbox 1309 1032 1358 1085; x_wconf 94' lang='lat' dir='ltr'><strong>in</strong></span> <span class='ocrx_word' id='word_1_40' title='bbox 1413 1032 1512 1084; x_wconf 90' lang='lat' dir='ltr'><strong>hac</strong></span> <span class='ocrx_word' id='word_1_41' title='bbox 1551 1030 1777 1084; x_wconf 86' lang='lat' dir='ltr'><strong>admini-</strong></span> 
     </span>
    </p>
   </div>
   <div class='ocr_carea' id='block_1_8' title="bbox 201 1123 1784 1195">
    <p class='ocr_par' dir='ltr' id='par_1_8' title="bbox 201 1123 1784 1195">
     <span class='ocr_line' id='line_1_8' title="bbox 201 1123 1784 1195; baseline -0.004 -12"><span class='ocrx_word' id='word_1_42' title='bbox 201 1130 460 1184; x_wconf 87' lang='lat' dir='ltr'><strong>stratione</strong></span> <span class='ocrx_word' id='word_1_43' title='bbox 488 1128 583 1181; x_wconf 89' lang='lat' dir='ltr'><strong>l&#39;nit</strong></span> <span class='ocrx_word' id='word_1_44' title='bbox 604 1137 818 1195; x_wconf 77' lang='lat' dir='ltr'><strong>tamque</strong></span> <span class='ocrx_word' id='word_1_45' title='bbox 847 1127 1152 1194; x_wconf 69' lang='lat' dir='ltr'><strong>prteclarus,</strong></span> <span class='ocrx_word' id='word_1_46' title='bbox 1183 1133 1240 1178; x_wconf 93' lang='lat' dir='ltr'><strong>ut</strong></span> <span class='ocrx_word' id='word_1_47' title='bbox 1263 1125 1458 1178; x_wconf 89' lang='lat' dir='ltr'><strong>nullius</strong></span> <span class='ocrx_word' id='word_1_48' title='bbox 1489 1125 1589 1178; x_wconf 82' lang='lat' dir='ltr'><strong>hoc</strong></span> <span class='ocrx_word' id='word_1_49' title='bbox 1616 1123 1784 1191; x_wconf 78' lang='lat' dir='ltr'><strong>possit</strong></span> 
     </span>
    </p>
   </div>
   <div class='ocr_carea' id='block_1_9' title="bbox 202 1217 1782 1291">
    <p class='ocr_par' dir='ltr' id='par_1_9' title="bbox 202 1217 1782 1291">
     <span class='ocr_line' id='line_1_9' title="bbox 202 1217 1782 1291; baseline -0.008 -13"><span class='ocrx_word' id='word_1_50' title='bbox 202 1224 421 1291; x_wconf 77' lang='lat' dir='ltr'><strong>explere</strong></span> <span class='ocrx_word' id='word_1_51' title='bbox 450 1221 658 1276; x_wconf 81' lang='lat' dir='ltr'><strong>relatio.</strong></span> <span class='ocrx_word' id='word_1_52' title='bbox 690 1219 819 1273; x_wconf 83' lang='lat' dir='ltr'><strong>Nam</strong></span> <span class='ocrx_word' id='word_1_53' title='bbox 844 1218 1070 1287; x_wconf 87' lang='lat' dir='ltr'><strong>quodam</strong></span> <span class='ocrx_word' id='word_1_54' title='bbox 1103 1219 1210 1280; x_wconf 84' lang='lat' dir='ltr'><strong>die,</strong></span> <span class='ocrx_word' id='word_1_55' title='bbox 1243 1217 1367 1270; x_wconf 89' lang='lat' dir='ltr'><strong>dum</strong></span> <span class='ocrx_word' id='word_1_56' title='bbox 1396 1217 1610 1271; x_wconf 74' lang='lat' dir='ltr'><strong>deesset</strong></span> <span class='ocrx_word' id='word_1_57' title='bbox 1654 1231 1782 1269; x_wconf 89' lang='lat' dir='ltr'><strong>san-</strong></span> 
     </span>
    </p>
   </div>
   <div class='ocr_carea' id='block_1_10' title="bbox 201 1311 1785 1382">
    <p class='ocr_par' dir='ltr' id='par_1_10' title="bbox 201 1311 1785 1382">
     <span class='ocr_line' id='line_1_10' title="bbox 201 1311 1785 1382; baseline -0.006 -11"><span class='ocrx_word' id='word_1_58' title='bbox 201 1313 578 1371; x_wconf 77' lang='lat' dir='ltr'><strong>ctismanibus</strong></span> <span class='ocrx_word' id='word_1_59' title='bbox 605 1313 717 1366; x_wconf 90' lang='lat' dir='ltr'><strong>auri</strong></span> <span class='ocrx_word' id='word_1_60' title='bbox 749 1313 828 1366; x_wconf 87' lang='lat' dir='ltr'><strong>vel</strong></span> <span class='ocrx_word' id='word_1_61' title='bbox 855 1311 1059 1382; x_wconf 81' lang='lat' dir='ltr'><strong>argenti</strong></span> <span class='ocrx_word' id='word_1_62' title='bbox 1094 1311 1334 1379; x_wconf 83' lang='lat' dir='ltr'><strong>spcies,</strong></span> <span class='ocrx_word' id='word_1_63' title='bbox 1375 1311 1518 1378; x_wconf 90' lang='lat' dir='ltr'><strong>quod</strong></span> <span class='ocrx_word' id='word_1_64' title='bbox 1570 1311 1785 1362; x_wconf 71' lang='lat' dir='ltr'><strong>daretur</strong></span> 
     </span>
    </p>
   </div>
   <div class='ocr_carea' id='block_1_11' title="bbox 203 1401 1784 1476">
    <p class='ocr_par' dir='ltr' id='par_1_11' title="bbox 203 1401 1784 1476">
     <span class='ocr_line' id='line_1_11' title="bbox 203 1401 1784 1476; baseline -0.01 -13"><span class='ocrx_word' id='word_1_65' title='bbox 203 1408 406 1476; x_wconf 78' lang='lat' dir='ltr'><strong>egenis,</strong></span> <span class='ocrx_word' id='word_1_66' title='bbox 431 1404 797 1474; x_wconf 79' lang='lat' dir='ltr'><strong>interpellatus</strong></span> <span class='ocrx_word' id='word_1_67' title='bbox 817 1420 846 1456; x_wconf 91' lang='lat' dir='ltr'><strong>a</strong></span> <span class='ocrx_word' id='word_1_68' title='bbox 871 1418 1124 1472; x_wconf 86' lang='lat' dir='ltr'><strong>paupere,</strong></span> <span class='ocrx_word' id='word_1_69' title='bbox 1150 1404 1255 1456; x_wconf 88' lang='lat' dir='ltr'><strong>ait:</strong></span> <span class='ocrx_word' id='word_1_70' title='bbox 1281 1401 1414 1468; x_wconf 87' lang='lat' dir='ltr'><strong>Quid</strong></span> <span class='ocrx_word' id='word_1_71' title='bbox 1448 1401 1538 1473; x_wconf 89' lang='lat' dir='ltr'><strong>tibi</strong></span> <span class='ocrx_word' id='word_1_72' title='bbox 1570 1402 1784 1465; x_wconf 77' lang='lat' dir='ltr'><strong>iaciam,</strong></span> 
     </span>
    </p>
   </div>
   <div class='ocr_carea' id='block_1_12' title="bbox 206 1492 1786 1564">
    <p class='ocr_par' dir='ltr' id='par_1_12' title="bbox 206 1492 1786 1564">
     <span class='ocr_line' id='line_1_12' title="bbox 206 1492 1786 1564; baseline -0.003 -13"><span class='ocrx_word' id='word_1_73' title='bbox 206 1498 406 1552; x_wconf 84' lang='lat' dir='ltr'><strong>misell-</strong></span> <span class='ocrx_word' id='word_1_74' title='bbox 438 1498 633 1552; x_wconf 87' lang='lat' dir='ltr'><strong>meus?</strong></span> <span class='ocrx_word' id='word_1_75' title='bbox 665 1512 696 1564; x_wconf 91' lang='lat' dir='ltr'><strong>q</strong></span> <span class='ocrx_word' id='word_1_76' title='bbox 723 1495 803 1549; x_wconf 83' lang='lat' dir='ltr'><strong>:od</strong></span> <span class='ocrx_word' id='word_1_77' title='bbox 839 1493 1008 1547; x_wconf 81' lang='lat' dir='ltr'><strong>habeo</strong></span> <span class='ocrx_word' id='word_1_78' title='bbox 1052 1495 1151 1548; x_wconf 87' lang='lat' dir='ltr'><strong>hoc</strong></span> <span class='ocrx_word' id='word_1_79' title='bbox 1190 1494 1260 1547; x_wconf 91' lang='lat' dir='ltr'><strong>do</strong></span> <span class='ocrx_word' id='word_1_80' title='bbox 1309 1493 1425 1548; x_wconf 84' lang='lat' dir='ltr'><strong>tibi.</strong></span> <span class='ocrx_word' id='word_1_81' title='bbox 1481 1492 1786 1561; x_wconf 82' lang='lat' dir='ltr'><strong>Ingrediens</strong></span> 
     </span>
    </p>
   </div>
   <div class='ocr_carea' id='block_1_13' title="bbox 203 1583 1782 1656">
    <p class='ocr_par' dir='ltr' id='par_1_13' title="bbox 203 1583 1782 1656">
     <span class='ocr_line' id='line_1_13' title="bbox 203 1583 1782 1656; baseline -0.006 -14"><span class='ocrx_word' id='word_1_82' title='bbox 203 1605 332 1656; x_wconf 80' lang='lat' dir='ltr'><strong>ergo</strong></span> <span class='ocrx_word' id='word_1_83' title='bbox 361 1588 548 1641; x_wconf 79' lang='lat' dir='ltr'><strong>cellam</strong></span> <span class='ocrx_word' id='word_1_84' title='bbox 565 1601 733 1651; x_wconf 89' lang='lat' dir='ltr'><strong>suam,</strong></span> <span class='ocrx_word' id='word_1_85' title='bbox 753 1587 1096 1652; x_wconf 85' lang='lat' dir='ltr'><strong>easulamque</strong></span> <span class='ocrx_word' id='word_1_86' title='bbox 1114 1600 1270 1654; x_wconf 89' lang='lat' dir='ltr'><strong>quam</strong></span> <span class='ocrx_word' id='word_1_87' title='bbox 1297 1585 1684 1653; x_wconf 79' lang='lat' dir='ltr'><strong>processoriam</strong></span> <span class='ocrx_word' id='word_1_88' title='bbox 1709 1583 1782 1654; x_wconf 81' lang='lat' dir='ltr'><strong>(a)</strong></span> 
     </span>
    </p>
   </div>
   <div class='ocr_carea' id='block_1_14' title="bbox 206 1675 1788 1746">
    <p class='ocr_par' dir='ltr' id='par_1_14' title="bbox 206 1675 1788 1746">
     <span class='ocr_line' id='line_1_14' title="bbox 206 1675 1788 1746; baseline -0.002 -15"><span class='ocrx_word' id='word_1_89' title='bbox 206 1678 462 1742; x_wconf 59' lang='lat' dir='ltr'><strong>habebat,</strong></span> <span class='ocrx_word' id='word_1_90' title='bbox 515 1678 794 1746; x_wconf 69' lang='lat' dir='ltr'><strong>albumque</strong></span> <span class='ocrx_word' id='word_1_91' title='bbox 847 1675 921 1746; x_wconf 86' lang='lat' dir='ltr'><strong>(b)</strong></span> <span class='ocrx_word' id='word_1_92' title='bbox 975 1678 1278 1744; x_wconf 88' lang='lat' dir='ltr'><strong>paschalcm</strong></span> <span class='ocrx_word' id='word_1_93' title='bbox 1326 1676 1607 1743; x_wconf 71' lang='lat' dir='ltr'><strong>exhibens,</strong></span> <span class='ocrx_word' id='word_1_94' title='bbox 1641 1677 1788 1730; x_wconf 81' lang='lat' dir='ltr'><strong>dedit</strong></span> 
     </span>
    </p>
   </div>
   <div class='ocr_carea' id='block_1_15' title="bbox 201 1767 1787 1837">
    <p class='ocr_par' dir='ltr' id='par_1_15' title="bbox 201 1767 1787 1837">
     <span class='ocr_line' id='line_1_15' title="bbox 201 1767 1787 1837; baseline -0.002 -14"><span class='ocrx_word' id='word_1_95' title='bbox 201 1770 275 1833; x_wconf 85' lang='lat' dir='ltr'><strong>ei.</strong></span> <span class='ocrx_word' id='word_1_96' title='bbox 307 1770 526 1824; x_wconf 87' lang='lat' dir='ltr'><strong>dicens:</strong></span> <span class='ocrx_word' id='word_1_97' title='bbox 565 1768 728 1836; x_wconf 84' lang='lat' dir='ltr'><strong>Vade,</strong></span> <span class='ocrx_word' id='word_1_98' title='bbox 759 1770 929 1822; x_wconf 81' lang='lat' dir='ltr'><strong>vende</strong></span> <span class='ocrx_word' id='word_1_99' title='bbox 955 1769 1255 1834; x_wconf 66' lang='lat' dir='ltr'><strong>cuicunque</strong></span> <span class='ocrx_word' id='word_1_100' title='bbox 1277 1767 1496 1833; x_wconf 88' lang='lat' dir='ltr'><strong>clerico,</strong></span> <span class='ocrx_word' id='word_1_101' title='bbox 1529 1778 1585 1822; x_wconf 92' lang='lat' dir='ltr'><strong>et</strong></span> <span class='ocrx_word' id='word_1_102' title='bbox 1614 1771 1787 1837; x_wconf 86' lang='lat' dir='ltr'><strong>pretio</strong></span> 
     </span>
    </p>
   </div>
   <div class='ocr_carea' id='block_1_16' title="bbox 205 1859 1782 1931">
    <p class='ocr_par' dir='ltr' id='par_1_16' title="bbox 205 1859 1782 1931">
     <span class='ocr_line' id='line_1_16' title="bbox 205 1859 1782 1931; baseline -0.003 -14"><span class='ocrx_word' id='word_1_103' title='bbox 205 1862 371 1931; x_wconf 86' lang='lat' dir='ltr'><strong>ipsius</strong></span> <span class='ocrx_word' id='word_1_104' title='bbox 403 1861 622 1916; x_wconf 81' lang='lat' dir='ltr'><strong>redime</strong></span> <span class='ocrx_word' id='word_1_105' title='bbox 667 1861 933 1929; x_wconf 88' lang='lat' dir='ltr'><strong>captivum</strong></span> <span class='ocrx_word' id='word_1_106' title='bbox 969 1869 1138 1912; x_wconf 89' lang='lat' dir='ltr'><strong>tuum.</strong></span> <span class='ocrx_word' id='word_1_107' title='bbox 1168 1859 1284 1912; x_wconf 81' lang='lat' dir='ltr'><strong>Non</strong></span> <span class='ocrx_word' id='word_1_108' title='bbox 1318 1860 1492 1913; x_wconf 89' lang='lat' dir='ltr'><strong>solum</strong></span> <span class='ocrx_word' id='word_1_109' title='bbox 1523 1861 1664 1914; x_wconf 89' lang='lat' dir='ltr'><strong>enim</strong></span> <span class='ocrx_word' id='word_1_110' title='bbox 1697 1861 1782 1924; x_wconf 90' lang='lat' dir='ltr'><strong>qui</strong></span> 
     </span>
    </p>
   </div>
   <div class='ocr_carea' id='block_1_17' title="bbox 201 1950 1783 2023">
    <p class='ocr_par' dir='ltr' id='par_1_17' title="bbox 201 1950 1783 2023">
     <span class='ocr_line' id='line_1_17' title="bbox 201 1950 1783 2023; baseline -0.003 -14"><span class='ocrx_word' id='word_1_111' title='bbox 201 1970 325 2010; x_wconf 88' lang='lat' dir='ltr'><strong>eum</strong></span> <span class='ocrx_word' id='word_1_112' title='bbox 366 1952 706 2023; x_wconf 80' lang='lat' dir='ltr'><strong>expetierunt</strong></span> <span class='ocrx_word' id='word_1_113' title='bbox 743 1952 1065 2020; x_wconf 83' lang='lat' dir='ltr'><strong>captivitatis</strong></span> <span class='ocrx_word' id='word_1_114' title='bbox 1112 1959 1237 2006; x_wconf 87' lang='lat' dir='ltr'><strong>sunt</strong></span> <span class='ocrx_word' id='word_1_115' title='bbox 1271 1950 1501 2004; x_wconf 87' lang='lat' dir='ltr'><strong>vinculis</strong></span> <span class='ocrx_word' id='word_1_116' title='bbox 1532 1950 1783 2016; x_wconf 84' lang='lat' dir='ltr'><strong>absoluti,</strong></span> 
     </span>
    </p>
   </div>
   <div class='ocr_carea' id='block_1_18' title="bbox 201 2041 1788 2113">
    <p class='ocr_par' dir='ltr' id='par_1_18' title="bbox 201 2041 1788 2113">
     <span class='ocr_line' id='line_1_18' title="bbox 201 2041 1788 2113; baseline -0.004 -13"><span class='ocrx_word' id='word_1_117' title='bbox 201 2045 296 2101; x_wconf 86' lang='lat' dir='ltr'><strong>sed</strong></span> <span class='ocrx_word' id='word_1_118' title='bbox 322 2046 434 2113; x_wconf 90' lang='lat' dir='ltr'><strong>ipse</strong></span> <span class='ocrx_word' id='word_1_119' title='bbox 455 2058 665 2113; x_wconf 90' lang='lat' dir='ltr'><strong>quoque</strong></span> <span class='ocrx_word' id='word_1_120' title='bbox 710 2058 805 2111; x_wconf 89' lang='lat' dir='ltr'><strong>pro</strong></span> <span class='ocrx_word' id='word_1_121' title='bbox 855 2042 1182 2096; x_wconf 79' lang='lat' dir='ltr'><strong>redimendis</strong></span> <span class='ocrx_word' id='word_1_122' title='bbox 1227 2042 1467 2111; x_wconf 80' lang='lat' dir='ltr'><strong>captivis</strong></span> <span class='ocrx_word' id='word_1_123' title='bbox 1499 2041 1788 2095; x_wconf 61' lang='lat' dir='ltr'><strong>Carcassi-</strong></span> 
     </span>
    </p>
   </div>
   <div class='ocr_carea' id='block_1_19' title="bbox 203 2131 1791 2204">
    <p class='ocr_par' dir='ltr' id='par_1_19' title="bbox 203 2131 1791 2204">
     <span class='ocr_line' id='line_1_19' title="bbox 203 2131 1791 2204; baseline -0.003 -14"><span class='ocrx_word' id='word_1_124' title='bbox 203 2152 326 2191; x_wconf 88' lang='lat' dir='ltr'><strong>nam</strong></span> <span class='ocrx_word' id='word_1_125' title='bbox 357 2135 426 2200; x_wconf 78' lang='grc' dir='ltr'><strong>(ε)</strong></span> <span class='ocrx_word' id='word_1_126' title='bbox 461 2136 726 2204; x_wconf 80' lang='lat' dir='ltr'><strong>prolectus</strong></span> <span class='ocrx_word' id='word_1_127' title='bbox 754 2145 836 2188; x_wconf 85' lang='lat' dir='ltr'><strong>est</strong></span> <span class='ocrx_word' id='word_1_128' title='bbox 865 2133 1161 2187; x_wconf 88' lang='lat' dir='ltr'><strong>civitatem.</strong></span> <span class='ocrx_word' id='word_1_129' title='bbox 1196 2132 1328 2186; x_wconf 86' lang='lat' dir='ltr'><strong>Nam</strong></span> <span class='ocrx_word' id='word_1_130' title='bbox 1363 2142 1418 2188; x_wconf 90' lang='lat' dir='ltr'><strong>et</strong></span> <span class='ocrx_word' id='word_1_131' title='bbox 1448 2131 1628 2186; x_wconf 91' lang='lat' dir='ltr'><strong>multis</strong></span> <span class='ocrx_word' id='word_1_132' title='bbox 1665 2132 1791 2187; x_wconf 87' lang='lat' dir='ltr'><strong>vici-</strong></span> 
     </span>
    </p>
   </div>
   <div class='ocr_carea' id='block_1_20' title="bbox 203 2223 1790 2295">
    <p class='ocr_par' dir='ltr' id='par_1_20' title="bbox 203 2223 1790 2295">
     <span class='ocr_line' id='line_1_20' title="bbox 203 2223 1790 2295; baseline -0.002 -13"><span class='ocrx_word' id='word_1_133' title='bbox 203 2229 302 2282; x_wconf 90' lang='lat' dir='ltr'><strong>bus</strong></span> <span class='ocrx_word' id='word_1_134' title='bbox 331 2243 420 2295; x_wconf 86' lang='lat' dir='ltr'><strong>per</strong></span> <span class='ocrx_word' id='word_1_135' title='bbox 443 2227 556 2280; x_wconf 82' lang='lat' dir='ltr'><strong>loca</strong></span> <span class='ocrx_word' id='word_1_136' title='bbox 585 2227 792 2280; x_wconf 87' lang='lat' dir='ltr'><strong>diversa</strong></span> <span class='ocrx_word' id='word_1_137' title='bbox 825 2224 1068 2288; x_wconf 78' lang='lat' dir='ltr'><strong>abbates,</strong></span> <span class='ocrx_word' id='word_1_138' title='bbox 1089 2225 1343 2278; x_wconf 85' lang='lat' dir='ltr'><strong>diacoaes</strong></span> <span class='ocrx_word' id='word_1_139' title='bbox 1365 2233 1419 2278; x_wconf 90' lang='lat' dir='ltr'><strong>et</strong></span> <span class='ocrx_word' id='word_1_140' title='bbox 1437 2223 1665 2279; x_wconf 87' lang='lat' dir='ltr'><strong>clericos</strong></span> <span class='ocrx_word' id='word_1_141' title='bbox 1694 2239 1790 2292; x_wconf 87' lang='lat' dir='ltr'><strong>pro</strong></span> 
     </span>
    </p>
   </div>
   <div class='ocr_carea' id='block_1_21' title="bbox 202 2318 1151 2389">
    <p class='ocr_par' dir='ltr' id='par_1_21' title="bbox 202 2318 1151 2389">
     <span class='ocr_line' id='line_1_21' title="bbox 202 2318 1151 2389; baseline -0.006 -13"><span class='ocrx_word' id='word_1_142' title='bbox 202 2321 570 2389; x_wconf 72' lang='lat' dir='ltr'><strong>redemptione</strong></span> <span class='ocrx_word' id='word_1_143' title='bbox 595 2319 909 2374; x_wconf 84' lang='lat' dir='ltr'><strong>miserorum</strong></span> <span class='ocrx_word' id='word_1_144' title='bbox 938 2318 1151 2371; x_wconf 80' lang='lat' dir='ltr'><strong>direxit.</strong></span> 
     </span>
    </p>
   </div>
   <div class='ocr_carea' id='block_1_22' title="bbox 274 2431 1788 2501">
    <p class='ocr_par' dir='ltr' id='par_1_22' title="bbox 274 2431 1788 2501">
     <span class='ocr_line' id='line_1_22' title="bbox 274 2431 1788 2501; baseline -0.003 -11"><span class='ocrx_word' id='word_1_145' title='bbox 274 2434 364 2490; x_wconf 79' lang='lat'><strong>53.</strong></span> <span class='ocrx_word' id='word_1_146' title='bbox 407 2435 507 2488; x_wconf 85' lang='lat' dir='ltr'><strong>Tot</strong></span> <span class='ocrx_word' id='word_1_147' title='bbox 535 2441 712 2487; x_wconf 90' lang='lat' dir='ltr'><strong>autem</strong></span> <span class='ocrx_word' id='word_1_148' title='bbox 745 2432 937 2486; x_wconf 68' lang='lat' dir='ltr'><strong>divinae</strong></span> <span class='ocrx_word' id='word_1_149' title='bbox 960 2434 1143 2501; x_wconf 75' lang='lat' dir='ltr'><strong>gratiae</strong></span> <span class='ocrx_word' id='word_1_150' title='bbox 1176 2433 1401 2486; x_wconf 80' lang='lat' dir='ltr'><strong>virtutes</strong></span> <span class='ocrx_word' id='word_1_151' title='bbox 1423 2431 1570 2486; x_wconf 90' lang='lat' dir='ltr'><strong>solus</strong></span> <span class='ocrx_word' id='word_1_152' title='bbox 1592 2431 1673 2484; x_wconf 90' lang='lat' dir='ltr'><strong>ba‘</strong></span> <span class='ocrx_word' id='word_1_153' title='bbox 1696 2446 1788 2486; x_wconf 87' lang='lat' dir='ltr'><strong>ere</strong></span> 
     </span>
    </p>
   </div>
   <div class='ocr_carea' id='block_1_23' title="bbox 201 2534 1789 2608">
    <p class='ocr_par' dir='ltr' id='par_1_23' title="bbox 201 2534 1789 2608">
     <span class='ocr_line' id='line_1_23' title="bbox 201 2534 1789 2608; baseline -0.003 -16"><span class='ocrx_word' id='word_1_154' title='bbox 201 2537 520 2608; x_wconf 87' lang='lat' dir='ltr'><strong>promeruit,</strong></span> <span class='ocrx_word' id='word_1_155' title='bbox 547 2546 677 2603; x_wconf 87' lang='lat' dir='ltr'><strong>qttot</strong></span> <span class='ocrx_word' id='word_1_156' title='bbox 727 2538 813 2589; x_wconf 75' lang='lat' dir='ltr'><strong>vix</strong></span> <span class='ocrx_word' id='word_1_157' title='bbox 844 2535 924 2588; x_wconf 90' lang='lat' dir='ltr'><strong>.in</strong></span> <span class='ocrx_word' id='word_1_158' title='bbox 982 2534 1229 2605; x_wconf 89' lang='lat' dir='ltr'><strong>plurimis</strong></span> <span class='ocrx_word' id='word_1_159' title='bbox 1281 2535 1389 2589; x_wconf 90' lang='lat' dir='ltr'><strong>Deo</strong></span> <span class='ocrx_word' id='word_1_160' title='bbox 1431 2534 1789 2590; x_wconf 86' lang='lat' dir='ltr'><strong>servientibus</strong></span> 
     </span>
    </p>
   </div>
   <div class='ocr_carea' id='block_1_24' title="bbox 205 2628 1787 2701">
    <p class='ocr_par' dir='ltr' id='par_1_24' title="bbox 205 2628 1787 2701">
     <span class='ocr_line' id='line_1_24' title="bbox 205 2628 1787 2701; baseline -0.002 -17"><span class='ocrx_word' id='word_1_161' title='bbox 205 2631 517 2684; x_wconf 82' lang='lat' dir='ltr'><strong>ﬂoruerunt.</strong></span> <span class='ocrx_word' id='word_1_162' title='bbox 552 2628 669 2698; x_wconf 85' lang='lat' dir='ltr'><strong>ipse</strong></span> <span class='ocrx_word' id='word_1_163' title='bbox 700 2639 876 2682; x_wconf 83' lang='lat' dir='ltr'><strong>tamen</strong></span> <span class='ocrx_word' id='word_1_164' title='bbox 901 2628 978 2682; x_wconf 91' lang='lat' dir='ltr'><strong>sic</strong></span> <span class='ocrx_word' id='word_1_165' title='bbox 1010 2631 1059 2681; x_wconf 80' lang='lat' dir='ltr'><strong>in</strong></span> <span class='ocrx_word' id='word_1_166' title='bbox 1091 2643 1150 2681; x_wconf 89' lang='lat' dir='ltr'><strong>se</strong></span> <span class='ocrx_word' id='word_1_167' title='bbox 1183 2642 1612 2696; x_wconf 77' lang='lat' dir='ltr'><strong>unamquamque</strong></span> <span class='ocrx_word' id='word_1_168' title='bbox 1663 2642 1787 2701; x_wconf 80' lang='lat' dir='ltr'><strong>per-</strong></span> 
     </span>
    </p>
   </div>
   <div class='ocr_carea' id='block_1_25' title="bbox 203 2718 1785 2790">
    <p class='ocr_par' dir='ltr' id='par_1_25' title="bbox 203 2718 1785 2790">
     <span class='ocr_line' id='line_1_25' title="bbox 203 2718 1785 2790; baseline -0.004 -14"><span class='ocrx_word' id='word_1_169' title='bbox 203 2737 390 2776; x_wconf 89' lang='lat' dir='ltr'><strong>sonam</strong></span> <span class='ocrx_word' id='word_1_170' title='bbox 436 2735 648 2790; x_wconf 85' lang='lat' dir='ltr'><strong>semper</strong></span> <span class='ocrx_word' id='word_1_171' title='bbox 696 2719 950 2784; x_wconf 83' lang='lat' dir='ltr'><strong>excoluit,</strong></span> <span class='ocrx_word' id='word_1_172' title='bbox 1001 2729 1249 2788; x_wconf 87' lang='lat' dir='ltr'><strong>tanquam</strong></span> <span class='ocrx_word' id='word_1_173' title='bbox 1303 2719 1345 2774; x_wconf 88' lang='lat' dir='ltr'><strong>si</strong></span> <span class='ocrx_word' id='word_1_174' title='bbox 1398 2719 1565 2787; x_wconf 88' lang='lat' dir='ltr'><strong>ipsam</strong></span> <span class='ocrx_word' id='word_1_175' title='bbox 1615 2718 1785 2772; x_wconf 54' lang='lat' dir='ltr'><strong>solum</strong></span> 
     </span>
    </p>
   </div>
   <div class='ocr_carea' id='block_1_26' title="bbox 203 2811 1784 2884">
    <p class='ocr_par' dir='ltr' id='par_1_26' title="bbox 203 2811 1784 2884">
     <span class='ocr_line' id='line_1_26' title="bbox 203 2811 1784 2884; baseline -0.001 -20"><span class='ocrx_word' id='word_1_176' title='bbox 203 2829 422 2884; x_wconf 86' lang='lat' dir='ltr'><strong>prorsus</strong></span> <span class='ocrx_word' id='word_1_177' title='bbox 481 2814 733 2868; x_wconf 77' lang='lat' dir='ltr'><strong>haberet:</strong></span> <span class='ocrx_word' id='word_1_178' title='bbox 777 2812 954 2867; x_wconf 86' lang='lat' dir='ltr'><strong>tanditt</strong></span> <span class='ocrx_word' id='word_1_179' title='bbox 990 2812 1105 2880; x_wconf 75' lang='lat' dir='ltr'><strong>eius</strong></span> <span class='ocrx_word' id='word_1_180' title='bbox 1131 2811 1487 2880; x_wconf 63' lang='lat' dir='ltr'><strong>praecedentia</strong></span> <span class='ocrx_word' id='word_1_181' title='bbox 1531 2811 1784 2879; x_wconf 86' lang='lat' dir='ltr'><strong>pulcher-</strong></span> 
     </span>
    </p>
   </div>
   <div class='ocr_carea' id='block_1_27' title="bbox 201 2889 1785 2975">
    <p class='ocr_par' dir='ltr' id='par_1_27' title="bbox 201 2889 1785 2975">
     <span class='ocr_line' id='line_1_27' title="bbox 201 2889 1785 2975; baseline -0.004 -13"><span class='ocrx_word' id='word_1_182' title='bbox 201 2911 336 2962; x_wconf 81' lang='lat' dir='ltr'><strong>rima</strong></span> <span class='ocrx_word' id='word_1_183' title='bbox 368 2922 428 2961; x_wconf 90' lang='lat' dir='ltr'><strong>ac</strong></span> <span class='ocrx_word' id='word_1_184' title='bbox 451 2905 832 2975; x_wconf 78' lang='lat' dir='ltr'><strong>iucundissima</strong></span> <span class='ocrx_word' id='word_1_185' title='bbox 868 2889 1167 2968; x_wconf 78' lang='lat' dir='ltr'><strong>videbatur,</strong></span> <span class='ocrx_word' id='word_1_186' title='bbox 1211 2903 1445 2972; x_wconf 89' lang='lat' dir='ltr'><strong>quandiu</strong></span> <span class='ocrx_word' id='word_1_187' title='bbox 1482 2919 1512 2957; x_wconf 91' lang='lat' dir='ltr'><strong>a</strong></span> <span class='ocrx_word' id='word_1_188' title='bbox 1553 2918 1785 2972; x_wconf 87' lang='lat' dir='ltr'><strong>sequen-</strong></span> 
     </span>
    </p>
   </div>
   <div class='ocr_carea' id='block_1_28' title="bbox 202 2994 1786 3065">
    <p class='ocr_par' dir='ltr' id='par_1_28' title="bbox 202 2994 1786 3065">
     <span class='ocr_line' id='line_1_28' title="bbox 202 2994 1786 3065; baseline -0.002 -13"><span class='ocrx_word' id='word_1_189' title='bbox 202 2999 346 3053; x_wconf 89' lang='lat' dir='ltr'><strong>tibus</strong></span> <span class='ocrx_word' id='word_1_190' title='bbox 386 2997 708 3053; x_wconf 88' lang='lat' dir='ltr'><strong>vinceretur.</strong></span> <span class='ocrx_word' id='word_1_191' title='bbox 754 2997 883 3062; x_wconf 84' lang='lat' dir='ltr'><strong>Quis</strong></span> <span class='ocrx_word' id='word_1_192' title='bbox 925 2997 1068 3051; x_wconf 91' lang='lat' dir='ltr'><strong>enim</strong></span> <span class='ocrx_word' id='word_1_193' title='bbox 1111 2996 1226 3065; x_wconf 85' lang='lat' dir='ltr'><strong>ejus</strong></span> <span class='ocrx_word' id='word_1_194' title='bbox 1276 2994 1614 3064; x_wconf 83' lang='lat' dir='ltr'><strong>patientiam,</strong></span> <span class='ocrx_word' id='word_1_195' title='bbox 1665 2995 1786 3064; x_wconf 77' lang='lat' dir='ltr'><strong>quis</strong></span> 
     </span>
    </p>
   </div>
   <div class='ocr_carea' id='block_1_29' title="bbox 202 3078 1784 3160">
    <p class='ocr_par' dir='ltr' id='par_1_29' title="bbox 202 3078 1784 3160">
     <span class='ocr_line' id='line_1_29' title="bbox 202 3078 1784 3160; baseline -0.001 -16"><span class='ocrx_word' id='word_1_196' title='bbox 202 3090 525 3158; x_wconf 83' lang='lat' dir='ltr'><strong>puritatem,</strong></span> <span class='ocrx_word' id='word_1_197' title='bbox 572 3091 689 3160; x_wconf 86' lang='lat' dir='ltr'><strong>quis</strong></span> <span class='ocrx_word' id='word_1_198' title='bbox 738 3090 1058 3145; x_wconf 86' lang='lat' dir='ltr'><strong>charita&#39;tem</strong></span> <span class='ocrx_word' id='word_1_199' title='bbox 1089 3132 1104 3156; x_wconf 92' lang='lat'><strong>,</strong></span> <span class='ocrx_word' id='word_1_200' title='bbox 1159 3089 1277 3160; x_wconf 86' lang='lat' dir='ltr'><strong>quis</strong></span> <span class='ocrx_word' id='word_1_201' title='bbox 1322 3078 1584 3143; x_wconf 70' lang='lat' dir='ltr'><strong>fervorem</strong></span> <span class='ocrx_word' id='word_1_202' title='bbox 1627 3089 1784 3157; x_wconf 83' lang='lat' dir='ltr'><strong>spiri-</strong></span> 
     </span>
    </p>
   </div>
   <div class='ocr_carea' id='block_1_30' title="bbox 202 3179 1785 3250">
    <p class='ocr_par' dir='ltr' id='par_1_30' title="bbox 202 3179 1785 3250">
     <span class='ocr_line' id='line_1_30' title="bbox 202 3179 1785 3250; baseline -0.001 -14"><span class='ocrx_word' id='word_1_203' title='bbox 202 3192 315 3246; x_wconf 85' lang='lat' dir='ltr'><strong>tus,</strong></span> <span class='ocrx_word' id='word_1_204' title='bbox 360 3181 482 3250; x_wconf 90' lang='lat' dir='ltr'><strong>quis</strong></span> <span class='ocrx_word' id='word_1_205' title='bbox 525 3180 901 3236; x_wconf 83' lang='lat' dir='ltr'><strong>discretionem</strong></span> <span class='ocrx_word' id='word_1_206' title='bbox 929 3224 943 3246; x_wconf 90' lang='lat'><strong>,</strong></span> <span class='ocrx_word' id='word_1_207' title='bbox 1009 3180 1126 3249; x_wconf 81' lang='lat' dir='ltr'><strong>quis</strong></span> <span class='ocrx_word' id='word_1_208' title='bbox 1188 3179 1572 3249; x_wconf 75' lang='lat' dir='ltr'><strong>benignitatem</strong></span> <span class='ocrx_word' id='word_1_209' title='bbox 1599 3219 1618 3248; x_wconf 91' lang='lat'><strong>,</strong></span> <span class='ocrx_word' id='word_1_210' title='bbox 1666 3179 1785 3249; x_wconf 79' lang='lat' dir='ltr'><strong>quis</strong></span> 
     </span>
    </p>
   </div>
   <div class='ocr_carea' id='block_1_31' title="bbox 1593 409 2090 471">
    <p class='ocr_par' dir='ltr' id='par_1_31' title="bbox 1593 409 2090 471">
     <span class='ocr_line' id='line_1_31' title="bbox 1593 409 2090 471; baseline -0.012 0"><span class='ocrx_word' id='word_1_211' title='bbox 1593 415 1769 471; x_wconf 79' lang='lat' dir='ltr'><strong>VITA.</strong></span> <span class='ocrx_word' id='word_1_212' title='bbox 1815 410 2011 466; x_wconf 79' lang='lat' dir='ltr'><strong>LIBER</strong></span> <span class='ocrx_word' id='word_1_213' title='bbox 2055 409 2090 465; x_wconf 88' lang='lat' dir='ltr'><strong>I.</strong></span> 
     </span>
    </p>
   </div>
   <div class='ocr_carea' id='block_1_32' title="bbox 1824 1900 2256 1960">
    <p class='ocr_par' dir='ltr' id='par_1_32' title="bbox 1824 1900 2256 1960">
     <span class='ocr_line' id='line_1_32' title="bbox 1824 1900 2256 1960; baseline 0.005 -8"><span class='ocrx_word' id='word_1_214' title='bbox 1824 1902 1864 1960; x_wconf 85' lang='grc' dir='ltr'><strong>Β</strong></span> <span class='ocrx_word' id='word_1_215' title='bbox 1891 1900 1976 1953; x_wconf 88' lang='lat' dir='ltr'><strong>dis</strong></span> <span class='ocrx_word' id='word_1_216' title='bbox 2044 1903 2256 1955; x_wconf 83' lang='lat' dir='ltr'><strong>orabat.</strong></span> 
     </span>
    </p>
   </div>
   <div class='ocr_carea' id='block_1_33' title="bbox 3348 401 3484 459">
    <p class='ocr_par' dir='ltr' id='par_1_33' title="bbox 3348 401 3484 459">
     <span class='ocr_line' id='line_1_33' title="bbox 3348 401 3484 459; baseline 0 -3"><span class='ocrx_word' id='word_1_217' title='bbox 3348 401 3484 459; x_wconf 72' lang='grc'><strong>1013</strong></span> 
     </span>
    </p>
   </div>
   <div class='ocr_carea' id='block_1_34' title="bbox 1959 521 3475 596">
    <p class='ocr_par' dir='ltr' id='par_1_34' title="bbox 1959 521 3475 596">
     <span class='ocr_line' id='line_1_34' title="bbox 1959 521 3475 596; baseline -0.005 -17"><span class='ocrx_word' id='word_1_218' title='bbox 1959 529 2050 582; x_wconf 75' lang='grc'><strong>5-1.</strong></span> <span class='ocrx_word' id='word_1_219' title='bbox 2090 528 2146 581; x_wconf 87' lang='lat' dir='ltr'><strong>Si</strong></span> <span class='ocrx_word' id='word_1_220' title='bbox 2189 527 2306 596; x_wconf 84' lang='lat' dir='ltr'><strong>quis</strong></span> <span class='ocrx_word' id='word_1_221' title='bbox 2360 539 2577 578; x_wconf 88' lang='lat' dir='ltr'><strong>suorum</strong></span> <span class='ocrx_word' id='word_1_222' title='bbox 2625 523 2822 592; x_wconf 75' lang='lat' dir='ltr'><strong>iuravit</strong></span> <span class='ocrx_word' id='word_1_223' title='bbox 2870 521 3066 587; x_wconf 89' lang='lat' dir='ltr'><strong>subito,</strong></span> <span class='ocrx_word' id='word_1_224' title='bbox 3118 529 3206 576; x_wconf 85' lang='lat' dir='ltr'><strong>aut</strong></span> <span class='ocrx_word' id='word_1_225' title='bbox 3253 521 3475 575; x_wconf 75' lang='lat' dir='ltr'><strong>forsitan</strong></span> 
     </span>
    </p>
   </div>
   <div class='ocr_carea' id='block_1_35' title="bbox 1885 612 3476 688">
    <p class='ocr_par' dir='ltr' id='par_1_35' title="bbox 1885 612 3476 688">
     <span class='ocr_line' id='line_1_35' title="bbox 1885 612 3476 688; baseline -0.006 -14"><span class='ocrx_word' id='word_1_226' title='bbox 1885 620 2187 686; x_wconf 73' lang='lat' dir='ltr'><strong>maledixit,</strong></span> <span class='ocrx_word' id='word_1_227' title='bbox 2237 625 2393 686; x_wconf 87' lang='lat' dir='ltr'><strong>prout</strong></span> <span class='ocrx_word' id='word_1_228' title='bbox 2425 631 2651 688; x_wconf 89' lang='lat' dir='ltr'><strong>persona</strong></span> <span class='ocrx_word' id='word_1_229' title='bbox 2699 617 2815 681; x_wconf 82' lang='lat' dir='ltr'><strong>iuit,</strong></span> <span class='ocrx_word' id='word_1_230' title='bbox 2869 615 2937 669; x_wconf 83' lang='lat' dir='ltr'><strong>ita</strong></span> <span class='ocrx_word' id='word_1_231' title='bbox 2986 615 3037 668; x_wconf 90' lang='lat' dir='ltr'><strong>in</strong></span> <span class='ocrx_word' id='word_1_232' title='bbox 3087 628 3150 668; x_wconf 89' lang='lat' dir='ltr'><strong>eo</strong></span> <span class='ocrx_word' id='word_1_233' title='bbox 3190 612 3476 667; x_wconf 62' lang='lat' dir='ltr'><strong>salubriter</strong></span> 
     </span>
    </p>
   </div>
   <div class='ocr_carea' id='block_1_36' title="bbox 1884 704 3474 775">
    <p class='ocr_par' dir='ltr' id='par_1_36' title="bbox 1884 704 3474 775">
     <span class='ocr_line' id='line_1_36' title="bbox 1884 704 3474 775; baseline -0.006 -10"><span class='ocrx_word' id='word_1_234' title='bbox 1884 712 2193 766; x_wconf 69' lang='lat' dir='ltr'><strong>vindicavit.</strong></span> <span class='ocrx_word' id='word_1_235' title='bbox 2241 711 2385 763; x_wconf 89' lang='lat' dir='ltr'><strong>Illius</strong></span> <span class='ocrx_word' id='word_1_236' title='bbox 2433 717 2611 763; x_wconf 88' lang='lat' dir='ltr'><strong>tamen</strong></span> <span class='ocrx_word' id='word_1_237' title='bbox 2662 710 2759 762; x_wconf 86' lang='lat' dir='ltr'><strong>ista</strong></span> <span class='ocrx_word' id='word_1_238' title='bbox 2812 707 2908 761; x_wconf 79' lang='lat' dir='ltr'><strong>fuit</strong></span> <span class='ocrx_word' id='word_1_239' title='bbox 2950 723 3044 775; x_wconf 87' lang='lat' dir='ltr'><strong>pro</strong></span> <span class='ocrx_word' id='word_1_240' title='bbox 3094 704 3474 758; x_wconf 81' lang='lat' dir='ltr'><strong>maledictione</strong></span> 
     </span>
    </p>
   </div>
   <div class='ocr_carea' id='block_1_37' title="bbox 1885 799 3473 871">
    <p class='ocr_par' dir='ltr' id='par_1_37' title="bbox 1885 799 3473 871">
     <span class='ocr_line' id='line_1_37' title="bbox 1885 799 3473 871; baseline -0.004 -14"><span class='ocrx_word' id='word_1_241' title='bbox 1885 805 2210 861; x_wconf 86' lang='lat' dir='ltr'><strong>benedictio.</strong></span> <span class='ocrx_word' id='word_1_242' title='bbox 2245 803 2288 857; x_wconf 89' lang='lat' dir='ltr'><strong>si</strong></span> <span class='ocrx_word' id='word_1_243' title='bbox 2318 811 2502 858; x_wconf 90' lang='lat' dir='ltr'><strong>contra</strong></span> <span class='ocrx_word' id='word_1_244' title='bbox 2533 803 2762 871; x_wconf 90' lang='lat' dir='ltr'><strong>aliquem</strong></span> <span class='ocrx_word' id='word_1_245' title='bbox 2797 799 3086 868; x_wconf 85' lang='lat' dir='ltr'><strong>aliquando</strong></span> <span class='ocrx_word' id='word_1_246' title='bbox 3135 811 3310 851; x_wconf 84' lang='lat' dir='ltr'><strong>motus</strong></span> <span class='ocrx_word' id='word_1_247' title='bbox 3341 807 3428 851; x_wconf 87' lang='lat' dir='ltr'><strong>est</strong></span> <span class='ocrx_word' id='word_1_248' title='bbox 3460 814 3473 850; x_wconf 91' lang='lat'><strong>:</strong></span> 
     </span>
    </p>
   </div>
   <div class='ocr_carea' id='block_1_38' title="bbox 1886 891 3474 963">
    <p class='ocr_par' dir='ltr' id='par_1_38' title="bbox 1886 891 3474 963">
     <span class='ocr_line' id='line_1_38' title="bbox 1886 891 3474 963; baseline -0.004 -14"><span class='ocrx_word' id='word_1_249' title='bbox 1886 895 2063 950; x_wconf 88' lang='lat' dir='ltr'><strong>Deleat</strong></span> <span class='ocrx_word' id='word_1_250' title='bbox 2098 895 2238 949; x_wconf 88' lang='lat' dir='ltr'><strong>Deus</strong></span> <span class='ocrx_word' id='word_1_251' title='bbox 2273 904 2547 963; x_wconf 80' lang='lat' dir='ltr'><strong>peccatum</strong></span> <span class='ocrx_word' id='word_1_252' title='bbox 2594 905 2766 956; x_wconf 91' lang='lat' dir='ltr'><strong>tuum,</strong></span> <span class='ocrx_word' id='word_1_253' title='bbox 2821 891 3028 946; x_wconf 83' lang='lat' dir='ltr'><strong>auferat</strong></span> <span class='ocrx_word' id='word_1_254' title='bbox 3073 891 3211 944; x_wconf 85' lang='lat' dir='ltr'><strong>Deus</strong></span> <span class='ocrx_word' id='word_1_255' title='bbox 3258 899 3474 958; x_wconf 87' lang='lat' dir='ltr'><strong>peccata</strong></span> 
     </span>
    </p>
   </div>
   <div class='ocr_carea' id='block_1_39' title="bbox 1887 984 3470 1057">
    <p class='ocr_par' dir='ltr' id='par_1_39' title="bbox 1887 984 3470 1057">
     <span class='ocr_line' id='line_1_39' title="bbox 1887 984 3470 1057; baseline -0.003 -17"><span class='ocrx_word' id='word_1_256' title='bbox 1887 997 1996 1052; x_wconf 89' lang='lat' dir='ltr'><strong>tua,</strong></span> <span class='ocrx_word' id='word_1_257' title='bbox 2025 990 2248 1057; x_wconf 81' lang='lat' dir='ltr'><strong>castiget</strong></span> <span class='ocrx_word' id='word_1_258' title='bbox 2292 988 2545 1041; x_wconf 77' lang='lat' dir='ltr'><strong>Dominus</strong></span> <span class='ocrx_word' id='word_1_259' title='bbox 2594 987 2849 1042; x_wconf 81' lang='lat' dir='ltr'><strong>delictum</strong></span> <span class='ocrx_word' id='word_1_260' title='bbox 2888 997 3056 1047; x_wconf 87' lang='lat' dir='ltr'><strong>luunt,</strong></span> <span class='ocrx_word' id='word_1_261' title='bbox 3095 992 3151 1037; x_wconf 88' lang='lat' dir='ltr'><strong>ut</strong></span> <span class='ocrx_word' id='word_1_262' title='bbox 3200 984 3324 1038; x_wconf 87' lang='lat' dir='ltr'><strong>illuc</strong></span> <span class='ocrx_word' id='word_1_263' title='bbox 3365 1000 3470 1036; x_wconf 77' lang='lat' dir='ltr'><strong>INH</strong></span> 
     </span>
    </p>
   </div>
   <div class='ocr_carea' id='block_1_40' title="bbox 1885 1079 3499 1156">
    <p class='ocr_par' dir='ltr' id='par_1_40' title="bbox 1885 1079 3499 1156">
     <span class='ocr_line' id='line_1_40' title="bbox 1885 1079 3499 1156; baseline -0.004 -23"><span class='ocrx_word' id='word_1_264' title='bbox 1885 1094 2125 1135; x_wconf 86' lang='lat' dir='ltr'><strong>servetur</strong></span> <span class='ocrx_word' id='word_1_265' title='bbox 2155 1082 2244 1135; x_wconf 91' lang='lat' dir='ltr'><strong>tibi</strong></span> <span class='ocrx_word' id='word_1_266' title='bbox 2273 1098 2286 1146; x_wconf 88' lang='lat'><strong>;</strong></span> <span class='ocrx_word' id='word_1_267' title='bbox 2311 1082 2546 1150; x_wconf 75' lang='lat' dir='ltr'><strong>eorrigat</strong></span> <span class='ocrx_word' id='word_1_268' title='bbox 2587 1079 2673 1133; x_wconf 88' lang='lat' dir='ltr'><strong>hic</strong></span> <span class='ocrx_word' id='word_1_269' title='bbox 2705 1079 2960 1132; x_wconf 75' lang='lat' dir='ltr'><strong>Dominus</strong></span> <span class='ocrx_word' id='word_1_270' title='bbox 3005 1089 3245 1130; x_wconf 75' lang='lat' dir='ltr'><strong>errorem</strong></span> <span class='ocrx_word' id='word_1_271' title='bbox 3300 1087 3499 1156; x_wconf 53' lang='lat' dir='ltr'><strong>tuunn.</strong></span> 
     </span>
    </p>
   </div>
   <div class='ocr_carea' id='block_1_41' title="bbox 1887 1155 3469 1247">
    <p class='ocr_par' dir='ltr' id='par_1_41' title="bbox 1887 1155 3469 1247">
     <span class='ocr_line' id='line_1_41' title="bbox 1887 1155 3469 1247; baseline -0.004 -20"><span class='ocrx_word' id='word_1_272' title='bbox 1887 1177 1964 1227; x_wconf 81' lang='lat' dir='ltr'><strong>Ad</strong></span> <span class='ocrx_word' id='word_1_273' title='bbox 1999 1175 2083 1247; x_wconf 81' lang='lat' dir='ltr'><strong>[ad</strong></span> <span class='ocrx_word' id='word_1_274' title='bbox 2117 1176 2301 1228; x_wconf 84' lang='lat' dir='ltr'><strong>om&#39;ttit</strong></span> <span class='ocrx_word' id='word_1_275' title='bbox 2335 1172 2504 1243; x_wconf 76' lang='lat' dir='ltr'><strong>Mab.]</strong></span> <span class='ocrx_word' id='word_1_276' title='bbox 2537 1175 2843 1227; x_wconf 90' lang='lat' dir='ltr'><strong>interiorem</strong></span> <span class='ocrx_word' id='word_1_277' title='bbox 2875 1155 3030 1226; x_wconf 85' lang='lat' dir='ltr'><strong>suum</strong></span> <span class='ocrx_word' id='word_1_278' title='bbox 3077 1169 3338 1238; x_wconf 59' lang='lat' dir='ltr'><strong>prodebat</strong></span> <span class='ocrx_word' id='word_1_279' title='bbox 3378 1184 3469 1222; x_wconf 79' lang='lat' dir='ltr'><strong>ex-</strong></span> 
     </span>
    </p>
   </div>
   <div class='ocr_carea' id='block_1_42' title="bbox 1888 1262 3478 1334">
    <p class='ocr_par' dir='ltr' id='par_1_42' title="bbox 1888 1262 3478 1334">
     <span class='ocr_line' id='line_1_42' title="bbox 1888 1262 3478 1334; baseline -0.002 -17"><span class='ocrx_word' id='word_1_280' title='bbox 1888 1265 2071 1320; x_wconf 81' lang='lat' dir='ltr'><strong>terior.</strong></span> <span class='ocrx_word' id='word_1_281' title='bbox 2098 1265 2229 1318; x_wconf 87' lang='lat' dir='ltr'><strong>Nam</strong></span> <span class='ocrx_word' id='word_1_282' title='bbox 2266 1267 2414 1320; x_wconf 88' lang='lat' dir='ltr'><strong>vultu</strong></span> <span class='ocrx_word' id='word_1_283' title='bbox 2444 1280 2657 1332; x_wconf 90' lang='lat' dir='ltr'><strong>semper</strong></span> <span class='ocrx_word' id='word_1_284' title='bbox 2684 1265 2891 1334; x_wconf 86' lang='lat' dir='ltr'><strong>placido</strong></span> <span class='ocrx_word' id='word_1_285' title='bbox 2921 1272 2975 1318; x_wconf 87' lang='lat' dir='ltr'><strong>et</strong></span> <span class='ocrx_word' id='word_1_286' title='bbox 3001 1262 3264 1331; x_wconf 76' lang='lat' dir='ltr'><strong>angelico,</strong></span> <span class='ocrx_word' id='word_1_287' title='bbox 3301 1262 3373 1314; x_wconf 90' lang='lat' dir='ltr'><strong>ita</strong></span> <span class='ocrx_word' id='word_1_288' title='bbox 3421 1272 3478 1314; x_wconf 87' lang='lat' dir='ltr'><strong>nt</strong></span> 
     </span>
    </p>
   </div>
   <div class='ocr_carea' id='block_1_43' title="bbox 1887 1355 3476 1423">
    <p class='ocr_par' dir='ltr' id='par_1_43' title="bbox 1887 1355 3476 1423">
     <span class='ocr_line' id='line_1_43' title="bbox 1887 1355 3476 1423; baseline -0.004 -15"><span class='ocrx_word' id='word_1_289' title='bbox 1887 1355 2177 1408; x_wconf 73' lang='lat' dir='ltr'><strong>secutidum</strong></span> <span class='ocrx_word' id='word_1_290' title='bbox 2208 1356 2562 1423; x_wconf 85' lang='lat' dir='ltr'><strong>Scrip&#39;uram,</strong></span> <span class='ocrx_word' id='word_1_291' title='bbox 2593 1356 2755 1409; x_wconf 90' lang='lat' dir='ltr'><strong>corde</strong></span> <span class='ocrx_word' id='word_1_292' title='bbox 2786 1355 2999 1409; x_wconf 62' lang='lat' dir='ltr'><strong>laetante</strong></span> <span class='ocrx_word' id='word_1_293' title='bbox 3032 1356 3206 1408; x_wconf 84' lang='lat' dir='ltr'><strong>vultus</strong></span> <span class='ocrx_word' id='word_1_294' title='bbox 3237 1355 3476 1408; x_wconf 83' lang='lat' dir='ltr'><strong>ﬂoreret.</strong></span> 
     </span>
    </p>
   </div>
   <div class='ocr_carea' id='block_1_44' title="bbox 1890 1441 3468 1514">
    <p class='ocr_par' dir='ltr' id='par_1_44' title="bbox 1890 1441 3468 1514">
     <span class='ocr_line' id='line_1_44' title="bbox 1890 1441 3468 1514; baseline -0.001 -17"><span class='ocrx_word' id='word_1_295' title='bbox 1890 1441 2188 1514; x_wconf 82' lang='lat' dir='ltr'><strong>Sic[.’llab.,</strong></span> <span class='ocrx_word' id='word_1_296' title='bbox 2219 1443 2378 1514; x_wconf 89' lang='lat' dir='ltr'><strong>sicut]</strong></span> <span class='ocrx_word' id='word_1_297' title='bbox 2428 1461 2696 1514; x_wconf 85' lang='lat' dir='ltr'><strong>nunquam</strong></span> <span class='ocrx_word' id='word_1_298' title='bbox 2751 1445 2805 1498; x_wconf 90' lang='lat' dir='ltr'><strong>in</strong></span> <span class='ocrx_word' id='word_1_299' title='bbox 2851 1443 3131 1512; x_wconf 44' lang='lat' dir='ltr'><strong>risujutto</strong></span> <span class='ocrx_word' id='word_1_300' title='bbox 3168 1443 3468 1505; x_wconf 73' lang='lat' dir='ltr'><strong>remissior,</strong></span> 
     </span>
    </p>
   </div>
   <div class='ocr_carea' id='block_1_45' title="bbox 1890 1532 3474 1602">
    <p class='ocr_par' dir='ltr' id='par_1_45' title="bbox 1890 1532 3474 1602">
     <span class='ocr_line' id='line_1_45' title="bbox 1890 1532 3474 1602; baseline -0.001 -17"><span class='ocrx_word' id='word_1_301' title='bbox 1890 1533 1961 1585; x_wconf 91' lang='lat' dir='ltr'><strong>ita</strong></span> <span class='ocrx_word' id='word_1_302' title='bbox 2002 1547 2272 1602; x_wconf 84' lang='lat' dir='ltr'><strong>nunquam</strong></span> <span class='ocrx_word' id='word_1_303' title='bbox 2323 1535 2569 1588; x_wconf 69' lang='lat' dir='ltr'><strong>lliﬂﬂ&#39;Ol‘lS</strong></span> <span class='ocrx_word' id='word_1_304' title='bbox 2618 1534 2895 1588; x_wconf 89' lang='lat' dir='ltr'><strong>nimietate</strong></span> <span class='ocrx_word' id='word_1_305' title='bbox 2965 1533 3254 1600; x_wconf 69' lang='lat' dir='ltr'><strong>depressus</strong></span> <span class='ocrx_word' id='word_1_306' title='bbox 3288 1577 3301 1601; x_wconf 57' lang='grc' dir='ltr'><strong><em>τ</em></strong></span> <span class='ocrx_word' id='word_1_307' title='bbox 3374 1532 3474 1585; x_wconf 82' lang='lat' dir='ltr'><strong>nisi</strong></span> 
     </span>
    </p>
   </div>
   <div class='ocr_carea' id='block_1_46' title="bbox 1891 1623 3477 1696">
    <p class='ocr_par' dir='ltr' id='par_1_46' title="bbox 1891 1623 3477 1696">
     <span class='ocr_line' id='line_1_46' title="bbox 1891 1623 3477 1696; baseline 0.002 -21"><span class='ocrx_word' id='word_1_308' title='bbox 1891 1623 2028 1677; x_wconf 82' lang='lat' dir='ltr'><strong>forte</strong></span> <span class='ocrx_word' id='word_1_309' title='bbox 2071 1625 2286 1694; x_wconf 90' lang='lat' dir='ltr'><strong>quando</strong></span> <span class='ocrx_word' id='word_1_310' title='bbox 2345 1641 2444 1694; x_wconf 88' lang='lat' dir='ltr'><strong>pro</strong></span> <span class='ocrx_word' id='word_1_311' title='bbox 2509 1627 2698 1681; x_wconf 91' lang='lat' dir='ltr'><strong>alienis</strong></span> <span class='ocrx_word' id='word_1_312' title='bbox 2744 1625 2978 1696; x_wconf 82' lang='lat' dir='ltr'><strong>peccatis</strong></span> <span class='ocrx_word' id='word_1_313' title='bbox 3036 1625 3273 1695; x_wconf 77' lang='lat' dir='ltr'><strong>lugebat.</strong></span> <span class='ocrx_word' id='word_1_314' title='bbox 3338 1626 3477 1678; x_wconf 63' lang='lat' dir='ltr'><strong>Nam</strong></span> 
     </span>
    </p>
   </div>
   <div class='ocr_carea' id='block_1_47' title="bbox 1895 1717 3479 1785">
    <p class='ocr_par' dir='ltr' id='par_1_47' title="bbox 1895 1717 3479 1785">
     <span class='ocr_line' id='line_1_47' title="bbox 1895 1717 3479 1785; baseline 0.001 -19"><span class='ocrx_word' id='word_1_315' title='bbox 1895 1729 2052 1784; x_wconf 86' lang='lat' dir='ltr'><strong>quam</strong></span> <span class='ocrx_word' id='word_1_316' title='bbox 2116 1717 2345 1785; x_wconf 82' lang='lat' dir='ltr'><strong>aliquem</strong></span> <span class='ocrx_word' id='word_1_317' title='bbox 2397 1717 2521 1770; x_wconf 87' lang='lat' dir='ltr'><strong>odio</strong></span> <span class='ocrx_word' id='word_1_318' title='bbox 2595 1717 2820 1779; x_wconf 88' lang='lat' dir='ltr'><strong>habuit,</strong></span> <span class='ocrx_word' id='word_1_319' title='bbox 2873 1727 2927 1771; x_wconf 87' lang='lat' dir='ltr'><strong>et</strong></span> <span class='ocrx_word' id='word_1_320' title='bbox 2989 1733 3092 1770; x_wconf 87' lang='lat' dir='ltr'><strong>non</strong></span> <span class='ocrx_word' id='word_1_321' title='bbox 3160 1719 3332 1770; x_wconf 84' lang='lat' dir='ltr'><strong>solum</strong></span> <span class='ocrx_word' id='word_1_322' title='bbox 3385 1731 3479 1784; x_wconf 88' lang='lat' dir='ltr'><strong>pro</strong></span> 
     </span>
    </p>
   </div>
   <div class='ocr_carea' id='block_1_48' title="bbox 1893 1809 3480 1880">
    <p class='ocr_par' dir='ltr' id='par_1_48' title="bbox 1893 1809 3480 1880">
     <span class='ocr_line' id='line_1_48' title="bbox 1893 1809 3480 1880; baseline 0.003 -21"><span class='ocrx_word' id='word_1_323' title='bbox 1893 1809 2098 1872; x_wconf 89' lang='lat' dir='ltr'><strong>amicis,</strong></span> <span class='ocrx_word' id='word_1_324' title='bbox 2146 1810 2240 1863; x_wconf 88' lang='lat' dir='ltr'><strong>sed</strong></span> <span class='ocrx_word' id='word_1_325' title='bbox 2275 1813 2448 1875; x_wconf 84' lang='lat' dir='ltr'><strong>etiam</strong></span> <span class='ocrx_word' id='word_1_326' title='bbox 2504 1827 2597 1880; x_wconf 88' lang='lat' dir='ltr'><strong>pro</strong></span> <span class='ocrx_word' id='word_1_327' title='bbox 2652 1811 2884 1865; x_wconf 89' lang='lat' dir='ltr'><strong>inimicis</strong></span> <span class='ocrx_word' id='word_1_328' title='bbox 2946 1821 3054 1864; x_wconf 86' lang='lat' dir='ltr'><strong>toto</strong></span> <span class='ocrx_word' id='word_1_329' title='bbox 3111 1811 3304 1864; x_wconf 77' lang='lat' dir='ltr'><strong>aﬂ’ecm</strong></span> <span class='ocrx_word' id='word_1_330' title='bbox 3361 1824 3480 1864; x_wconf 89' lang='lat' dir='ltr'><strong>cor-</strong></span> 
     </span>
    </p>
   </div>
   <div class='ocr_carea' id='block_1_49' title="bbox 2329 1902 3470 1972">
    <p class='ocr_par' dir='ltr' id='par_1_49' title="bbox 2329 1902 3470 1972">
     <span class='ocr_line' id='line_1_49' title="bbox 2329 1902 3470 1972; baseline 0 -17"><span class='ocrx_word' id='word_1_331' title='bbox 2329 1902 2437 1956; x_wconf 83' lang='lat' dir='ltr'><strong>Nec</strong></span> <span class='ocrx_word' id='word_1_332' title='bbox 2504 1903 2698 1972; x_wconf 64' lang='lat' dir='ltr'><strong>docuit]</strong></span> <span class='ocrx_word' id='word_1_333' title='bbox 2745 1905 2921 1956; x_wconf 58' lang='lat' dir='ltr'><strong>verbis</strong></span> <span class='ocrx_word' id='word_1_334' title='bbox 2953 1903 3094 1970; x_wconf 90' lang='lat' dir='ltr'><strong>quod</strong></span> <span class='ocrx_word' id='word_1_335' title='bbox 3154 1918 3257 1955; x_wconf 90' lang='lat' dir='ltr'><strong>non</strong></span> <span class='ocrx_word' id='word_1_336' title='bbox 3308 1902 3470 1957; x_wconf 88' lang='lat' dir='ltr'><strong>adim-</strong></span> 
     </span>
    </p>
   </div>
   <div class='ocr_carea' id='block_1_50' title="bbox 1896 1992 3480 2061">
    <p class='ocr_par' dir='ltr' id='par_1_50' title="bbox 1896 1992 3480 2061">
     <span class='ocr_line' id='line_1_50' title="bbox 1896 1992 3480 2061; baseline 0.003 -18"><span class='ocrx_word' id='word_1_337' title='bbox 1896 1992 2070 2060; x_wconf 70' lang='lat' dir='ltr'><strong>plervt</strong></span> <span class='ocrx_word' id='word_1_338' title='bbox 2115 1995 2400 2061; x_wconf 72' lang='lat' dir='ltr'><strong>exemplis.</strong></span> <span class='ocrx_word' id='word_1_339' title='bbox 2433 1993 2584 2048; x_wconf 82' lang='lat' dir='ltr'><strong>Nulla</strong></span> <span class='ocrx_word' id='word_1_340' title='bbox 2640 2011 2760 2049; x_wconf 90' lang='lat' dir='ltr'><strong>eum</strong></span> <span class='ocrx_word' id='word_1_341' title='bbox 2823 1996 2950 2049; x_wconf 86' lang='lat' dir='ltr'><strong>hora</strong></span> <span class='ocrx_word' id='word_1_342' title='bbox 2999 1997 3103 2049; x_wconf 88' lang='lat' dir='ltr'><strong>diei</strong></span> <span class='ocrx_word' id='word_1_343' title='bbox 3158 1995 3275 2049; x_wconf 80' lang='lat' dir='ltr'><strong>sine</strong></span> <span class='ocrx_word' id='word_1_344' title='bbox 3315 1995 3480 2048; x_wconf 84' lang='lat' dir='ltr'><strong>divini</strong></span> 
     </span>
    </p>
   </div>
   <div class='ocr_carea' id='block_1_51' title="bbox 1893 2083 3480 2151">
    <p class='ocr_par' dir='ltr' id='par_1_51' title="bbox 1893 2083 3480 2151">
     <span class='ocr_line' id='line_1_51' title="bbox 1893 2083 3480 2151; baseline 0.001 -15"><span class='ocrx_word' id='word_1_345' title='bbox 1893 2083 2092 2151; x_wconf 85' lang='lat' dir='ltr'><strong>eloquii</strong></span> <span class='ocrx_word' id='word_1_346' title='bbox 2144 2084 2490 2139; x_wconf 84' lang='lat' dir='ltr'><strong>meditatione</strong></span> <span class='ocrx_word' id='word_1_347' title='bbox 2534 2087 2814 2149; x_wconf 81' lang='lat' dir='ltr'><strong>transibat,</strong></span> <span class='ocrx_word' id='word_1_348' title='bbox 2865 2086 2958 2140; x_wconf 90' lang='lat' dir='ltr'><strong>sed</strong></span> <span class='ocrx_word' id='word_1_349' title='bbox 2984 2100 3082 2139; x_wconf 90' lang='lat' dir='ltr'><strong>nec</strong></span> <span class='ocrx_word' id='word_1_350' title='bbox 3128 2084 3480 2140; x_wconf 88' lang='lat' dir='ltr'><strong>dormientem</strong></span> 
     </span>
    </p>
   </div>
   <div class='ocr_carea' id='block_1_52' title="bbox 1894 2175 3479 2244">
    <p class='ocr_par' dir='ltr' id='par_1_52' title="bbox 1894 2175 3479 2244">
     <span class='ocr_line' id='line_1_52' title="bbox 1894 2175 3479 2244; baseline 0.005 -19"><span class='ocrx_word' id='word_1_351' title='bbox 1894 2175 2239 2242; x_wconf 67' lang='lat' dir='ltr'><strong>praeteribat;</strong></span> <span class='ocrx_word' id='word_1_352' title='bbox 2275 2191 2396 2230; x_wconf 90' lang='lat' dir='ltr'><strong>nam</strong></span> <span class='ocrx_word' id='word_1_353' title='bbox 2428 2178 2736 2244; x_wconf 83' lang='lat' dir='ltr'><strong>trequenter</strong></span> <span class='ocrx_word' id='word_1_354' title='bbox 2762 2187 2815 2232; x_wconf 89' lang='lat' dir='ltr'><strong>et</strong></span> <span class='ocrx_word' id='word_1_355' title='bbox 2838 2178 3077 2232; x_wconf 89' lang='lat' dir='ltr'><strong>dormire</strong></span> <span class='ocrx_word' id='word_1_356' title='bbox 3110 2178 3254 2233; x_wconf 80' lang='lat' dir='ltr'><strong>visus</strong></span> <span class='ocrx_word' id='word_1_357' title='bbox 3304 2189 3385 2234; x_wconf 89' lang='lat' dir='ltr'><strong>est</strong></span> <span class='ocrx_word' id='word_1_358' title='bbox 3423 2189 3479 2233; x_wconf 89' lang='lat' dir='ltr'><strong>ct</strong></span> 
     </span>
    </p>
   </div>
   <div class='ocr_carea' id='block_1_53' title="bbox 1892 2265 3482 2339">
    <p class='ocr_par' dir='ltr' id='par_1_53' title="bbox 1892 2265 3482 2339">
     <span class='ocr_line' id='line_1_53' title="bbox 1892 2265 3482 2339; baseline 0.003 -21"><span class='ocrx_word' id='word_1_359' title='bbox 1892 2265 2168 2327; x_wconf 88' lang='lat' dir='ltr'><strong>meditari.</strong></span> <span class='ocrx_word' id='word_1_360' title='bbox 2204 2267 2266 2320; x_wconf 86' lang='lat' dir='ltr'><strong>Et</strong></span> <span class='ocrx_word' id='word_1_361' title='bbox 2299 2282 2417 2321; x_wconf 87' lang='lat' dir='ltr'><strong>eum</strong></span> <span class='ocrx_word' id='word_1_362' title='bbox 2448 2283 2478 2322; x_wconf 88' lang='lat' dir='ltr'><strong>a</strong></span> <span class='ocrx_word' id='word_1_363' title='bbox 2511 2269 2856 2323; x_wconf 87' lang='lat' dir='ltr'><strong>meditatione</strong></span> <span class='ocrx_word' id='word_1_364' title='bbox 2885 2269 3207 2337; x_wconf 88' lang='lat' dir='ltr'><strong>psalmorum</strong></span> <span class='ocrx_word' id='word_1_365' title='bbox 3237 2279 3325 2322; x_wconf 91' lang='lat' dir='ltr'><strong>aut</strong></span> <span class='ocrx_word' id='word_1_366' title='bbox 3347 2285 3482 2339; x_wconf 69' lang='lat' dir='ltr'><strong>prro-</strong></span> 
     </span>
    </p>
   </div>
   <div class='ocr_carea' id='block_1_54' title="bbox 1891 2357 3483 2423">
    <p class='ocr_par' dir='ltr' id='par_1_54' title="bbox 1891 2357 3483 2423">
     <span class='ocr_line' id='line_1_54' title="bbox 1891 2357 3483 2423; baseline 0.001 -13"><span class='ocrx_word' id='word_1_367' title='bbox 1891 2357 2170 2412; x_wconf 76' lang='lat' dir='ltr'><strong>dic.~itione</strong></span> <span class='ocrx_word' id='word_1_368' title='bbox 2201 2374 2416 2414; x_wconf 87' lang='lat' dir='ltr'><strong>cessare</strong></span> <span class='ocrx_word' id='word_1_369' title='bbox 2447 2361 2747 2423; x_wconf 64' lang='lat' dir='ltr'><strong>videretur,</strong></span> <span class='ocrx_word' id='word_1_370' title='bbox 2783 2363 2948 2415; x_wconf 85' lang='lat' dir='ltr'><strong>lector</strong></span> <span class='ocrx_word' id='word_1_371' title='bbox 2980 2371 3072 2414; x_wconf 91' lang='lat' dir='ltr'><strong>aut</strong></span> <span class='ocrx_word' id='word_1_372' title='bbox 3099 2363 3337 2415; x_wconf 87' lang='lat' dir='ltr'><strong>notarius</strong></span> <span class='ocrx_word' id='word_1_373' title='bbox 3360 2370 3483 2414; x_wconf 81' lang='lat' dir='ltr'><strong>ante</strong></span> 
     </span>
    </p>
   </div>
   <div class='ocr_carea' id='block_1_55' title="bbox 1889 2449 3482 2519">
    <p class='ocr_par' dir='ltr' id='par_1_55' title="bbox 1889 2449 3482 2519">
     <span class='ocr_line' id='line_1_55' title="bbox 1889 2449 3482 2519; baseline 0.002 -17"><span class='ocrx_word' id='word_1_374' title='bbox 1889 2461 2010 2502; x_wconf 88' lang='lat' dir='ltr'><strong>eum</strong></span> <span class='ocrx_word' id='word_1_375' title='bbox 2044 2449 2219 2519; x_wconf 76' lang='lat' dir='ltr'><strong>legere</strong></span> <span class='ocrx_word' id='word_1_376' title='bbox 2251 2467 2355 2504; x_wconf 66' lang='lat' dir='ltr'><strong>non</strong></span> <span class='ocrx_word' id='word_1_377' title='bbox 2390 2452 2689 2505; x_wconf 70' lang='lat' dir='ltr'><strong>desistebat</strong></span> <span class='ocrx_word' id='word_1_378' title='bbox 2717 2470 2730 2505; x_wconf 91' lang='lat'><strong>:</strong></span> <span class='ocrx_word' id='word_1_379' title='bbox 2769 2455 2838 2505; x_wconf 88' lang='lat' dir='ltr'><strong>ita</strong></span> <span class='ocrx_word' id='word_1_380' title='bbox 2873 2463 2930 2505; x_wconf 90' lang='lat' dir='ltr'><strong>ut</strong></span> <span class='ocrx_word' id='word_1_381' title='bbox 2960 2462 3107 2506; x_wconf 89' lang='lat' dir='ltr'><strong>recte</strong></span> <span class='ocrx_word' id='word_1_382' title='bbox 3137 2463 3190 2506; x_wconf 92' lang='lat' dir='ltr'><strong>et</strong></span> <span class='ocrx_word' id='word_1_383' title='bbox 3219 2452 3482 2507; x_wconf 75' lang='lat' dir='ltr'><strong>veraciter</strong></span> 
     </span>
    </p>
   </div>
   <div class='ocr_carea' id='block_1_56' title="bbox 1889 2536 3507 2612">
    <p class='ocr_par' dir='ltr' id='par_1_56' title="bbox 1889 2536 3507 2612">
     <span class='ocr_line' id='line_1_56' title="bbox 1889 2536 3507 2612; baseline 0.002 -21"><span class='ocrx_word' id='word_1_384' title='bbox 1889 2536 2124 2592; x_wconf 87' lang='lat' dir='ltr'><strong>diceret:</strong></span> <span class='ocrx_word' id='word_1_385' title='bbox 2158 2538 2426 2593; x_wconf 78' lang='lat' dir='ltr'><strong>Meditatio</strong></span> <span class='ocrx_word' id='word_1_386' title='bbox 2448 2541 2619 2594; x_wconf 71' lang='lat' dir='ltr'><strong>cordis</strong></span> <span class='ocrx_word' id='word_1_387' title='bbox 2643 2543 2738 2594; x_wconf 87' lang='lat' dir='ltr'><strong>mei</strong></span> <span class='ocrx_word' id='word_1_388' title='bbox 2767 2543 2818 2594; x_wconf 81' lang='lat' dir='ltr'><strong>in</strong></span> <span class='ocrx_word' id='word_1_389' title='bbox 2842 2556 3114 2612; x_wconf 77' lang='lat' dir='ltr'><strong>conspectu</strong></span> <span class='ocrx_word' id='word_1_390' title='bbox 3147 2552 3234 2595; x_wconf 88' lang='lat' dir='ltr'><strong>tuo</strong></span> <span class='ocrx_word' id='word_1_391' title='bbox 3264 2557 3507 2612; x_wconf 76' lang='grc' dir='ltr'><strong>εεηψεν..</strong></span> 
     </span>
    </p>
   </div>
   <div class='ocr_carea' id='block_1_57' title="bbox 1961 2627 3481 2700">
    <p class='ocr_par' dir='ltr' id='par_1_57' title="bbox 1961 2627 3481 2700">
     <span class='ocr_line' id='line_1_57' title="bbox 1961 2627 3481 2700; baseline 0.005 -21"><span class='ocrx_word' id='word_1_392' title='bbox 2095 2629 2334 2695; x_wconf 79' lang='lat' dir='ltr'><strong>Quodam</strong></span> <span class='ocrx_word' id='word_1_393' title='bbox 2367 2630 2526 2699; x_wconf 80' lang='lat' dir='ltr'><strong>igitur</strong></span> <span class='ocrx_word' id='word_1_394' title='bbox 2557 2641 2799 2698; x_wconf 88' lang='lat' dir='ltr'><strong>tempore</strong></span> <span class='ocrx_word' id='word_1_395' title='bbox 2830 2632 2958 2687; x_wconf 87' lang='lat' dir='ltr'><strong>dum</strong></span> <span class='ocrx_word' id='word_1_396' title='bbox 2994 2633 3096 2686; x_wconf 88' lang='lat' dir='ltr'><strong>iter</strong></span> <span class='ocrx_word' id='word_1_397' title='bbox 3119 2630 3306 2700; x_wconf 79' lang='lat' dir='ltr'><strong>ageret</strong></span> <span class='ocrx_word' id='word_1_398' title='bbox 3339 2635 3481 2687; x_wconf 75' lang='lat' dir='ltr'><strong>eirea</strong></span> 
     </span>
    </p>
   </div>
   <div class='ocr_carea' id='block_1_58' title="bbox 1891 2705 3484 2794">
    <p class='ocr_par' dir='ltr' id='par_1_58' title="bbox 1891 2705 3484 2794">
     <span class='ocr_line' id='line_1_58' title="bbox 1891 2705 3484 2794; baseline 0.001 -20"><span class='ocrx_word' id='word_1_399' title='bbox 1891 2721 2083 2786; x_wconf 80' lang='lat' dir='ltr'><strong>Alpina</strong></span> <span class='ocrx_word' id='word_1_400' title='bbox 2140 2721 2275 2784; x_wconf 84' lang='lat' dir='ltr'><strong>loca,</strong></span> <span class='ocrx_word' id='word_1_401' title='bbox 2303 2723 2382 2774; x_wconf 85' lang='lat' dir='ltr'><strong>vir</strong></span> <span class='ocrx_word' id='word_1_402' title='bbox 2425 2723 2744 2777; x_wconf 77' lang='lat' dir='ltr'><strong>venerabilis</strong></span> <span class='ocrx_word' id='word_1_403' title='bbox 2805 2733 3024 2778; x_wconf 88' lang='lat' dir='ltr'><strong>sanctus</strong></span> <span class='ocrx_word' id='word_1_404' title='bbox 3067 2723 3362 2777; x_wconf 75' lang='lat' dir='ltr'><strong>Eucherius</strong></span> <span class='ocrx_word' id='word_1_405' title='bbox 3407 2705 3484 2794; x_wconf 70' lang='lat' dir='ltr'><strong>(ti)</strong></span> 
     </span>
    </p>
   </div>
   <div class='ocr_carea' id='block_1_59' title="bbox 1889 2811 3481 2880">
    <p class='ocr_par' dir='ltr' id='par_1_59' title="bbox 1889 2811 3481 2880">
     <span class='ocr_line' id='line_1_59' title="bbox 1889 2811 3481 2880; baseline 0.004 -17"><span class='ocrx_word' id='word_1_406' title='bbox 1889 2811 2173 2878; x_wconf 87' lang='lat' dir='ltr'><strong>episcopus</strong></span> <span class='ocrx_word' id='word_1_407' title='bbox 2201 2826 2321 2865; x_wconf 90' lang='lat' dir='ltr'><strong>cum</strong></span> <span class='ocrx_word' id='word_1_408' title='bbox 2371 2812 2485 2880; x_wconf 89' lang='lat' dir='ltr'><strong>ipso</strong></span> <span class='ocrx_word' id='word_1_409' title='bbox 2537 2822 2673 2867; x_wconf 89' lang='lat' dir='ltr'><strong>erat.</strong></span> <span class='ocrx_word' id='word_1_410' title='bbox 2733 2814 2952 2867; x_wconf 74' lang='lat' dir='ltr'><strong>Factum</strong></span> <span class='ocrx_word' id='word_1_411' title='bbox 2985 2826 3066 2868; x_wconf 88' lang='lat' dir='ltr'><strong>est</strong></span> <span class='ocrx_word' id='word_1_412' title='bbox 3105 2824 3280 2869; x_wconf 82' lang='lat' dir='ltr'><strong>autem</strong></span> <span class='ocrx_word' id='word_1_413' title='bbox 3333 2826 3390 2869; x_wconf 89' lang='lat' dir='ltr'><strong>ut</strong></span> <span class='ocrx_word' id='word_1_414' title='bbox 3429 2815 3481 2870; x_wconf 89' lang='lat' dir='ltr'><strong>in</strong></span> 
     </span>
    </p>
   </div>
   <div class='ocr_carea' id='block_1_60' title="bbox 1848 2903 3481 2973">
    <p class='ocr_par' dir='ltr' id='par_1_60' title="bbox 1848 2903 3481 2973">
     <span class='ocr_line' id='line_1_60' title="bbox 1848 2903 3481 2973; baseline 0.007 -23"><span class='ocrx_word' id='word_1_415' title='bbox 1848 2946 1853 2950; x_wconf 86' lang='lat'><strong>.</strong></span> <span class='ocrx_word' id='word_1_416' title='bbox 1890 2903 2067 2956; x_wconf 86' lang='lat' dir='ltr'><strong>media</strong></span> <span class='ocrx_word' id='word_1_417' title='bbox 2097 2913 2261 2958; x_wconf 88' lang='lat' dir='ltr'><strong>strata</strong></span> <span class='ocrx_word' id='word_1_418' title='bbox 2295 2904 2364 2973; x_wconf 86' lang='lat' dir='ltr'><strong>(e)</strong></span> <span class='ocrx_word' id='word_1_419' title='bbox 2389 2945 2404 2970; x_wconf 88' lang='lat'><strong>,</strong></span> <span class='ocrx_word' id='word_1_420' title='bbox 2437 2905 2621 2960; x_wconf 77' lang='lat' dir='ltr'><strong>infelix</strong></span> <span class='ocrx_word' id='word_1_421' title='bbox 2676 2917 2730 2960; x_wconf 89' lang='lat' dir='ltr'><strong>et</strong></span> <span class='ocrx_word' id='word_1_422' title='bbox 2761 2907 2966 2960; x_wconf 86' lang='lat' dir='ltr'><strong>intirma</strong></span> <span class='ocrx_word' id='word_1_423' title='bbox 3000 2907 3193 2961; x_wconf 88' lang='lat' dir='ltr'><strong>mulier</strong></span> <span class='ocrx_word' id='word_1_424' title='bbox 3235 2922 3481 2962; x_wconf 72' lang='lat' dir='ltr'><strong>occurre-</strong></span> 
     </span>
    </p>
   </div>
   <div class='ocr_carea' id='block_1_61' title="bbox 1889 2997 3480 3069">
    <p class='ocr_par' dir='ltr' id='par_1_61' title="bbox 1889 2997 3480 3069">
     <span class='ocr_line' id='line_1_61' title="bbox 1889 2997 3480 3069; baseline 0.001 -18"><span class='ocrx_word' id='word_1_425' title='bbox 1889 3006 1972 3051; x_wconf 87' lang='lat' dir='ltr'><strong>ret</strong></span> <span class='ocrx_word' id='word_1_426' title='bbox 1997 2997 2240 3052; x_wconf 88' lang='lat' dir='ltr'><strong>manibus</strong></span> <span class='ocrx_word' id='word_1_427' title='bbox 2287 3006 2342 3051; x_wconf 92' lang='lat' dir='ltr'><strong>et</strong></span> <span class='ocrx_word' id='word_1_428' title='bbox 2391 2998 2615 3066; x_wconf 89' lang='lat' dir='ltr'><strong>pedibus</strong></span> <span class='ocrx_word' id='word_1_429' title='bbox 2664 3000 2979 3062; x_wconf 84' lang='lat' dir='ltr'><strong>contractis,</strong></span> <span class='ocrx_word' id='word_1_430' title='bbox 3026 3009 3080 3053; x_wconf 90' lang='lat' dir='ltr'><strong>et</strong></span> <span class='ocrx_word' id='word_1_431' title='bbox 3127 3015 3222 3069; x_wconf 89' lang='lat' dir='ltr'><strong>per</strong></span> <span class='ocrx_word' id='word_1_432' title='bbox 3281 3009 3480 3054; x_wconf 75' lang='lat' dir='ltr'><strong>terrain</strong></span> 
     </span>
    </p>
   </div>
   <div class='ocr_carea' id='block_1_62' title="bbox 1900 3089 3487 3161">
    <p class='ocr_par' dir='ltr' id='par_1_62' title="bbox 1900 3089 3487 3161">
     <span class='ocr_line' id='line_1_62' title="bbox 1900 3089 3487 3161; baseline -0.001 -17"><span class='ocrx_word' id='word_1_433' title='bbox 1900 3097 2135 3159; x_wconf 89' lang='lat' dir='ltr'><strong>reptans.</strong></span> <span class='ocrx_word' id='word_1_434' title='bbox 2168 3089 2336 3158; x_wconf 80' lang='lat' dir='ltr'><strong>Quam</strong></span> <span class='ocrx_word' id='word_1_435' title='bbox 2369 3106 2490 3145; x_wconf 90' lang='lat' dir='ltr'><strong>cum</strong></span> <span class='ocrx_word' id='word_1_436' title='bbox 2523 3089 2709 3147; x_wconf 83' lang='lat' dir='ltr'><strong>fuisset</strong></span> <span class='ocrx_word' id='word_1_437' title='bbox 2736 3091 2983 3159; x_wconf 90' lang='lat' dir='ltr'><strong>intuitus,</strong></span> <span class='ocrx_word' id='word_1_438' title='bbox 3015 3091 3367 3161; x_wconf 81' lang='lat' dir='ltr'><strong>interrogavit</strong></span> <span class='ocrx_word' id='word_1_439' title='bbox 3409 3091 3487 3158; x_wconf 87' lang='lat' dir='ltr'><strong>ip-</strong></span> 
     </span>
    </p>
   </div>
   <div class='ocr_carea' id='block_1_63' title="bbox 1890 3181 3487 3254">
    <p class='ocr_par' dir='ltr' id='par_1_63' title="bbox 1890 3181 3487 3254">
     <span class='ocr_line' id='line_1_63' title="bbox 1890 3181 3487 3254; baseline 0.002 -18"><span class='ocrx_word' id='word_1_440' title='bbox 1890 3195 2008 3236; x_wconf 88' lang='lat' dir='ltr'><strong>sum</strong></span> <span class='ocrx_word' id='word_1_441' title='bbox 2037 3191 2282 3241; x_wconf 87' lang='lat' dir='ltr'><strong>sanctutn</strong></span> <span class='ocrx_word' id='word_1_442' title='bbox 2317 3181 2642 3237; x_wconf 72' lang='lat' dir='ltr'><strong>Eucherium</strong></span> <span class='ocrx_word' id='word_1_443' title='bbox 2699 3182 2825 3250; x_wconf 88' lang='lat' dir='ltr'><strong>quid</strong></span> <span class='ocrx_word' id='word_1_444' title='bbox 2878 3194 3021 3239; x_wconf 88' lang='lat' dir='ltr'><strong>esset</strong></span> <span class='ocrx_word' id='word_1_445' title='bbox 3067 3183 3170 3237; x_wconf 91' lang='lat' dir='ltr'><strong>hoc</strong></span> <span class='ocrx_word' id='word_1_446' title='bbox 3215 3184 3358 3254; x_wconf 88' lang='lat' dir='ltr'><strong>quod</strong></span> <span class='ocrx_word' id='word_1_447' title='bbox 3410 3184 3487 3239; x_wconf 86' lang='lat' dir='ltr'><strong>sic</strong></span> 
     </span>
    </p>
   </div>
   <div class='ocr_carea' id='block_1_64' title="bbox 202 3269 3484 3348">
    <p class='ocr_par' dir='ltr' id='par_1_64' title="bbox 202 3269 3484 3348">
     <span class='ocr_line' id='line_1_64' title="bbox 202 3269 3484 3348; baseline 0.001 -18"><span class='ocrx_word' id='word_1_448' title='bbox 202 3274 378 3330; x_wconf 82' lang='lat' dir='ltr'><strong>zelum</strong></span> <span class='ocrx_word' id='word_1_449' title='bbox 427 3281 692 3340; x_wconf 81' lang='lat' dir='ltr'><strong>sanctum,</strong></span> <span class='ocrx_word' id='word_1_450' title='bbox 726 3273 845 3343; x_wconf 85' lang='lat' dir='ltr'><strong>quis</strong></span> <span class='ocrx_word' id='word_1_451' title='bbox 891 3271 1073 3343; x_wconf 79' lang='lat' dir='ltr'><strong>jugem</strong></span> <span class='ocrx_word' id='word_1_452' title='bbox 1120 3271 1522 3327; x_wconf 89' lang='lat' dir='ltr'><strong>meditationem</strong></span> <span class='ocrx_word' id='word_1_453' title='bbox 1573 3269 1663 3326; x_wconf 89' lang='lat' dir='ltr'><strong>die</strong></span> <span class='ocrx_word' id='word_1_454' title='bbox 1723 3284 1786 3325; x_wconf 88' lang='lat' dir='ltr'><strong>ac</strong></span> <span class='ocrx_word' id='word_1_455' title='bbox 1814 3278 1861 3340; x_wconf 67' lang='grc' dir='ltr'>(ι</span> <span class='ocrx_word' id='word_1_456' title='bbox 1895 3274 1989 3341; x_wconf 84' lang='lat' dir='ltr'><strong>per</strong></span> <span class='ocrx_word' id='word_1_457' title='bbox 2017 3280 2214 3326; x_wconf 87' lang='lat' dir='ltr'><strong>terram</strong></span> <span class='ocrx_word' id='word_1_458' title='bbox 2243 3287 2302 3326; x_wconf 87' lang='lat' dir='ltr'><strong>se</strong></span> <span class='ocrx_word' id='word_1_459' title='bbox 2333 3273 2586 3328; x_wconf 87' lang='lat' dir='ltr'><strong>traheret.</strong></span> <span class='ocrx_word' id='word_1_460' title='bbox 2634 3274 2728 3328; x_wconf 90' lang='lat' dir='ltr'><strong>Ille</strong></span> <span class='ocrx_word' id='word_1_461' title='bbox 2769 3275 3046 3330; x_wconf 89' lang='lat' dir='ltr'><strong>mulierem</strong></span> <span class='ocrx_word' id='word_1_462' title='bbox 3111 3277 3484 3348; x_wconf 71' lang='lat' dir='ltr'><strong>interrogavit.</strong></span> 
     </span>
    </p>
   </div>
   <div class='ocr_carea' id='block_1_65' title="bbox 201 3362 1788 3436">
    <p class='ocr_par' dir='ltr' id='par_1_65' title="bbox 201 3362 1788 3436">
     <span class='ocr_line' id='line_1_65' title="bbox 201 3362 1788 3436; baseline -0.003 -13"><span class='ocrx_word' id='word_1_463' title='bbox 201 3375 366 3423; x_wconf 88' lang='lat' dir='ltr'><strong>nocte</strong></span> <span class='ocrx_word' id='word_1_464' title='bbox 392 3367 444 3422; x_wconf 91' lang='lat' dir='ltr'><strong>in</strong></span> <span class='ocrx_word' id='word_1_465' title='bbox 478 3367 590 3436; x_wconf 79' lang='lat' dir='ltr'><strong>lege</strong></span> <span class='ocrx_word' id='word_1_466' title='bbox 616 3365 823 3420; x_wconf 89' lang='lat' dir='ltr'><strong>Domini</strong></span> <span class='ocrx_word' id='word_1_467' title='bbox 847 3365 1046 3436; x_wconf 86' lang='lat' dir='ltr'><strong>poterit.</strong></span> <span class='ocrx_word' id='word_1_468' title='bbox 1067 3365 1360 3434; x_wconf 80' lang='lat' dir='ltr'><strong>explicare?</strong></span> <span class='ocrx_word' id='word_1_469' title='bbox 1381 3373 1621 3419; x_wconf 86' lang='lat' dir='ltr'><strong>assertor</strong></span> <span class='ocrx_word' id='word_1_470' title='bbox 1645 3362 1788 3429; x_wconf 75' lang='lat' dir='ltr'><strong>fidei,</strong></span> 
     </span>
    </p>
   </div>
   <div class='ocr_carea' id='block_1_66' title="bbox 203 3455 1794 3522">
    <p class='ocr_par' dir='ltr' id='par_1_66' title="bbox 203 3455 1794 3522">
     <span class='ocr_line' id='line_1_66' title="bbox 203 3455 1794 3522; baseline -0.001 -11"><span class='ocrx_word' id='word_1_471' title='bbox 203 3457 376 3514; x_wconf 80' lang='lat' dir='ltr'><strong>forma</strong></span> <span class='ocrx_word' id='word_1_472' title='bbox 404 3457 764 3522; x_wconf 61' lang='lat' dir='ltr'><strong>sacerdotum,</strong></span> <span class='ocrx_word' id='word_1_473' title='bbox 792 3466 1012 3511; x_wconf 89' lang='lat' dir='ltr'><strong>ornatus</strong></span> <span class='ocrx_word' id='word_1_474' title='bbox 1042 3457 1415 3522; x_wconf 82' lang='lat' dir='ltr'><strong>ecclesiarum,</strong></span> <span class='ocrx_word' id='word_1_475' title='bbox 1469 3455 1794 3522; x_wconf 71' lang='lat' dir='ltr'><strong>praedicator</strong></span> 
     </span>
    </p>
   </div>
   <div class='ocr_carea' id='block_1_67' title="bbox 202 3546 1790 3620">
    <p class='ocr_par' dir='ltr' id='par_1_67' title="bbox 202 3546 1790 3620">
     <span class='ocr_line' id='line_1_67' title="bbox 202 3546 1790 3620; baseline -0.001 -20"><span class='ocrx_word' id='word_1_476' title='bbox 202 3551 415 3620; x_wconf 75' lang='lat' dir='ltr'><strong>gratiae,</strong></span> <span class='ocrx_word' id='word_1_477' title='bbox 433 3547 725 3603; x_wconf 77' lang='lat' dir='ltr'><strong>exstinctor</strong></span> <span class='ocrx_word' id='word_1_478' title='bbox 744 3547 924 3617; x_wconf 73' lang='lat' dir='ltr'><strong>iurgii,</strong></span> <span class='ocrx_word' id='word_1_479' title='bbox 952 3547 1300 3601; x_wconf 85' lang='lat' dir='ltr'><strong>seminarium</strong></span> <span class='ocrx_word' id='word_1_480' title='bbox 1327 3546 1625 3611; x_wconf 72' lang='lat' dir='ltr'><strong>charitatis,</strong></span> <span class='ocrx_word' id='word_1_481' title='bbox 1661 3562 1790 3600; x_wconf 83' lang='lat' dir='ltr'><strong>nor-</strong></span> 
     </span>
    </p>
   </div>
   <div class='ocr_carea' id='block_1_68' title="bbox 203 3621 1795 3707">
    <p class='ocr_par' dir='ltr' id='par_1_68' title="bbox 203 3621 1795 3707">
     <span class='ocr_line' id='line_1_68' title="bbox 203 3621 1795 3707; baseline -0.001 -13"><span class='ocrx_word' id='word_1_482' title='bbox 203 3621 297 3694; x_wconf 80' lang='lat' dir='ltr'><strong>ma</strong></span> <span class='ocrx_word' id='word_1_483' title='bbox 325 3638 648 3707; x_wconf 72' lang='lat' dir='ltr'><strong>dischlinte,</strong></span> <span class='ocrx_word' id='word_1_484' title='bbox 680 3652 888 3692; x_wconf 88' lang='lat' dir='ltr'><strong>morum</strong></span> <span class='ocrx_word' id='word_1_485' title='bbox 911 3637 1252 3704; x_wconf 87' lang='lat' dir='ltr'><strong>ponderator,</strong></span> <span class='ocrx_word' id='word_1_486' title='bbox 1283 3637 1413 3691; x_wconf 86' lang='lat' dir='ltr'><strong>libra</strong></span> <span class='ocrx_word' id='word_1_487' title='bbox 1444 3637 1672 3705; x_wconf 81' lang='lat' dir='ltr'><strong>consilii,</strong></span> <span class='ocrx_word' id='word_1_488' title='bbox 1699 3637 1795 3692; x_wconf 86' lang='lat' dir='ltr'><strong>de-</strong></span> 
     </span>
    </p>
   </div>
   <div class='ocr_carea' id='block_1_69' title="bbox 203 3729 1790 3801">
    <p class='ocr_par' dir='ltr' id='par_1_69' title="bbox 203 3729 1790 3801">
     <span class='ocr_line' id='line_1_69' title="bbox 203 3729 1790 3801; baseline -0.004 -12"><span class='ocrx_word' id='word_1_489' title='bbox 203 3734 382 3789; x_wconf 78' lang='lat' dir='ltr'><strong>fensio</strong></span> <span class='ocrx_word' id='word_1_490' title='bbox 414 3732 754 3801; x_wconf 82' lang='lat' dir='ltr'><strong>pupillorum,</strong></span> <span class='ocrx_word' id='word_1_491' title='bbox 787 3731 1120 3798; x_wconf 89' lang='lat' dir='ltr'><strong>captivormn</strong></span> <span class='ocrx_word' id='word_1_492' title='bbox 1146 3729 1464 3799; x_wconf 90' lang='lat' dir='ltr'><strong>redemptio.</strong></span> <span class='ocrx_word' id='word_1_493' title='bbox 1515 3730 1790 3798; x_wconf 80' lang='lat' dir='ltr'><strong>Nunquam</strong></span> 
     </span>
    </p>
   </div>
   <div class='ocr_carea' id='block_1_70' title="bbox 199 3821 1791 3890">
    <p class='ocr_par' dir='ltr' id='par_1_70' title="bbox 199 3821 1791 3890">
     <span class='ocr_line' id='line_1_70' title="bbox 199 3821 1791 3890; baseline -0.003 -10"><span class='ocrx_word' id='word_1_494' title='bbox 199 3826 274 3880; x_wconf 83' lang='lat' dir='ltr'><strong>de</strong></span> <span class='ocrx_word' id='word_1_495' title='bbox 305 3839 398 3879; x_wconf 90' lang='lat' dir='ltr'><strong>ore</strong></span> <span class='ocrx_word' id='word_1_496' title='bbox 426 3824 568 3879; x_wconf 89' lang='lat' dir='ltr'><strong>illius</strong></span> <span class='ocrx_word' id='word_1_497' title='bbox 588 3823 874 3887; x_wconf 78' lang='lat' dir='ltr'><strong>detraCtio,</strong></span> <span class='ocrx_word' id='word_1_498' title='bbox 909 3836 1180 3890; x_wconf 82' lang='lat' dir='ltr'><strong>nunquam</strong></span> <span class='ocrx_word' id='word_1_499' title='bbox 1231 3821 1595 3886; x_wconf 87' lang='lat' dir='ltr'><strong>mendacium,</strong></span> <span class='ocrx_word' id='word_1_500' title='bbox 1651 3838 1791 3876; x_wconf 58' lang='lat' dir='ltr'><strong>nun.</strong></span> 
     </span>
    </p>
   </div>
   <div class='ocr_carea' id='block_1_71' title="bbox 199 3913 1792 3986">
    <p class='ocr_par' dir='ltr' id='par_1_71' title="bbox 199 3913 1792 3986">
     <span class='ocr_line' id='line_1_71' title="bbox 199 3913 1792 3986; baseline 0 -20"><span class='ocrx_word' id='word_1_501' title='bbox 199 3929 368 3986; x_wconf 78' lang='lat' dir='ltr'><strong>quam</strong></span> <span class='ocrx_word' id='word_1_502' title='bbox 422 3913 758 3967; x_wconf 79' lang='lat' dir='ltr'><strong>maledictum</strong></span> <span class='ocrx_word' id='word_1_503' title='bbox 801 3922 987 3967; x_wconf 85' lang='lat' dir='ltr'><strong>contra</strong></span> <span class='ocrx_word' id='word_1_504' title='bbox 1027 3913 1454 3982; x_wconf 83' lang='lat' dir='ltr'><strong>qualemcunque</strong></span> <span class='ocrx_word' id='word_1_505' title='bbox 1509 3927 1792 3981; x_wconf 82' lang='lat' dir='ltr'><strong>personam</strong></span> 
     </span>
    </p>
   </div>
   <div class='ocr_carea' id='block_1_72' title="bbox 199 4003 1791 4077">
    <p class='ocr_par' dir='ltr' id='par_1_72' title="bbox 199 4003 1791 4077">
     <span class='ocr_line' id='line_1_72' title="bbox 199 4003 1791 4077; baseline -0.002 -19"><span class='ocrx_word' id='word_1_506' title='bbox 199 4005 493 4077; x_wconf 83' lang='lat' dir='ltr'><strong>processit.</strong></span> <span class='ocrx_word' id='word_1_507' title='bbox 525 4003 593 4059; x_wconf 83' lang='lat' dir='ltr'><strong>Et</strong></span> <span class='ocrx_word' id='word_1_508' title='bbox 622 4020 726 4059; x_wconf 89' lang='lat' dir='ltr'><strong>non</strong></span> <span class='ocrx_word' id='word_1_509' title='bbox 751 4005 926 4058; x_wconf 85' lang='lat' dir='ltr'><strong>solum</strong></span> <span class='ocrx_word' id='word_1_510' title='bbox 957 4019 1061 4058; x_wconf 78' lang='lat' dir='ltr'><strong>non</strong></span> <span class='ocrx_word' id='word_1_511' title='bbox 1091 4004 1320 4058; x_wconf 80' lang='lat' dir='ltr'><strong>detraxit</strong></span> <span class='ocrx_word' id='word_1_512' title='bbox 1371 4003 1643 4072; x_wconf 88' lang='lat' dir='ltr'><strong>cuiquam,</strong></span> <span class='ocrx_word' id='word_1_513' title='bbox 1697 4004 1791 4058; x_wconf 83' lang='lat' dir='ltr'><strong>sed</strong></span> 
     </span>
    </p>
   </div>
   <div class='ocr_carea' id='block_1_73' title="bbox 203 4095 1246 4165">
    <p class='ocr_par' dir='ltr' id='par_1_73' title="bbox 203 4095 1246 4165">
     <span class='ocr_line' id='line_1_73' title="bbox 203 4095 1246 4165; baseline -0.007 -11"><span class='ocrx_word' id='word_1_514' title='bbox 203 4113 314 4154; x_wconf 87' lang='lat' dir='ltr'><strong>nec</strong></span> <span class='ocrx_word' id='word_1_515' title='bbox 340 4097 706 4151; x_wconf 79' lang='lat' dir='ltr'><strong>detrahentem</strong></span> <span class='ocrx_word' id='word_1_516' title='bbox 739 4095 1246 4165; x_wconf 77' lang='lat' dir='ltr'><strong>pa&#39;ienter&#39;audivit.</strong></span> 
     </span>
    </p>
   </div>
   <div class='ocr_carea' id='block_1_74' title="bbox 282 4205 1794 4279">
    <p class='ocr_par' dir='ltr' id='par_1_74' title="bbox 282 4205 1794 4279">
     <span class='ocr_line' id='line_1_74' title="bbox 282 4205 1794 4279; baseline -0.001 -19"><span class='ocrx_word' id='word_1_517' title='bbox 282 4209 364 4279; x_wconf 88' lang='lat' dir='ltr'><strong>(a)</strong></span> <span class='ocrx_word' id='word_1_518' title='bbox 393 4208 444 4262; x_wconf 75' lang='lat' dir='ltr'><strong>ltl</strong></span> <span class='ocrx_word' id='word_1_519' title='bbox 474 4216 575 4268; x_wconf 84' lang='lat' dir='ltr'><strong>est,</strong></span> <span class='ocrx_word' id='word_1_520' title='bbox 593 4214 850 4276; x_wconf 90' lang='lat' dir='ltr'><strong>quantum</strong></span> <span class='ocrx_word' id='word_1_521' title='bbox 882 4205 1248 4279; x_wconf 63' lang='lat' dir='ltr'><strong>CD!’!jiCl”,ﬂUt</strong></span> <span class='ocrx_word' id='word_1_522' title='bbox 1284 4207 1335 4260; x_wconf 93' lang='lat' dir='ltr'><strong>in</strong></span> <span class='ocrx_word' id='word_1_523' title='bbox 1366 4206 1794 4274; x_wconf 73' lang='lat' dir='ltr'><strong>processionibu;</strong></span> 
     </span>
    </p>
   </div>
   <div class='ocr_carea' id='block_1_75' title="bbox 203 4275 1343 4345">
    <p class='ocr_par' dir='ltr' id='par_1_75' title="bbox 203 4275 1343 4345">
     <span class='ocr_line' id='line_1_75' title="bbox 203 4275 1343 4345; baseline -0.007 -7"><span class='ocrx_word' id='word_1_524' title='bbox 203 4275 309 4338; x_wconf 80' lang='lat' dir='ltr'><strong>seu</strong></span> <span class='ocrx_word' id='word_1_525' title='bbox 342 4275 756 4344; x_wconf 80' lang='lat' dir='ltr'><strong>supplicantium</strong></span> <span class='ocrx_word' id='word_1_526' title='bbox 796 4275 1006 4345; x_wconf 78' lang='lat' dir='ltr'><strong>agmine</strong></span> <span class='ocrx_word' id='word_1_527' title='bbox 1037 4275 1343 4331; x_wconf 88' lang='lat' dir='ltr'><strong>utebantur.</strong></span> 
     </span>
    </p>
   </div>
   <div class='ocr_carea' id='block_1_76' title="bbox 281 4347 1796 4419">
    <p class='ocr_par' dir='ltr' id='par_1_76' title="bbox 281 4347 1796 4419">
     <span class='ocr_line' id='line_1_76' title="bbox 281 4347 1796 4419; baseline 0 -16"><span class='ocrx_word' id='word_1_528' title='bbox 281 4352 361 4419; x_wconf 70' lang='grc' dir='ltr'><strong>(ὁ)</strong></span> <span class='ocrx_word' id='word_1_529' title='bbox 419 4348 689 4404; x_wconf 79' lang='lat' dir='ltr'><strong>Ptanetam</strong></span> <span class='ocrx_word' id='word_1_530' title='bbox 733 4349 903 4402; x_wconf 81' lang='lat' dir='ltr'><strong>albam</strong></span> <span class='ocrx_word' id='word_1_531' title='bbox 941 4349 1188 4416; x_wconf 75' lang='lat' dir='ltr'><strong>‘explieat</strong></span> <span class='ocrx_word' id='word_1_532' title='bbox 1229 4349 1586 4403; x_wconf 86' lang='lat' dir='ltr'><strong>lllabillonius.</strong></span> <span class='ocrx_word' id='word_1_533' title='bbox 1621 4347 1796 4419; x_wconf 84' lang='lat' dir='ltr'><strong>Malim</strong></span> 
     </span>
    </p>
   </div>
   <div class='ocr_carea' id='block_1_77' title="bbox 205 4418 1795 4490">
    <p class='ocr_par' dir='ltr' id='par_1_77' title="bbox 205 4418 1795 4490">
     <span class='ocr_line' id='line_1_77' title="bbox 205 4418 1795 4490; baseline -0.003 -15"><span class='ocrx_word' id='word_1_534' title='bbox 205 4418 519 4490; x_wconf 70' lang='lat' dir='ltr'><strong>intelligere</strong></span> <span class='ocrx_word' id='word_1_535' title='bbox 549 4428 755 4474; x_wconf 85' lang='lat' dir='ltr'><strong>vestem</strong></span> <span class='ocrx_word' id='word_1_536' title='bbox 789 4420 984 4490; x_wconf 85' lang='lat' dir='ltr'><strong>lineam</strong></span> <span class='ocrx_word' id='word_1_537' title='bbox 1018 4419 1264 4490; x_wconf 83' lang='lat' dir='ltr'><strong>talarcm,</strong></span> <span class='ocrx_word' id='word_1_538' title='bbox 1291 4433 1412 4487; x_wconf 64' lang='lat' dir='ltr'><strong>qute</strong></span> <span class='ocrx_word' id='word_1_539' title='bbox 1446 4418 1570 4490; x_wconf 76' lang='lat' dir='ltr'><strong>alba</strong></span> <span class='ocrx_word' id='word_1_540' title='bbox 1601 4418 1795 4490; x_wconf 89' lang='lat' dir='ltr'><strong>passim</strong></span> 
     </span>
    </p>
   </div>
   <div class='ocr_carea' id='block_1_78' title="bbox 204 4489 1796 4560">
    <p class='ocr_par' dir='ltr' id='par_1_78' title="bbox 204 4489 1796 4560">
     <span class='ocr_line' id='line_1_78' title="bbox 204 4489 1796 4560; baseline -0.002 -14"><span class='ocrx_word' id='word_1_541' title='bbox 204 4491 435 4552; x_wconf 89' lang='lat' dir='ltr'><strong>dicitur,</strong></span> <span class='ocrx_word' id='word_1_542' title='bbox 466 4504 677 4560; x_wconf 89' lang='lat' dir='ltr'><strong>quaque</strong></span> <span class='ocrx_word' id='word_1_543' title='bbox 707 4489 1014 4560; x_wconf 85' lang='lat' dir='ltr'><strong>sacerdotes</strong></span> <span class='ocrx_word' id='word_1_544' title='bbox 1053 4489 1343 4560; x_wconf 82' lang='lat' dir='ltr'><strong>induuntur</strong></span> <span class='ocrx_word' id='word_1_545' title='bbox 1387 4489 1604 4542; x_wconf 77' lang='lat' dir='ltr'><strong>missam</strong></span> <span class='ocrx_word' id='word_1_546' title='bbox 1649 4489 1796 4543; x_wconf 88' lang='lat' dir='ltr'><strong>cele-</strong></span> 
     </span>
    </p>
   </div>
   <div class='ocr_carea' id='block_1_79' title="bbox 206 4559 1794 4629">
    <p class='ocr_par' dir='ltr' id='par_1_79' title="bbox 206 4559 1794 4629">
     <span class='ocr_line' id='line_1_79' title="bbox 206 4559 1794 4629; baseline -0.003 -11"><span class='ocrx_word' id='word_1_547' title='bbox 206 4564 419 4618; x_wconf 82' lang='lat' dir='ltr'><strong>braturi</strong></span> <span class='ocrx_word' id='word_1_548' title='bbox 447 4562 546 4615; x_wconf 80' lang='lat' dir='ltr'><strong>sub</strong></span> <span class='ocrx_word' id='word_1_549' title='bbox 565 4561 745 4613; x_wconf 83' lang='lat' dir='ltr'><strong>casu&#39;a</strong></span> <span class='ocrx_word' id='word_1_550' title='bbox 768 4574 860 4613; x_wconf 83' lang='lat' dir='ltr'><strong>seu</strong></span> <span class='ocrx_word' id='word_1_551' title='bbox 887 4559 1119 4628; x_wconf 76' lang='lat' dir='ltr'><strong>planeta.</strong></span> <span class='ocrx_word' id='word_1_552' title='bbox 1149 4559 1456 4613; x_wconf 85' lang='lat' dir='ltr'><strong>Paschalem</strong></span> <span class='ocrx_word' id='word_1_553' title='bbox 1475 4568 1648 4625; x_wconf 87' lang='lat' dir='ltr'><strong>vocat,</strong></span> <span class='ocrx_word' id='word_1_554' title='bbox 1671 4560 1794 4629; x_wconf 89' lang='lat' dir='ltr'><strong>quia</strong></span> 
     </span>
    </p>
   </div>
   <div class='ocr_carea' id='block_1_80' title="bbox 203 4630 1541 4704">
    <p class='ocr_par' dir='ltr' id='par_1_80' title="bbox 203 4630 1541 4704">
     <span class='ocr_line' id='line_1_80' title="bbox 203 4630 1541 4704; baseline -0.006 -14"><span class='ocrx_word' id='word_1_555' title='bbox 203 4633 581 4704; x_wconf 78' lang='lat' dir='ltr'><strong>optimaerat,</strong></span> <span class='ocrx_word' id='word_1_556' title='bbox 604 4639 660 4684; x_wconf 89' lang='lat' dir='ltr'><strong>et</strong></span> <span class='ocrx_word' id='word_1_557' title='bbox 697 4630 972 4704; x_wconf 74' lang='lat' dir='ltr'><strong>festivitati</strong></span> <span class='ocrx_word' id='word_1_558' title='bbox 1004 4630 1241 4704; x_wconf 81' lang='lat' dir='ltr'><strong>paschali</strong></span> <span class='ocrx_word' id='word_1_559' title='bbox 1268 4631 1541 4697; x_wconf 74' lang='lat' dir='ltr'><strong>deputata.</strong></span> 
     </span>
    </p>
   </div>
   <div class='ocr_carea' id='block_1_81' title="bbox 286 4699 1802 4776">
    <p class='ocr_par' dir='ltr' id='par_1_81' title="bbox 286 4699 1802 4776">
     <span class='ocr_line' id='line_1_81' title="bbox 286 4699 1802 4776; baseline -0.001 -22"><span class='ocrx_word' id='word_1_560' title='bbox 286 4702 660 4776; x_wconf 62' lang='lat' dir='ltr'><strong>(c)_Curcas_w,</strong></span> <span class='ocrx_word' id='word_1_561' title='bbox 707 4716 826 4770; x_wconf 70' lang='lat' dir='ltr'><strong>quae</strong></span> <span class='ocrx_word' id='word_1_562' title='bbox 868 4699 1190 4776; x_wconf 70' lang='lat' dir='ltr'><strong>Carcussona</strong></span> <span class='ocrx_word' id='word_1_563' title='bbox 1221 4702 1528 4776; x_wconf 73' lang='lat' dir='ltr'><strong>frequenter</strong></span> <span class='ocrx_word' id='word_1_564' title='bbox 1558 4699 1802 4776; x_wconf 40' lang='lat' dir='ltr'><strong>nomina:</strong></span> 
     </span>
    </p>
   </div>
   <div class='ocr_carea' id='block_1_82' title="bbox 203 4768 1799 4835">
    <p class='ocr_par' dir='ltr' id='par_1_82' title="bbox 203 4768 1799 4835">
     <span class='ocr_line' id='line_1_82' title="bbox 203 4768 1799 4835; baseline -0.003 -5"><span class='ocrx_word' id='word_1_565' title='bbox 203 4768 326 4835; x_wconf 72' lang='lat' dir='ltr'><strong>tnr&#39;,</strong></span> <span class='ocrx_word' id='word_1_566' title='bbox 350 4768 530 4827; x_wconf 71' lang='lat' dir='ltr'><strong>Gallis</strong></span> <span class='ocrx_word' id='word_1_567' title='bbox 554 4768 886 4834; x_wconf 64' lang='lat' dir='ltr'><strong>Carcassone&#39;,</strong></span> <span class='ocrx_word' id='word_1_568' title='bbox 917 4775 1045 4826; x_wconf 87' lang='lat' dir='ltr'><strong>urbs</strong></span> <span class='ocrx_word' id='word_1_569' title='bbox 1069 4780 1151 4825; x_wconf 87' lang='lat' dir='ltr'><strong>est</strong></span> <span class='ocrx_word' id='word_1_570' title='bbox 1181 4772 1231 4823; x_wconf 92' lang='lat' dir='ltr'><strong>in</strong></span> <span class='ocrx_word' id='word_1_571' title='bbox 1258 4770 1534 4825; x_wconf 86' lang='lat' dir='ltr'><strong>Occitania</strong></span> <span class='ocrx_word' id='word_1_572' title='bbox 1562 4768 1799 4825; x_wconf 76' lang='lat' dir='ltr'><strong>inferiori</strong></span> 
     </span>
    </p>
   </div>
   <div class='ocr_carea' id='block_1_83' title="bbox 202 4841 1799 4911">
    <p class='ocr_par' dir='ltr' id='par_1_83' title="bbox 202 4841 1799 4911">
     <span class='ocr_line' id='line_1_83' title="bbox 202 4841 1799 4911; baseline -0.004 -13"><span class='ocrx_word' id='word_1_573' title='bbox 202 4847 279 4908; x_wconf 79' lang='lat' dir='ltr'><strong>ad</strong></span> <span class='ocrx_word' id='word_1_574' title='bbox 316 4843 534 4899; x_wconf 79' lang='lat' dir='ltr'><strong>Atacem</strong></span> <span class='ocrx_word' id='word_1_575' title='bbox 576 4842 819 4908; x_wconf 78' lang='lat' dir='ltr'><strong>fluvium,</strong></span> <span class='ocrx_word' id='word_1_576' title='bbox 854 4857 974 4911; x_wconf 72' lang='lat' dir='ltr'><strong>qua:</strong></span> <span class='ocrx_word' id='word_1_577' title='bbox 997 4844 1127 4894; x_wconf 88' lang='lat' dir='ltr'><strong>satis</strong></span> <span class='ocrx_word' id='word_1_578' title='bbox 1157 4853 1279 4895; x_wconf 87' lang='lat' dir='ltr'><strong>nota</strong></span> <span class='ocrx_word' id='word_1_579' title='bbox 1301 4849 1402 4902; x_wconf 87' lang='lat' dir='ltr'><strong>est,</strong></span> <span class='ocrx_word' id='word_1_580' title='bbox 1433 4849 1487 4894; x_wconf 91' lang='lat' dir='ltr'><strong>et</strong></span> <span class='ocrx_word' id='word_1_581' title='bbox 1512 4841 1799 4895; x_wconf 85' lang='lat' dir='ltr'><strong>intervallo</strong></span> 
     </span>
    </p>
   </div>
   <div class='ocr_carea' id='block_1_84' title="bbox 209 4911 1802 4984">
    <p class='ocr_par' dir='ltr' id='par_1_84' title="bbox 209 4911 1802 4984">
     <span class='ocr_line' id='line_1_84' title="bbox 209 4911 1802 4984; baseline -0.004 -11"><span class='ocrx_word' id='word_1_582' title='bbox 209 4931 327 4973; x_wconf 68' lang='lat' dir='ltr'><strong>non</strong></span> <span class='ocrx_word' id='word_1_583' title='bbox 359 4917 553 4984; x_wconf 79' lang='lat' dir='ltr'><strong>exiguo</strong></span> <span class='ocrx_word' id='word_1_584' title='bbox 569 4913 638 4968; x_wconf 86' lang='lat' dir='ltr'><strong>ab</strong></span> <span class='ocrx_word' id='word_1_585' title='bbox 663 4912 796 4984; x_wconf 81' lang='lat' dir='ltr'><strong>urbe</strong></span> <span class='ocrx_word' id='word_1_586' title='bbox 818 4911 1122 4968; x_wconf 81' lang='lat' dir='ltr'><strong>Arelatensi</strong></span> <span class='ocrx_word' id='word_1_587' title='bbox 1144 4913 1352 4965; x_wconf 89' lang='lat' dir='ltr'><strong>dissita.</strong></span> <span class='ocrx_word' id='word_1_588' title='bbox 1382 4912 1802 4984; x_wconf 73' lang='lat' dir='ltr'><strong>Ilinceximium</strong></span> 
     </span>
    </p>
   </div>
   <div class='ocr_carea' id='block_1_85' title="bbox 205 4982 1805 5051">
    <p class='ocr_par' dir='ltr' id='par_1_85' title="bbox 205 4982 1805 5051">
     <span class='ocr_line' id='line_1_85' title="bbox 205 4982 1805 5051; baseline -0.003 -11"><span class='ocrx_word' id='word_1_589' title='bbox 205 4989 389 5040; x_wconf 63' lang='lat' dir='ltr'><strong>sancti</strong></span> <span class='ocrx_word' id='word_1_590' title='bbox 412 4982 649 5038; x_wconf 68' lang='lat' dir='ltr'><strong>studium</strong></span> <span class='ocrx_word' id='word_1_591' title='bbox 673 4983 739 5038; x_wconf 91' lang='lat' dir='ltr'><strong>ad</strong></span> <span class='ocrx_word' id='word_1_592' title='bbox 764 4984 1106 5038; x_wconf 84' lang='lat' dir='ltr'><strong>redimendos</strong></span> <span class='ocrx_word' id='word_1_593' title='bbox 1132 4991 1372 5051; x_wconf 74' lang='lat' dir='ltr'><strong>captivos</strong></span> <span class='ocrx_word' id='word_1_594' title='bbox 1398 4982 1696 5036; x_wconf 87' lang='lat' dir='ltr'><strong>luculenter</strong></span> <span class='ocrx_word' id='word_1_595' title='bbox 1723 4983 1805 5038; x_wconf 89' lang='lat' dir='ltr'><strong>iu-</strong></span> 
     </span>
    </p>
   </div>
   <div class='ocr_carea' id='block_1_86' title="bbox 209 5055 471 5111">
    <p class='ocr_par' dir='ltr' id='par_1_86' title="bbox 209 5055 471 5111">
     <span class='ocr_line' id='line_1_86' title="bbox 209 5055 471 5111; baseline -0.011 0"><span class='ocrx_word' id='word_1_596' title='bbox 209 5055 471 5111; x_wconf 56' lang='lat' dir='ltr'><strong>notesci&#39;t.</strong></span> 
     </span>
    </p>
   </div>
   <div class='ocr_carea' id='block_1_87' title="bbox 288 5122 1796 5196">
    <p class='ocr_par' dir='ltr' id='par_1_87' title="bbox 288 5122 1796 5196">
     <span class='ocr_line' id='line_1_87' title="bbox 288 5122 1796 5196; baseline -0.001 -19"><span class='ocrx_word' id='word_1_597' title='bbox 288 5126 372 5196; x_wconf 83' lang='grc' dir='ltr'><strong>(ά)</strong></span> <span class='ocrx_word' id='word_1_598' title='bbox 408 5144 425 5174; x_wconf 77' lang='grc' dir='ltr'><strong>ι</strong></span> <span class='ocrx_word' id='word_1_599' title='bbox 461 5122 757 5196; x_wconf 78' lang='lat' dir='ltr'><strong>Eucherius</strong></span> <span class='ocrx_word' id='word_1_600' title='bbox 777 5123 983 5179; x_wconf 74' lang='lat' dir='ltr'><strong>scilicet</strong></span> <span class='ocrx_word' id='word_1_601' title='bbox 1006 5123 1205 5196; x_wconf 87' lang='lat' dir='ltr'><strong>junior,</strong></span> <span class='ocrx_word' id='word_1_602' title='bbox 1234 5123 1404 5193; x_wconf 89' lang='lat' dir='ltr'><strong>inquit</strong></span> <span class='ocrx_word' id='word_1_603' title='bbox 1429 5123 1796 5196; x_wconf 80' lang='lat' dir='ltr'><strong>Mabillonius:</strong></span> 
     </span>
    </p>
   </div>
   <div class='ocr_carea' id='block_1_88' title="bbox 208 5193 1802 5263">
    <p class='ocr_par' dir='ltr' id='par_1_88' title="bbox 208 5193 1802 5263">
     <span class='ocr_line' id='line_1_88' title="bbox 208 5193 1802 5263; baseline -0.003 -11"><span class='ocrx_word' id='word_1_604' title='bbox 208 5193 506 5252; x_wconf 44' lang='lat' dir='ltr'><strong>nam&#39;duos</strong></span> <span class='ocrx_word' id='word_1_605' title='bbox 536 5193 694 5263; x_wconf 76' lang='lat' dir='ltr'><strong>hujus</strong></span> <span class='ocrx_word' id='word_1_606' title='bbox 725 5196 957 5247; x_wconf 87' lang='lat' dir='ltr'><strong>nominis</strong></span> <span class='ocrx_word' id='word_1_607' title='bbox 984 5195 1188 5250; x_wconf 85' lang='lat' dir='ltr'><strong>sedisse</strong></span> <span class='ocrx_word' id='word_1_608' title='bbox 1220 5195 1272 5248; x_wconf 92' lang='lat' dir='ltr'><strong>in</strong></span> <span class='ocrx_word' id='word_1_609' title='bbox 1303 5196 1554 5249; x_wconf 84' lang='lat' dir='ltr'><strong>cathedra</strong></span> <span class='ocrx_word' id='word_1_610' title='bbox 1591 5195 1802 5262; x_wconf 80' lang='lat' dir='ltr'><strong>Lugdu-</strong></span> 
     </span>
    </p>
   </div>
   <div class='ocr_carea' id='block_1_89' title="bbox 208 5265 1798 5334">
    <p class='ocr_par' dir='ltr' id='par_1_89' title="bbox 208 5265 1798 5334">
     <span class='ocr_line' id='line_1_89' title="bbox 208 5265 1798 5334; baseline -0.001 -14"><span class='ocrx_word' id='word_1_611' title='bbox 208 5266 396 5330; x_wconf 79' lang='lat' dir='ltr'><strong>&quot;ensi,</strong></span> <span class='ocrx_word' id='word_1_612' title='bbox 450 5280 611 5334; x_wconf 80' lang='lat' dir='ltr'><strong>supra</strong></span> <span class='ocrx_word' id='word_1_613' title='bbox 662 5265 714 5318; x_wconf 89' lang='lat' dir='ltr'><strong>in</strong></span> <span class='ocrx_word' id='word_1_614' title='bbox 755 5267 888 5318; x_wconf 82' lang='lat' dir='ltr'><strong>actis</strong></span> <span class='ocrx_word' id='word_1_615' title='bbox 944 5265 999 5318; x_wconf 87' lang='lat' dir='ltr'><strong>S.</strong></span> <span class='ocrx_word' id='word_1_616' title='bbox 1036 5267 1332 5320; x_wconf 73' lang='lat' dir='ltr'><strong>Consortite</strong></span> <span class='ocrx_word' id='word_1_617' title='bbox 1377 5266 1798 5318; x_wconf 76' lang='lat' dir='ltr'><strong>demonstratum</strong></span> 
     </span>
    </p>
   </div>
   <div class='ocr_carea' id='block_1_90' title="bbox 207 5336 1804 5406">
    <p class='ocr_par' dir='ltr' id='par_1_90' title="bbox 207 5336 1804 5406">
     <span class='ocr_line' id='line_1_90' title="bbox 207 5336 1804 5406; baseline -0.002 -15"><span class='ocrx_word' id='word_1_618' title='bbox 207 5349 324 5392; x_wconf 69' lang='lat' dir='ltr'><strong>cst.</strong></span> <span class='ocrx_word' id='word_1_619' title='bbox 369 5356 387 5388; x_wconf 84' lang='grc'>›</span> <span class='ocrx_word' id='word_1_620' title='bbox 429 5337 622 5390; x_wconf 75' lang='lat' dir='ltr'><strong>Verum</strong></span> <span class='ocrx_word' id='word_1_621' title='bbox 671 5336 739 5390; x_wconf 85' lang='lat' dir='ltr'><strong>de</strong></span> <span class='ocrx_word' id='word_1_622' title='bbox 785 5336 1055 5406; x_wconf 78' lang='lat' dir='ltr'><strong>Enchetio</strong></span> <span class='ocrx_word' id='word_1_623' title='bbox 1096 5338 1160 5400; x_wconf 89' lang='lat' dir='ltr'><strong>ll,</strong></span> <span class='ocrx_word' id='word_1_624' title='bbox 1206 5338 1292 5406; x_wconf 88' lang='lat' dir='ltr'><strong>qui</strong></span> <span class='ocrx_word' id='word_1_625' title='bbox 1344 5336 1576 5389; x_wconf 59' lang='lat' dir='ltr'><strong>(ja&#39;sario</strong></span> <span class='ocrx_word' id='word_1_626' title='bbox 1623 5336 1804 5388; x_wconf 56' lang='lat' dir='ltr'><strong>l&#39;atss-t</strong></span> 
     </span>
    </p>
   </div>
   <div class='ocr_carea' id='block_1_91' title="bbox 205 5405 1805 5476">
    <p class='ocr_par' dir='ltr' id='par_1_91' title="bbox 205 5405 1805 5476">
     <span class='ocr_line' id='line_1_91' title="bbox 205 5405 1805 5476; baseline -0.001 -16"><span class='ocrx_word' id='word_1_627' title='bbox 205 5428 238 5460; x_wconf 84' lang='lat' dir='ltr'><strong>c</strong></span> <span class='ocrx_word' id='word_1_628' title='bbox 286 5419 726 5476; x_wconf 80' lang='lat' dir='ltr'><strong>ittentporanens,</strong></span> <span class='ocrx_word' id='word_1_629' title='bbox 780 5423 880 5459; x_wconf 84' lang='lat' dir='ltr'><strong>non</strong></span> <span class='ocrx_word' id='word_1_630' title='bbox 931 5405 1062 5458; x_wconf 68' lang='lat' dir='ltr'><strong>lexis</strong></span> <span class='ocrx_word' id='word_1_631' title='bbox 1110 5417 1188 5458; x_wconf 83' lang='lat' dir='ltr'><strong>est</strong></span> <span class='ocrx_word' id='word_1_632' title='bbox 1227 5405 1605 5462; x_wconf 66' lang='lat' dir='ltr'><strong>ctut&#39;rtwcrsia</strong></span> <span class='ocrx_word' id='word_1_633' title='bbox 1669 5408 1805 5459; x_wconf 70' lang='lat' dir='ltr'><strong>inter</strong></span> 
     </span>
    </p>
   </div>
   <div class='ocr_carea' id='block_1_92' title="bbox 203 5477 1799 5540">
    <p class='ocr_par' dir='ltr' id='par_1_92' title="bbox 203 5477 1799 5540">
     <span class='ocr_line' id='line_1_92' title="bbox 203 5477 1799 5540; baseline -0.001 -10"><span class='ocrx_word' id='word_1_634' title='bbox 203 5479 480 5540; x_wconf 64' lang='lat' dir='ltr'><strong>cruditas,</strong></span> <span class='ocrx_word' id='word_1_635' title='bbox 510 5486 567 5531; x_wconf 90' lang='lat' dir='ltr'><strong>ut</strong></span> <span class='ocrx_word' id='word_1_636' title='bbox 598 5477 782 5530; x_wconf 85' lang='lat' dir='ltr'><strong>videre</strong></span> <span class='ocrx_word' id='word_1_637' title='bbox 810 5478 959 5531; x_wconf 88' lang='lat' dir='ltr'><strong>estin</strong></span> <span class='ocrx_word' id='word_1_638' title='bbox 993 5491 1125 5528; x_wconf 88' lang='lat' dir='ltr'><strong>nova</strong></span> <span class='ocrx_word' id='word_1_639' title='bbox 1159 5478 1327 5530; x_wconf 82' lang='lat' dir='ltr'><strong>Gallia</strong></span> <span class='ocrx_word' id='word_1_640' title='bbox 1342 5477 1642 5530; x_wconf 69' lang='lat' dir='ltr'><strong>Christiana</strong></span> <span class='ocrx_word' id='word_1_641' title='bbox 1671 5488 1799 5528; x_wconf 81' lang='lat' dir='ltr'><strong>tum.</strong></span> 
     </span>
    </p>
   </div>
   <div class='ocr_carea' id='block_1_93' title="bbox 209 5547 1801 5616">
    <p class='ocr_par' dir='ltr' id='par_1_93' title="bbox 209 5547 1801 5616">
     <span class='ocr_line' id='line_1_93' title="bbox 209 5547 1801 5616; baseline 0 -14"><span class='ocrx_word' id='word_1_642' title='bbox 209 5549 311 5610; x_wconf 74' lang='grc' dir='ltr'><strong>ιν,</strong></span> <span class='ocrx_word' id='word_1_643' title='bbox 345 5549 450 5602; x_wconf 89' lang='lat' dir='ltr'><strong>col.</strong></span> <span class='ocrx_word' id='word_1_644' title='bbox 479 5547 551 5602; x_wconf 77' lang='lat'><strong>20</strong></span> <span class='ocrx_word' id='word_1_645' title='bbox 602 5558 656 5602; x_wconf 86' lang='lat' dir='ltr'><strong>et</strong></span> <span class='ocrx_word' id='word_1_646' title='bbox 701 5549 1072 5616; x_wconf 85' lang='lat' dir='ltr'><strong>sequentibus,</strong></span> <span class='ocrx_word' id='word_1_647' title='bbox 1107 5547 1194 5600; x_wconf 86' lang='lat' dir='ltr'><strong>ubi</strong></span> <span class='ocrx_word' id='word_1_648' title='bbox 1226 5551 1490 5614; x_wconf 69' lang='lat' dir='ltr'><strong>praequm</strong></span> <span class='ocrx_word' id='word_1_649' title='bbox 1527 5548 1801 5613; x_wconf 82' lang='lat' dir='ltr'><strong>utriusque</strong></span> 
     </span>
    </p>
   </div>
   <div class='ocr_carea' id='block_1_94' title="bbox 210 5618 1802 5687">
    <p class='ocr_par' dir='ltr' id='par_1_94' title="bbox 210 5618 1802 5687">
     <span class='ocr_line' id='line_1_94' title="bbox 210 5618 1802 5687; baseline 0.001 -17"><span class='ocrx_word' id='word_1_650' title='bbox 210 5618 392 5687; x_wconf 79' lang='lat' dir='ltr'><strong>partis</strong></span> <span class='ocrx_word' id='word_1_651' title='bbox 429 5628 742 5687; x_wconf 73' lang='lat' dir='ltr'><strong>argumenta</strong></span> <span class='ocrx_word' id='word_1_652' title='bbox 782 5629 1152 5672; x_wconf 76' lang='lat' dir='ltr'><strong>recensentur.</strong></span> <span class='ocrx_word' id='word_1_653' title='bbox 1203 5620 1370 5685; x_wconf 71' lang='lat' dir='ltr'><strong>Ipsam</strong></span> <span class='ocrx_word' id='word_1_654' title='bbox 1409 5619 1550 5670; x_wconf 87' lang='lat' dir='ltr'><strong>litem</strong></span> <span class='ocrx_word' id='word_1_655' title='bbox 1584 5618 1802 5672; x_wconf 73' lang='lat' dir='ltr'><strong>omnino</strong></span> 
     </span>
    </p>
   </div>
   <div class='ocr_carea' id='block_1_95' title="bbox 207 5687 1797 5757">
    <p class='ocr_par' dir='ltr' id='par_1_95' title="bbox 207 5687 1797 5757">
     <span class='ocr_line' id='line_1_95' title="bbox 207 5687 1797 5757; baseline -0.001 -16"><span class='ocrx_word' id='word_1_656' title='bbox 207 5690 478 5742; x_wconf 77' lang='lat' dir='ltr'><strong>dirimere</strong></span> <span class='ocrx_word' id='word_1_657' title='bbox 528 5706 631 5742; x_wconf 88' lang='lat' dir='ltr'><strong>non</strong></span> <span class='ocrx_word' id='word_1_658' title='bbox 680 5698 764 5742; x_wconf 79' lang='lat' dir='ltr'><strong>est</strong></span> <span class='ocrx_word' id='word_1_659' title='bbox 813 5687 970 5757; x_wconf 64' lang='lat' dir='ltr'><strong>hujus</strong></span> <span class='ocrx_word' id='word_1_660' title='bbox 1014 5688 1133 5747; x_wconf 85' lang='lat' dir='ltr'><strong>loci,</strong></span> <span class='ocrx_word' id='word_1_661' title='bbox 1181 5703 1300 5740; x_wconf 85' lang='lat' dir='ltr'><strong>cum</strong></span> <span class='ocrx_word' id='word_1_662' title='bbox 1355 5689 1402 5739; x_wconf 90' lang='lat' dir='ltr'><strong>id</strong></span> <span class='ocrx_word' id='word_1_663' title='bbox 1447 5689 1560 5738; x_wconf 76' lang='lat' dir='ltr'><strong>limi</strong></span> <span class='ocrx_word' id='word_1_664' title='bbox 1613 5689 1797 5742; x_wconf 82' lang='lat' dir='ltr'><strong>debeat</strong></span> 
     </span>
    </p>
   </div>
   <div class='ocr_carea' id='block_1_96' title="bbox 206 5758 1799 5831">
    <p class='ocr_par' dir='ltr' id='par_1_96' title="bbox 206 5758 1799 5831">
     <span class='ocr_line' id='line_1_96' title="bbox 206 5758 1799 5831; baseline -0.001 -18"><span class='ocrx_word' id='word_1_665' title='bbox 206 5759 437 5831; x_wconf 84' lang='lat' dir='ltr'><strong>quando</strong></span> <span class='ocrx_word' id='word_1_666' title='bbox 468 5770 585 5831; x_wconf 86' lang='lat' dir='ltr'><strong>acta</strong></span> <span class='ocrx_word' id='word_1_667' title='bbox 609 5761 664 5812; x_wconf 87' lang='lat' dir='ltr'><strong>S.</strong></span> <span class='ocrx_word' id='word_1_668' title='bbox 697 5758 946 5812; x_wconf 76' lang='lat' dir='ltr'><strong>Eucherii</strong></span> <span class='ocrx_word' id='word_1_669' title='bbox 984 5760 1195 5831; x_wconf 68' lang='lat' dir='ltr'><strong>venient</strong></span> <span class='ocrx_word' id='word_1_670' title='bbox 1243 5758 1594 5831; x_wconf 81' lang='lat' dir='ltr'><strong>di-_cntiemla_.</strong></span> <span class='ocrx_word' id='word_1_671' title='bbox 1632 5758 1799 5812; x_wconf 79' lang='lat' dir='ltr'><strong>Atta—</strong></span> 
     </span>
    </p>
   </div>
   <div class='ocr_carea' id='block_1_97' title="bbox 209 5828 1799 5896">
    <p class='ocr_par' dir='ltr' id='par_1_97' title="bbox 209 5828 1799 5896">
     <span class='ocr_line' id='line_1_97' title="bbox 209 5828 1799 5896; baseline -0.003 -10"><span class='ocrx_word' id='word_1_672' title='bbox 209 5828 344 5886; x_wconf 78' lang='lat' dir='ltr'><strong>tiicn</strong></span> <span class='ocrx_word' id='word_1_673' title='bbox 379 5830 536 5884; x_wconf 77' lang='lat' dir='ltr'><strong>facile</strong></span> <span class='ocrx_word' id='word_1_674' title='bbox 583 5832 879 5891; x_wconf 78' lang='lat' dir='ltr'><strong>ostendant,</strong></span> <span class='ocrx_word' id='word_1_675' title='bbox 911 5844 973 5880; x_wconf 72' lang='lat' dir='ltr'><strong>ex</strong></span> <span class='ocrx_word' id='word_1_676' title='bbox 1019 5828 1116 5880; x_wconf 82' lang='lat' dir='ltr'><strong>hoc</strong></span> <span class='ocrx_word' id='word_1_677' title='bbox 1169 5830 1284 5881; x_wconf 79' lang='lat' dir='ltr'><strong>loco</strong></span> <span class='ocrx_word' id='word_1_678' title='bbox 1314 5828 1526 5880; x_wconf 86' lang='lat' dir='ltr'><strong>imbelle</strong></span> <span class='ocrx_word' id='word_1_679' title='bbox 1558 5828 1799 5896; x_wconf 85' lang='lat' dir='ltr'><strong>depromi</strong></span> 
     </span>
    </p>
   </div>
   <div class='ocr_carea' id='block_1_98' title="bbox 207 5898 1801 5972">
    <p class='ocr_par' dir='ltr' id='par_1_98' title="bbox 207 5898 1801 5972">
     <span class='ocr_line' id='line_1_98' title="bbox 207 5898 1801 5972; baseline -0.001 -15"><span class='ocrx_word' id='word_1_680' title='bbox 207 5913 600 5972; x_wconf 68' lang='lat' dir='ltr'><strong>argumentum</strong></span> <span class='ocrx_word' id='word_1_681' title='bbox 635 5917 727 5970; x_wconf 74' lang='lat' dir='ltr'><strong>pri</strong></span> <span class='ocrx_word' id='word_1_682' title='bbox 773 5901 1008 5954; x_wconf 68' lang='lat' dir='ltr'><strong>secundo</strong></span> <span class='ocrx_word' id='word_1_683' title='bbox 1049 5900 1329 5955; x_wconf 67' lang='lat' dir='ltr'><strong>Luclrcrio.</strong></span> <span class='ocrx_word' id='word_1_684' title='bbox 1378 5898 1510 5952; x_wconf 73' lang='lat' dir='ltr'><strong>Nam</strong></span> <span class='ocrx_word' id='word_1_685' title='bbox 1545 5899 1801 5971; x_wconf 79' lang='lat' dir='ltr'><strong>imprimis</strong></span> 
     </span>
    </p>
   </div>
   <div class='ocr_carea' id='block_1_99' title="bbox 1896 3362 3488 3436">
    <p class='ocr_par' dir='ltr' id='par_1_99' title="bbox 1896 3362 3488 3436">
     <span class='ocr_line' id='line_1_99' title="bbox 1896 3362 3488 3436; baseline 0.004 -19"><span class='ocrx_word' id='word_1_686' title='bbox 1896 3362 2013 3432; x_wconf 83' lang='lat' dir='ltr'><strong>Ipsa</strong></span> <span class='ocrx_word' id='word_1_687' title='bbox 2041 3363 2336 3433; x_wconf 85' lang='lat' dir='ltr'><strong>respondit,</strong></span> <span class='ocrx_word' id='word_1_688' title='bbox 2358 3363 2466 3433; x_wconf 86' lang='lat' dir='ltr'><strong>jam</strong></span> <span class='ocrx_word' id='word_1_689' title='bbox 2496 3370 2655 3420; x_wconf 76' lang='lat' dir='ltr'><strong>annis</strong></span> <span class='ocrx_word' id='word_1_690' title='bbox 2686 3363 2866 3421; x_wconf 86' lang='lat' dir='ltr'><strong>multis</strong></span> <span class='ocrx_word' id='word_1_691' title='bbox 2910 3367 3256 3436; x_wconf 87' lang='lat' dir='ltr'><strong>paralyticam</strong></span> <span class='ocrx_word' id='word_1_692' title='bbox 3296 3384 3393 3428; x_wconf 90' lang='lat' dir='ltr'><strong>se.</strong></span> <span class='ocrx_word' id='word_1_693' title='bbox 3435 3380 3488 3425; x_wconf 90' lang='lat' dir='ltr'><strong>ct</strong></span> 
     </span>
    </p>
   </div>
   <div class='ocr_carea' id='block_1_100' title="bbox 1895 3456 3488 3514">
    <p class='ocr_par' dir='ltr' id='par_1_100' title="bbox 1895 3456 3488 3514">
     <span class='ocr_line' id='line_1_100' title="bbox 1895 3456 3488 3514; baseline 0.003 -4"><span class='ocrx_word' id='word_1_694' title='bbox 1895 3456 2146 3510; x_wconf 89' lang='lat' dir='ltr'><strong>omnibtts</strong></span> <span class='ocrx_word' id='word_1_695' title='bbox 2195 3456 2452 3510; x_wconf 81' lang='lat' dir='ltr'><strong>membris</strong></span> <span class='ocrx_word' id='word_1_696' title='bbox 2497 3470 2618 3510; x_wconf 89' lang='lat' dir='ltr'><strong>esse</strong></span> <span class='ocrx_word' id='word_1_697' title='bbox 2678 3465 3034 3511; x_wconf 89' lang='lat' dir='ltr'><strong>contractam.</strong></span> <span class='ocrx_word' id='word_1_698' title='bbox 3086 3459 3233 3513; x_wconf 85' lang='lat' dir='ltr'><strong>Tunc</strong></span> <span class='ocrx_word' id='word_1_699' title='bbox 3299 3460 3488 3514; x_wconf 89' lang='lat' dir='ltr'><strong>beatus</strong></span> 
     </span>
    </p>
   </div>
   <div class='ocr_carea' id='block_1_101' title="bbox 1895 3547 3484 3622">
    <p class='ocr_par' dir='ltr' id='par_1_101' title="bbox 1895 3547 3484 3622">
     <span class='ocr_line' id='line_1_101' title="bbox 1895 3547 3484 3622; baseline 0.003 -21"><span class='ocrx_word' id='word_1_700' title='bbox 1895 3547 2162 3602; x_wconf 82' lang='lat' dir='ltr'><strong>Ctesarius</strong></span> <span class='ocrx_word' id='word_1_701' title='bbox 2193 3547 2326 3603; x_wconf 80' lang='lat' dir='ltr'><strong>dixit</strong></span> <span class='ocrx_word' id='word_1_702' title='bbox 2354 3557 2542 3602; x_wconf 86' lang='lat' dir='ltr'><strong>sancto</strong></span> <span class='ocrx_word' id='word_1_703' title='bbox 2566 3549 2868 3604; x_wconf 89' lang='lat' dir='ltr'><strong>Eucherio:</strong></span> <span class='ocrx_word' id='word_1_704' title='bbox 2927 3550 3204 3606; x_wconf 89' lang='lat' dir='ltr'><strong>Descende</strong></span> <span class='ocrx_word' id='word_1_705' title='bbox 3235 3562 3288 3606; x_wconf 90' lang='lat' dir='ltr'><strong>et</strong></span> <span class='ocrx_word' id='word_1_706' title='bbox 3334 3554 3484 3622; x_wconf 76' lang='lat' dir='ltr'><strong>signa</strong></span> 
     </span>
    </p>
   </div>
   <div class='ocr_carea' id='block_1_102' title="bbox 1903 3637 3489 3709">
    <p class='ocr_par' dir='ltr' id='par_1_102' title="bbox 1903 3637 3489 3709">
     <span class='ocr_line' id='line_1_102' title="bbox 1903 3637 3489 3709; baseline 0.004 -20"><span class='ocrx_word' id='word_1_707' title='bbox 1903 3651 2041 3690; x_wconf 91' lang='lat' dir='ltr'><strong>eam.</strong></span> <span class='ocrx_word' id='word_1_708' title='bbox 2071 3637 2169 3692; x_wconf 90' lang='lat' dir='ltr'><strong>Ille</strong></span> <span class='ocrx_word' id='word_1_709' title='bbox 2200 3638 2351 3704; x_wconf 85' lang='lat' dir='ltr'><strong>quasi</strong></span> <span class='ocrx_word' id='word_1_710' title='bbox 2377 3637 2642 3706; x_wconf 85' lang='lat' dir='ltr'><strong>trepidare</strong></span> <span class='ocrx_word' id='word_1_711' title='bbox 2667 3645 2722 3692; x_wconf 88' lang='lat' dir='ltr'><strong>et</strong></span> <span class='ocrx_word' id='word_1_712' title='bbox 2751 3653 3008 3694; x_wconf 82' lang='lat' dir='ltr'><strong>excusare</strong></span> <span class='ocrx_word' id='word_1_713' title='bbox 3031 3643 3192 3709; x_wconf 73' lang='lat' dir='ltr'><strong>cmpit</strong></span> <span class='ocrx_word' id='word_1_714' title='bbox 3221 3658 3234 3695; x_wconf 88' lang='lat'>:</span> <span class='ocrx_word' id='word_1_715' title='bbox 3268 3643 3489 3696; x_wconf 89' lang='lat' dir='ltr'><strong>omnino</strong></span> 
     </span>
    </p>
   </div>
   <div class='ocr_carea' id='block_1_103' title="bbox 1899 3729 3487 3804">
    <p class='ocr_par' dir='ltr' id='par_1_103' title="bbox 1899 3729 3487 3804">
     <span class='ocr_line' id='line_1_103' title="bbox 1899 3729 3487 3804; baseline 0.002 -20"><span class='ocrx_word' id='word_1_716' title='bbox 1899 3729 1990 3785; x_wconf 89' lang='lat' dir='ltr'><strong>ille</strong></span> <span class='ocrx_word' id='word_1_717' title='bbox 2019 3745 2124 3784; x_wconf 92' lang='lat' dir='ltr'><strong>non</strong></span> <span class='ocrx_word' id='word_1_718' title='bbox 2149 3730 2410 3785; x_wconf 86' lang='lat' dir='ltr'><strong>desistere</strong></span> <span class='ocrx_word' id='word_1_719' title='bbox 2465 3731 2564 3786; x_wconf 90' lang='lat' dir='ltr'><strong>nisi</strong></span> <span class='ocrx_word' id='word_1_720' title='bbox 2616 3730 2836 3786; x_wconf 81' lang='lat' dir='ltr'><strong>faceret.</strong></span> <span class='ocrx_word' id='word_1_721' title='bbox 2873 3733 3164 3788; x_wconf 66' lang='lat' dir='ltr'><strong>Descendit</strong></span> <span class='ocrx_word' id='word_1_722' title='bbox 3206 3735 3385 3804; x_wconf 89' lang='lat' dir='ltr'><strong>itaque</strong></span> <span class='ocrx_word' id='word_1_723' title='bbox 3435 3746 3487 3788; x_wconf 90' lang='lat' dir='ltr'><strong>et</strong></span> 
     </span>
    </p>
   </div>
   <div class='ocr_carea' id='block_1_104' title="bbox 1897 3822 3486 3893">
    <p class='ocr_par' dir='ltr' id='par_1_104' title="bbox 1897 3822 3486 3893">
     <span class='ocr_line' id='line_1_104' title="bbox 1897 3822 3486 3893; baseline 0.003 -18"><span class='ocrx_word' id='word_1_724' title='bbox 1897 3822 2271 3890; x_wconf 82' lang='lat' dir='ltr'><strong>signaviteam</strong></span> <span class='ocrx_word' id='word_1_725' title='bbox 2301 3834 2351 3875; x_wconf 89' lang='lat' dir='ltr'><strong>et</strong></span> <span class='ocrx_word' id='word_1_726' title='bbox 2385 3822 2554 3877; x_wconf 74' lang='lat' dir='ltr'><strong>dixit:</strong></span> <span class='ocrx_word' id='word_1_727' title='bbox 2597 3823 2734 3877; x_wconf 86' lang='lat' dir='ltr'><strong>Ecce</strong></span> <span class='ocrx_word' id='word_1_728' title='bbox 2782 3822 2883 3878; x_wconf 82' lang='lat' dir='ltr'><strong>feci</strong></span> <span class='ocrx_word' id='word_1_729' title='bbox 2932 3824 3071 3892; x_wconf 86' lang='lat' dir='ltr'><strong>quod</strong></span> <span class='ocrx_word' id='word_1_730' title='bbox 3116 3824 3344 3893; x_wconf 73' lang='lat' dir='ltr'><strong>jussisti.‘</strong></span> <span class='ocrx_word' id='word_1_731' title='bbox 3387 3825 3486 3879; x_wconf 65' lang='grc' dir='ltr'><strong>(ἒςιὶ</strong></span> 
     </span>
    </p>
   </div>
   <div class='ocr_carea' id='block_1_105' title="bbox 1899 3911 3489 3982">
    <p class='ocr_par' dir='ltr' id='par_1_105' title="bbox 1899 3911 3489 3982">
     <span class='ocr_line' id='line_1_105' title="bbox 1899 3911 3489 3982; baseline 0.002 -16"><span class='ocrx_word' id='word_1_732' title='bbox 1899 3927 2085 3966; x_wconf 86' lang='lat' dir='ltr'><strong>rursus</strong></span> <span class='ocrx_word' id='word_1_733' title='bbox 2115 3912 2224 3965; x_wconf 87' lang='lat' dir='ltr'><strong>ait:</strong></span> <span class='ocrx_word' id='word_1_734' title='bbox 2261 3911 2410 3966; x_wconf 77' lang='lat' dir='ltr'><strong>Mitte</strong></span> <span class='ocrx_word' id='word_1_735' title='bbox 2460 3927 2673 3965; x_wconf 86' lang='lat' dir='ltr'><strong>manum</strong></span> <span class='ocrx_word' id='word_1_736' title='bbox 2708 3922 2872 3979; x_wconf 86' lang='lat' dir='ltr'><strong>tuam,</strong></span> <span class='ocrx_word' id='word_1_737' title='bbox 2909 3922 2962 3967; x_wconf 89' lang='lat' dir='ltr'><strong>et</strong></span> <span class='ocrx_word' id='word_1_738' title='bbox 2992 3915 3336 3982; x_wconf 87' lang='lat' dir='ltr'><strong>apprehende</strong></span> <span class='ocrx_word' id='word_1_739' title='bbox 3379 3932 3489 3969; x_wconf 80' lang='lat' dir='ltr'><strong>ma-</strong></span> 
     </span>
    </p>
   </div>
   <div class='ocr_carea' id='block_1_106' title="bbox 1900 4002 3488 4073">
    <p class='ocr_par' dir='ltr' id='par_1_106' title="bbox 1900 4002 3488 4073">
     <span class='ocr_line' id='line_1_106' title="bbox 1900 4002 3488 4073; baseline -0.001 -15"><span class='ocrx_word' id='word_1_740' title='bbox 1900 4021 2024 4058; x_wconf 89' lang='lat' dir='ltr'><strong>num</strong></span> <span class='ocrx_word' id='word_1_741' title='bbox 2058 4003 2219 4067; x_wconf 91' lang='lat' dir='ltr'><strong>illius,</strong></span> <span class='ocrx_word' id='word_1_742' title='bbox 2236 4012 2288 4058; x_wconf 90' lang='lat' dir='ltr'><strong>et</strong></span> <span class='ocrx_word' id='word_1_743' title='bbox 2317 4002 2461 4073; x_wconf 78' lang='lat' dir='ltr'><strong>erige</strong></span> <span class='ocrx_word' id='word_1_744' title='bbox 2483 4019 2621 4058; x_wconf 85' lang='lat' dir='ltr'><strong>eam.</strong></span> <span class='ocrx_word' id='word_1_745' title='bbox 2650 4003 2742 4057; x_wconf 92' lang='lat' dir='ltr'><strong>Ille</strong></span> <span class='ocrx_word' id='word_1_746' title='bbox 2765 4006 3039 4073; x_wconf 85' lang='lat' dir='ltr'><strong>respondit</strong></span> <span class='ocrx_word' id='word_1_747' title='bbox 3065 4023 3076 4034; x_wconf 77' lang='grc' dir='ltr'><strong><em>ο</em></strong></span> <span class='ocrx_word' id='word_1_748' title='bbox 3109 4006 3319 4059; x_wconf 83' lang='lat' dir='ltr'><strong>Faciam</strong></span> <span class='ocrx_word' id='word_1_749' title='bbox 3346 4007 3488 4058; x_wconf 78' lang='lat' dir='ltr'><strong>aliud</strong></span> 
     </span>
    </p>
   </div>
   <div class='ocr_carea' id='block_1_107' title="bbox 1899 4091 3485 4165">
    <p class='ocr_par' dir='ltr' id='par_1_107' title="bbox 1899 4091 3485 4165">
     <span class='ocr_line' id='line_1_107' title="bbox 1899 4091 3485 4165; baseline 0.001 -17"><span class='ocrx_word' id='word_1_750' title='bbox 1899 4094 2154 4165; x_wconf 85' lang='lat' dir='ltr'><strong>quidquid</strong></span> <span class='ocrx_word' id='word_1_751' title='bbox 2184 4103 2237 4147; x_wconf 89' lang='lat' dir='ltr'><strong>tu</strong></span> <span class='ocrx_word' id='word_1_752' title='bbox 2254 4093 2519 4148; x_wconf 80' lang='lat' dir='ltr'><strong>Eucherio</strong></span> <span class='ocrx_word' id='word_1_753' title='bbox 2544 4091 2792 4162; x_wconf 53' lang='lat' dir='ltr'><strong>jusserit,</strong></span> <span class='ocrx_word' id='word_1_754' title='bbox 2813 4097 2948 4147; x_wconf 86' lang='lat' dir='ltr'><strong>hanc</strong></span> <span class='ocrx_word' id='word_1_755' title='bbox 2972 4109 3098 4148; x_wconf 85' lang='lat' dir='ltr'><strong>vero</strong></span> <span class='ocrx_word' id='word_1_756' title='bbox 3130 4112 3240 4148; x_wconf 85' lang='lat' dir='ltr'><strong>rem</strong></span> <span class='ocrx_word' id='word_1_757' title='bbox 3270 4097 3485 4164; x_wconf 79' lang='lat' dir='ltr'><strong>aggredi</strong></span> 
     </span>
    </p>
   </div>
   <div class='ocr_carea' id='block_1_108' title="bbox 1901 4206 3483 4271">
    <p class='ocr_par' dir='ltr' id='par_1_108' title="bbox 1901 4206 3483 4271">
     <span class='ocr_line' id='line_1_108' title="bbox 1901 4206 3483 4271; baseline -0.001 -9"><span class='ocrx_word' id='word_1_758' title='bbox 1901 4221 2000 4262; x_wconf 88' lang='lat' dir='ltr'><strong>nec</strong></span> <span class='ocrx_word' id='word_1_759' title='bbox 2029 4206 2082 4260; x_wconf 92' lang='lat' dir='ltr'><strong>in</strong></span> <span class='ocrx_word' id='word_1_760' title='bbox 2116 4221 2218 4260; x_wconf 91' lang='lat' dir='ltr'><strong>ms.</strong></span> <span class='ocrx_word' id='word_1_761' title='bbox 2254 4216 2459 4271; x_wconf 89' lang='lat' dir='ltr'><strong>nostro,</strong></span> <span class='ocrx_word' id='word_1_762' title='bbox 2485 4221 2583 4260; x_wconf 86' lang='lat' dir='ltr'><strong>nec</strong></span> <span class='ocrx_word' id='word_1_763' title='bbox 2609 4209 2655 4259; x_wconf 79' lang='lat' dir='ltr'><strong>in</strong></span> <span class='ocrx_word' id='word_1_764' title='bbox 2687 4207 2923 4261; x_wconf 69' lang='lat' dir='ltr'><strong>editione</strong></span> <span class='ocrx_word' id='word_1_765' title='bbox 2947 4207 3243 4261; x_wconf 85' lang='lat' dir='ltr'><strong>.‘liabillonii</strong></span> <span class='ocrx_word' id='word_1_766' title='bbox 3276 4208 3483 4262; x_wconf 80' lang='lat' dir='ltr'><strong>Euche-</strong></span> 
     </span>
    </p>
   </div>
   <div class='ocr_carea' id='block_1_109' title="bbox 1901 4277 3485 4347">
    <p class='ocr_par' dir='ltr' id='par_1_109' title="bbox 1901 4277 3485 4347">
     <span class='ocr_line' id='line_1_109' title="bbox 1901 4277 3485 4347; baseline 0.001 -14"><span class='ocrx_word' id='word_1_767' title='bbox 1901 4279 2014 4334; x_wconf 89' lang='lat' dir='ltr'><strong>rius</strong></span> <span class='ocrx_word' id='word_1_768' title='bbox 2043 4278 2237 4332; x_wconf 89' lang='lat' dir='ltr'><strong>dicitur</strong></span> <span class='ocrx_word' id='word_1_769' title='bbox 2282 4279 2568 4347; x_wconf 69' lang='lat' dir='ltr'><strong>episcomis</strong></span> <span class='ocrx_word' id='word_1_770' title='bbox 2615 4278 3015 4344; x_wconf 80' lang='lat' dir='ltr'><strong>Lugdunensis,</strong></span> <span class='ocrx_word' id='word_1_771' title='bbox 3065 4277 3160 4332; x_wconf 88' lang='lat' dir='ltr'><strong>sed</strong></span> <span class='ocrx_word' id='word_1_772' title='bbox 3193 4279 3485 4347; x_wconf 69' lang='lat' dir='ltr'><strong>epiS‘foptts</strong></span> 
     </span>
    </p>
   </div>
   <div class='ocr_carea' id='block_1_110' title="bbox 1901 4347 3490 4421">
    <p class='ocr_par' dir='ltr' id='par_1_110' title="bbox 1901 4347 3490 4421">
     <span class='ocr_line' id='line_1_110' title="bbox 1901 4347 3490 4421; baseline 0 -19"><span class='ocrx_word' id='word_1_773' title='bbox 1901 4358 2130 4421; x_wconf 71' lang='lat' dir='ltr'><strong>tantum,</strong></span> <span class='ocrx_word' id='word_1_774' title='bbox 2162 4348 2236 4421; x_wconf 86' lang='lat' dir='ltr'><strong>ita</strong></span> <span class='ocrx_word' id='word_1_775' title='bbox 2285 4358 2342 4401; x_wconf 89' lang='lat' dir='ltr'><strong>ut</strong></span> <span class='ocrx_word' id='word_1_776' title='bbox 2383 4364 2480 4421; x_wconf 78' lang='lat' dir='ltr'><strong>vox</strong></span> <span class='ocrx_word' id='word_1_777' title='bbox 2516 4347 2872 4421; x_wconf 76' lang='lat' dir='ltr'><strong>Lugdunensis</strong></span> <span class='ocrx_word' id='word_1_778' title='bbox 2921 4351 3163 4404; x_wconf 89' lang='lat' dir='ltr'><strong>videatur</strong></span> <span class='ocrx_word' id='word_1_779' title='bbox 3208 4350 3433 4421; x_wconf 21' lang='lat' dir='ltr'><strong>adjecta,</strong></span> <span class='ocrx_word' id='word_1_780' title='bbox 3459 4366 3490 4402; x_wconf 87' lang='lat' dir='ltr'><strong>a</strong></span> 
     </span>
    </p>
   </div>
   <div class='ocr_carea' id='block_1_111' title="bbox 1898 4417 3578 4488">
    <p class='ocr_par' dir='ltr' id='par_1_111' title="bbox 1898 4417 3578 4488">
     <span class='ocr_line' id='line_1_111' title="bbox 1898 4417 3578 4488; baseline -0.001 -14"><span class='ocrx_word' id='word_1_781' title='bbox 1898 4419 2080 4488; x_wconf 83' lang='lat' dir='ltr'><strong>Surio,</strong></span> <span class='ocrx_word' id='word_1_782' title='bbox 2105 4419 2192 4488; x_wconf 88' lang='lat' dir='ltr'><strong>qui</strong></span> <span class='ocrx_word' id='word_1_783' title='bbox 2223 4432 2289 4472; x_wconf 87' lang='lat' dir='ltr'><strong>eo</strong></span> <span class='ocrx_word' id='word_1_784' title='bbox 2319 4417 2477 4472; x_wconf 88' lang='lat' dir='ltr'><strong>modo</strong></span> <span class='ocrx_word' id='word_1_785' title='bbox 2506 4417 2615 4474; x_wconf 83' lang='lat' dir='ltr'><strong>reni</strong></span> <span class='ocrx_word' id='word_1_786' title='bbox 2648 4419 2815 4488; x_wconf 79' lang='lat' dir='ltr'><strong>magis</strong></span> <span class='ocrx_word' id='word_1_787' title='bbox 2845 4421 3121 4488; x_wconf 78' lang='lat' dir='ltr'><strong>explicare</strong></span> <span class='ocrx_word' id='word_1_788' title='bbox 3151 4420 3338 4473; x_wconf 87' lang='lat' dir='ltr'><strong>voluit.</strong></span> <span class='ocrx_word' id='word_1_789' title='bbox 3395 4420 3477 4472; x_wconf 78' lang='lat' dir='ltr'><strong>Ex</strong></span> <span class='ocrx_word' id='word_1_790' title='bbox 3567 4473 3578 4478; x_wconf 84' lang='lat'><em>_</em></span> 
     </span>
    </p>
   </div>
   <div class='ocr_carea' id='block_1_112' title="bbox 1901 4487 3482 4559">
    <p class='ocr_par' dir='ltr' id='par_1_112' title="bbox 1901 4487 3482 4559">
     <span class='ocr_line' id='line_1_112' title="bbox 1901 4487 3482 4559; baseline -0.001 -16"><span class='ocrx_word' id='word_1_791' title='bbox 1901 4487 2071 4543; x_wconf 37' lang='lat' dir='ltr'><strong>Surio’</strong></span> <span class='ocrx_word' id='word_1_792' title='bbox 2120 4487 2368 4559; x_wconf 23' lang='lat' dir='ltr'><strong>irrepsit,</strong></span> <span class='ocrx_word' id='word_1_793' title='bbox 2397 4502 2499 4559; x_wconf 73' lang='lat' dir='ltr'><strong>vox</strong></span> <span class='ocrx_word' id='word_1_794' title='bbox 2551 4487 2751 4543; x_wconf 69' lang='lat' dir='ltr'><strong>eadem</strong></span> <span class='ocrx_word' id='word_1_795' title='bbox 2797 4491 2847 4542; x_wconf 92' lang='lat' dir='ltr'><strong>in</strong></span> <span class='ocrx_word' id='word_1_796' title='bbox 2902 4487 3138 4545; x_wconf 86' lang='lat' dir='ltr'><strong>editione</strong></span> <span class='ocrx_word' id='word_1_797' title='bbox 3221 4489 3482 4542; x_wconf 70' lang='lat' dir='ltr'><strong>Vincentii</strong></span> 
     </span>
    </p>
   </div>
   <div class='ocr_carea' id='block_1_113' title="bbox 1904 4557 3480 4626">
    <p class='ocr_par' dir='ltr' id='par_1_113' title="bbox 1904 4557 3480 4626">
     <span class='ocr_line' id='line_1_113' title="bbox 1904 4557 3480 4626; baseline -0.003 -12"><span class='ocrx_word' id='word_1_798' title='bbox 1904 4560 2156 4622; x_wconf 81' lang='lat' dir='ltr'><strong>Barrahs,</strong></span> <span class='ocrx_word' id='word_1_799' title='bbox 2203 4557 2290 4626; x_wconf 84' lang='lat' dir='ltr'><strong>qui</strong></span> <span class='ocrx_word' id='word_1_800' title='bbox 2346 4557 2560 4613; x_wconf 88' lang='lat' dir='ltr'><strong>Surium</strong></span> <span class='ocrx_word' id='word_1_801' title='bbox 2613 4560 2664 4613; x_wconf 92' lang='lat' dir='ltr'><strong>in</strong></span> <span class='ocrx_word' id='word_1_802' title='bbox 2709 4560 2889 4612; x_wconf 75' lang='lat' dir='ltr'><strong>multis</strong></span> <span class='ocrx_word' id='word_1_803' title='bbox 2938 4572 3152 4612; x_wconf 88' lang='lat' dir='ltr'><strong>secutus</strong></span> <span class='ocrx_word' id='word_1_804' title='bbox 3199 4571 3302 4612; x_wconf 74' lang='lat' dir='ltr'><strong>eat.</strong></span> <span class='ocrx_word' id='word_1_805' title='bbox 3361 4559 3480 4612; x_wconf 79' lang='lat' dir='ltr'><strong>Jam</strong></span> 
     </span>
    </p>
   </div>
   <div class='ocr_carea' id='block_1_114' title="bbox 1831 4629 3488 4719">
    <p class='ocr_par' dir='ltr' id='par_1_114' title="bbox 1831 4629 3488 4719">
     <span class='ocr_line' id='line_1_114' title="bbox 1831 4629 3488 4719; baseline -0.003 -34"><span class='ocrx_word' id='word_1_806' title='bbox 1831 4659 1880 4719; x_wconf 69' lang='grc' dir='ltr'><strong>υ</strong></span> <span class='ocrx_word' id='word_1_807' title='bbox 1908 4645 2037 4719; x_wconf 71' lang='lat' dir='ltr'><strong>vero</strong></span> <span class='ocrx_word' id='word_1_808' title='bbox 2061 4645 2167 4719; x_wconf 41' lang='lat' dir='ltr'><strong>uror:</strong></span> <span class='ocrx_word' id='word_1_809' title='bbox 2198 4629 2485 4719; x_wconf 41' lang='lat' dir='ltr'><strong>d-iltlculter</strong></span> <span class='ocrx_word' id='word_1_810' title='bbox 2507 4630 2925 4719; x_wconf 40' lang='lat' dir='ltr'><strong>psteridiyotjest</strong></span> <span class='ocrx_word' id='word_1_811' title='bbox 2947 4630 3105 4719; x_wconf 45' lang='grc' dir='ltr'><strong>(Ἔλεξῇ</strong></span> <span class='ocrx_word' id='word_1_812' title='bbox 3127 4629 3488 4719; x_wconf 26' lang='grc' dir='ltr'><strong>ρίγειιιιιιὶξιεηο</strong></span> 
     </span>
    </p>
   </div>
   <div class='ocr_carea' id='block_1_115' title="bbox 1908 4697 3488 4755">
    <p class='ocr_par' dir='ltr' id='par_1_115' title="bbox 1908 4697 3488 4755">
     <span class='ocr_line' id='line_1_115' title="bbox 1908 4697 3488 4755; baseline -0.001 0"><span class='ocrx_word' id='word_1_813' title='bbox 1908 4700 2058 4755; x_wconf 88' lang='lat' dir='ltr'><strong>tistes</strong></span> <span class='ocrx_word' id='word_1_814' title='bbox 2088 4697 2245 4755; x_wconf 81' lang='lat' dir='ltr'><strong>fuerit</strong></span> <span class='ocrx_word' id='word_1_815' title='bbox 2291 4699 2608 4754; x_wconf 77' lang='lat' dir='ltr'><strong>Eucherius.</strong></span> <span class='ocrx_word' id='word_1_816' title='bbox 2644 4699 2698 4753; x_wconf 90' lang='lat' dir='ltr'><strong>lu</strong></span> <span class='ocrx_word' id='word_1_817' title='bbox 2731 4697 2936 4751; x_wconf 80' lang='lat' dir='ltr'><strong>laudata</strong></span> <span class='ocrx_word' id='word_1_818' title='bbox 2970 4699 3143 4754; x_wconf 84' lang='lat' dir='ltr'><strong>Gallia</strong></span> <span class='ocrx_word' id='word_1_819' title='bbox 3185 4699 3488 4754; x_wconf 79' lang='lat' dir='ltr'><strong>Christiana</strong></span> 
     </span>
    </p>
   </div>
   <div class='ocr_carea' id='block_1_116' title="bbox 1909 4769 3494 4839">
    <p class='ocr_par' dir='ltr' id='par_1_116' title="bbox 1909 4769 3494 4839">
     <span class='ocr_line' id='line_1_116' title="bbox 1909 4769 3494 4839; baseline -0.001 -15"><span class='ocrx_word' id='word_1_820' title='bbox 1909 4783 2040 4824; x_wconf 91' lang='lat' dir='ltr'><strong>tom.</strong></span> <span class='ocrx_word' id='word_1_821' title='bbox 2075 4771 2115 4836; x_wconf 87' lang='grc' dir='ltr'><strong>Ι,</strong></span> <span class='ocrx_word' id='word_1_822' title='bbox 2149 4770 2257 4824; x_wconf 89' lang='lat' dir='ltr'><strong>col.</strong></span> <span class='ocrx_word' id='word_1_823' title='bbox 2283 4770 2410 4834; x_wconf 66' lang='lat'><strong>798,</strong></span> <span class='ocrx_word' id='word_1_824' title='bbox 2435 4769 2787 4839; x_wconf 83' lang='lat' dir='ltr'><strong>proferuntur</strong></span> <span class='ocrx_word' id='word_1_825' title='bbox 2808 4784 2872 4823; x_wconf 76' lang='lat' dir='ltr'><strong>ex</strong></span> <span class='ocrx_word' id='word_1_826' title='bbox 2914 4771 3279 4823; x_wconf 89' lang='lat' dir='ltr'><strong>vetustissimo</strong></span> <span class='ocrx_word' id='word_1_827' title='bbox 3303 4769 3494 4824; x_wconf 74' lang='lat' dir='ltr'><strong>Conci-</strong></span> 
     </span>
    </p>
   </div>
   <div class='ocr_carea' id='block_1_117' title="bbox 1909 4839 3490 4908">
    <p class='ocr_par' dir='ltr' id='par_1_117' title="bbox 1909 4839 3490 4908">
     <span class='ocr_line' id='line_1_117' title="bbox 1909 4839 3490 4908; baseline -0.002 -12"><span class='ocrx_word' id='word_1_828' title='bbox 1909 4844 2102 4896; x_wconf 88' lang='lat' dir='ltr'><strong>Iiorum</strong></span> <span class='ocrx_word' id='word_1_829' title='bbox 2134 4839 2320 4894; x_wconf 87' lang='lat' dir='ltr'><strong>codice</strong></span> <span class='ocrx_word' id='word_1_830' title='bbox 2341 4857 2443 4894; x_wconf 89' lang='lat' dir='ltr'><strong>ms.</strong></span> <span class='ocrx_word' id='word_1_831' title='bbox 2473 4842 2687 4893; x_wconf 86' lang='lat' dir='ltr'><strong>nomina</strong></span> <span class='ocrx_word' id='word_1_832' title='bbox 2707 4840 3060 4908; x_wconf 90' lang='lat' dir='ltr'><strong>quorumdam</strong></span> <span class='ocrx_word' id='word_1_833' title='bbox 3091 4841 3490 4908; x_wconf 84' lang='lat' dir='ltr'><strong>episcoporum.</strong></span> 
     </span>
    </p>
   </div>
   <div class='ocr_carea' id='block_1_118' title="bbox 1909 4909 3491 4981">
    <p class='ocr_par' dir='ltr' id='par_1_118' title="bbox 1909 4909 3491 4981">
     <span class='ocr_line' id='line_1_118' title="bbox 1909 4909 3491 4981; baseline 0.001 -18"><span class='ocrx_word' id='word_1_834' title='bbox 1909 4913 1997 4981; x_wconf 86' lang='lat' dir='ltr'><strong>qui</strong></span> <span class='ocrx_word' id='word_1_835' title='bbox 2025 4911 2466 4979; x_wconf 68' lang='lat' dir='ltr'><strong>subscripserunt</strong></span> <span class='ocrx_word' id='word_1_836' title='bbox 2497 4911 2728 4965; x_wconf 84' lang='lat' dir='ltr'><strong>concilio</strong></span> <span class='ocrx_word' id='word_1_837' title='bbox 2742 4909 3045 4963; x_wconf 81' lang='lat' dir='ltr'><strong>Arelatensi</strong></span> <span class='ocrx_word' id='word_1_838' title='bbox 3079 4927 3151 4973; x_wconf 79' lang='lat' dir='ltr'><strong>IV,</strong></span> <span class='ocrx_word' id='word_1_839' title='bbox 3180 4909 3376 4964; x_wconf 76' lang='lat' dir='ltr'><strong>additis</strong></span> <span class='ocrx_word' id='word_1_840' title='bbox 3406 4928 3491 4965; x_wconf 87' lang='lat' dir='ltr'><strong>nr-</strong></span> 
     </span>
    </p>
   </div>
   <div class='ocr_carea' id='block_1_119' title="bbox 1911 4981 3495 5050">
    <p class='ocr_par' dir='ltr' id='par_1_119' title="bbox 1911 4981 3495 5050">
     <span class='ocr_line' id='line_1_119' title="bbox 1911 4981 3495 5050; baseline -0.001 -14"><span class='ocrx_word' id='word_1_841' title='bbox 1911 4984 2055 5036; x_wconf 87' lang='lat' dir='ltr'><strong>lnum</strong></span> <span class='ocrx_word' id='word_1_842' title='bbox 2090 4983 2438 5045; x_wconf 86' lang='lat' dir='ltr'><strong>nominibus;</strong></span> <span class='ocrx_word' id='word_1_843' title='bbox 2477 4999 2596 5050; x_wconf 77' lang='lat' dir='ltr'><strong>qua:</strong></span> <span class='ocrx_word' id='word_1_844' title='bbox 2641 4981 2692 5034; x_wconf 91' lang='lat' dir='ltr'><strong>in</strong></span> <span class='ocrx_word' id='word_1_845' title='bbox 2732 4981 2976 5035; x_wconf 87' lang='lat' dir='ltr'><strong>conciliis</strong></span> <span class='ocrx_word' id='word_1_846' title='bbox 3006 4981 3164 5034; x_wconf 79' lang='lat' dir='ltr'><strong>editis</strong></span> <span class='ocrx_word' id='word_1_847' title='bbox 3216 4981 3495 5036; x_wconf 82' lang='lat' dir='ltr'><strong>desidera-</strong></span> 
     </span>
    </p>
   </div>
   <div class='ocr_carea' id='block_1_120' title="bbox 1912 5051 3502 5121">
    <p class='ocr_par' dir='ltr' id='par_1_120' title="bbox 1912 5051 3502 5121">
     <span class='ocr_line' id='line_1_120' title="bbox 1912 5051 3502 5121; baseline 0 -15"><span class='ocrx_word' id='word_1_848' title='bbox 1912 5056 2122 5106; x_wconf 69' lang='lat' dir='ltr'><strong>battlttl‘.</strong></span> <span class='ocrx_word' id='word_1_849' title='bbox 2187 5053 2327 5106; x_wconf 89' lang='lat' dir='ltr'><strong>Inter</strong></span> <span class='ocrx_word' id='word_1_850' title='bbox 2379 5056 2474 5107; x_wconf 77' lang='lat' dir='ltr'><strong>lius</strong></span> <span class='ocrx_word' id='word_1_851' title='bbox 2519 5051 2785 5105; x_wconf 88' lang='lat' dir='ltr'><strong>antistites</strong></span> <span class='ocrx_word' id='word_1_852' title='bbox 2833 5051 3068 5121; x_wconf 74' lang='lat' dir='ltr'><strong>legitur:</strong></span> <span class='ocrx_word' id='word_1_853' title='bbox 3115 5051 3401 5105; x_wconf 76' lang='lat' dir='ltr'><strong>Eucherius</strong></span> <span class='ocrx_word' id='word_1_854' title='bbox 3447 5056 3502 5106; x_wconf 80' lang='lat' dir='ltr'><strong>in</strong></span> 
     </span>
    </p>
   </div>
   <div class='ocr_carea' id='block_1_121' title="bbox 1913 5121 3502 5187">
    <p class='ocr_par' dir='ltr' id='par_1_121' title="bbox 1913 5121 3502 5187">
     <span class='ocr_line' id='line_1_121' title="bbox 1913 5121 3502 5187; baseline 0.001 -10"><span class='ocrx_word' id='word_1_855' title='bbox 1913 5123 2100 5177; x_wconf 81' lang='lat' dir='ltr'><strong>Christi</strong></span> <span class='ocrx_word' id='word_1_856' title='bbox 2147 5124 2351 5176; x_wconf 84' lang='lat' dir='ltr'><strong>nomine</strong></span> <span class='ocrx_word' id='word_1_857' title='bbox 2390 5123 2688 5187; x_wconf 61' lang='lat' dir='ltr'><strong>Avennicw,</strong></span> <span class='ocrx_word' id='word_1_858' title='bbox 2709 5124 2758 5174; x_wconf 90' lang='lat' dir='ltr'><strong>id</strong></span> <span class='ocrx_word' id='word_1_859' title='bbox 2792 5133 2896 5184; x_wconf 86' lang='lat' dir='ltr'><strong>est,</strong></span> <span class='ocrx_word' id='word_1_860' title='bbox 2929 5122 3220 5176; x_wconf 81' lang='lat' dir='ltr'><strong>Aveniunis</strong></span> <span class='ocrx_word' id='word_1_861' title='bbox 3257 5121 3502 5178; x_wconf 72' lang='lat' dir='ltr'><strong>Ecclesiw</strong></span> 
     </span>
    </p>
   </div>
   <div class='ocr_carea' id='block_1_122' title="bbox 1911 5193 3499 5264">
    <p class='ocr_par' dir='ltr' id='par_1_122' title="bbox 1911 5193 3499 5264">
     <span class='ocr_line' id='line_1_122' title="bbox 1911 5193 3499 5264; baseline -0.001 -16"><span class='ocrx_word' id='word_1_862' title='bbox 1911 5197 2198 5264; x_wconf 79' lang='lat' dir='ltr'><strong>episcopus.</strong></span> <span class='ocrx_word' id='word_1_863' title='bbox 2250 5195 2379 5248; x_wconf 88' lang='lat' dir='ltr'><strong>llinc</strong></span> <span class='ocrx_word' id='word_1_864' title='bbox 2434 5195 2644 5258; x_wconf 74' lang='lat' dir='ltr'><strong>infero,</strong></span> <span class='ocrx_word' id='word_1_865' title='bbox 2692 5193 3016 5246; x_wconf 84' lang='lat' dir='ltr'><strong>Eucherium</strong></span> <span class='ocrx_word' id='word_1_866' title='bbox 3068 5195 3499 5247; x_wconf 64' lang='lat' dir='ltr'><strong>Avcnioncnscttt</strong></span> 
     </span>
    </p>
   </div>
   <div class='ocr_carea' id='block_1_123' title="bbox 1912 5265 3498 5334">
    <p class='ocr_par' dir='ltr' id='par_1_123' title="bbox 1912 5265 3498 5334">
     <span class='ocr_line' id='line_1_123' title="bbox 1912 5265 3498 5334; baseline -0.001 -15"><span class='ocrx_word' id='word_1_867' title='bbox 1912 5281 2031 5334; x_wconf 69' lang='lat' dir='ltr'><strong>esse</strong></span> <span class='ocrx_word' id='word_1_868' title='bbox 2061 5282 2149 5334; x_wconf 70' lang='grc' dir='ltr'><strong>ψιι</strong></span> <span class='ocrx_word' id='word_1_869' title='bbox 2183 5276 2410 5332; x_wconf 87' lang='lat' dir='ltr'><strong>quatuor</strong></span> <span class='ocrx_word' id='word_1_870' title='bbox 2439 5267 2683 5319; x_wconf 82' lang='lat' dir='ltr'><strong>conciliis</strong></span> <span class='ocrx_word' id='word_1_871' title='bbox 2713 5279 2808 5332; x_wconf 87' lang='lat' dir='ltr'><strong>per</strong></span> <span class='ocrx_word' id='word_1_872' title='bbox 2837 5266 2894 5318; x_wconf 84' lang='lat' dir='ltr'><strong>S.</strong></span> <span class='ocrx_word' id='word_1_873' title='bbox 2931 5265 3250 5328; x_wconf 68' lang='lat' dir='ltr'><strong>Carsarium,</strong></span> <span class='ocrx_word' id='word_1_874' title='bbox 3289 5278 3343 5318; x_wconf 89' lang='lat' dir='ltr'><strong>ut</strong></span> <span class='ocrx_word' id='word_1_875' title='bbox 3377 5283 3498 5318; x_wconf 80' lang='lat' dir='ltr'><strong>nar-</strong></span> 
     </span>
    </p>
   </div>
   <div class='ocr_carea' id='block_1_124' title="bbox 1916 5333 3498 5403">
    <p class='ocr_par' dir='ltr' id='par_1_124' title="bbox 1916 5333 3498 5403">
     <span class='ocr_line' id='line_1_124' title="bbox 1916 5333 3498 5403; baseline -0.001 -16"><span class='ocrx_word' id='word_1_876' title='bbox 1916 5333 2026 5387; x_wconf 77' lang='lat' dir='ltr'><strong>I&#39;avi</strong></span> <span class='ocrx_word' id='word_1_877' title='bbox 2081 5333 2173 5396; x_wconf 15' lang='lat' dir='ltr'><strong>ius,</strong></span> <span class='ocrx_word' id='word_1_878' title='bbox 2211 5337 2345 5387; x_wconf 70' lang='lat' dir='ltr'><strong>intra</strong></span> <span class='ocrx_word' id='word_1_879' title='bbox 2379 5351 2575 5400; x_wconf 88' lang='lat' dir='ltr'><strong>paucos</strong></span> <span class='ocrx_word' id='word_1_880' title='bbox 2616 5350 2786 5388; x_wconf 87' lang='lat' dir='ltr'><strong>annos</strong></span> <span class='ocrx_word' id='word_1_881' title='bbox 2821 5335 3038 5399; x_wconf 76' lang='lat' dir='ltr'><strong>habitis,</strong></span> <span class='ocrx_word' id='word_1_882' title='bbox 3085 5351 3276 5403; x_wconf 89' lang='lat' dir='ltr'><strong>netnpe</strong></span> <span class='ocrx_word' id='word_1_883' title='bbox 3315 5340 3498 5390; x_wconf 85' lang='lat' dir='ltr'><strong>Arela-</strong></span> 
     </span>
    </p>
   </div>
   <div class='ocr_carea' id='block_1_125' title="bbox 1916 5405 3498 5472">
    <p class='ocr_par' dir='ltr' id='par_1_125' title="bbox 1916 5405 3498 5472">
     <span class='ocr_line' id='line_1_125' title="bbox 1916 5405 3498 5472; baseline -0.001 -14"><span class='ocrx_word' id='word_1_884' title='bbox 1916 5407 2048 5458; x_wconf 55' lang='lat' dir='ltr'><strong>tensi</strong></span> <span class='ocrx_word' id='word_1_885' title='bbox 2082 5421 2154 5469; x_wconf 86' lang='lat' dir='ltr'><strong>tv,</strong></span> <span class='ocrx_word' id='word_1_886' title='bbox 2183 5405 2710 5472; x_wconf 68' lang='lat' dir='ltr'><strong>Carpentoractensi,</strong></span> <span class='ocrx_word' id='word_1_887' title='bbox 2749 5407 3081 5460; x_wconf 75' lang='lat' dir='ltr'><strong>Aransicano</strong></span> <span class='ocrx_word' id='word_1_888' title='bbox 3112 5423 3169 5466; x_wconf 89' lang='lat' dir='ltr'><strong>ll,</strong></span> <span class='ocrx_word' id='word_1_889' title='bbox 3196 5421 3249 5459; x_wconf 89' lang='lat' dir='ltr'><strong>et</strong></span> <span class='ocrx_word' id='word_1_890' title='bbox 3285 5407 3498 5458; x_wconf 67' lang='lat' dir='ltr'><strong>Valvttst</strong></span> 
     </span>
    </p>
   </div>
   <div class='ocr_carea' id='block_1_126' title="bbox 1914 5475 3496 5544">
    <p class='ocr_par' dir='ltr' id='par_1_126' title="bbox 1914 5475 3496 5544">
     <span class='ocr_line' id='line_1_126' title="bbox 1914 5475 3496 5544; baseline -0.003 -16"><span class='ocrx_word' id='word_1_891' title='bbox 1914 5477 2250 5544; x_wconf 47' lang='lat' dir='ltr'><strong>subscripzns</strong></span> <span class='ocrx_word' id='word_1_892' title='bbox 2296 5476 2489 5542; x_wconf 67' lang='lat' dir='ltr'><strong>legitur</strong></span> <span class='ocrx_word' id='word_1_893' title='bbox 2538 5475 2854 5538; x_wconf 81' lang='lat' dir='ltr'><strong>Eucherius,</strong></span> <span class='ocrx_word' id='word_1_894' title='bbox 2901 5478 3018 5530; x_wconf 91' lang='lat' dir='ltr'><strong>sine</strong></span> <span class='ocrx_word' id='word_1_895' title='bbox 3061 5477 3208 5528; x_wconf 89' lang='lat' dir='ltr'><strong>urbis</strong></span> <span class='ocrx_word' id='word_1_896' title='bbox 3259 5479 3496 5530; x_wconf 60' lang='lat' dir='ltr'><strong>&quot;iuriae.</strong></span> 
     </span>
    </p>
   </div>
   <div class='ocr_carea' id='block_1_127' title="bbox 1915 5547 3498 5603">
    <p class='ocr_par' dir='ltr' id='par_1_127' title="bbox 1915 5547 3498 5603">
     <span class='ocr_line' id='line_1_127' title="bbox 1915 5547 3498 5603; baseline -0.003 -4"><span class='ocrx_word' id='word_1_897' title='bbox 1915 5547 2046 5601; x_wconf 86' lang='lat' dir='ltr'><strong>llinc</strong></span> <span class='ocrx_word' id='word_1_898' title='bbox 2081 5550 2305 5601; x_wconf 86' lang='lat' dir='ltr'><strong>ulterius</strong></span> <span class='ocrx_word' id='word_1_899' title='bbox 2337 5549 2546 5602; x_wconf 88' lang='lat' dir='ltr'><strong>deduco</strong></span> <span class='ocrx_word' id='word_1_900' title='bbox 2569 5564 2674 5601; x_wconf 89' lang='lat' dir='ltr'><strong>non</strong></span> <span class='ocrx_word' id='word_1_901' title='bbox 2704 5550 2864 5603; x_wconf 87' lang='lat' dir='ltr'><strong>alium</strong></span> <span class='ocrx_word' id='word_1_902' title='bbox 2897 5547 3218 5600; x_wconf 68' lang='lat' dir='ltr'><strong>Eucherium</strong></span> <span class='ocrx_word' id='word_1_903' title='bbox 3254 5547 3354 5598; x_wconf 86' lang='lat' dir='ltr'><strong>hoc</strong></span> <span class='ocrx_word' id='word_1_904' title='bbox 3381 5548 3498 5596; x_wconf 89' lang='lat' dir='ltr'><strong>loco</strong></span> 
     </span>
    </p>
   </div>
   <div class='ocr_carea' id='block_1_128' title="bbox 1910 5615 3499 5686">
    <p class='ocr_par' dir='ltr' id='par_1_128' title="bbox 1910 5615 3499 5686">
     <span class='ocr_line' id='line_1_128' title="bbox 1910 5615 3499 5686; baseline -0.002 -18"><span class='ocrx_word' id='word_1_905' title='bbox 1910 5617 2074 5671; x_wconf 66' lang='lat' dir='ltr'><strong>{iusso</strong></span> <span class='ocrx_word' id='word_1_906' title='bbox 2107 5620 2164 5671; x_wconf 86' lang='lat' dir='ltr'><strong>S.</strong></span> <span class='ocrx_word' id='word_1_907' title='bbox 2194 5621 2410 5672; x_wconf 58' lang='grc' dir='ltr'><strong>(ῥηιδίη-11</strong></span> <span class='ocrx_word' id='word_1_908' title='bbox 2444 5617 2718 5682; x_wconf 84' lang='lat' dir='ltr'><strong>comitem,</strong></span> <span class='ocrx_word' id='word_1_909' title='bbox 2748 5635 2904 5686; x_wconf 87' lang='lat' dir='ltr'><strong>quam</strong></span> <span class='ocrx_word' id='word_1_910' title='bbox 2945 5617 3214 5668; x_wconf 84' lang='lat' dir='ltr'><strong>laudatum</strong></span> <span class='ocrx_word' id='word_1_911' title='bbox 3246 5615 3499 5686; x_wconf 77' lang='lat' dir='ltr'><strong>_Avcnin-</strong></span> 
     </span>
    </p>
   </div>
   <div class='ocr_carea' id='block_1_129' title="bbox 1911 5684 3499 5755">
    <p class='ocr_par' dir='ltr' id='par_1_129' title="bbox 1911 5684 3499 5755">
     <span class='ocr_line' id='line_1_129' title="bbox 1911 5684 3499 5755; baseline -0.003 -15"><span class='ocrx_word' id='word_1_912' title='bbox 1911 5706 2157 5752; x_wconf 83' lang='lat' dir='ltr'><strong>ncascm,</strong></span> <span class='ocrx_word' id='word_1_913' title='bbox 2191 5704 2310 5742; x_wconf 90' lang='lat' dir='ltr'><strong>cum</strong></span> <span class='ocrx_word' id='word_1_914' title='bbox 2357 5689 2405 5741; x_wconf 87' lang='lat' dir='ltr'><strong>id</strong></span> <span class='ocrx_word' id='word_1_915' title='bbox 2443 5693 2681 5743; x_wconf 84' lang='lat' dir='ltr'><strong>locorum</strong></span> <span class='ocrx_word' id='word_1_916' title='bbox 2713 5684 3082 5755; x_wconf 79' lang='lat' dir='ltr'><strong>pr0pinquitas</strong></span> <span class='ocrx_word' id='word_1_917' title='bbox 3115 5684 3332 5755; x_wconf 88' lang='lat' dir='ltr'><strong>omnino</strong></span> <span class='ocrx_word' id='word_1_918' title='bbox 3372 5701 3499 5737; x_wconf 72' lang='lat' dir='ltr'><strong>sua-</strong></span> 
     </span>
    </p>
   </div>
   <div class='ocr_carea' id='block_1_130' title="bbox 1909 5753 3498 5830">
    <p class='ocr_par' dir='ltr' id='par_1_130' title="bbox 1909 5753 3498 5830">
     <span class='ocr_line' id='line_1_130' title="bbox 1909 5753 3498 5830; baseline -0.004 -19"><span class='ocrx_word' id='word_1_919' title='bbox 1909 5761 2050 5821; x_wconf 66' lang='lat' dir='ltr'><strong>deat,</strong></span> <span class='ocrx_word' id='word_1_920' title='bbox 2078 5771 2127 5812; x_wconf 78' lang='lat' dir='ltr'><strong>et</strong></span> <span class='ocrx_word' id='word_1_921' title='bbox 2154 5773 2464 5830; x_wconf 76' lang='lat' dir='ltr'><strong>argumenta</strong></span> <span class='ocrx_word' id='word_1_922' title='bbox 2491 5775 2587 5828; x_wconf 84' lang='lat' dir='ltr'><strong>pro</strong></span> <span class='ocrx_word' id='word_1_923' title='bbox 2614 5753 2876 5830; x_wconf 63' lang='lat' dir='ltr'><strong>Etnhetin</strong></span> <span class='ocrx_word' id='word_1_924' title='bbox 2895 5753 3286 5830; x_wconf 73' lang='lat' dir='ltr'><strong>Lug-lunensill</strong></span> <span class='ocrx_word' id='word_1_925' title='bbox 3313 5757 3498 5810; x_wconf 69' lang='lat' dir='ltr'><strong>allata.</strong></span> 
     </span>
    </p>
   </div>
   <div class='ocr_carea' id='block_1_131' title="bbox 1909 5825 3396 5895">
    <p class='ocr_par' dir='ltr' id='par_1_131' title="bbox 1909 5825 3396 5895">
     <span class='ocr_line' id='line_1_131' title="bbox 1909 5825 3396 5895; baseline -0.001 -11"><span class='ocrx_word' id='word_1_926' title='bbox 1909 5833 2107 5884; x_wconf 81' lang='lat' dir='ltr'><strong>nttiltus</strong></span> <span class='ocrx_word' id='word_1_927' title='bbox 2138 5825 2242 5885; x_wconf 64' lang='lat' dir='ltr'><strong>sini</strong></span> <span class='ocrx_word' id='word_1_928' title='bbox 2270 5825 2552 5893; x_wconf 80' lang='lat' dir='ltr'><strong>momenti,</strong></span> <span class='ocrx_word' id='word_1_929' title='bbox 2586 5839 2643 5878; x_wconf 92' lang='lat' dir='ltr'><strong>nt</strong></span> <span class='ocrx_word' id='word_1_930' title='bbox 2670 5827 2879 5880; x_wconf 73' lang='lat' dir='ltr'><strong>ostendi</strong></span> <span class='ocrx_word' id='word_1_931' title='bbox 2910 5827 3104 5895; x_wconf 73' lang='lat' dir='ltr'><strong>poterit</strong></span> <span class='ocrx_word' id='word_1_932' title='bbox 3133 5840 3228 5878; x_wconf 67' lang='lat' dir='ltr'><strong>suit</strong></span> <span class='ocrx_word' id='word_1_933' title='bbox 3255 5825 3396 5882; x_wconf 80' lang='lat' dir='ltr'><strong>loco.</strong></span> 
     </span>
    </p>
   </div>
   <div class='ocr_carea' id='block_1_132' title="bbox 1984 5897 2914 5970">
    <p class='ocr_par' dir='ltr' id='par_1_132' title="bbox 1984 5897 2914 5970">
     <span class='ocr_line' id='line_1_132' title="bbox 1984 5897 2914 5970; baseline -0.005 -14"><span class='ocrx_word' id='word_1_934' title='bbox 1984 5901 2053 5970; x_wconf 59' lang='grc' dir='ltr'><strong>(ιτ)</strong></span> <span class='ocrx_word' id='word_1_935' title='bbox 2087 5900 2258 5956; x_wconf 71' lang='lat' dir='ltr'><strong>Strato</strong></span> <span class='ocrx_word' id='word_1_936' title='bbox 2296 5915 2389 5970; x_wconf 76' lang='lat' dir='ltr'><strong>pro</strong></span> <span class='ocrx_word' id='word_1_937' title='bbox 2420 5901 2502 5956; x_wconf 77' lang='lat' dir='ltr'><strong>\‘irt</strong></span> <span class='ocrx_word' id='word_1_938' title='bbox 2535 5914 2673 5966; x_wconf 75' lang='lat' dir='ltr'><strong>Sa&#39;pc</strong></span> <span class='ocrx_word' id='word_1_939' title='bbox 2700 5897 2914 5968; x_wconf 69' lang='lat' dir='ltr'><strong>legitur.</strong></span> 
     </span>
    </p>
   </div>
  </div>
