3958 6358
429 1057 436 1170 ἰ

470 365 603 420 1019

1523 360 1582 416 S.
1625 356 1918 413 CAESAR"
1959 356 2167 412 EPISC.
2209 355 2686 414 ARELATENSIS

3593 361 3618 415 l
3635 363 3746 418 0‘20

467 495 574 533 non
593 492 929 548 prmsmnain.
949 475 1053 530 Sed
1078 473 1213 530 istud
1234 474 1316 529 lac
1336 483 1411 540 tu,
1437 473 1522 526 cui
1547 471 1921 564 deditDeuset
1941 469 2053 564 ani-
2080 471 2129 528 Α
2157 486 2284 542 dum
2307 487 2449 544 se";
2484 487 2576 559 Dei
2610 487 2855 541 “unum
2884 489 3250 555 conluctetur,
3281 492 3498 547 sceleris
3521 497 3600 549 sui
3636 513 3742 564 pa-

462 584 583 623 tuas
603 576 658 623 et
686 582 908 636 corpora
938 580 1129 619 sanare
1161 564 1546 634 languentium.
1585 562 1878 631 Respondit
1917 563 1964 617 ei
1995 562 2051 615 S.

466 658 728 713 Casarins
753 675 767 711 :
799 656 1016 710 Interim
1046 665 1101 708 tu
1131 656 1212 710 fac
1233 655 1377 726 quod
1409 655 1553 709 dico.
1573 653 1814 723 Cumque
1838 654 1924 707 ille
1949 653 2056 708 for-

467 749 587 803 titer
603 749 941 816 reniteretur,
956 755 1008 803 et
1031 747 1376 802 humiliterac
1392 746 1810 817 lat-rymabiliter
1830 761 2054 800 excusa-

466 848 563 901 ret.
593 839 896 909 diutiusque
918 840 1290 904 contenderet,
1320 838 1457 894 dixit
1483 839 1551 892 ad
1584 851 1706 892 eum
1733 855 1745 889 :
1783 837 1837 890 ln
1878 838 2053 905 ignem

467 940 519 984 tu
567 939 786 999 propter
827 930 1185 985 obedientiam
1234 929 1570 1000 ingressurus
1619 941 1762 992 eras,
1819 929 1908 995 qui
1957 942 2056 982 nec

466 1027 681 1088 propter
712 1018 1138 1074 misericordiam
1165 1033 1225 1074 es
1256 1030 1470 1088 paratus
1502 1019 1678 1072 lacere
1707 1017 1848 1084 quod
1879 1017 2055 1072 chari-

467 1105 546 1164 téls
565 1110 758 1178 jubet?
784 1112 933 1166 mitte
962 1125 1091 1180 ergo
1121 1125 1336 1165 manum
1369 1119 1512 1163 tuam
1545 1110 1598 1161 in
1628 1108 1844 1162 nomine
1874 1107 2054 1161 Domi-

467 1203 517 1256 ni
539 1211 593 1256 et
612 1202 759 1272 erige
782 1217 926 1258 caui.
953 1203 1107 1258 Tunc
1123 1203 1287 1273 jussis
1307 1202 1587 1270 ohediens,
1621 1201 1902 1256 mulierem
1934 1215 2054 1269 por-

467 1301 612 1348 recta
657 1310 816 1348 manu
861 1294 1098 1359 levavit;
1149 1294 1373 1364 pedibus
1424 1295 1534 1348 suis
1585 1300 1748 1362 atque
1804 1293 2056 1347 omnibus

467 1384 722 1440 membris
771 1387 1134 1455 recuperatis,
1182 1385 1525 1455 [inSpitiolum
1570 1400 1726 1438 suum
1770 1383 2054 1438 incolumis

469 1475 789 1531 ambulavit.

535 1565 624 1620 56.
655 1566 789 1620 Nam
821 1568 1032 1637 quantis
1065 1569 1350 1624 virtutibus
1379 1570 1685 1627 emicuerit.
1737 1567 1858 1637 quis
1898 1581 2054 1620 enar—

469 1672 586 1711 rare
618 1658 835 1712 vali-at?
881 1659 1077 1714 factum
1110 1670 1190 1714 est
1242 1668 1302 1714 ut
1353 1663 1402 1714 in
1444 1675 1573 1728 agro
1614 1658 1921 1713 monasterii
1969 1658 2053 1711 sui

464 1750 773 1807 suburbano
802 1755 913 1822 apri
941 1755 1357 1825 frequentarent.
1408 1751 1837 1822 Egrediebantur
1882 1750 2053 1805 comi-

2159 580 2378 635 hlicavit
2414 580 2817 635 admissionem.

2227 671 2318 729 39.
2348 673 2558 728 Scimus
2587 673 2748 726 etiam
2793 673 2989 727 multas
3041 689 3135 742 per
3161 674 3601 733 intercessionem
3633 683 3744 736 viri

2157 763 2534 837 [Mab.,servi]
2589 765 2683 832 Dei
2729 765 3012 820 Dominum
3063 766 3254 822 fecisse
3304 769 3554 834 virtutes.
3599 789 3746 844 quas

2160 857 2378 927 longum
2414 867 2498 912 est
2523 871 2618 924 per
2645 855 2888 911 ordinem
2923 858 3193 927 prosequi.
3226 858 3356 913 Nam
3377 875 3497 914 cum
3530 879 3672 919 unus
3713 882 3747 921 e

2159 947 2378 1014 nostris,
2406 947 2499 1016 qui
2530 943 2646 1002 haec
2674 947 3015 1015 scripsimus,
3042 963 3138 1016 pro
3167 950 3419 1017 sulTragio
3447 967 3544 1007 suo
3573 958 3744 1010 bene-

2157 1038 2412 1093 dictionis
2441 1039 2510 1094 ab
2535 1039 2648 1106 ipso
2665 1049 3032 1093 consecratum
3055 1040 3230 1094 oleum
3255 1045 3594 1110 postulasset,
3621 1063 3746 1100 am-

2157 1129 2413 1199 pullulam
2444 1129 2653 1198 plenam
2686 1130 2752 1182 ab
2782 1129 2900 1199 ipso
2928 1142 3204 1201 acceptam
3235 1132 3517 1201 diligenter
3544 1137 3608 1189 ad
3636 1138 3742 1190 d0-

2159 1237 2302 1275 mum
2344 1220 2601 1287 referens,
2637 1231 2887 1291 tanquam
2939 1224 3199 1278 maximas
3252 1226 3504 1295 reliquias
3532 1231 3748 1284 studuit

2159 1325 2501 1365 conservare.
2552 1311 2620 1366 Et
2655 1311 2783 1365 dum
2829 1320 2946 1380 post
2987 1313 3202 1382 aliquod
3243 1325 3451 1384 tempus
3495 1320 3746 1373 tertianm

2159 1403 2323 1460 febris
2354 1414 2637 1475 urgeretur
2669 1406 2974 1471 ardoribus,
3023 1409 3364 1478 ampullulaui
3414 1413 3462 1465 in
3494 1431 3592 1482 qua
3625 1426 3742 1471 erat

2159 1495 2359 1562 oleum,
2393 1496 2628 1549 maxima
2662 1499 3007 1553 veneratione
3055 1501 3348 1568 grandique
3392 1508 3642 1570 prmsidin
3677 1509 3746 1562 ad

2159 1595 2322 1653 caput
2352 1600 2509 1639 suum
2540 1586 2692 1655 petiit
2719 1587 2914 1641 debere
2943 1590 3213 1657 suspendi.
3246 1591 3373 1658 Quae
3401 1594 3521 1645 dum
3546 1594 3750 1650 fuisset

2161 1675 2514 1728 mundissimo
2547 1676 2712 1730 linteo
2743 1677 2998 1744 involuta,
3048 1687 3105 1733 ut
3131 1669 3419 1755 credimus,
3466 1686 3750 1755 negligen-

2163 1767 2236 1816 tia
2267 1763 2498 1819 faciente
2527 1763 2872 1831 fainulorum,
2921 1771 3189 1824 confracta
3218 1781 3317 1824 est.
3349 1773 3454 1827 Sed
3487 1776 3552 1828 ita
3593 1779 3747 1831 intra

467 1856 544 1897 tes
574 1843 803 1897 civitatis
830 1845 911 1899 vel
945 1845 1130 1914 reliqui
1164 1845 1478 1908 militantes,
1525 1854 1579 1898 et
1621 1859 1727 1897 nou
1773 1843 2052 1909 permitte-

2170 1855 2332 1926 ipsam
2361 1859 2509 1913 stetit
2540 1858 2740 1923 nleunt,
2794 1871 2850 1912 nt
2877 1861 3057 1916 nullus
3088 1862 3265 1932 liquor
3307 1864 3360 1918 in
3394 1874 3530 1920 terra
3570 1852 3657 1923 vel
3694 1873 3750 1925 in

466 1931 593 1986 butt
644 1932 888 1988 homines
955 1935 1007 1987 in
1051 1934 1301 1989 domibus
1350 1934 1589 1989 habitare
1649 1935 1731 1988 vel
1783 1932 2050 1998 laborare,

465 2024 558 2077 sed
607 2022 772 2078 nimia
811 2039 906 2079 eos
934 2027 1084 2082 cazde
1137 2015 1477 2092 mactabant,
1521 2042 1688 2097 quare
1726 2041 1822 2081 eos
1873 2025 2053 2093 prohi-

465 2115 676 2171 berent.
775 2117 857 2172 Illi
907 2134 1038 2174 vero
1093 2119 1294 2175 diutius
1353 2121 1462 2188 jam
1515 2134 1620 2174 non
1680 2117 1915 2174 ferentes
1972 2117 2051 2172 in-

464 2207 632 2275 jurias
692 2219 746 2263 et
807 2210 1223 2278 inquietudincs,
1295 2219 1560 2265 venerunt
1617 2218 1673 2264 et
1742 2209 2056 2278 interpella-

466 2307 660 2353 verunt
710 2301 884 2368 ipsum
940 2301 1259 2365 dominum,
1317 2303 1711 2370 proclamantes
1761 2309 1816 2355 et
1871 2300 2054 2354 dicen-

465 2399 583 2445 tes:
607 2391 713 2446 Fac
738 2393 806 2447 de
836 2393 988 2447 nobis
1009 2393 1149 2464 quod
1165 2394 1352 2460 iubes;
1385 2408 1505 2447 nam
1526 2408 1625 2448 nec
1649 2393 1860 2448 ser-vire
1879 2392 2054 2458 vobis,

466 2496 564 2537 nec
587 2482 658 2536 ihi
715 2491 861 2538 stare
930 2499 1233 2553 possumus.
1270 2484 1512 2541 Sollicite
1574 2486 1870 2554 interrogat
1935 2499 2055 2554 qua:

465 2583 646 2628 essent
673 2577 903 2644 quere’at
944 2591 1153 2630 eorum.
1195 2575 1296 2641 Qui
1340 2574 1773 2643 reaponderuut:
1827 2574 2055 2643 Propter

467 2679 628 2733 apros
659 2665 881 2720 veniunt
907 2667 1133 2721 comites
1163 2674 1218 2721 et
1241 2666 1403 2721 Gothi
1429 2675 1482 2720 et
1508 2665 1712 2720 diversi
1744 2673 2050 2728 venatores,

469 2765 521 2809 et
553 2755 882 2811 interficiunt
908 2772 1025 2810 nos.
1058 2759 1128 2821 At
1159 2757 1247 2812 ille
1264 2757 1475 2825 publica
1499 2770 1649 2821 voce,
1679 2756 1901 2823 e‘evatis
1927 2771 2057 2812 ocu-

469 2845 535 2899 lis
590 2854 646 2900 et
695 2848 961 2911 manibus,
991 2848 1256 2916 aspiciens
1305 2850 1358 2900 iii
1399 2848 1596 2904 cmlum
1629 2847 1801 2902 dixit:
1832 2847 2056 2902 Domine

469 2938 594 2993 .lesu
617 2938 847 3007 Christe,
877 2955 945 2994 ne
974 2941 1027 2994 in
1056 2941 1173 2996 loco
1201 2941 1341 2996 ultra
1359 2942 1476 3010 apri
1493 2954 1770 2996 accessum
1800 2939 2052 2995 habeant.

475 3032 554 3086 Ex
587 3033 773 3087 eadem
807 3031 939 3088 hora
973 3049 1140 3103 usque
1168 3035 1218 3088 in
1253 3045 1570 3103 praasentem
1599 3034 1742 3089 diem
1781 3049 2054 3103 nunquam
2084 3097 2100 3116 ο

469 3123 543 3179 ibi
577 3123 881 3180 tiu-'rieruttt
909 3127 1010 3195 (ιι),
1037 3127 1173 3181 sicut
1199 3135 1610 3195 cousueveraut,
1631 3141 1732 3182 nec
1757 3127 2060 3202 comparuit

2155 1949 2326 2003 linteo
2353 1949 2726 2005 descenderet.
2756 1950 2873 2018 Qun
2902 1953 3036 2017 viso,
3081 1954 3207 2009 dum
3241 1956 3291 2009 in
3324 1973 3450 2013 vase
3479 1961 3580 2013 alio
3615 1978 3749 2016 cum

2157 2054 2365 2095 summa
2397 2041 2680 2096 velocitate
2708 2053 3024 2106 mutaretur.
3078 2060 3198 2100 cum
3231 2061 3577 2116 pcrevacuata
3609 2055 3751 2108 fuis-

2156 2142 2261 2197 set,
2293 2133 2473 2186 statim
2507 2148 2565 2187 se
2593 2133 2823 2202 ampulla
2853 2137 3128 2190 confracta
3153 2137 3411 2203 dissolvit,
3439 2154 3490 2195 et
3522 2143 3587 2196 ab
3614 2128 3752 2210 ipso

2155 2227 2247 2294 qui
2299 2226 2415 2282 lucc
2447 2229 2711 2282 veraciter
2739 2239 3020 2295 memorat,
3057 2231 3341 2301 adjuvante
3373 2233 3632 2301 Domino,
3672 2239 3752 2292 fe-

2155 2317 2266 2374 bris
2289 2319 2408 2374 sine
2432 2319 2539 2374 ulla
2566 2320 2821 2376 dilatione
2845 2322 3114 2376 discessit.

2792 2457 3015 2516 carur
3061 2460 3154 2546 γ..

2158 2569 2351 2650 Fervet
2372 2573 2777 2650 inprwdicando
2803 2589 2964 2650 perac
2981 2583 3029 2626 et
3054 2576 3215 2638 alios;
3242 2585 3436 2631 statuta
3461 2583 3571 2649 ejus
3594 2599 3751 2650 quc-

2229 2643 2384 2718 dam;
2412 2644 2724 2718 doctrinauin
2764 2644 3102 2714 suspicionem
3145 2658 3320 2700 vocatu
3347 2659 3395 2700 et
3423 2643 3592 2704 nam
3609 2643 3750 2718 'pro-

2232 2713 2388 2779 batn;
2433 2714 2780 2780 hospitalitas.
2855 2713 2860 2714 ⁷
3622 2713 3631 2718 ·
3745 2724 3754 2729 -

2233 2842 2324 2900 40.
2356 2844 2412 2898 ln
2441 2843 2769 2900 disserendis
2790 2856 2966 2899 autem
2991 2845 3282 2913 Scriptnris
3313 2858 3366 2902 et
3391 2849 3442 2902 in
3469 2850 3753 2907 elucidan-

2161 2939 2242 2996 dis
2271 2940 2724 3008 obscuritatibus,
2755 2947 2954 3009 quanta
2993 2941 3167 3009 gratia
3213 2943 3262 2995 in
3314 2943 3404 2996 illo
3432 2944 3746 3013 emicuerit,

2160 3033 2282 3101 quis
2309 3033 2503 3100 poterit
2529 3032 2785 3085 narrare?
2813 3031 2888 3086 lta
2911 3040 2966 3084 ut
2991 3033 3107 3084 haec
3135 3034 3182 3084 ei
3214 3031 3406 3103 [Hub.,
3428 3033 3502 3104 et]
3530 3052 3752 3091 summa

2159 3123 2469 3192 iucunditas
2500 3122 2678 3190 luerit,
2708 3121 2754 3177 si
2785 3120 2934 3176 illum
2963 3121 3178 3192 aliquis,
3213 3131 3270 3175 ut
3307 3124 3533 3178 obscura
3565 3126 3750 3182 disse-

472 3215 613 3284 quod
646 3219 824 3270 venari
856 3226 1057 3286 pOSSt'l.
1090 3219 1275 3273 Merito
1319 3220 1606 3289 imperavit
1647 3220 1856 3286 bestiis,
1907 3221 2001 3290 qui
2030 3234 2062 3276 a
2093 3215 2139 3278 C
2170 3224 2336 3282 ι’θτθι,
2367 3225 2706 3286 provocaret.
2753 3214 2821 3267 Et
2849 3214 2962 3280 ipse
3003 3213 3434 3283 frequentissime
3463 3218 3748 3285 incitabat,

475 3326 531 3361 se
559 3309 752 3378 repulit
780 3327 938 3366 omne
973 3311 1183 3365 vitium.
1212 3311 1386 3366 Potuit
1410 3311 1501 3368 ille
1524 3312 1814 3382 impetrare
1843 3327 1871 3365 a
1907 3313 2017 3368 Deo
2041 3356 2056 3382 ,

476 3403 630 3472 cujus
664 3415 983 3472 praiceptum
1018 3421 1288 3474 nunquam
1325 3404 1640 3472 praeterivit.

548 3493 639 3548 5⁷.
687 3495 876 3548 Eveuit
916 3496 1078 3550 etiam
1127 3504 1182 3549 ιιι
1233 3495 1580 3550 illustrissimi
1635 3496 1731 3549 viri
1783 3495 2060 3552 Parthenii

478 3587 681 3653 patricii
717 3602 868 3656 puer,
903 3588 991 3655 qui
1025 3589 1274 3655 prmlatus
1296 3588 1467 3643 servis
1501 3588 1713 3644 casteris
1761 3601 1792 3639 a
1841 3587 2061 3643 domino

476 3692 574 3730 suo
605 3678 899 3746 praecipuus
953 3677 1267 3743 habebatur,
1314 3693 1409 3748 per
1457 3678 1745 3749 quamdam
1789 3679 2059 3750 nequissi-

479 3785 619 3821 mam
651 3769 995 3824 tentationem
1027 3771 1220 3836 saepius
1266 3770 1317 3824 in
1348 3778 1545 3825 terram
1595 3770 1850 3824 damnato
1895 3784 2058 3826 sensu

478 3860 702 3927 euri-nit,
735 3870 788 3915 et
830 3861 956 3916 dum
1005 3877 1192 3917 revera
1225 3861 1397 3916 hostis
1425 3863 1592 3931 ipsius
1636 3865 1847 3917 vexatio
1894 3862 2060 3930 magis

478 3952 640 4004 animi
669 3968 825 4019 quam
859 3953 1100 4020 corporis
1142 3953 1426 4007 infirmitas
1457 3952 1750 4018 videretur,
1779 3954 1901 4009 oleo
1937 3953 2061 4008 hea-

481 4041 672 4094 t-ssinii
701 4043 795 4096 viri
828 4043 1201 4098 benedictione
1230 4051 1443 4096 sacrato
1473 4053 1764 4110 perunctus
1791 4053 1894 4098 est.
1927 4041 2050 4108 Quo

481 4134 639 4192 tacto,
674 4133 742 4186 ita
793 4134 860 4187 ah
906 4149 971 4188 eo
1018 4136 1242 4189 tentatio
1293 4134 1522 4203 maligna
1580 4134 1772 4205 [Mab.,
1823 4135 2060 4207 maligni]

476 4221 744 4286 discessit,
777 4232 831 4276 ut
855 4240 1009 4292 quem
1042 4237 1290 4282 cessante
1337 4239 1466 4280 cura
1516 4225 1716 4280 terreni
1744 4227 1934 4282 medici
1967 4244 2062 4296 per

478 4327 693 4366 servum
743 4327 896 4366 suum
940 4312 1184 4370 Christus
1234 4315 1544 4370 reddiderat
1597 4315 1836 4382 sanitati,
1912 4316 2060 4370 domi

475 4405 638 4459 etiam
669 4421 778 4460 sua:
822 4408 1073 4462 dominus
1120 4409 1234 4477 ipse
1283 4419 1620 4480 pratpoueret
1664 4423 1758 4478 pro
1806 4409 2058 4477 exemplo

477 4500 720 4554 terroris.
755 4499 820 4554 Et
846 4501 987 4570 quod
1015 4502 1116 4556 sub
1145 4501 1501 4557 admiratione
1529 4503 1700 4571 magis
1729 4509 1903 4569 potest
1939 4516 2060 4556 esse

2165 3305 2352 3362 dicens
2395 3305 2551 3360 nobis
2588 3321 2603 3358 :
2647 3304 2776 3359 Scio
2821 3303 2965 3372 quod
3007 3318 3115 3357 non
3163 3305 3341 3358 omnia
3407 3303 3750 3376 intet!igitis:

2163 3410 2332 3465 quare
2361 3411 2469 3450 non
2501 3394 2866 3466 interrogatis,
2897 3406 2956 3451 ut
2988 3398 3207 3466 possitis
3231 3402 3590 3468 cognoscere?
3614 3400 3759 3470 Quia

2165 3504 2272 3544 non
2319 3503 2534 3559 semper
2561 3504 2742 3562 vaccae
2768 3490 2834 3543 ad
2874 3491 3068 3545 vitulos
3096 3499 3338 3557 currunt,
3368 3493 3460 3547 sed
3505 3509 3760 3550 bonrum-

2163 3597 2324 3652 quam
2351 3582 2500 3637 vituli
2543 3581 2611 3636 ad
2651 3596 2866 3647 vaccas,
2905 3590 2963 3636 ut
2988 3583 3056 3637 de
3092 3593 3318 3645 matrum
3347 3583 3596 3639 uberibus
3631 3603 3764 3654 pos-

2164 3674 2273 3734 sint
2301 3688 2452 3729 suam
2485 3673 2720 3729 esuriem
2753 3677 2977 3728 satiare.
3006 3674 3116 3729 lloc
3139 3684 3192 3728 et
3222 3689 3316 3728 vos
3342 3677 3561 3728 omnino
3583 3677 3762 3732 debe-

2164 3765 2230 3822 tis
2261 3767 2454 3834 lacere,
2487 3776 2547 3822 ut
2591 3767 2975 3835 interrogando
3001 3767 3162 3821 etiam
3197 3782 3294 3822 nos
3333 3772 3668 3834 esi‘rceat's,
3703 3783 3762 3825 ut

2162 3858 2454 3913 debeamus
2490 3859 2803 3926 perquirere
2837 3857 2978 3912 unde
3017 3857 3167 3912 vobis
3197 3858 3463 3926 possimus
3489 3859 3761 3927 spiritalia

2163 3949 2320 4006 mella
2348 3950 2608 4019 proferre.
2631 3949 3102 4018 Resplenduerunt
3126 3949 3179 4002 iu
3207 3967 3238 4003 e
3261 3965 3329 4002 im
3356 3949 3580 4017 singular.
3601 3967 3760 4020 qua}-

2162 4055 2266 4110 que
2297 4039 2541 4106 virtutes,
2569 4039 2847 4108 virginitas
2877 4037 3083 4094 scilicet
3113 4055 3235 4094 cum
3263 4039 3602 4104 sinceritate,
3629 4060 3755 4097 lno-

2159 4134 2331 4190 destia
2363 4149 2482 4189 cum
2524 4132 2864 4199 verecundia,
2909 4132 3170 4201 sapientia
3219 4147 3339 4186 cum
3371 4135 3759 4202 simplicitate,

2161 4227 2441 4282 sinceritas
2471 4240 2592 4280 cum
2629 4225 3062 4290 mansuetudine,
3098 4225 3336 4279 doctrina
3367 4241 3487 4280 cum
3528 4227 3762 4284 humili-

2165 4325 2309 4383 tate;
2360 4319 2464 4372 vita
2491 4317 2725 4387 denique
2756 4317 3122 4377 immaculata.
3155 4319 3259 4372 vita
3297 4319 3758 4388 ir‘reprehensihi-

2165 4413 2256 4478 lis,
2291 4413 2398 4466 vita
2431 4409 2536 4466 sibi
2587 4426 2802 4482 semper
2840 4415 3081 4483 mqnalis.
3121 4413 3210 4467 Vm
3252 4414 3380 4468 mihi
3428 4418 3626 4472 ﬂllStTO
3657 4418 3757 4490 Cy-

2164 4505 2371 4572 priano,
2401 4504 2489 4574 qui
2520 4512 2628 4558 tam
2663 4503 2874 4573 tepidus
2899 4507 2950 4558 in
2986 4505 3242 4560 discendo
3274 4506 3481 4570 exstiti,
3515 4517 3571 4560 ut
3591 4513 3765 4564 unde

475 4590 774 4654 t‘uriiiidini,
814 4591 879 4645 ad
904 4591 1284 4661 declarandum
1309 4592 1559 4646 meritum
1583 4591 1682 4645 viri
1706 4591 2058 4658 sanctissimi,
2094 4594 2144 4654 D
2168 4611 2493 4665 cognoscztm
2519 4606 2572 4650 et
2596 4598 2884 4664 pteniloam
2908 4598 2920 4648 l
2952 4596 3131 4662 Quare
3159 4597 3226 4650 de
3249 4600 3378 4650 tanti
3405 4596 3566 4651 fumis
3595 4600 3765 4657 nus-io

485 4683 832 4734 tnettit‘iraliilc
866 4683 1062 4735 factum
1087 4683 1203 4752 ejus
1233 4682 1384 4737 nefas
1405 4692 1488 4738 est
1518 4683 1735 4736 silentio
1769 4683 2063 4751 prmterire.

551 4770 641 4826 38.
680 4772 811 4826 Dum
847 4786 1064 4828 sanctus
1096 4777 1252 4844 igitur
1275 4774 1535 4830 dimceses
1571 4790 1695 4829 suas
1725 4775 2064 4844 circumiens,

481 4863 534 4914 in
583 4862 759 4916 villam
806 4881 924 4934 qua:
957 4865 1193 4921 Launico
1228 4866 1444 4931 dicitur,
1493 4881 1524 4920 a
1559 4866 1794 4921 dominis
1835 4868 2068 4937 propriis

478 4954 671 5008 fuisset
701 4967 981 5025 exceptus,
1007 4959 1060 5012 in
1089 4960 1222 5014 cella
1253 4959 1306 5013 in
1338 4974 1443 5029 qua
1475 4959 1670 5014 lectum
1713 4960 1917 5024 habuit,
1949 4967 2070 5027 post

477 5046 777 5100 discessum
811 5048 952 5103 illius
986 5047 1036 5103 in
1087 5060 1314 5106 stratum
1366 5051 1533 5121 ipsius
1580 5052 1800 5124 pestifer
1849 5052 2063 5120 quidam

483 5137 764 5192 Anatolius
807 5141 1023 5198 nomine
1065 5131 1331 5209 medicus,
1376 5159 1473 5212 pro
1530 5144 1620 5198 tali
1648 5144 1872 5199 crimine
1910 5144 2067 5199 valde

478 5231 874 5300 condolendus,
905 5247 1143 5289 scortum
1173 5237 1396 5305 expetiit
1448 5237 1788 5300 meretricis;
1822 5235 1910 5290 uhi
1942 5251 2065 5290 mox

480 5325 552 5379 ah
578 5325 855 5381 incentore
875 5341 972 5382 suo
993 5327 1205 5384 diabolo
1229 5330 1441 5400 publica
1465 5331 1748 5386 vexatione
1764 5338 2062 5397 correptus,

482 5417 539 5473 in
572 5428 863 5488 conspectu
893 5419 1166 5475 hominum
1198 5433 1282 5478 est
1311 5421 1479 5478 elisus
1509 5423 1560 5476 in
1596 5434 1790 5476 terram
1816 5437 1830 5486 ;
1876 5431 1931 5476 et
1961 5437 2069 5489 pu-

483 5511 622 5566 blica
655 5527 807 5581 voce,
838 5528 938 5584 pro
966 5529 1069 5584 qua
1113 5516 1532 5585 prtesumptione
1558 5521 1841 5583 correptus
1872 5512 2066 5579 fuerat,

550 5625 632 5751 ξπ)
659 5626 999 5683 Mtbillonitts
1022 5629 1168 5697 legit,
1189 5644 1278 5682 nec
1305 5637 1532 5681 (ruerunt
1557 5643 1571 5691 ;
1597 5638 1756 5694 atque
1789 5627 1859 5679 ita
1885 5635 2030 5678 notat
2055 5646 2063 5679 :

551 5730 562 5746 ι
594 5696 642 5750 ic
691 5699 971 5751 tenendum
1021 5700 1248 5751 videtur.
1284 5714 1391 5751 non
1441 5699 1761 5751 nutrierunt.
1811 5705 1870 5749 ut
1912 5696 2061 5749 aliis:

490 5712 509 5744 ι
550 5696 642 5751 Sic
691 5699 971 5766 legendum
1021 5696 1248 5764 videtur,
1284 5714 1391 5752 non
1441 5699 1761 5758 nutrierunt,
1811 5705 1870 5749 ut
1912 5696 2061 5766 aliis:

486 5773 604 5817 truo
645 5764 771 5820 olim
820 5769 1018 5823 dictnnt
1070 5785 1165 5836 pro
1212 5770 1446 5832 destruo,
1491 5767 1634 5836 quod
1679 5767 1825 5834 alll'lS
1868 5764 2067 5832 optimc

484 5839 755 5892 convenit.
792 5857 809 5890 ι
837 5839 1127 5910 l‘rceplaeet
1157 5849 1332 5896 tamen
1350 5840 1507 5897 lectio
1533 5853 1632 5893 ms.
1665 5836 1857 5908 nostri,
1879 5837 1928 5891 in
1960 5851 2064 5908 quo

2174 4702 2278 4740 non
2313 4696 2512 4740 tantum
2545 4686 2700 4740 hausi
2737 4694 2992 4755 quantum
3029 4701 3144 4741 mea
3193 4687 3463 4756 indigebat
3495 4690 3762 4747 ariditas!

2173 4777 2462 4832 Cbaritatis
2491 4785 2670 4831 autem
2701 4777 2820 4847 ejus
2856 4777 3128 4843 ardorem,
3161 4793 3262 4846 qua
3290 4794 3476 4832 omnes
3509 4779 3766 4837 homines

2172 4869 2378 4936 dilexit,
2409 4870 2530 4936 quis
2558 4870 2750 4938 poterit
2783 4879 3013 4938 unquam
3063 4871 3300 4924 imitari?
3339 4871 3434 4924 llle
3480 4872 3628 4924 enim
3661 4874 3767 4930 hoc

2175 4965 2408 5017 maxime
2433 4973 2488 5018 et
2515 4963 2680 5017 corde
2705 4972 2760 5018 et
2789 4977 2886 5017 ore
2915 4963 3180 5033 geStabat,
3205 4972 3257 5016 et
3284 4973 3344 5016 ut
3372 4963 3621 5018 inimicus
3645 4968 3757 5021 dili-

2173 5069 2298 5125 gere
2325 5055 2397 5123 (ὁ)
2422 5053 2762 5118 deberemus,
2789 5054 3003 5109 hortatu
3029 5053 3397 5119 blandissima,
3422 5069 3690 5112 sermone
3708 5068 3764 5113 et

2173 5145 2422 5214 exemplo
2453 5144 2788 5200 laudabiliter
2822 5143 3141 5199 instruebat.
3180 5143 3276 5198 Vix
3305 5145 3502 5215 aliquis
3541 5145 3640 5200 illo
3679 5150 3760 5200 af-

2175 5239 2312 5293 fectu
2345 5253 2440 5307 pro
2485 5238 2663 5292 charis
2710 5251 2819 5308 quo
2868 5237 2960 5291 ille
3010 5251 3108 5306 pro
3147 5237 3380 5291 inimicis
3427 5239 3667 5300 orabat;
3714 5250 3762 5294 et

2176 5331 2298 5386 licet
2322 5345 2427 5385 non
2451 5340 2634 5386 essent
2663 5345 2839 5385 causa:
2869 5329 3064 5398 quibus
3095 5329 3167 5383 illi
3197 5330 3476 5398 quisquim
3506 5329 3762 5384 inimicus

2177 5425 2452 5489 existet-ct,
2479 5423 2587 5482 nisi
2614 5423 2748 5476 forte
2775 5436 2872 5492 pro
2909 5420 3108 5475 invidia
3146 5429 3238 5475 aut
3266 5420 3550 5491 disciplina
3577 5426 3763 5477 asiiu’i

2178 5516 2339 5584 aliqui
2385 5531 2507 5570 esse
2550 5514 2895 5577 viderentur,
2948 5514 3038 5566 ille
3078 5521 3257 5567 tamen
3305 5527 3403 5568 eos
3445 5528 3553 5568 non
3583 5514 3762 5568 solum

2179 5633 2400 5687 Italu-tnr
2429 5633 2732 5684 nutrierunt.

2252 5705 2328 5772 (ti)
2370 5703 2714 5757 Dilectionem
2741 5698 3073 5772 inimicurum
3105 5698 3400 5772 sgepissime
3432 5698 3670 5755 inciileat
3703 5702 3754 5754 in

2181 5769 2413 5829 lminiliis
2437 5775 2568 5835 suis,
2602 5783 2657 5826 ιιι
2685 5770 3018 5840 patebitillas
3035 5769 3351 5839 pcrlegenti.
