3958 6358
225 384 353 439 1021

1604 384 1782 439 V'ITA.
1825 382 2022 437 LIBER
2089 382 2129 435 l.

3299 437 3303 443 ,
3362 380 3501 433 ΝΞΞ

218 510 463 565 paterno,
503 500 598 552 sed
642 496 803 551 etiam
854 504 1095 550 materno
1139 495 1395 565 diligebat
1422 494 1657 559 affectu;
1695 496 1793 549 hoc
1829 498 1871 555 Α
1902 509 2004 547 non
2041 492 2114 561 (ὁ)
2140 501 2222 546 est
2246 492 2624 561 COIISpeClibUS
2676 501 3053 563 praesetttalus;
3083 492 3252 562 tetigit
3284 502 3494 561 pectora

216 588 417 655 saepius
462 585 617 641 nobis
649 586 959 651 insinuans,
989 588 1109 656 quia
1141 603 1260 641 cum
1289 587 1506 641 dilectio
1535 603 1701 656 usque
1731 588 1795 642 ad

215 678 849 744 inimicosextenditur,
894 672 1008 734 fieri
1057 694 1161 734 non
1207 687 1383 750 potest
1423 687 1480 733 ut
1517 680 1797 749 proximus

214 785 321 824 11011
345 779 572 824 ametur.

284 878 376 934 41.
422 879 615 935 Docuit
642 889 901 949 praeterea
942 880 1277 946 memoriter,
1316 881 1550 949 quandiu
1601 883 1792 949 potuit,

180 953 429 1041 ialtaque
466 986 598 1028 voce
626 988 843 1042 semper
862 972 925 1027 in
953 973 1183 1029 ecclesia
1225 974 1556 1042 pradicavit.
1591 975 1646 1028 In
1688 989 1796 1045 quo

212 1079 377 1131 nperc
410 1072 515 1117 tam
558 1063 644 1132 pia
682 1075 844 1133 atque
890 1064 1121 1118 salubris
1149 1065 1268 1130 ejus
1301 1066 1535 1132 provisio
1581 1066 1699 1130 fuit,
1738 1073 1797 1119 ut

211 1174 332 1212 cum
364 1158 478 1226 ipse
509 1172 608 1227 pro
649 1157 957 1211 inﬁrmitate
993 1157 1106 1226 jam
1153 1172 1256 1211 non
1291 1158 1577 1223 posset~ad
1620 1157 1793 1224 ipsum

211 1247 446 1302 ofﬁcium
468 1248 824 1317 peragendum
852 1247 1134 1313 accedere,
1163 1248 1507 1318 presbyteros
1535 1257 1589 1301 et
1616 1248 1797 1301 diaco-

211 1357 308 1396 nes
340 1341 593 1397 imbuerit
621 1349 781 1409 atque
810 1340 1058 1395 statuerit
1104 1341 1158 1395 in
1200 1340 1425 1398 ecclesia
1458 1339 1792 1410 praedicare;
1840 1402 1841 1405 η

209 1450 318 1503 quo
348 1432 556 1488 facilius
580 1435 759 1487 nullus
786 1434 1162 1503 episcoporum
1186 1450 1245 1489 se
1265 1435 1336 1490 ab
1358 1434 1459 1489 hac
1489 1440 1791 1488 necessaria

208 1528 419 1582 cunctis
471 1526 848 1582 exhortatione
925 1527 1294 1594 cujuscunque
1347 1526 1792 1592 itnltOSsibilitzttis

209 1620 552 1677 excusatione
578 1620 957 1687 suspenderet,
992 1618 1108 1674 hec
1135 1618 1320 1674 dicens
1346 1636 1360 1675 :
1411 1620 1467 1674 Si
1501 1621 1657 1675 verba
1689 1621 1793 1673 Do-

208 1710 339 1763 mini
369 1718 424 1765 et
456 1710 835 1777 prophetarum
869 1709 981 1764 sive
1009 1712 1375 1779 apostolorum
1406 1727 1436 1765 a
1468 1713 1792 1781 presbyteris

205 1812 259 1856 et
287 1816 317 1853 a
341 1800 663 1871 diaeonibus.
686 1801 980 1855 recitantur
1007 1818 1020 1865 ;
1049 1800 1338 1865 Ambrosii,
1370 1802 1673 1871 Augustini,
1695 1818 1789 1857 seu

1902 598 2126 654 quorum
2160 584 2396 638 membra
2431 598 2535 637 non
2568 585 2806 653 contigit.
2844 584 3053 653 Adjeeit
3081 586 3240 640 etiam
3275 584 3397 649 hoc,
3431 595 3494 639 ut

1902 690 2169 743 nunquam
2223 680 2273 728 in
2318 676 2549 731 ecclesia
2586 690 2679 729 sua
2727 676 3004 731 diaconem
3051 676 3322 733 ordinaret
3361 686 3489 732 ante

1902 768 2222 822 tricesimum
2272 769 2342 838 (c)
2384 770 2555 825 natalis
2586 771 2704 839 ejus
2750 785 2966 825 annum.
3021 770 3216 825 Verum
3246 773 3407 825 etiam
3438 780 3493 825 et

1902 868 1998 921 hoc
2024 867 2257 928 addidit.
2291 878 2347 923 ut
2378 885 2475 925 nec
2507 870 2557 923 in
2586 870 2821 937 qualibet
2855 869 3059 939 majore
3088 879 3243 927 aetate
3270 871 3489 926 ordina-

1900 969 2065 1025 retur,
2114 961 2215 1015 nisi
2257 972 2490 1030 quatuor
2526 962 2729 1018 vicibus
2772 966 2823 1016 in
2865 963 3055 1018 ordine
3086 964 3249 1018 libros
3285 962 3489 1018 Veteris

1899 1049 2222 1106 Testantenti
2255 1030 2445 1122 legerit
2474 1062 2617 1119 ante,
2683 1060 2737 1106 et
2788 1063 3016 1119 quatuor
3062 1054 3223 1107 Novi.
3276 1054 3487 1109 Sancta:

1898 1143 2240 1199 conscientia:
2266 1159 2376 1199 suae
2408 1146 2560 1199 testis
2591 1159 2708 1198 sum
2739 1159 2839 1213 ego
2869 1157 3140 1209 peccator,
3184 1145 3308 1213 quia
3335 1140 3503 1214 quidJ

1897 1235 2020 1300 quiti
2049 1235 2166 1288 aliis
2196 1236 2453 1304 prteccpit
2477 1235 2588 1304 ipse
2617 1235 2771 1300 fecit,
2819 1246 2874 1289 et
2904 1244 3120 1305 propter
3152 1236 3318 1290 Deum
3344 1250 3485 1290 scm-

1902 1340 1992 1395 pcr
2035 1326 2291 1393 implevit.
2344 1328 2612 1396 Quidquid
2660 1338 2836 1382 autem
2888 1330 3154 1395 prohibuit
3197 1329 3341 1395 ﬁeri,
3393 1338 3484 1382 aut

1899 1419 2011 1485 ipse
2039 1418 2227 1470 vitavit
2251 1416 2461 1477 facere:
2494 1418 2671 1473 omnia
2703 1419 2755 1473 in
2778 1420 2891 1473 zelo
2918 1419 3033 1475 Dei.

1968 1528 2056 1580 Η.
2088 1526 2223 1581 Nibd
2249 1529 2537 1583 carnali:er
2558 1538 2648 1583 aut
2670 1530 2777 1599 egit
2795 1542 2883 1584 aut
2906 1532 3079 1595 sapuit
3100 1550 3114 1596 ;
3139 1540 3189 1584 et
3214 1544 3481 1599 nunquam

1895 1618 2100 1672 otio~us
2125 1618 2191 1673 ab
2223 1633 2385 1687 opere
2420 1620 2511 1674 Dei
2543 1621 2708 1675 voluit
2734 1634 2871 1687 csso,
2905 1621 2997 1674 sed
3024 1622 3287 1690 disposuit
3317 1620 3482 1675 fabri-

1895 1711 2139 1780 caxitque
2198 1712 2460 1780 triplicem
2522 1712 2572 1766 in
2624 1729 2726 1767 una
2782 1714 3127 1768 conclusione
3183 1714 3477 1775 basilicam,

1895 1803 2046 1871 cujus
2078 1806 2374 1871 membrum
2425 1805 2655 1858 medium
2708 1806 2759 1858 in
2808 1805 3008 1859 honore
3053 1813 3253 1859 Stricta:
3301 1805 3479 1856 Mariae

207 1893 679 1961 parvitatis-mete,
730 1900 823 1947 aut
875 1907 1324 1962 quorumcunque
1381 1903 1712 1960 sanctorum,
1756 1915 1782 1947 ιι
1822 1876 1861 1931 Β
1898 1893 2122 1962 Virginis
2151 1896 2291 1950 cultu
2322 1895 2675 1952 eminentiore
2699 1898 3033 1959 construxit,
3080 1913 3144 1949 ex
3179 1913 3282 1949 uno
3312 1896 3481 1948 latere

208 1980 539 2053 presbyteris
564 1991 619 2036 et
640 1981 954 2035 diaconibus
983 1995 1151 2049 quare
1178 1997 1281 2035 non
1315 1982 1643 2037 recitentur?
1670 1984 1785 2037 Non

203 2084 290 2130 est
316 2089 506 2129 servus
536 2074 707 2141 major
728 2074 947 2127 domino
973 2089 1091 2127 suo.
1118 2074 1321 2140 Quibus
1352 2077 1472 2130 data
1496 2085 1579 2131 est
1607 2087 1789 2132 aucto-

204 2165 335 2220 ritas
368 2165 710 2233 Evaogeiium
743 2164 923 2235 legere
943 2208 957 2229 ,
992 2164 1153 2219 credo
1182 2174 1236 2218 et
1267 2165 1480 2221 licitum
1501 2176 1587 2221 est
1617 2167 1785 2220 homi-

206 2258 308 2313 lias
356 2274 634 2313 servorum
699 2258 795 2313 Dei
844 2274 937 2312 seu
991 2260 1356 2325 txpositiones
1407 2260 1784 2315 canonicarum

201 2351 602 2416 Scripturarnm
642 2352 693 2403 in
723 2348 949 2405 ecclesia
983 2350 1236 2404 recitare.
1273 2351 1382 2419 Ego
1410 2368 1495 2405 me
1518 2366 1656 2406 exuo
1684 2352 1786 2408 hoc

203 2442 572 2507 instituendo;
597 2442 767 2496 sancti
796 2441 1128 2506 sacerdotes,
1160 2442 1248 2510 qui
1288 2440 1388 2497 hoc
1417 2442 1636 2511 implere
1655 2458 1785 2497 con-

204 2534 541 2604 tempserint,
572 2546 761 2588 causas
785 2548 845 2587 se
869 2531 921 2585 in
953 2531 1037 2586 die
1074 2532 1204 2600 judi:
1223 2531 1255 2584 ii
1283 2534 1535 2587 noverint
1554 2547 1674 2589 esse
1701 2534 1782 2586 di-

204 2637 407 2681 cturos.
449 2625 563 2679 Non
595 2624 806 2694 quidem
850 2624 1014 2679 credo
1051 2626 1189 2691 quod
1217 2624 1495 2694 quisquam
1528 2635 1633 2681 tam
1679 2627 1781 2680 ob-

204 2716 453 2768 duratum
490 2728 710 2770 sensum
741 2714 955 2781 habeat,
986 2723 1041 2767 ut
1070 2714 1155 2768 cui
1191 2715 1331 2769 Deus
1360 2714 1524 2769 dicit:
1578 2715 1779 2780 Clama,

202 2824 264 2860 ne
292 2824 476 2872 emes,
508 2822 609 2863 nec
651 2806 766 2877 ipse
808 2807 1027 2872 clamet,
1062 2823 1158 2862 nec
1202 2807 1338 2862 alios
1380 2808 1616 2863 clamare
1663 2823 1780 2875 pcr~

200 2896 399 2952 mittat.
429 2897 636 2953 Timcat
665 2896 798 2951 illud
824 2916 835 2949 :
878 2896 970 2952 Va:
1002 2898 1302 2953 tacentibus
1330 2897 1399 2954 de
1427 2906 1501 2955 te.
1525 2899 1777 2966 quoniam

200 2988 455 3056 loquaces
480 2987 632 3042 multi
684 2988 872 3059 [Mab.,
904 2987 1061 3059 mitti]
1092 2998 1234 3045 sunt.
1278 2989 1339 3044 Et
1383 2989 1508 3045 illud
1537 2990 1777 3059 Apostoli

196 3076 335 3149 [lmo
377 3077 526 3132 Isaia:
574 3094 676 3145 Lvt,
723 3077 846 3150 l0]:
890 3077 1064 3133 Canes
1096 3081 1245 3142 muti,
1290 3094 1393 3132 non
1435 3079 1672 3134 valentes
1702 3081 1777 3134 la—

198 3178 362 3223 trare.
399 3169 603 3224 Etenim
627 3179 839 3239 quanta:
869 3184 1019 3235 oves,
1050 3179 1258 3226 tacente
1283 3172 1582 3235 sacerdote,
1620 3173 1776 3228 aber-

1889 1984 2068 2037 domni
2108 1984 2346 2049 Joannis,
2401 2002 2469 2040 ex
2503 1987 2607 2040 alio
2662 1988 2829 2041 sancti
2862 1987 3070 2041 Martini
3116 1985 3359 2050 suiﬁecit.
3416 1985 3479 2039 Et

1891 2075 2222 2131 ntauferret
2264 2076 2429 2132 sacris
2465 2092 2597 2146 quas
2626 2090 3033 2147 congregaverat
3068 2076 3362 2140 virginibus
3388 2092 3479 2129 ru-

1890 2183 2001 2220 ram
2029 2171 2349 2225 necessaria:
2380 2169 2692 2239 sepulturze,
2727 2170 3022 2225 monobiles
3050 2170 3203 2241 [Ῑογίε
3238 2170 3479 2223 immobi-

1889 2256 1987 2329 les]
2029 2274 2179 2314 arcas
2210 2260 2522 2330 corporibus
2554 2262 2835 2317 humandis
2878 2248 3181 2332 aptissimos
3225 2263 3291 2316 de
3334 2265 3477 2317 saxis

1890 2349 2194 2420 ingentibus
2233 2352 2441 2406 noviter
2471 2352 2593 2407 fecit
2622 2352 2826 2421 excidi,
2864 2368 2993 2422 quas
3027 2368 3119 2419 per
3148 2366 3305 2406 omne
3330 2353 3477 2421 pavi-

1842 2488 1851 2491 _
1888 2450 2125 2494 mentum
2156 2440 2389 2496 basilica:
2430 2443 2745 2509 conStipatis
2783 2454 2827 2496 st
2846 2443 2947 2497 .rni
2993 2442 3116 2498 fecit
3150 2443 3426 2497 ordinibus
3458 2461 3472 2494 :

1887 2539 1944 2584 ut
1972 2544 2300 2601 quaecunque
2324 2534 2756 2605 congregationis
2800 2534 2944 2588 illius
2986 2534 3051 2589 de
3083 2534 3181 2587 hac
3226 2534 3343 2589 luce
3374 2536 3475 2587 mi-

1883 2631 2121 2689 grasset,
2162 2622 2339 2678 locum
2370 2624 2663 2692 sepultura:
2690 2614 3086 2692 paratissimum
3115 2632 3170 2676 ct
3198 2624 3475 2677 sanctissi-

1885 2726 2028 2767 mum
2076 2713 2354 2782 reperiret.
2408 2714 2523 2769 Non
2576 2716 2743 2769 multo
2796 2716 2957 2786 igitur
3004 2724 3122 2781 post
3165 2714 3478 2769 monasterii

1885 2814 2109 2859 matrem
2140 2820 2450 2875 germanam
2484 2821 2633 2861 suam
2672 2808 2957 2861 Cmsariam
2984 2804 3064 2879 ((1)
3090 2816 3347 2870 sanctam,
3407 2808 3470 2860 ad

1856 2895 2098 2962 praemia
2127 2893 2325 2953 Christi
2357 2897 2670 2967 migrantem
2692 2938 2707 2964 ,
2754 2898 2891 2951 inter
2921 2898 3014 2957 bas
3043 2913 3175 2967 quas
3205 2896 3469 2966 pra-mise

1884 2985 1963 3039 iat
2012 2986 2138 3041 inibi
2181 2986 2247 3041 ad
2292 2988 2521 3042 medium
2565 2988 2781 3054 throni,
2819 2989 2970 3058 juxta
3011 3004 3127 3045 eam
3170 3004 3329 3058 quam
3370 2988 3471 3045 sibi

1884 3087 2195 3145 paraverat,
2252 3079 2493 3133 condidit
2542 3083 2891 3150 sepulturam,
2926 3079 3247 3135 succedente
3298 3080 3469 3135 cidem

1883 3182 2001 3235 qua:
2028 3183 2168 3223 nunc
2197 3178 2472 3244 superest,
2506 3169 2737 3223 Czesaria
2769 3178 2958 3233 matre,
3004 3169 3157 3235 cuius
3185 3185 3317 3237 opus
3347 3186 3471 3225 cum

196 3261 574 3327 ravcrum,de
605 3272 872 3317 tantarum
899 3263 1178 3317 animabus
1212 3262 1519 3321 redditurus
1562 3273 1646 3319 est
1682 3280 1769 3319 ra.
1803 3240 1848 3301 ε
1880 3259 2148 3315 sodalibus
2187 3270 2292 3313 tam
2341 3261 2669 3330 praecipuum
2722 3264 2861 3332 viget
2884 3303 2898 3327 ,
2955 3272 3010 3316 ut
3051 3264 3189 3318 inter
3241 3267 3471 3333 psalmos

190 3350 413 3405 tionem.

264 3461 352 3514 42.
396 3461 814 3521 Praedicationes
844 3479 1055 3533 quoque
1085 3480 1348 3536 congruas
1392 3469 1771 3526 festivitatibus

179 3566 238 3609 ct
269 3554 423 3617 locis,
466 3554 558 3609 sed
586 3563 642 3609 et
671 3566 857 3609 contra
889 3557 1159 3612 ebrietatis
1189 3569 1241 3613 et
1273 3560 1507 3614 libidinis
1548 3562 1767 3629 malum,

177 3658 481 3717 contraque
523 3649 846 3704 discordiam
880 3661 933 3705 ct
965 3654 1179 3718 odium,
1223 3666 1407 3709 contra
1440 3657 1766 3713 irarund'am

172 3751 344 3809 atque
396 3741 729 3808 superbiam,
789 3753 973 3797 contra
1026 3747 1317 3813 sacrilegos
1369 3760 1421 3803 ct
1472 3754 1763 3819 aruspices,

170 3839 366 3883 contra
395 3830 735 3885 calendarum
768 3848 979 3902 quoque
1010 3837 1395 3907 paganissimos
1437 3842 1590 3905 ritus,
1637 3858 1766 3897 con.

169 3928 368 3985 traque
388 3936 641 3990 augures,
672 3923 971 3991 lignicolas,
998 3928 1298 3993 l’outicolas,
1322 3931 1765 4003 diversornmquc

167 4008 306 4062 vitia
336 4010 487 4075 fecit,
536 4026 733 4081 easque
765 4015 833 4067 ita
869 4018 1077 4084 paravit
1098 4059 1112 4080 ,
1166 4028 1221 4071 ιιι
1250 4023 1294 4073 si
1326 4021 1446 4089 quis
1475 4024 1765 4079 advenien-

169 4100 308 4153 tium
338 4112 570 4167 peteret,
609 4119 713 4157 non
748 4106 919 4158 solum
948 4122 1050 4159 non
1075 4110 1320 4163 abnuerit
1344 4112 1639 4180 impertire,
1667 4118 1760 4171 sed

166 4202 223 4244 et
276 4190 323 4243 si
372 4193 589 4247 minime
643 4205 954 4266 suggereret
1006 4208 1059 4251 ut
1103 4199 1323 4255 deberet
1371 4204 1633 4272 accipere,
1680 4205 1761 4258 of-

166 4283 342 4336 ferret
416 4294 593 4341 tamen
664 4288 713 4342 ei
777 4298 834 4341 ut
880 4289 1192 4359 importaret
1247 4294 1465 4366 ipseque
1537 4299 1755 4369 legeret.

166 4371 354 4439 Longe
390 4380 569 4428 tamen
612 4378 799 4442 positis
830 4376 882 4431 in
916 4379 1161 4450 Francia,
1211 4383 1262 4436 in
1295 4382 1462 4439 Gallia
1494 4387 1571 4458 (α)
1604 4398 1760 4459 atque
1808 4400 1809 4403 ‘

161 4463 220 4514 in
264 4463 435 4530 Italia,
470 4474 523 4519 et
551 4465 825 4538 Hispania,
870 4470 1202 4541 dii-ensisque
1245 4479 1534 4543 provinciis
1560 4484 1759 4535 consti-

156 4556 293 4610 tutis
326 4559 620 4613 transmisit
652 4576 744 4629 per
773 4564 1102 4629 sacerdotes,
1133 4568 1261 4635 quid
1299 4569 1348 4621 in
1377 4572 1621 4626 ecclesiis
1646 4575 1757 4628 suis

155 4647 462 4714 prmdicare
510 4650 779 4722 facerent,
835 4666 893 4708 ut
944 4658 1199 4725 projectis
1249 4659 1408 4715 rebus
1457 4661 1658 4719 frivolis
1702 4676 1755 4721 et

149 4738 403 4803 caducis,
451 4739 603 4809 juxta
651 4746 967 4813 Apostolum
1002 4749 1262 4805 bonorum
1312 4768 1533 4822 operum
1565 4756 1753 4813 tierent

148 4838 478 4886 sectatores.

230 4921 324 4976 45.
358 4922 534 4978 Bonus
562 4939 689 4996 ergo
715 4928 911 4983 Christi
936 4931 1073 4986 odor
1100 4949 1191 5001 per
1224 4933 1395 4999 i,:sum
1430 4938 1586 5008 longe
1618 4939 1750 4995 late-

139 5025 263 5082 que
281 5010 507 5068 diﬂ'usus
524 5025 639 5083 est,
671 5028 723 5072 et
750 5020 991 5089 ﬂagravit
1024 5025 1215 5094 ubique
1238 5026 1494 5083 advectus
1525 5047 1745 5099 quorum

227 5191 309 5273 (ᾳ)
351 5193 691 5273 Mabillonius
720 5199 909 5273 Galliis
956 5205 1099 5273 legit.
1146 5208 1309 5260 Porro
1354 5208 1574 5264 Francia
1626 5221 1749 5265 tunc

136 5266 602 5346 distiuguebant
634 5286 659 5321 a
694 5272 886 5346 Callia,
916 5285 968 5329 et
998 5266 1093 5341 per
1124 5276 1401 5332 Francam
1435 5282 1750 5346 designatur

138 5338 237 5390 vel
272 5335 882 5415 ltodternafranconia,
914 5335 1008 5415 aut
1036 5347 1213 5401 forsan
1264 5350 1521 5415 quidquid
1560 5335 1747 5408 Cratini

1874 3363 2041 3423 atque
2073 3352 2298 3423 jejunio,
2354 3354 2563 3423 vigilias
2612 3371 2825 3423 quoque
2868 3367 2918 3408 et
2965 3356 3247 3420 lectiones,
3299 3359 3466 3413 libros

1874 3453 2080 3508 divinos
2125 3454 2345 3524 pulchre
2385 3455 2690 3523 scriptitent
2737 3456 2969 3526 virgines
3014 3456 3247 3523 Cltriszi,
3298 3460 3466 3526 ipsam

1875 3545 2181 3613 magistram
2213 3544 2494 3600 habentes.

1942 3652 2034 3712 45⁸.
2076 3657 2353 3712 lnsistcbat
2385 3659 2579 3726 ita-pte,
2624 3668 2678 3711 ut
2717 3659 2907 3713 solitus
2950 3669 3083 3723 crat,
3133 3662 3359 3714 orationi
3409 3670 3463 3718 et

1872 3747 2089 3801 lectioni
2111 3758 2165 3803 et
2190 3749 2547 3818 eleemosynis
2568 3750 2753 3804 beatus
2778 3750 2959 3815 homo,
2994 3752 3462 3821 prtedicationibns

1870 3840 2201 3895 inet-ssanter
2217 3842 2359 3897 omni
2380 3841 2642 3896 dominica
2662 3842 3018 3912 omnibusque
3058 3844 3247 3899 diebus
3270 3845 3447 3907 festis;

1870 3933 2176 3998 frequenter
2206 3937 2364 3989 etiam
2398 3934 2462 3988 ad
2495 3936 2807 3999 matutinos,
2857 3937 2923 3991 ad
2958 3938 3312 3993 lucernarinm
3355 3941 3455 4005 te),

1870 4035 2083 4094 propter
2116 4026 2469 4082 advenientes
2498 4027 2732 4080 homilire
2760 4027 3146 4093 recitabantur,
3197 4040 3252 4084 ut
3283 4031 3462 4084 nullus

1867 4127 2009 4172 esset
2055 4117 2140 4186 qui
2195 4134 2252 4172 se
2299 4119 2365 4172 de
2422 4118 2721 4188 ignorantia
2774 4130 3075 4173 excusaret.
3136 4120 3461 4175 Obedietttes

1867 4209 2157 4270 invitabat,
2194 4210 2451 4263 Sollicitos
2483 4210 2810 4275 instruebat,
2844 4212 3133 4266 renitentes
3164 4227 3291 4265 vero
3322 4214 3456 4265 aeri-

1866 4310 1946 4355 ter
1970 4302 2391 4369 contestabatur,
2422 4302 2540 4370 quia
2567 4302 2703 4355 sicut
2736 4302 2981 4356 fidelibus
3014 4303 3063 4384 in
3097 4303 3452 4373 diemjudicii

1864 4392 2023 4461 digna
2052 4403 2195 4449 esset
2225 4394 2507 4447 retributio
2538 4394 2884 4459 conferenda,
2929 4396 3001 4447 ita
3048 4405 3103 4447 et
3145 4394 3241 4448 hos
3273 4394 3450 4463 digna:

1864 4486 2244 4555 indignationis
2274 4485 2403 4537 ultio
2434 4495 2771 4554 sequeretur.
2817 4485 3015 4539 Statuit
3052 4486 3213 4539 etiam
3246 4486 3455 4554 regula»

1864 4578 1994 4631 riter
2024 4588 2079 4631 ut
2128 4578 2390 4632 nubentes
2419 4578 2487 4631 ob
2520 4577 2876 4632 reverentiam
2911 4575 3298 4630 bent-dictionis
3325 4587 3449 4629 ante

1862 4670 2091 4724 triduum
2122 4670 2515 4738 conjunctionis
2546 4685 2731 4723 eorum
2764 4671 2842 4722 eis
2878 4668 3180 4722 benedictio
3212 4670 3262 4722 in
3298 4669 3441 4723 basi-

1859 4760 1956 4814 lica
1999 4762 2236 4815 daretur.
2285 4760 2451 4813 Tanta
2496 4759 2725 4826 denique
2773 4758 2907 4810 bona
2956 4758 3008 4811 in
3056 4772 3135 4818 se,
3189 4759 3453 4829 largiente

1856 4852 2032 4906 divina
2082 4852 2273 4921 gratia,
2324 4852 2506 4904 habuit
2549 4861 2599 4904 et
2632 4851 2697 4904 de
2728 4851 3060 4905 audientium
3092 4849 3448 4919 profectibus,

1854 4955 1904 4999 ct
1934 4944 1999 4999 de
2041 4944 2264 5013 discipul
2291 4961 2420 4997 »ιίιιιι
2452 4944 2799 5010 sequacitatc,
2837 4951 2891 4997 et
2917 4942 2985 4997 de
3016 4944 3276 5012 virginum
3310 4962 3439 4999 rem

1852 5035 2170 5103 secratione,
2213 5046 2269 5086 ut
2300 5051 2402 5087 non
2435 5050 2540 5086 uno
2570 5042 2774 5086 tantum
2804 5033 2874 5085 sit
2906 5035 3098 5088 metito
3130 5049 3445 5102 coronatus,

1856 5214 2138 5287 statuitur,
2166 5223 2221 5265 ut
2255 5214 2427 5265 nauus
2459 5213 3145 5287 episcoporum,diaconum,
3176 5226 3451 5287 antequam

1856 5286 2031 5350 viginti
2054 5285 2274 5352 quinque
2295 5300 2456 5334 annos
2477 5283 2708 5351 impleat,
2739 5286 2979 5339 ordinare
3008 5283 3449 5353 prmanmat."l‘ri-

1853 5359 2001 5419 ginta
2032 5370 2159 5407 vero
2201 5356 2326 5407 anni
2363 5354 2559 5406 ibidem
2598 5356 2947 5422 requiruntur
2978 5373 3073 5425 pro
3108 5360 3451 5415 ordinatione

136 5419 280 5479 tunc
323 5409 667 5479 possidebant
715 5415 875 5466 etiam
925 5414 977 5466 in
1010 5415 1215 5471 Galliis.
1264 5409 1469 5476 Deinde
1520 5421 1750 5479 Francia

132 5478 267 5549 dici
288 5476 475 5549 cq‘I-it,
506 5495 625 5549 qua:
660 5498 802 5537 nunc
833 5485 1001 5537 insula
1033 5484 1290 5542 Franciw.

344 5542 420 5597 ιω
450 5542 859 5634 ιξιέῗηηοειισιιιη.
889 5554 1225 5613 Mabtl'onius
1267 5558 1426 5615 habet
1469 5580 1481 5616 :
1509 5565 1745 5634 ﬂagravit

128 5617 335 5689 ubique
354 5619 683 5689 profectibus,
716 5641 964 5689 quonon,
998 5636 1100 5681 etc.

132 5641 335 5681 umque
392 5641 683 5687 ralecuuus,
756 5642 964 5689 notion,
998 5641 1100 5681 etc.

132 5760 141 5765 _
221 5688 297 5754 (τ)
342 5641 489 5771 {lianc
508 5700 694 5771 tamen
716 5641 894 5771 1(ιιενιιι
923 5699 1042 5751 aliis
1075 5715 1178 5753 non
1215 5702 1537 5767 pra-scripsit
1570 5721 1579 5754 :
1623 5719 1742 5759 nam

129 5760 197 5813 in
235 5760 467 5816 concilio
494 5760 890 5835 Arelatensi'tv,
926 5771 1010 5824 cui
1039 5760 1256 5826 sancttis
1284 5760 1525 5840 prtefuit,
1557 5788 1676 5832 can.
1718 5780 1736 5833 l

1857 5425 2152 5545 [)t'fslilﬁgejl'i
2209 5426 2289 5479 vel
2348 5425 2609 5494 etiiseopi.
2662 5426 2760 5479 Adi
2822 5426 3092 5481 Labbeum
3152 5440 3281 5483 tom.
3340 5430 3453 5495 ιν,

1857 5512 1956 5545 ου.
2063 5509 2148 5545 -“;..

1866 5512 1883 5528 ς
2041 5498 2125 5529 '05)

1854 5498 2148 5635 ivlt'dibt't;
2176 5565 2234 5621 S.
2270 5566 2499 5619 (Imsaria
2531 5577 2707 5620 actum
2738 5576 2819 5619 cst
2856 5568 2919 5618 ad
2958 5568 3020 5620 12
3063 5567 3323 5634 Januarii,
3358 5570 3451 5624 ubi

1853 5638 1920 5691 de.
1951 5637 2186 5691 secunda
2224 5637 2455 5690 Caesaria
2486 5648 2539 5692 ct
2583 5640 2931 5707 sequentibus
2969 5637 3252 5692 abbatissis
3282 5644 3447 5695 etiam

1853 5710 1990 5763 dicta
2021 5718 2144 5761 sunt
2171 5708 2367 5776 aliqua.

1928 5780 2005 5851 (ιν)
2051 5777 2116 5831 Id
2146 5789 2238 5847 est,
2267 5775 2524 5848 respcms,
2557 5777 2627 5831 ait
2659 5775 2708 5830 in
2743 5776 2976 5845 margine
3006 5775 3368 5833 Mabillonius.
