4046 6204
1483 543 2018 558 MM.“
2045 545 2132 553 η.-
2160 547 2617 556 -._.__._-_..---._.~
2639 550 2968 561 __._-__r...__
2991 553 3058 557 _--
3087 554 3125 557 _-
3149 553 3302 560 ην..
3317 552 3424 560 η-..

1509 884 2258 954 CIIRISTIANISSIMO

1103 1086 1725 1152 FRANCORUM
1783 1087 1912 1149 ET
1971 1088 2435 1152 NAVARR/E
2478 1080 2712 1148 REGI

1395 1277 1814 1341 LUDOVICO
1856 1278 1910 1339 Α
1951 1277 2120 1339 ΠΕΟ
2168 1277 2411 1339 DATO.

337 1630 910 1696 Ecclesiasticarum
933 1646 1143 1693 rerum
1181 1631 1539 1706 Historiam,
1571 1650 1608 1695 a
1646 1635 1901 1697 Socrate
1931 1631 2082 1697 olim
2124 1651 2197 1696 ac
2227 1633 2577 1696 Sozomeno
2609 1635 2824 1696 Grace
2863 1636 3310 1716 conscriptam,
3348 1655 3517 1704 nunc

261 1755 406 1801 vero
432 1739 497 1798 in
527 1736 814 1800 Latinum
842 1752 1201 1799 sermonem
1231 1755 1268 1800 a
1304 1755 1406 1801 me
1433 1755 1803 1802 conversam
1847 1745 2038 1820 atque
2085 1738 2629 1802 observationibus
2661 1736 3052 1811 illustratam,
3084 1743 3310 1798 utrum'
3325 1735 3514 1818 Majo-

261 1841 400 1901 stati
435 1841 581 1900 Tua
617 1855 990 1918 nuncupare
1020 1839 1340 1915 deberem,
1373 1857 1484 1902 rex
1533 1841 2058 1906 Christianissime
2079 1890 2093 1917 ,
2132 1842 2242 1904 diu
2276 1841 2672 1920 multumque
2723 1840 3026 1903 dubitavi.
3067 1843 3218 1903 Nam
3261 1860 3404 1904 cum
3439 1843 3519 1904 ab

260 1944 515 2005 ineunte
555 1949 738 2004 atate
778 1942 1000 2006 studiis
1042 1960 1146 2007 me
1185 1943 1664 2009 humanioribus
1707 1947 2114 2022 addixissem,
2155 1954 2218 2010 et
2253 1946 2532 2027 quietam
2571 1943 3099 2026 tranquillamque
3149 1943 3333 2005 vitam
3374 1962 3520 2005 cum

261 2043 481 2104 litteris
514 2046 758 2104 cunctis
787 2058 1040 2123 semper
1060 2045 1250 2108 rebus
1295 2046 1824 2127 anteposuissem,
1867 2047 2155 2128 ineptum
2192 2045 2348 2107 mihi
2370 2045 2696 2110 videbatur
2725 2049 2788 2108 et
2825 2043 3102 2106 alienum
3130 2041 3209 2104 ab
3233 2041 3518 2102 instituto

261 2151 502 2217 nostro,
542 2149 840 2224 provecta
859 2143 989 2223 jam
1019 2151 1224 2222 atate,
1252 2147 1487 2225 regiam
1517 2147 1782 2222 ambire,
1812 2153 1876 2211 et
1906 2149 2288 2228 Majestatem
2309 2149 2528 2217 Tuam,
2564 2153 2657 2208 tot
2684 2144 2998 2222 tantisque
3028 2141 3371 2205 districtam
3400 2159 3516 2203 ne-

261 2247 467 2325 gotiis,
498 2246 802 2310 litterario
851 2264 1116 2312 munere
1164 2248 1588 2330 interpellare.
1635 2249 1758 2312 Sed
1804 2259 2138 2330 postquam
2182 2249 2588 2313 animadverti
2627 2249 3008 2329 Majestatem
3051 2249 3246 2309 Tuam
3287 2235 3517 2326 hujus-

262 2344 433 2406 modi
482 2361 744 2411 munera
789 2343 1274 2427 haudquaquam
1317 2347 1664 2428 aspernari,
1697 2355 1758 2410 et
1787 2347 2068 2411 eruditos
2101 2348 2414 2424 homines,
2444 2367 2573 2412 non
2610 2366 2722 2412 eos
2750 2351 2954 2414 solum
2993 2352 3101 2432 qui
3133 2351 3249 2413 sub
3278 2353 3519 2432 princi-

263 2451 416 2524 patu
444 2451 554 2508 tuo
577 2445 836 2523 degunt,
873 2463 1092 2508 verum
1130 2440 1319 2510 etiam
1355 2454 1607 2516 exteros
1631 2448 1934 2528 singulari
1963 2448 2349 2512 humanitate
2380 2467 2452 2512 ac
2481 2450 2919 2516 benevolentia
2953 2452 3311 2533 complecti,
3345 2459 3406 2515 et
3438 2454 3520 2516 ad

267 2553 617 2616 excolenda
656 2553 1039 2633 optimarum
1083 2553 1310 2618 artium
1356 2556 1561 2618 studia
1594 2564 1969 2620 cunctorum
2000 2557 2246 2620 animos
2273 2574 2480 2637 nuper
2521 2557 2887 2620 liberalitate
2915 2573 3027 2619 sua
3058 2556 3384 2630 excitasse,
3415 2556 3518 2617 in-

265 2655 425 2734 grati
459 2653 651 2715 animi
676 2651 810 2714 fere
841 2652 1207 2727 existimavi,
1237 2653 1290 2715 si
1321 2653 1445 2717 hoc
1470 2672 1634 2736 Opus
1662 2661 1773 2717 tuo
1809 2655 2172 2735 principatu
2205 2663 2481 2736 captum
2511 2663 2700 2736 atque
2741 2655 3150 2729 elaboratum,
3183 2655 3360 2717 alteri
3400 2675 3518 2735 po-

269 2754 401 2814 tius
443 2768 873 2828 consecrarem
894 2769 1080 2832 quam
1107 2753 1247 2815 tibi.
1272 2755 1371 2816 An
1397 2772 1544 2817 cum
1568 2772 1687 2834 ego
1714 2762 1806 2818 tot
1826 2755 1961 2836 jam
1992 2755 2188 2817 libros
2219 2755 2286 2818 in
2315 2755 2520 2818 lucem
2549 2756 2888 2828 emiserim,
2923 2759 3012 2814 tot
3047 2753 3321 2814 illustres
3351 2755 3521 2815 viros

257 2854 516 2934 scriptis
541 2854 696 2916 meis
727 2853 1216 2934 pradicaverim,
1250 2853 1532 2932 reginam
1561 2855 1745 2918 etiam
1769 2861 2047 2919 externa
2078 2855 2280 2932 gentis
2311 2853 2614 2934 peculiari
2649 2852 2934 2916 oratione
2973 2849 3377 2924 laudaverim,
3414 2870 3520 2914 re-

211 2974 228 2987 ε
258 2971 408 3033 gem
457 2949 690 3028 meum,
734 2970 945 3016 rerum
990 2959 1301 3032 gestarum
1349 2951 1545 3031 gloria
1578 2962 1641 3014 et
1693 2954 1937 3018 cunctis
1978 2951 2131 3017 belli
2171 2951 2474 3033 pacisque
2515 2951 2752 3013 artibus
2797 2951 3232 3028 excellentem,
3267 2953 3520 3015 silentio

262 3053 674 3116 transmittam
703 3069 720 3127 ;
750 3070 866 3115 nec
887 3054 1184 3116 omnibus
1213 3053 1423 3116 modis
1449 3053 1789 3128 elaborem,
1833 3063 1902 3116 ut
1953 3052 2214 3133 aliquod
2249 3052 2491 3130 ingenii
2527 3052 2650 3114 mei
2687 3058 3165 3115 monumentum
3209 3052 3273 3114 in
3318 3070 3522 3130 augu-

268 3155 536 3217 stissimo
563 3155 696 3234 ejus
730 3153 988 3223 nomine
1018 3153 1361 3234 appareat?
1393 3155 1531 3217 Huc
1555 3154 1797 3217 accedit
1822 3154 2184 3234 exemplum
2223 3153 2554 3217 Sozomeni
2589 3153 2806 3224 nostri,
2839 3152 2950 3231 qui
2976 3169 3117 3214 cum
3145 3152 3522 3216 ecclesiasti-

266 3272 401 3318 cam
441 3255 776 3317 Historiam
826 3271 862 3316 a
906 3254 1266 3334 principatu
1317 3254 1706 3318 Constantini
1750 3255 2003 3318 Maximi
2039 3254 2116 3318 ad
2165 3272 2277 3318 sua
2312 3271 2516 3335 usque
2560 3261 2846 3334 tempora
2888 3269 3114 3316 novem
3157 3252 3331 3316 libris
3372 3273 3524 3318 con-

267 3354 591 3429 texuisset,
623 3369 763 3417 eam
789 3352 1154 3418 Theodosio
1180 3355 1426 3417 Juniori
1453 3354 1943 3436 nuncupandam
1980 3355 2236 3435 putavit.
2267 3357 2464 3429 Quem
2501 3362 2753 3418 secutus
2790 3353 2983 3433 longo
3019 3361 3163 3435 post
3191 3356 3520 3420 intervallo

265 3461 661 3542 Nicephorus
693 3459 1001 3531 Callistus,
1042 3455 1401 3518 Andronico
1447 3455 1829 3534 Palaologo,
1870 3457 2218 3536 Byzantino
2249 3456 2636 3536 imperatori,
2669 3473 2831 3536 opus
2877 3473 3060 3519 suum
3106 3463 3517 3524 consecravit.

265 3565 352 3622 Ac
376 3559 661 3642 profecto
693 3557 1176 3640 sapientissime,
1206 3562 1274 3616 ut
1296 3554 1591 3634 equidem
1622 3571 1876 3630 censeo,
1908 3562 2178 3636 uterque
2220 3553 2472 3618 illorum
2511 3553 2810 3634 judicavit
2850 3557 3092 3620 nullum
3129 3561 3381 3638 regibus
3422 3569 3520 3624 at-

264 3678 392 3741 que
424 3660 906 3740 imperatoribus
944 3654 1422 3719 convenientius
1460 3654 1675 3718 oﬂ‘erri
1702 3672 1891 3734 posse
1928 3672 2180 3730 munus,
2218 3672 2408 3734 quam
2448 3653 2769 3717 historiam
2807 3671 3016 3718 rerum
3061 3660 3519 3723 ecclesiastica-

264 3779 430 3822 rum.
462 3764 608 3835 Qua
641 3761 810 3822 enim
855 3757 1135 3836 cognitio
1165 3755 1379 3817 utilior
1415 3754 1740 3835 magisque
1780 3755 2135 3817 necessaria
2175 3761 2266 3817 est
2304 3753 2598 3836 principi,
2636 3771 2824 3835 quam
2870 3773 3083 3822 earum
3131 3779 3339 3823 rerum
3375 3780 3519 3842 qua

261 3859 343 3921 ad
374 3860 582 3940 ipsum
621 3857 906 3939 quotidie
945 3853 1353 3922 deferuntur?
1378 3857 1553 3918 Certe
1585 3871 1729 3918 cum
1759 3855 1978 3934 religio
2011 3856 2285 3936 primum
2315 3856 2528 3919 locum
2556 3857 2834 3918 obtineat
2861 3858 2927 3920 in
2964 3860 3308 3941 republica,
3338 3881 3519 3925 cum-

263 3980 394 4042 que
442 3981 518 4025 ex
559 3981 687 4043 quo
724 3969 1012 4043 tempore
1051 3979 1230 4040 reges
1271 3967 1460 4041 atque
1506 3961 1918 4040 imperatores
1946 3977 2086 4023 sese
2131 3960 2426 4024 Ecclesia
2469 3961 2723 4041 corpori
2767 3958 3208 4040 adjunxerunt,
3249 3964 3520 4028 maxima

264 4081 521 4143 semper
552 4064 738 4126 fuerit
768 4080 988 4125 eorum
1015 4063 1351 4125 auctoritas
1378 4062 1445 4123 in
1476 4063 1665 4124 rebus
1693 4061 1989 4124 Ecclesia
2020 4063 2552 4138 administrandis,
2587 4069 2768 4143 turpe
2797 4068 2986 4142 atque
3015 4063 3387 4126 indecorum
3425 4073 3520 4127 est

262 4163 392 4223 illis
422 4165 706 4242 negotia',
750 4165 817 4225 in
864 4163 1094 4242 quibus
1137 4161 1475 4225 tractandis
1513 4160 1763 4222 assidue
1804 4168 2151 4234 versantur,
2201 4160 2514 4238 ignorare.
2553 4163 2770 4241 Itaque
2812 4168 3083 4247 majores
3121 4169 3232 4242 tui,
3265 4168 3518 4230 Carolos

264 4264 412 4325 dico
452 4273 511 4325 et
538 4264 911 4338 Ludovicos,
944 4263 1052 4344 qui
1089 4266 1470 4324 Francorum
1516 4277 1712 4338 regno
1760 4261 2116 4323 Romanum
2153 4261 2487 4354 imperium
2518 4262 2686 4322 velut
2717 4268 3135 4345 appendicem
3183 4268 3517 4347 quamdam

259 4368 711 4448 adiunxerunt,
739 4369 913 4430 omni
943 4367 1148 4428 studio
1176 4384 1246 4428 ac
1279 4365 1599 4443 diligentia
1630 4365 1695 4425 in
1735 4365 1796 4425 id
1825 4363 2270 4438 incubuerunt,
2309 4372 2378 4425 ut
2406 4365 2963 4426 ecclesiasticarum
3002 4383 3211 4426 rerum
3248 4367 3517 4428 exactis-

258 4469 485 4530 simam
527 4469 644 4530 sibi
674 4468 958 4530 notitiam
989 4473 1445 4547 compararent.
1477 4465 1721 4544 Quippe
1757 4462 2191 4539 intelligebant
2223 4463 2542 4542 principes
2581 4462 3046 4542 sapientissimi,
3081 4465 3268 4527 rebus
3297 4467 3517 4530 Eccle-

256 4578 373 4638 sia
402 4577 596 4656 probe
639 4575 991 4638 constitutis
1022 4579 1210 4653 atque
1243 4573 1566 4644 ordinatis,
1600 4569 1842 4648 reliqua
1889 4567 2190 4647 deinceps
2221 4585 2296 4628 ex
2330 4574 2474 4629 voto
2509 4567 2871 4640 succedere,
2910 4572 2970 4627 et
3007 4583 3231 4646 pacem
3271 4567 3518 4648 imperii

254 4696 338 4740 ac
365 4677 892 4758 tranquillitatem
920 4693 995 4738 ex
1023 4677 1319 4740 Ecclesia
1355 4693 1508 4756 pace
1538 4693 1610 4736 ac
1633 4672 2104 4753 tranquillitate,
2146 4681 2442 4753 tanquam
2473 4690 2548 4734 ex
2583 4672 2784 4745 fonte,
2825 4688 3219 4750 promanare.
3253 4675 3516 4734 Testan-

255 4789 365 4842 tur
393 4779 514 4842 hoc
545 4778 794 4840 illorum
827 4776 1123 4854 studium,
1157 4784 1289 4838 tum
1326 4775 1606 4837 historia
1633 4780 1896 4848 veteres,
1931 4779 2062 4833 tum
2091 4772 2260 4850 leges
2297 4773 2670 4852 capitulares
2698 4773 2775 4834 ab
2804 4772 3027 4833 iisdem
3048 4773 3230 4833 edita
3268 4789 3339 4836 ac
3365 4791 3518 4852 pro-

254 4884 554 4961 mulgata
582 4901 597 4956 ;
631 4881 942 4962 ejusmodi
974 4879 1246 4951 decreta,
1274 4877 1339 4937 in
1371 4875 1602 4954 quibus
1631 4875 1835 4954 primo
1883 4889 2135 4952 semper
2167 4870 2311 4933 loco
2348 4872 2426 4932 de
2469 4873 2656 4933 rebus
2687 4871 3123 4933 ecclesiasticis
3152 4883 3516 4939 sanxerunt.

251 4985 494 5064 quibus
523 4982 672 5044 nihil
701 4982 779 5043 ad
815 4979 1209 5059 disciplinam
1236 4975 1721 5040 ecclesiasticam
1751 4973 1977 5034 sanciri
2007 4973 2205 5051 possit
2228 4972 2460 5033 utilius.
2493 4973 2664 5033 Idem
2707 4974 2893 5034 etiam
2922 4980 3227 5035 testantur
3259 4975 3395 5035 libri
3433 4977 3516 5035 illi

249 5109 288 5151 a
337 5088 556 5149 Carolo
596 5089 819 5165 Magno
860 5084 1222 5164 conscripti,
1256 5102 1416 5164 quos
1452 5082 1640 5161 vulgo
1677 5081 2002 5144 Carolinos
2040 5085 2288 5140 vocant.
2323 5079 2461 5140 Non
2501 5080 2689 5156 igitur
2725 5081 2859 5140 sine
2895 5097 3103 5152 causa,
3133 5079 3516 5143 Christiano-

249 5205 406 5253 rum
453 5187 848 5265 antiquitates
886 5182 1408 5246 Christianissimo
1441 5181 1736 5263 principi,
1776 5179 2257 5242 ecclesiasticam
2300 5179 2632 5240 Historiam
2681 5181 2794 5241 tibi
2827 5183 2991 5243 inter
3018 5183 3311 5244 Ecclesia
3357 5186 3518 5246 ﬁlios

247 5289 707 5374 primogenito,
748 5283 1160 5347 dedicandam
1204 5298 1342 5342 esse
1376 5278 1744 5342 existimavi.
1777 5280 1848 5338 In
1887 5294 2034 5355 qua,
2074 5277 2226 5356 quid
2259 5282 2320 5338 et
2345 5285 2651 5355 quantum
2687 5279 2848 5357 juris
2895 5281 2971 5341 sit
3003 5283 3275 5362 principi
3317 5285 3380 5344 in
3414 5303 3514 5344 re-

243 5397 381 5457 bus
425 5390 878 5463 ecclesiasticis,
914 5389 1198 5466 Majestas
1223 5387 1354 5446 Tua
1392 5382 1633 5462 liquido
1673 5380 2048 5461 perspiciet:
2092 5390 2152 5442 et
2189 5381 2720 5460 quemadmodum
2756 5401 2833 5444 ex
2868 5385 3353 5464 imperatoribus
3384 5388 3514 5447 Ro-

243 5497 491 5570 manis,
525 5497 566 5556 ii
607 5495 861 5560 unidem
911 5492 1019 5572 qui
1059 5488 1403 5550 Ecclesiam
1454 5485 1632 5546 savis
1675 5485 2223 5564 persecutionibus
2262 5485 2653 5558 infestarunt,
2685 5487 2937 5570 adversa
2979 5506 3230 5569 semper
3267 5490 3519 5553 fortuna

242 5601 376 5673 usi,
408 5598 661 5660 funesti
711 5592 963 5654 tandem
1014 5584 1185 5652 exitu
1222 5587 1609 5658 interierint;
1654 5584 1696 5644 ii
1729 5599 1877 5644 vero
1919 5583 2028 5661 qui
2067 5584 2408 5645 Ecclesiam
2450 5602 2679 5663 augere
2728 5594 2916 5666 atque
2960 5606 3183 5650 ornare
3221 5588 3514 5653 omnibus

239 5699 464 5762 modis
492 5696 893 5766 studuerunt,
924 5693 1032 5772 qui
1061 5691 1492 5754 sacerdotibus
1530 5689 1861 5763 honorem,
1895 5686 2138 5752 clericis
2167 5686 2488 5768 privilegia
2521 5689 3105 5771 immunitatcmque
3132 5690 3508 5776 tribuerunt,

546 5802 823 5860 Parnm“
878 5795 994 5855 Gn.
1044 5793 1294 5856 LXVII.
2966 5799 2997 5856 1
