4046 6204
428 319 494 374 καί
1750 306 2053 366 'HENRICI
2084 303 2362 381 pVALESiI
3646 315 3715 375 η

430 437 645 503 omnia
690 451 945 515 semper
987 434 1129 494 laeta
1173 449 1245 495 ac
1286 443 1591 512 prospera
1642 432 1883 509 experti
1932 432 2079 501 sint,
2114 436 2174 492 et
2203 430 2281 491 de
2323 426 2612 488 hostibus
2652 442 2723 486 ac
2754 424 3039 503 tyrannis
3083 430 3388 493 maximas
3414 427 3713 500 victorias

433 543 835 625 rcportarint.
866 543 1145 614 Quorum
1167 538 1237 594 tu
1268 531 1563 610 pietatem
1603 545 1747 590 cum
1786 545 1822 589 a
1855 528 2076 607 primis
2106 528 2284 605 regni
2317 524 2407 586 tui
2438 523 2810 585 rudimentis
2844 523 3125 587 imitatus
3161 527 3269 603 sis,
3289 529 3436 608 jure
3481 536 3713 600 merito

434 648 654 710 eadem
686 652 747 708 te
777 646 1045 709 felicitas
1072 643 1136 704 in
1164 635 1410 699 cunctis
1444 632 1954 713 expeditionibus
2001 636 2310 710 perpetuo
2348 627 2702 689 comitatur.
2738 627 2997 687 Possem
3030 625 3152 692 hoc
3201 628 3344 692 loco
3375 632 3439 693 in
3486 633 3708 700 laudes

432 754 574 808 tuas
611 744 872 806 liberius
900 759 1259 817 excurrere,
1294 738 1489 817 idque
1519 735 1814 815 exemplo
1846 751 2065 797 eorum
2100 733 2485 811 scriptorum
2519 746 2682 810 quos
2711 746 2899 808 supra
2947 731 3289 794 nominavi.
3325 736 3479 798 Nam
3515 741 3707 819 Maje-
3780 796 3795 800 -

432 851 604 913 statis
654 852 802 911 Tum
843 866 943 910 res
991 853 1181 925 gestae
1232 846 1419 921 longe
1463 841 1749 923 profecto
1801 839 2164 901 uberiorem
2210 837 2291 900 ad
2328 837 2663 901 dicendum
2699 833 3020 895 materiam
3064 837 3219 899 mihi
3267 843 3700 922 suppeditant,

434 968 620 1029 quam
661 941 767 1010 aut
804 965 905 1010 res
941 945 1284 1008 Theodosii
1320 941 1597 1006 Junioris
1632 942 2010 1012 Sozomeno,
2056 944 2164 1000 aut
2216 955 2322 1000 res
2358 934 2699 998 Andronici
2742 931 3104 1012 Nicephoro
3150 939 3300 1001 olim
3349 943 3710 1022 suppedita-

432 1062 602 1117 runt.
638 1054 761 1115 Sed
792 1051 1093 1133 quoniam
1117 1050 1196 1112 de
1226 1050 1415 1112 rebus
1447 1043 1888 1109 ecclesiasticis
1911 1043 2189 1123 primum
2223 1042 2505 1104 instituta
2539 1044 2632 1100 est
2658 1036 2886 1112 oratio,
2915 1051 3184 1115 quarum
3217 1037 3537 1102 historiam
3573 1044 3706 1105 Ma-

423 1154 637 1234 jestati
672 1155 821 1214 TtltB
856 1150 1181 1214 oblaturus
1210 1148 1471 1223 accessi,
1504 1146 1670 1208 malo
1702 1162 1803 1206 me
1826 1144 1990 1204 intra
2013 1143 2130 1204 hos
2160 1144 2317 1204 ﬁnes
2349 1141 2697 1212 continere,
2748 1153 2911 1216 quos
2953 1136 3109 1198 mihi
3152 1138 3292 1219 ipse
3322 1141 3502 1203 initio
3534 1160 3703 1223 prae-

432 1256 678 1336 scripsi,
705 1260 767 1316 et
796 1271 874 1315 ex
908 1251 1200 1314 laudibus
1227 1251 1348 1312 tuis
1374 1266 1479 1311 eas
1509 1246 1715 1309 solum
1743 1244 2048 1322 attingere
2077 1261 2219 1323 qua:
2248 1243 2324 1305 ad
2360 1239 2701 1304 Ecclesiam
2737 1242 2799 1298 et
2831 1234 2909 1296 ad
2941 1235 3307 1312 religionem
3352 1241 3700 1319 pertinent.

433 1335 601 1421 Nihil
640 1357 833 1435 igitur
861 1354 1066 1418 dicam
1092 1351 1172 1413 de
1199 1348 1429 1410 eximia
1464 1345 1852 1407 humanitate
1891 1349 2020 1416 tua,
2056 1359 2181 1427 qua
2211 1348 2474 1403 cunctos
2507 1338 2813 1402 adeuntes
2855 1335 3149 1416 excipere
3185 1338 3390 1413 soles;
3425 1341 3582 1402 nihil
3621 1342 3699 1405 de

431 1458 789 1525 admirabili
820 1456 1176 1539 prudentia,
1210 1469 1336 1532 qua
1363 1457 1425 1513 et
1454 1448 1659 1512 civilia
1695 1453 1757 1509 et
1783 1446 2007 1509 bellica
2051 1445 2304 1524 negotia
2351 1443 2788 1515 administras;
2821 1438 2977 1501 nihil
3008 1436 3374 1539 de‘justitia,
3400 1459 3589 1520 quam
3634 1442 3701 1505 in

434 1561 730 1625 omnibus
768 1536 946 1620 factis
982 1553 1292 1631 dictisque
1338 1547 1810 1627 religiosissime
1851 1562 2099 1619 servas;
2143 1544 2299 1606 nihil
2329 1544 2408 1605 de
2438 1540 2792 1605 incredibili
2831 1539 3048 1617 vigore
3088 1536 3330 1614 ingenii
3379 1540 3509 1627 tui;
3541 1541 3702 1614 nihil

433 1660 513 1723 de
549 1659 793 1740 prolixa
820 1633 896 1717 in
939 1654 1174 1715 litteras
1204 1646 1661 1720 muniﬁcentia,
1693 1660 1961 1725 quarum
2002 1649 2064 1704 te
2102 1650 2442 1724 patronum
2473 1642 2600 1720 jam
2644 1635 3285 1740 pridemdeclarasti.
3318 1638 3700 1703 Praetermita

431 1738 570 1824 tam:
613 1745 706 1822 tot
741 1757 1001 1822 bellicas
1030 1750 1466 1834 expeditiones
1491 1753 1653 1821 tuas,
1693 1744 2195 1825 expugnationes
2236 1742 2487 1805 urbium
2528 1748 2722 1820 atque
2767 1738 3171 1819 Oppidorum,
3214 1740 3528 1803 exercitus
3572 1742 3700 1806 hou-

435 1862 624 1923 stium
670 1875 894 1930 caesos,
942 1863 1181 1935 tropaea
1230 1851 1295 1911 in
1335 1848 1578 1927 Belgio,
1610 1848 1676 1908 in
1716 1845 2065 1919 Germania,
2120 1850 2182 1905 et
2218 1844 2284 1904 in
2320 1842 2528 1904 media
2576 1847 2785 1904 erecta
2839 1839 3184 1901 Pannonia.
3221 1841 3423 1903 Taceo
3468 1844 3704 1907 Turcos

435 1959 642 2037 primo
673 1955 945 2018 adventu
975 1950 1299 2030 cepiarum
1337 1951 1587 2007 tuarum
1634 1942 1810 2005 fusos
1855 1947 1918 2004 et
1960 1941 2233 2019 fugatos,
2270 1946 2337 2002 et
2376 1955 2629 2001 amnem
2674 1937 3085 2002 cadaveribus
3136 1937 3490 2016 oppletum.
3532 1940 3701 2002 Nihil

434 2058 643 2120 dicam
679 2055 759 2117 de
807 2052 1147 2116 novissima
1186 2046 1588 2127 expeditione
1630 2050 1738 2107 tua
1768 2045 1834 2105 in
1864 2042 2179 2122 Belgium,
2207 2058 2332 2122 qua
2367 2041 2584 2122 plures
2617 2041 2810 2102 urbes
2838 2039 3027 2100 unius
3068 2039 3301 2099 aestatis
3348 2041 3552 2118 spatio
3593 2058 3704 2104 ce-

426 2156 612 2236 ‘pisti,
644 2171 833 2235 quam
861 2156 993 2214 toto
1019 2146 1348 2228 superiore
1382 2143 1554 2206 bello
1590 2160 1625 2206 a
1656 2142 1814 2204 divaa
1847 2141 2171 2204 memoriae
2200 2142 2517 2204 Ludovico
2559 2148 2820 2221 parente
2863 2145 2974 2200 tuo
3011 2135 3268 2199 fuerant
3299 2147 3699 2220 expugnatae.

440 2258 617 2319 Mitto
661 2255 1026 2318 comitatum
1070 2244 1472 2325 Burgundim,
1505 2243 1717 2306 medio
1755 2243 1981 2305 hiemis
2023 2242 2239 2321 algore
2276 2248 2525 2321 raptum
2553 2239 2767 2320 potius
2797 2255 2984 2318 quam
3032 2247 3306 2321 captum.
3342 2242 3515 2305 Illam
3555 2264 3703 2309 vero

436 2372 682 2436 pacem,
730 2369 919 2435 quam
963 2367 1171 2430 nuper
1214 2345 1592 2428 Aquisgrani
1627 2362 1771 2407 cum
1817 2361 1966 2423 rege
1994 2344 2277 2425 Hispano
2319 2342 2637 2424 pepigisti,
2669 2343 2891 2406 tacitus
2927 2345 3247 2423 praeterire
3286 2346 3462 2409 nullo
3505 2352 3697 2414 modo

436 2471 720 2537 possum.
751 2456 880 2527 Qua
914 2452 979 2512 in
1005 2446 1470 2529 componenda,
1499 2450 1729 2524 quanta
1755 2450 1920 2505 esset
1948 2446 2212 2523 aequitas
2245 2459 2319 2505 ac
2355 2441 2702 2507 moderatio
2739 2441 2931 2505 animi
2973 2446 3062 2508 tui
3111 2450 3451 2529 perspicue
3489 2453 3701 2517 deela-

441 2556 610 2619 rasti.
655 2555 795 2616 Non
820 2552 989 2615 enim
1019 2550 1447 2632 amplificandi
1478 2550 1651 2628 regni
1675 2549 1988 2630 cupiditas
2013 2555 2075 2609 te
2096 2566 2131 2610 a
2165 2554 2334 2609 recto
2372 2546 2633 2627 justitiaa-
2663 2546 2911 2609 tramite
2944 2552 3223 2614 abduxit.
3257 2557 3395 2616 Non
3437 2557 3704 2621 militum

432 2666 696 2722 tuorum
745 2658 940 2720 robur
981 2674 1054 2719 ac
1088 2654 1449 2729 multitudo,
1483 2671 1611 2715 non
1664 2653 1894 2721 ducum
1938 2651 2322 2731 praestantia,
2363 2666 2491 2711 non
2535 2649 2908 2728 magnitudo
2936 2651 3145 2716 bellici
3184 2664 3541 2735 appar-atus,
3577 2677 3705 2723 non

431 2758 711 2829 hostium
740 2755 1086 2838 provinciae
1114 2754 1487 2818 militaribus
1516 2753 1721 2833 cepiis
1748 2751 2023 2824 nudatae,
2047 2750 2329 2813 animum
2363 2755 2539 2811 tuum
2587 2750 3019 2813 sollicitarum.
3053 2755 3182 2815 Sed
3206 2762 3319 2817 tuo
3344 2762 3703 2837 contentus,

432 2860 595 2922 nihil
627 2860 888 2923 ulterius
923 2858 1371 2935 'coneupivisti.
1402 2856 1713 2933 Equidem
1748 2854 1913 2916 hanc
1952 2870 2175 2931 pacem
2213 2854 2508 2914 omnibus
2539 2853 2813 2914 victoriis
2849 2870 2919 2915 ac
2960 2851 3295 2932 triumphis
3338 2858 3458 2918 tuis
3512 2858 3698 2939 longe

432 2958 946 3038 anteponendam
984 2963 1163 3036 puto.
1194 2960 1350 3019 Nam
1381 2965 1443 3018 et
1474 2958 1666 3019 urbes
1695 2956 1895 3032 Belgii
1931 2955 2234 3017 maximas
2281 2972 2352 3016 ac
2391 2953 2837 3015 munitissimas
2870 2952 3103 3016 ditioni-
3131 2960 3257 3015 tuae
3298 2957 3603 3037 adjunxit.
3641 2970 3704 3025 et

433 3055 681 3116 nomini
711 3061 820 3116 tuo
842 3053 1261 3116 immortalem
1291 3053 1551 3132 gloriam
1593 3051 2000 3131 comparavit.
2032 3051 2193 3125 Quid
2229 3050 2398 3111 enim
2444 3050 2778 3128 gloriosius
2807 3070 2995 3129 quam
3042 3056 3107 3118 in
3129 3075 3371 3121 summa
3408 3061 3705 3142 felicitate

433 3155 839 3234 semetipsum
873 3155 1145 3228 vincere,
1178 3159 1241 3214 et
1276 3130 1468 3232 supra
1495 3156 2063 3231 tropzeastantem,
2098 3149 2373 3212 victoria
2405 3163 2534 3211 sum
2564 3149 2822 3211 modum
2853 3151 3231 3234 imponere?
3264 3162 3437 3240 Cepit
3470 3130 3545 3224 ex
3587 3132 3703 3229 hac

426 3271 756 3335 .pace‘non
797 3253 1183 3317 mediocrem
1223 3250 1502 3313 fructum
1532 3250 1776 3328 religio,
1800 3250 1988 3330 cujus
2030 3250 2099 3311 in
2138 3249 2503 3312 renovando
2541 3249 2779 3313 foedere
2809 3255 3189 3335 praecipuam
3234 3261 3536 3324 rationem
3586 3265 3701 3327 ha-

433 3357 705 3419 bendam
739 3375 877 3421 esse
908 3357 1165 3419 duxisti.
1196 3359 1345 3431 Quae
1376 3373 1517 3418 cum
1564 3371 1730 3433 aegre
1759 3354 2103 3417 admodum
2126 3361 2418 3418 cerneret
2468 3354 2628 3417 duos
2665 3355 3136 3436 potentissimos
3176 3360 3344 3421 orbis
3375 3363 3703 3427 Christiani

433 3460 759 3540 principes
803 3460 968 3522 inter
1019 3477 1087 3522 se
1123 3458 1359 3534 collidi,
1404 3463 1465 3520 et
1505 3458 1737 3520 mutuis
1760 3457 2041 3520 cladibus
2064 3474 2211 3520 sese
2256 3464 2521 3521 atterere
2559 3460 2691 3539 jam
2740 3469 3031 3540 paratos;
3062 3461 3254 3541 idque
3292 3480 3373 3527 eo
3414 3471 3701 3547 tempore

435 3575 565 3641 quo
608 3562 742 3641 ipsa
798 3563 875 3625 ab
923 3562 1210 3626 hostibus
1247 3562 1575 3634 Christiani
1631 3562 1906 3624 nominis
1949 3568 2115 3624 terra
2157 3562 2441 3642 marique
2483 3563 2995 3643 impugnaretur;
3044 3582 3211 3628 nunc
3260 3568 3502 3633 ﬁrmato
3540 3572 3704 3636 inter

435 3660 694 3722 eosdem
712 3661 1043 3742 principes
1078 3660 1248 3741 pacis
1275 3659 1513 3722 foedere
1560 3659 1826 3733 laetatur,
1860 3666 1944 3734 et,
1982 3667 2303 3740 resumpta
2329 3661 2575 3732 ﬁducia,
2603 3662 2993 3742 triumphum
3041 3666 3161 3728 sibi
3204 3668 3283 3731 de
3314 3670 3526 3752 impiis
3576 3673 3700 3737 illis

434 3761 696 3843 Deoque
735 3765 955 3827 invisis
982 3766 1342 3846 pollicetur.
1386 3766 1506 3827 Sed
1529 3775 1590 3828 et
1618 3766 1897 3828 Ecclesia
1937 3765 2248 3830 Gallicana
2278 3784 2497 3847 pacem
2528 3767 2646 3830 sibi
2681 3768 2848 3830 haud
2878 3769 3069 3833 dubia
3092 3789 3207 3853 spe
3229 3762 3365 3855 jam
3402 3780 3692 3857 spondet.

438 3868 587 3940 Quae
637 3885 783 3930 cum
824 3868 1039 3949 plures
1059 3871 1191 3951 jam
1242 3889 1358 3952 per
1394 3889 1597 3933 annos
1648 3871 2027 3950 gravissimis
2071 3871 2567 3935 dissensionibus
2615 3876 2919 3936 concussa
2963 3876 3151 3940 fuerit
3200 3888 3390 3961 atque
3429 3885 3694 3959 turbata,

434 3981 607 4030 nunc
638 3969 996 4033 interventu
1027 3970 1310 4053 paciﬁ'cm
1347 3973 1683 4052 Majestatis
1709 3976 1858 4034 Tuae
1891 3975 1966 4036 ad
2013 3975 2336 4054 pristinam
2377 3976 2778 4038 concordiam
2847 3983 2907 4039 et
2947 3983 3458 4061 tranquillitatem
3510 4006 3693 4050 revo-

433 4072 561 4134 cari
600 4091 667 4135 se
696 4092 886 4154 posse
916 4074 1198 4138 conﬁdit.
1240 4076 1523 4156 Denique
1550 4075 1776 4137 litterae
1803 4084 2063 4150 nostrae,
2096 4075 2282 4156 hujus
2318 4078 2491 4156 pacis
2520 4093 2727 4150 causa,
2767 4077 3125 4143 incredibili
3161 4087 3390 4163 gaudio
3423 4090 3697 4166 gestiunt

431 4178 619 4252 atque
654 4176 988 4238 exsultant.
1023 4178 1171 4250 Quae
1207 4194 1351 4239 cum
1396 4176 1508 4237 tibi
1533 4175 1916 4255 jampridem
1961 4174 2299 4268 plurimum
2342 4175 2613 4238 debeant
2643 4175 3032 4255 ob‘regalem~
3058 4200 3204 4262 erga
3241 4186 3414 4268 ipsas
3447 4189 3697 4250 muniﬁ-

430 4279 701 4341 centiam
731 4288 925 4355 tuam,
950 4297 1121 4342 nunc
1158 4296 1227 4341 se
1254 4279 1443 4341 vitam
1490 4279 1689 4359 ipsam
1723 4277 1845 4340 hoc
1882 4264 2140 4339 nomine
2168 4277 2280 4338 tibi
2312 4277 2543 4340 debere
2576 4278 2855 4357 ingenue
2894 4264 3292 4363 proﬁtentur.
3338 4288 3494 4348 Sunt
3523 4286 3690 4357 enim

428 4379 702 4443 alumnae
730 4382 928 4460 pacis,
954 4387 1014 4443 et
1041 4380 1305 4444 comites
1344 4379 1577 4460 quietis
1607 4384 1793 4461 atque
1833 4377 1967 4441 otii.
1991 4379 2210 4458 Itaque
2247 4396 2470 4442 omnes
2501 4380 2727 4445 eruditi
2769 4400 2840 4447 ac
2868 4385 3425 4466 probi,przecipue
3463 4399 3609 4444 vero
3643 4383 3689 4443 ii

428 4474 494 4545 in
526 4503 685 4561 quos
724 4485 912 4563 hujus
945 4485 1095 4547 belli
1132 4492 1473 4565 tempestas
1504 4485 1901 4557 incubuerat,
1935 4488 2003 4545 ut
2029 4483 2163 4545 haec
2186 4502 2307 4564 pax
2339 4485 2633 4549 diuturna
2664 4504 2736 4549 ac
2775 4495 3079 4567 perpetua
3111 4486 3210 4557 sit,
3233 4482 3686 4545 ardentissimis

430 4583 587 4644 votis
628 4581 825 4642 Deum
872 4581 1314 4660 deprecantur.
1356 4585 1446 4643 Ex
1484 4600 1755 4661 quorum
1792 4600 1912 4659 ego
1957 4601 2248 4653 numero,
2294 4584 2411 4643 hos
2454 4584 2894 4646 ecclesiasticae
2919 4582 3206 4644 Historiae
3243 4581 3465 4657 libros,
3508 4600 3543 4644 a
3582 4601 3684 4647 me

429 4682 752 4762 expositos
785 4686 973 4759 atque
1012 4682 1403 4753 emendatos,
1448 4680 1746 4757 Majestati
1772 4681 1920 4739 Tuae
1950 4679 2154 4738 libens
2192 4679 2334 4739 dico
2366 4685 2557 4756 atque
2601 4680 2823 4742 otl‘ero.
2861 4685 3028 4755 Quos
3061 4679 3343 4760 quidem,
3385 4686 3689 4763 tanquam

428 4782 679 4844 obsides
719 4779 1104 4842 devotissimi
1140 4779 1431 4859 obsequii
1464 4778 1612 4851 mei,
1638 4777 1925 4856 gratique
1967 4775 2161 4838 animi
2199 4777 2587 4840 certissimos
2625 4784 2839 4856 testes,
2864 4790 2934 4843 ut
2961 4780 3239 4859 benigno
3268 4779 3443 4842 vultu
3481 4781 3684 4846 susci-

428 4880 592 4961 pias,
621 4881 1003 4962 Majestatem
1044 4881 1240 4943 Tuam
1271 4879 1461 4943 etiam
1481 4882 1672 4957 atque
1703 4875 1889 4939 etiam
1915 4891 2093 4955 rogo.

2666 4974 2733 5042 S.
2766 4982 2860 5043 M.
2902 4985 2973 5046 Τ.
3010 4986 3443 5048 Dicatissimus

2733 5078 3058 5147 HENRICUS
3117 5088 3442 5152 VALEsms.
