4046 6204
2200 189 2242 200 v—

365 314 431 374 ΓΞ
918 380 924 384 ,
1803 318 1963 378 PRE

2029 316 2193 376 iTlO.
2872 362 2882 375 ,
3558 333 3627 391 τι

382 455 685 467 _——-—-——

1430 567 2028 663 srumoso
2117 569 2631 662 LECTORI
2720 683 2739 695 ί

431 822 887 881 PostEusebium
911 824 1325 890 Caesariensem,
1354 839 1517 895 quem
1542 829 1826 893 parentem
1870 822 2259 880 ecclesiasticae
2291 826 2535 883 historite
2572 831 2772 886 merit‘o
2808 832 3083 903 appellare
3111 850 3427 905 possumus,
3470 838 3630 894 multi

356 919 451 989 pia
474 912 830 970 aemulatione
853 917 1128 981 succensi,
1171 917 1317 972 idem
1354 922 1741 987 argumentum
1767 917 2006 967 tractare
2032 913 2410 973 instituerunt.
2437 918 2543 974 Sed
2580 932 2694 991 prie
2728 924 2943 979 ueteris
2979 926 3240 981 omnibus
3265 927 3540 993 Socrates,
3576 939 3634 983 et

358 1011 704 1068 Sozomenus
729 1028 795 1067 ac
817 1004 1210 1072 Theodoritus,
1236 1007 1409 1061 totius
1431 1003 1780 1083 antiquitatis
1798 1003 2010 1074 judicio
2039 1007 2302 1063 celebrati
2328 1017 2491 1077 sunt;
2519 1012 2615 1080 qui
2654 1013 2724 1068 ab
2749 1013 2817 1069 iis
2842 1016 3185 1085 temporibus
3206 1018 3385 1073 exorsi
3426 1019 3482 1073 in
3505 1020 3632 1089 qui-
3710 1060 3716 1065 .

357 1104 469 1160 bus
494 1106 771 1161 Eusebius
801 1101 1081 1159 scribendi
1118 1100 1285 1156 ﬁnem
1308 1100 1532 1163 fecerat,
1559 1098 1628 1152 ad
1666 1097 1964 1153 Theodosii
2004 1099 2252 1156 Iuni-oris
2292 1109 2539 1173 tempora
2563 1119 2704 1174 opus
2726 1121 2886 1161 suum
2921 1108 3318 1177 perduxerunt.
3364 1111 3433 1165 Et
3472 1111 3635 1165 initio

356 1200 586 1270 quidem
614 1207 728 1254 tres
752 1197 889 1253 istos
911 1196 1213 1266 scriptores
1234 1193 1398 1247 simul
1420 1192 1644 1264 junctos
1669 1191 1723 1246 in
1750 1192 1929 1246 lucem
1973 1192 2226 1263 proferre
2264 1193 2639 1263 decreveram,
2676 1206 2741 1253 ut
2776 1201 3240 1269 quemadmodum
3269 1219 3437 1259 unum
3462 1204 3637 1260 idem-

357 1310 468 1363 que
490 1298 879 1363 argumentum
905 1287 1107 1343 litteris
1146 1285 1423 1357 prosecuti
1448 1292 1597 1349 sunt,
1626 1284 1707 1339 sic
1728 1283 1896 1339 etiam
1937 1299 2048 1367 uno
2084 1285 2388 1356 eodemque
2415 1287 2695 1344 volumine
2717 1291 3102 1361 comprehensi
3149 1294 3481 1364 legerentur.
3526 1294 3636 1350 Sed

359 1386 624 1457 quoniam
650 1384 820 1439 nimis
840 1382 1118 1453 prolixum
1143 1381 1249 1436 hoc
1267 1379 1413 1435 facto
1434 1379 1683 1434 futurum
1709 1386 1831 1434 erat
1856 1379 2137 1446 volumen,
2168 1381 2377 1438 idcirco
2415 1381 2719 1439 editionem
2757 1385 3077 1442 Theodoriti
3116 1389 3267 1443 aliud
3315 1390 3370 1444 in
3407 1398 3627 1462 tempus

364 1483 589 1536 dill'erre
612 1496 735 1535 sum
758 1487 1002 1535 coactus.
1024 1477 1126 1533 Cui
1151 1476 1366 1547 Evagrii
1391 1476 1820 1546 Epiphaniensis
1845 1476 2143 1532 Historiam
2166 1493 2289 1533 cum
2317 1479 2592 1549 execr-ptis
2617 1480 2970 1553 Pbilostorgii
2995 1499 3059 1539 ac
3084 1484 3360 1542 Theodori
3384 1488 3634 1543 Lector-is

365 1576 677 1644 adjungam,
707 1580 767 1625 ut
793 1579 969 1627 totum
1011 1586 1213 1640 corpus
1259 1570 1648 1625 ecclesiasticae
1681 1569 1959 1633 historiae,
1997 1578 2188 1625 nostro
2228 1570 2417 1625 labore
2457 1572 2769 1640 expositum
2806 1585 2971 1643 atque
3005 1577 3358 1647 explicatum,
3399 1578 3635 1636 studiosi

366 1670 593 1741 posthac
612 1668 828 1739 possint
852 1667 1197 1738 pervolvere.
1226 1665 1453 1720 Interim
1479 1680 1614 1720 vero
1638 1665 1809 1719 babes
1851 1665 1909 1719 in
1946 1666 2053 1719 hoc
2092 1680 2346 1735 corpore,
2381 1665 2599 1731 Lector,
2645 1666 2928 1725 Socratem
2966 1686 3031 1727 ac
3068 1670 3435 1729 Sozomenum
3469 1676 3633 1731 simul

364 1765 599 1833 junctos.
624 1760 687 1817 In
710 1776 951 1832 quorum
972 1759 1215 1815 editione
1239 1757 1373 1828 quid
1394 1757 1767 1828 prmstiterim,
1791 1756 1982 1827 paucis
2003 1757 2209 1827 accipe.

432 1858 574 1913 Ante
597 1871 772 1911 annos
795 1862 944 1917 octo,
970 1867 1096 1908 cum
1121 1850 1347 1906 Eusebii
1370 1848 1728 1907 Caesariensis
1753 1848 2051 1904 Historiam
2085 1849 2243 1917 jussu
2276 1857 2443 1921 atque
2484 1852 2749 1920 auspiciis
2785 1853 3285 1910 illustrissimorum
3323 1858 3635 1913 antistitum

364 1955 502 2009 cleri
524 1951 794 2008 Gallicani
823 1951 879 2005 in
919 1951 1097 2004 lucem
1120 1947 1369 2010 ederem,
1410 1946 1518 2000 tria
1569 1944 1847 2015 pmcipuc
1882 1942 1939 1996 in
1981 1941 2075 1997 illa
2118 1942 2365 2000 editione
2403 1954 2664 2015 praestare
2706 1946 2914 2001 studui.
2963 1947 3206 2002 Primum
3249 1948 3397 2003 enim
3436 1965 3633 2003 manu-

371 2045 589 2115 scriptis
609 2044 834 2115 optimze
856 2051 1002 2098 notae
1018 2041 1309 2097 codicibus
1322 2038 1574 2109 undique
1599 2036 1952 2109 conquisitis,
1975 2053 2041 2093 ea
2064 2053 2187 2108 quae
2208 2039 2263 2093 in
2286 2039 2568 2109 prioribus
2590 2040 2932 2096 editionibus
2947 2050 3206 2113 corrupta
3221 2051 3279 2097 et
3302 2042 3633 2113 interpolata

372 2140 586 2194 fuerant
626 2136 920 2192 emendavi
946 2142 1109 2205 atque
1132 2132 1381 2188 distinxi.
1407 2130 1618 2187 Deinde
1644 2145 1771 2185 cum
1796 2130 2115 2200 superiores
2136 2130 2489 2202 interpretes,
2516 2147 2617 2187 seu
2648 2134 2983 2203 scriptorum
3016 2135 3415 2205 exemplarium
3458 2149 3635 2205 penu-

372 2234 469 2297 ria,
493 2247 592 2287 seu
614 2231 688 2286 ob
716 2229 881 2284 aliam
906 2225 1211 2299 quamlibet
1234 2239 1454 2280 causam
1495 2224 1687 2279 multis
1712 2222 1767 2277 in
1792 2222 1930 2278 locis
1965 2221 2104 2292 lapsi
2140 2231 2346 2286 essent,
2371 2238 2442 2279 ne
2466 2216 2690 2280 illorum
2717 2225 3101 2295 interpretatio
3138 2226 3375 2282 lectores
3398 2227 3452 2281 in
3476 2242 3633 2281 erro-

374 2339 483 2378 rem
504 2322 816 2387 induceret,
839 2334 1039 2375 novam
1065 2320 1182 2390 ipse
1209 2316 1720 2388 interpretationem
1745 2314 2049 2377 elaboravi,
2088 2329 2197 2384 qua
2220 2314 2501 2371 studiosos
2525 2317 2582 2371 in
2604 2324 2889 2387 posterum
2916 2326 3206 2373 contentos
3242 2317 3360 2374 fore
3391 2319 3629 2376 conﬁdo.

370 2414 653 2471 Postremo
685 2414 1075 2470 annotationes
1099 2413 1332 2483 subjeci,
1381 2410 1587 2482 quibus
1623 2419 1739 2465 tum
1782 2407 2233 2465 emendationum
2280 2425 2528 2467 mearum
2578 2412 2850 2467 rationem
2894 2402 3186 2468 redderem
3208 2453 3223 2478 ,
3264 2420 3384 2468 tum
3420 2414 3627 2470 obscu-

372 2506 518 2560 riora
538 2520 767 2575 qureque
788 2520 854 2560 ac
875 2502 1184 2559 diﬂiciliora
1224 2503 1341 2557 loca
1371 2515 1704 2572 exponerem
1726 2507 1893 2570 atque
1923 2498 2276 2555 illustrarem.
2300 2500 2481 2571 Atque
2504 2502 2621 2558 haec
2642 2503 2834 2568 editio,
2866 2504 3102 2575 benigne
3140 2505 3211 2560 ab
3233 2507 3491 2563 omnibus
3526 2524 3627 2564 ex-

374 2610 553 2672 cepta,
576 2609 824 2656 versatur
849 2600 1077 2657 nuncin
1100 2599 1356 2655 manibus
1376 2599 1743 2654 eruditorum.
1782 2596 1941 2664 Quod
1968 2596 2139 2668 igitur
2160 2596 2217 2651 in
2240 2596 2484 2653 Historia
2504 2598 2861 2655 Czesariensis
2890 2600 3117 2657 Eusebii
3152 2610 3284 2657 tunc
3323 2603 3633 2673 opitulante

376 2693 492 2747 Deo
514 2692 741 2762 perfeci,
756 2691 896 2746 idem
920 2708 1065 2746 nunc
1085 2691 1141 2745 in
1157 2690 1399 2746 Historia
1420 2687 1665 2745 Socratis
1684 2695 1854 2757 atque
1876 2686 2195 2749 Sozomeni,
2217 2689 2375 2758 jussu
2395 2696 2563 2759 atque
2582 2690 2847 2760 auspiciis
2871 2692 3193 2747 eorumdem
3228 2708 3368 2763 quos
3389 2694 3503 2748 dixi
3530 2711 3631 2750 ax-

382 2783 637 2847 tistitnnt,
665 2782 919 2852 perﬁcere
940 2797 1063 2837 sum
1085 2787 1339 2837 conatus.
1363 2781 1502 2835 Nam
1530 2785 1593 2834 ut
1614 2778 1801 2849 priore
1826 2778 1952 2833 loco
1974 2778 2155 2833 dicam
2193 2777 2263 2832 de
2280 2777 2532 2843 Socrate,
2556 2780 2653 2850 qui
2681 2781 2834 2850 prior
2856 2780 2925 2836 ad
2949 2781 3306 2837 scribendum
3342 2797 3400 2837 se
3425 2793 3625 2840 contu-

370 2878 455 2942 lit,
482 2879 605 2948 ejus
631 2877 918 2932 Historiam
942 2875 1231 2931 emendavi
1258 2889 1363 2944 ope
1384 2881 1553 2943 atque
1597 2870 1805 2926 auxilio
1825 2870 1995 2925 trium
2019 2884 2151 2924 mss.
2179 2869 2455 2935 codicum,
2498 2871 2765 2928 Sl'ortiani
2794 2874 3031 2940 scilicet,
3069 2870 3376 2930 Florentini
3401 2884 3458 2931 et
3480 2877 3634 2933 Alla-

365 2970 524 3026 tiani.
550 2969 862 3025 Sfortianus
882 2969 1057 3024 codex
1071 2968 1315 3038 optimus
1352 2980 1415 3021 ac
1452 2965 1862 3020 vetustissimus
1894 2966 2147 3018 servatur
2169 2978 2318 3018 nunc
2341 2963 2397 3018 in
2420 2963 2757 3020 bibliotheca
2792 2966 3071 3022 Vaticana.
3113 2964 3276 3023 Hunc
3298 2967 3630 3039 jampridem

366 3063 423 3117 in
467 3061 701 3132 gratiam
728 3060 1091 3115 illustrissimi
1115 3058 1216 3114 viri
1245 3058 1429 3114 Caroli
1453 3055 1767 3120 Monehalli,
1792 3053 2195 3124 archiepiscopi
2219 3053 2497 3120 Tolosani,
2537 3071 2662 3112 cum
2696 3057 2940 3113 editione
2970 3054 3284 3134 Genevensi
3324 3060 3636 3116 contulerat

364 3152 541 3208 Lucas
567 3152 911 3217 Holstenius,
935 3154 1023 3208 vir
1043 3152 1436 3216 doctissimus;
1462 3159 1519 3205 et
1541 3149 1723 3203 varias
1744 3147 2012 3203 lectiones
2036 3163 2144 3202 una
2166 3162 2293 3203 cum
2317 3150 2803 3205 emendationibus
2828 3150 3180 3224 Philostorgii
3213 3169 3285 3210 ex
3304 3170 3411 3209 ms.
3438 3154 3630 3210 codice

365 3244 715 3302 Scoriacensi
736 3246 1037 3316 decerptis,
1062 3246 1129 3301 ad
1151 3245 1408 3302 eumdem
1429 3243 1734 3300 antistitem
1759 3241 2006 3308 miserat,
2028 3254 2158 3297 cum
2184 3243 2365 3298 clerus
2386 3242 2703 3301 Gallicanus
2732 3247 2939 3301 veteris
2965 3247 3222 3304 Historias
3245 3250 3634 3304 ecclesiastica:

364 3356 563 3397 novam
588 3342 894 3397 editionem
919 3341 1253 3412 procurandi
1280 3355 1480 3396 munus
1500 3339 1553 3395 ei
1578 3336 1912 3401 mandasset,
1939 3344 2001 3391 ut
2022 3335 2219 3393 scribit
2242 3337 2389 3393 idem
2414 3336 2733 3396 Holstenius
2753 3338 2809 3395 in
2830 3341 3062 3411 epistola
3084 3341 3155 3397 ad
3186 3343 3410 3398 Petrum
3437 3342 3631 3397 Possi-

364 3451 496 3489 num
518 3435 818 3491 Societatis
838 3434 967 3491 Iesu
992 3434 1326 3505 theologum.
1352 3433 1546 3488 Postea
1569 3447 1722 3496 vero,
1741 3445 1890 3495 cum,
1910 3437 2099 3501 rogatu
2121 3430 2293 3501 ipsius
2313 3433 2711 3505 archiepiscopi
2729 3433 3010 3501 Tolosani,
3035 3434 3131 3505 qui
3154 3434 3226 3489 ob
3242 3434 3443 3489 nimias
3466 3448 3634 3490 occu-

365 3532 619 3602 pationes
644 3530 781 3586 huic
799 3527 1249 3589 editionivacare
1272 3543 1331 3583 se
1352 3543 1464 3582 non
1485 3541 1649 3597 posse
1674 3524 2036 3595 intelligebat,
2061 3526 2246 3581 clerus
2260 3525 2583 3583 Gallicanus
2600 3543 2721 3585 eam
2745 3529 3088 3599 provinciam
3105 3527 3243 3582 mihi
3272 3526 3628 3599 injunxisset,

364 3623 551 3679 varias
574 3622 847 3677 lectiones
869 3621 1173 3691 supradicti
1194 3620 1405 3676 codicis
1426 3616 1691 3673 Sl‘ortiani
1707 3657 1720 3682 ,
1746 3615 1819 3671 ad
1840 3616 2148 3688 marginem
2174 3617 2443 3672 editionis
2456 3616 2795 3676 Genevensis
2822 3606 3089 3690 ascriptus
3112 3634 3208 3673 sua
3236 3618 3407 3688 ipsius
3431 3634 3627 3685 manu,

366 3714 522 3771 misit
544 3714 613 3769 ad
636 3728 724 3768 me
748 3710 895 3768 idem
919 3713 1258 3779 Holstenius,
1285 3728 1393 3768 una
1416 3726 1541 3767 cum
1566 3708 2052 3766 emendationibus
2077 3709 2188 3765 illis
2223 3710 2608 3783 Philostorgii:
2633 3713 2792 3784 plura
2836 3714 3064 3783 insuper
3098 3712 3375 3767 missurus
3393 3753 3406 3776 ,
3446 3713 3492 3767 si
3517 3714 3632 3768 vita

365 3808 474 3879 ipsi
498 3808 716 3879 longior
734 3822 996 3862 concessa
1019 3806 1229 3862 fuisset.
1254 3805 1473 3861 Etenim
1497 3805 1663 3874 paulo
1682 3812 1814 3859 ante
1837 3804 2051 3859 obitum
2076 3801 2493 3860 dissertationes
2516 3805 2725 3875 aliquot
2746 3806 2813 3861 ad
2838 3821 2924 3860 me
2966 3804 3117 3860 misit
3143 3805 3214 3860 de
3242 3805 3382 3861 locis
3405 3805 3636 3874 quibus-

362 3907 493 3960 dam
528 3903 754 3959 concilii
792 3902 1004 3957 Nicmni
1043 3910 1098 3956 et
1120 3899 1340 3957 concilii
1365 3898 1852 3963 Chalcedonensis,
1877 3898 2058 3968 deque
2094 3898 2307 3971 Synesii
2334 3900 2672 3969 episcopatu.
2699 3899 2829 3967 Qua:
2853 3899 3075 3970 quidem
3118 3900 3555 3961 dissertationes,
3584 3899 3633 3954 si

364 3998 515 4053 Deus
533 3997 762 4069 iuverit,
787 3996 846 4051 in
867 3997 1032 4051 tertio
1065 3995 1322 4050 Historiae
1344 3994 1734 4049 ecclesiastica:
1760 4003 1909 4049 tomo
1927 3993 2165 4049 edentur
2187 4010 2218 4048 a
2252 3994 2435 4060 nobis,
2461 4011 2530 4051 ne
2558 3995 2868 4066 respublica
2892 3995 3159 4051 litteraria
3191 3995 3495 4051 doctissimi
3521 3994 3628 4050 viri

362 4090 851 4146 lucubrationibus
873 4090 1081 4146 diutius
1106 4089 1409 4145 fraudetur.
1437 4087 1703 4159 Sequitur
1726 4089 1901 4145 codex
1932 4089 2309 4155 Florentinus,
2349 4099 2474 4146 ante
2499 4106 2673 4146 annos
2694 4091 2919 4147 circiter
2942 4092 3273 4163 quingentos
3297 4091 3628 4161 descriptus,

363 4180 466 4251 qui
511 4197 661 4236 nunc
683 4189 937 4237 servatur
960 4182 1253 4237 Florentia
1278 4182 1332 4235 in
1366 4180 1703 4236 bibliotheca
1745 4180 1801 4236 S.
1842 4181 2142 4237 Laurentii.
2170 4181 2345 4254 Hujus
2376 4183 2644 4239 indicium
2670 4192 2836 4253 atque
2873 4199 3032 4237 usum
3071 4184 3248 4239 debeo
3269 4183 3524 4237 Emerico
3547 4182 3637 4236 Βία

361 4275 541 4346 gotio,
566 4277 917 4347 sagacissimo
939 4277 1407 4331 bibliothecarum
1430 4284 1681 4331 veterum
1709 4275 2016 4347 indagatori
2039 4295 2052 4331 :
2079 4277 2238 4347 cujus
2260 4276 2542 4349 diligentia
2587 4277 2793 4332 factum
2816 4285 2901 4331 est
2927 4286 3006 4341 ut,
3042 4277 3133 4331 hic
3170 4275 3425 4330 sedentes
3464 4283 3649 4343 atque

360 4368 556 4432 otiosi,
580 4369 879 4423 multarum
904 4383 969 4422 ac
991 4367 1546 4437 disjunctissimarum
1584 4366 2047 4422 bibliothecarum
2083 4367 2284 4437 opibus
2308 4367 2689 4435 thesaurisque
2712 4367 3041 4420 frueremur.
3085 4368 3217 4437 Ejus
3253 4366 3401 4421 enim
3438 4374 3631 4437 rogatu

358 4459 599 4516 llicbael
623 4459 925 4523 Erminius,
941 4459 1206 4529 patricius
1227 4458 1604 4525 Florentinus,
1624 4458 1872 4514 codicem
1898 4460 2051 4513 illum
2079 4459 2314 4514 contulit
2338 4474 2461 4512 cum
2485 4458 2731 4513 editione
2755 4456 3084 4523 Genevensi,
3110 4465 3165 4514 et
3186 4458 3365 4513 varias
3384 4459 3632 4529 ejusdem

358 4551 635 4607 lectiones
660 4549 729 4603 ad
755 4564 840 4603 me
865 4548 1186 4604 transmisit.
1214 4547 1336 4616 Quo
1361 4550 1583 4619 quidem
1610 4552 1833 4606 nomine
1859 4550 2080 4620 utrique
2108 4550 2407 4620 plurimum
2431 4565 2519 4605 me
2542 4550 2745 4605 debere
2769 4548 3049 4620 proﬁteor.
3074 4550 3297 4606 Tertius
3333 4558 3418 4605 est
3458 4551 3633 4605 codex

280 4636 288 4646 ’
359 4641 572 4698 leonis
593 4631 802 4705 Allatii,
828 4640 934 4694 viri
970 4639 1338 4710 undecunque
1365 4642 1696 4708 doctissimi,
1725 4651 1780 4698 et
1804 4644 1871 4698 de
1897 4642 2227 4712 antiquitate
2261 4642 2636 4697 ecclesiastica
2672 4643 2879 4713 optime
2917 4642 3119 4697 meriti.
3157 4642 3257 4698 Hic
3288 4643 3466 4698 codex
3492 4658 3631 4697 con-

357 4737 505 4790 tinet
528 4732 825 4787 Historiam
847 4732 1275 4789 ecclesiasticam
1317 4731 1597 4788 Theodori
1624 4735 1894 4800 Lectoris,
1928 4734 2145 4789 duobus
2169 4734 2325 4789 libris
2346 4734 2797 4805 comprehensam
2824 4752 2836 4787 :
2866 4750 3032 4805 quam
3071 4734 3396 4791 Theodorus
3435 4736 3633 4792 Lector

356 4839 431 4879 ex
457 4820 641 4878 tribus
664 4822 1164 4878 ecclesiasticarum
1187 4836 1374 4877 rerum
1398 4823 1785 4894 scriptoribus,
1813 4825 2036 4879 Socrate
2060 4824 2292 4889 scilicet,
2319 4823 2626 4880 Sozomeno
2649 4840 2714 4880 ac
2736 4824 3073 4880 Theodorito
3091 4826 3408 4897 collegerat,
3436 4826 3637 4882 eodem

357 4917 527 4986 plane
552 4914 716 4968 modo
749 4929 859 4983 quo
881 4912 1241 4969 Cassiodorus
1264 4913 1498 4970 Senator
1521 4914 1878 4986 Tripartitam
1919 4915 2215 4971 Historiam
2254 4916 2580 4986 composuit.
2627 4914 2831 4971 Verum
2877 4917 3147 4987 tripertita
3193 4918 3310 4973 lucc
3353 4918 3630 4976 Theodori

356 5007 616 5063 Lectoris
651 5004 895 5060 Historia
932 5020 1023 5060 res
1049 5000 1263 5060 tantum
1291 5005 1607 5077 principatu
1647 5006 1991 5062 Constantini
2015 5015 2072 5061 et
2092 5005 2396 5061 Constantii
2438 5006 2494 5060 in
2536 5005 2783 5062 Ecclesia
2825 5016 3005 5078 gestas
3046 5008 3476 5078 complectitur:
3518 5015 3633 5068 sive

352 5100 510 5172 quod
537 5098 865 5154 Theodorus
886 5097 1087 5153 Lector
1108 5114 1220 5154 non
1244 5114 1570 5170 progressus
1592 5107 1715 5165 erat
1740 5099 1994 5163 ulterius,
2031 5099 2147 5153 sive
2174 5098 2322 5169 quod
2360 5098 2557 5168 reliqui
2589 5099 2709 5170 ejus
2745 5099 2930 5169 operis
2961 5098 3088 5152 libri
3132 5103 3425 5157 vetustatis
3461 5106 3635 5175 negli-

349 5192 545 5265 gentia
568 5191 871 5263 perierunt.
895 5189 977 5245 Ex
1002 5190 1109 5245 hoc
1130 5191 1297 5262 igitur
1320 5192 1512 5248 codice
1534 5192 1719 5248 varias
1743 5193 2011 5248 lectiones
2035 5191 2091 5246 in
2112 5190 2330 5246 duobus
2352 5190 2632 5260 prioribus
2654 5190 2896 5246 Socratis
2920 5190 3081 5245 libris
3104 5189 3216 5246 Leo
3237 5191 3470 5248 Allatius
3489 5194 3630 5263 jam-

350 5284 578 5355 pridem
604 5290 975 5352 excerpserat,
999 5290 1057 5337 et
1094 5281 1163 5337 ad
1206 5281 1642 5338 illustrissimum
1686 5282 1989 5338 antistitem
2029 5280 2286 5337 Carolum
2327 5277 2694 5336 Monchallum
2740 5280 3139 5348 transmiserat,
3181 5297 3348 5337 manu
3389 5297 3487 5337 sua
3529 5284 3632 5336 de-

350 5376 615 5445 scriptas.
641 5372 789 5439 Quas
808 5388 909 5443 ego
929 5382 1121 5444 postea
1144 5381 1341 5429 nactus
1362 5390 1485 5429 sum
1506 5374 1777 5430 beneﬁcio
1795 5373 2153 5429 illustrissimi
2173 5373 2282 5427 viri
2305 5371 2549 5444 Dionysii
2571 5369 2759 5436 Taltei,
2786 5370 2843 5425 in
2871 5385 3129 5441 suprema
3162 5369 3499 5427 Parisiorum
3528 5387 3630 5425 cu-

349 5465 434 5519 ria
457 5462 739 5535 generalis
759 5461 1010 5518 advocati
1033 5461 1180 5533 regis
1203 5461 1682 5519 Christianissimi.
1721 5464 1926 5518 Praeter
1962 5462 2067 5517 hos
2090 5471 2199 5517 tres
2222 5460 2441 5517 codices
2463 5460 2887 5530 manuscriptos,
2913 5477 3046 5516 usus
3068 5477 3189 5516 sum
3214 5460 3384 5531 Regio
3405 5459 3627 5528 codice,

346 5572 537 5627 eoque
558 5570 671 5609 non
693 5553 992 5609 admodum
1014 5566 1229 5624 vetere,
1257 5571 1423 5628 quem
1446 5572 1616 5611 unum
1640 5556 1918 5612 Robertus
1939 5553 2253 5624 Stephanus
2291 5553 2434 5625 typis
2465 5553 2581 5608 suis
2621 5553 2909 5625 expressit.
2936 5552 3056 5618 Quo
3096 5552 3280 5607 minus
3312 5550 3628 5608 mirandum

347 5657 457 5716 est,
480 5649 533 5704 si
552 5649 788 5719 vulgata:
810 5647 1075 5706 hactenus
1097 5651 1343 5707 Socratis
1364 5650 1642 5707 editiones
1682 5649 1821 5705 adeo
1854 5648 2065 5703 vitiosae
2105 5657 2256 5715 sunt,
2291 5663 2417 5703 cum
2441 5663 2509 5703 ex
2547 5647 2713 5731 unico
2750 5646 3074 5717 exemplari,
3112 5656 3289 5712 eoque
3326 5640 3626 5699 admodum

349 5742 606 5806 recente,
628 5752 825 5795 omnes
845 5738 1130 5812 descriptae
1154 5740 1284 5797 sint.
1326 5741 1502 5799 Porro
1530 5741 1680 5798 hunc
1714 5738 1964 5796 codicem
2003 5752 2072 5796 ex
2104 5738 2270 5810 Regia
2308 5737 2642 5796 bibliotheca
2675 5737 3081 5807 depromptum,
3123 5731 3440 5790 humaniter
3484 5735 3622 5793 mihi
