4046 6204
325 255 404 316 Ἰῦ
1444 258 1725 318 HENRICI
1764 258 2032 316 VALESII
2073 257 2457 318 PR.‘EF’ATIO.
3525 261 3592 316 16

337 379 762 442 communicavit
788 377 1197 434 illustrissimus
1234 396 1295 436 ac
1334 383 1828 438 reverendissimus
1868 382 2099 439 antistes
2121 380 2380 437 Nicolaus
2402 379 2714 445 Colbertus,
2752 379 3114 435 Lucionensis
3157 380 3467 452 episc0pus,
3511 382 3596 435 vir

335 470 533 524 eximia
560 469 823 540 praeditus
846 464 1097 527 dOetrina
1120 482 1173 528 et
1198 475 1402 531 virtute
1445 492 1509 530 ac
1547 477 1834 546 dignitate.
1865 477 1942 530 De
1985 476 2147 546 cujus
2189 470 2448 529 laudibus
2490 473 2653 543 plura
2692 473 2935 528 dicerem
2968 473 3073 528 hoc
3097 474 3239 536 loco,
3283 475 3391 529 risi
3416 490 3503 528 me
3542 474 3596 528 id

337 562 569 616 maxime
597 562 906 632 cupientem
934 564 1230 636 singularis
1255 567 1376 638 ejus
1397 566 1666 621 modestia
1691 566 1994 622 cohiberet.
2021 565 2200 635 Atque
2223 565 2340 620 hinc
2363 574 2490 619 sunt
2513 565 2713 620 auxilia
2759 563 3089 635 scriptorum
3115 566 3367 621 codicum
3395 564 3598 634 quibus

335 652 505 706 fultus
523 653 589 707 ad
615 655 758 709 hanc
780 654 1025 712 Socratis
1043 657 1346 713 editionem
1372 674 1459 712 me
1482 657 1713 713 accinxi.
2161 707 2186 722 .

406 744 465 798 in
489 744 728 799 Historia
750 763 882 801 vero
907 747 1196 803 Sozomeni
1249 749 1572 819 corrigenda
1600 750 1889 819 pauciores
1927 749 2062 804 mihi
2096 748 2315 804 codices
2341 748 2654 805 adfuerunt.
2692 751 2827 806 Nam
2854 759 3052 820 praeter
3085 748 3364 819 exemplar
3397 747 3587 802 biblio-

337 834 512 890 thecae
536 836 739 907 Regim,
766 839 914 908 quod
929 840 1216 895 Bobertus
1240 839 1552 910 Stephanus
1601 843 1657 896 in
1689 841 1933 897 editione
1959 857 2059 897 sua
2094 842 2385 911 expressit,
2409 851 2466 898 et
2489 851 2689 913 praeter
2714 843 2960 898 codicem
2988 841 3142 895 illum
3166 839 3367 895 Leonis
3409 838 3594 894 Allatii

333 928 493 997 cujus
515 943 681 997 supra
702 929 1041 986 mentionem
1063 930 1191 996 feci,
1220 931 1314 1001 qui
1340 931 1395 985 in
1419 938 1659 1001 quatuor
1681 931 1952 987 duntaxat
1973 930 2256 1001 prioribus
2279 930 2568 987 Sozomeni
2601 931 2762 986 libris
2795 939 2851 986 et
2873 931 2931 985 in
2952 931 3228 1003 principio
3250 929 3380 985 libri
3414 929 3592 998 quinti

335 1019 495 1075 nobis
521 1020 841 1090 adjumento
864 1021 989 1088 fuit,
1016 1024 1241 1078 unicum
1267 1023 1436 1078 habui
1458 1023 1704 1080 codicem
1728 1021 2113 1079 Fuketianum.
2154 1023 2256 1079 Hic
2288 1024 2432 1079 liber
2467 1024 2708 1094 primum
2751 1023 2974 1094 quidem
3012 1023 3192 1078 fuerat
3219 1022 3404 1079 Caroli
3444 1024 3596 1079 Mon-

331 1113 520 1178 ehalli,
546 1114 947 1186 archiepiscopi
974 1116 1251 1182 Tolosani,
1278 1116 1382 1171 viri
1404 1116 1788 1172 ecclesiasticae
1804 1116 2048 1170 historiae
2087 1115 2499 1171 studiosissimi.
2533 1112 2730 1172 Postea
2766 1131 2899 1171 vero
2923 1116 2978 1170 in
3001 1114 3356 1170 Fuketianam
3390 1115 3591 1170 biblio-

331 1205 551 1260 thecam
579 1207 894 1272 translatus,
919 1207 989 1262 ab
1013 1209 1352 1279 amplissimo
1373 1209 1496 1263 viro
1516 1208 1743 1263 Nicolao
1764 1207 1995 1262 Fuketio
2019 1207 2152 1261 mihi
2192 1207 2572 1264 commodatus
2591 1216 2692 1264 est.
2719 1206 2892 1274 Quam
2916 1207 2988 1260 ob
3007 1220 3226 1260 causam
3252 1205 3308 1259 in
3343 1206 3588 1262 Annota-

331 1295 577 1350 tionibus
599 1299 738 1353 meis
759 1297 1127 1354 Fuketianum
1151 1315 1278 1354 eum
1301 1299 1546 1354 codicem
1562 1300 1862 1370 appellavi.
1886 1298 2131 1353 Tandem
2155 1314 2286 1353 vero
2308 1299 2502 1354 eﬂ‘ecta
2518 1300 2631 1372 jam
2648 1299 2891 1355 editione
2915 1306 3123 1362 nostra,
3144 1297 3316 1353 codex
3337 1298 3458 1363 iste,
3481 1316 3589 1356 una

328 1404 455 1442 cum
481 1390 708 1460 reliquis
730 1407 861 1447 mss.
888 1391 1296 1462 exemplaribus
1317 1391 1667 1448 bibliothecm
1684 1391 2019 1456 Fuketianae,
2043 1391 2260 1447 transiit
2285 1392 2443 1463 injus
2465 1407 2529 1447 ac
2544 1391 2848 1446 dominium
2873 1389 3228 1445 illustrissimi
3251 1389 3377 1453 viri,
3394 1398 3451 1443 et
3474 1398 3588 1444 tum

328 1480 465 1542 suis,
493 1487 609 1536 tum
633 1483 807 1552 patris
829 1483 1044 1564 meritis
1068 1483 1478 1552 spectatissimi,
1504 1484 1687 1540 Caroli
1712 1484 1960 1539 Mauricii
1985 1482 2230 1547 Tellerii,
2261 1484 2474 1539 abbatis
2513 1483 2569 1538 S.
2600 1483 2851 1554 Benigni,
2877 1482 2970 1553 qui
3007 1498 3154 1538 nunc
3189 1483 3474 1552 coadjutor
3504 1492 3588 1536 est

328 1575 386 1628 in
409 1577 884 1646 archiepiscopatu
907 1576 1186 1630 Remensi.
1214 1577 1310 1632 Est
1336 1577 1562 1647 quidem
1589 1577 1681 1632 hic
1699 1578 1876 1634 codex
1901 1593 2010 1632 non
2034 1579 2334 1633 admodum
2357 1587 2608 1633 vetustus
2627 1618 2640 1641 ,
2665 1577 2885 1646 Optima:
2911 1587 3092 1631 tamen
3117 1585 3259 1631 notae
3280 1585 3335 1630 et
3357 1593 3423 1631 ex
3447 1577 3584 1646 opti-

328 1682 419 1721 mo
442 1669 742 1738 exemplari
766 1669 1096 1739 descriptus.
1123 1669 1293 1724 Tituli
1318 1670 1557 1741 capitum
1582 1673 1674 1742 qui
1705 1672 1759 1725 in
1789 1672 1979 1728 codice
2004 1672 2176 1743 Regio
2198 1682 2257 1728 et
2281 1674 2336 1727 in
2369 1672 2612 1728 editione
2655 1671 2881 1726 Roberti
2906 1670 3167 1740 Stephani
3210 1670 3416 1740 praefixi
3458 1679 3586 1724 sunt

329 1758 583 1814 Historiae
605 1760 915 1825 Sozomeni,
944 1761 998 1814 in
1025 1761 1130 1816 hoc
1155 1761 1344 1816 codice
1368 1778 1476 1817 non
1494 1762 1789 1818 habentur.
1806 1763 1972 1819 Nulla
1996 1764 2126 1819 item
2152 1765 2393 1834 capitum
2419 1763 2700 1819 distinctio
2725 1771 2811 1817 est
2833 1763 2886 1816 in
2911 1761 3142 1831 singulis
3166 1761 3345 1816 libris.
3373 1762 3449 1816 Ex
3473 1776 3582 1830 quo

325 1852 696 1920 praestantiam
717 1867 784 1906 ac
799 1861 1126 1907 vetustatem
1153 1854 1273 1923 ejus
1295 1853 1502 1908 codicis
1524 1854 1654 1908 licet
1677 1854 2110 1924 deprehendere.
2135 1855 2351 1910 Indices
2369 1856 2517 1910 enim
2543 1855 2619 1909 illi
2643 1869 2737 1908 seu
2765 1854 2909 1909 tituli
2935 1854 3197 1924 capitum,
3222 1869 3253 1907 a
3276 1853 3587 1923 Nicephoro

325 1941 569 2007 Callisto,
595 1945 680 1996 vel
707 1944 890 2013 potius
912 1943 981 1998 ab
1005 1943 1190 2013 aliquo
1215 1944 1543 2008 recentiore,
1571 1943 1862 2013 compositi
1897 1952 2028 1998 sunt
2053 1945 2237 2015 inepte
2260 1960 2487 2014 prorsus
2510 1953 2605 1998 aut
2628 1943 2881 1998 barbare.
2907 1943 3059 1998 Adeo
3084 1953 3145 1998 ut
3171 1944 3328 2007 mihi,
3353 1959 3584 1998 accura—

327 2030 437 2088 tius
462 2033 718 2098 intuenti,
743 2034 988 2104 cujusvis
1023 2035 1210 2104 potius
1249 2048 1417 2103 quam
1439 2032 1738 2103 Nieephori
1760 2048 1882 2088 esse
1905 2033 2217 2088 videantur.
2244 2035 2416 2089 Porro
2454 2049 2523 2088 ne
2546 2049 2711 2104 quem
2735 2049 2834 2088 sua
2857 2034 3019 2088 laude
3041 2033 3384 2100 defraudem,
3407 2035 3586 2088 varias

323 2127 589 2182 lectiones
612 2127 668 2180 in
692 2126 932 2182 Historia
955 2126 1244 2181 Sozomeni
1269 2141 1334 2181 ac
1355 2124 1698 2190 Theodoriti,
1723 2140 1791 2180 ex
1817 2125 2136 2196 supradicto
2168 2125 2357 2180 codice
2388 2125 2682 2189 Allatiano,
2713 2125 2767 2180 id
2790 2133 2878 2180 est
2912 2140 2982 2179 ex
3002 2125 3244 2180 Historia
3284 2125 3582 2196 Tripartita

325 2215 602 2269 Theodori
626 2214 877 2268 Lectoris
897 2221 1204 2284 excerptas,
1231 2213 1410 2268 debeo
1433 2212 1674 2269 Samueli
1700 2213 1992 2280 Tennulio,
2019 2215 2144 2269 viro
2169 2213 2486 2270 doctissimo
2523 2216 2741 2286 meique
2760 2216 3159 2281 amantissimo,
3185 2216 3275 2286 qui
3305 2233 3450 2272 nunc
3472 2218 3583 2272 No-

325 2308 556 2378 viamagi
582 2307 795 2361 litteras
817 2321 1012 2377 magna
1040 2322 1166 2362 eum
1189 2305 1352 2362 laude
1375 2305 1685 2377 profitetur.
1713 2305 1813 2361 Hic
1834 2307 1983 2361 enim
2008 2306 2138 2362 dum
2163 2307 2349 2362 Romze
2371 2315 2539 2372 esset,
2562 2323 2657 2363 eas
2677 2323 2842 2363 manu
2868 2325 2966 2364 sua
2987 2309 3281 2380 descripsit
3303 2324 3368 2364 ex
3393 2309 3584 2364 codice

324 2399 523 2454 Leonis
546 2399 751 2464 Allatii,
777 2398 880 2452 viri
907 2414 1190 2468 nunquam
1213 2399 1347 2454 satis
1368 2397 1574 2453 laudati
1596 2416 1609 2451 :
1633 2398 1726 2468 qui
1752 2413 1876 2454 meo
1898 2405 2091 2470 rogatu
2115 2414 2344 2469 meaque
2379 2415 2542 2453 causa
2575 2400 2758 2454 varias
2783 2400 2901 2454 illas
2925 2400 3190 2456 lectiones
3212 2400 3390 2455 eidem
3435 2401 3582 2455 Ten-

323 2490 476 2545 nulio
499 2490 891 2546 describendas
915 2500 1287 2546 concesserat.
1318 2490 1523 2546 Horum
1549 2491 1716 2563 igitur
1736 2490 2134 2560 exemplarium
2159 2491 2430 2556 subsidio,
2467 2500 2576 2546 tam
2619 2492 2675 2546 in
2708 2491 3122 2561 Soeratequam
3163 2493 3217 2547 in
3255 2493 3582 2558 Sozomeno,

325 2581 742 2638 innumerabilia
768 2582 888 2636 loca
905 2595 1033 2650 quae
1052 2587 1213 2635 antea
1236 2581 1652 2651 corruptissima
1675 2582 1998 2653 legebantur
2027 2581 2337 2646 emendavi,
2363 2582 2588 2636 lacunas
2609 2581 2875 2652 plurimas
2912 2582 3182 2653 supplevi,
3201 2583 3584 2642 distinctiones

325 2672 573 2737 restitui,
599 2687 798 2726 novam
832 2670 1070 2740 denique
1108 2671 1621 2740 interpretationem
1649 2671 1842 2743 adjeci.
1869 2671 1945 2727 De
1967 2687 2075 2742 qua
2102 2686 2251 2727 nunc
2275 2688 2447 2742 pauca
2472 2671 2672 2728 dicam.

393 2769 524 2836 Quae
546 2769 615 2822 de
639 2765 866 2820 Musculi
891 2772 948 2820 et
969 2763 1453 2835 ChristOphorsoni
1480 2765 2028 2837 interpretationibus
2053 2766 2184 2820 olim
2213 2765 2324 2820 dixi
2355 2767 2407 2821 in
2433 2767 2754 2837 praefatione
2775 2766 2844 2821 ad
2885 2767 3285 2824 illustrissimos
3322 2769 3582 2827 Ecclesiae

320 2861 612 2915 Gallicana:
632 2855 927 2921 antistites,
951 2871 1073 2924 quae
1087 2855 1318 2910 editioni
1343 2856 1566 2912 Eusebii
1585 2856 1758 2910 nostri
1781 2854 1997 2925 praeﬁxa
2013 2864 2116 2919 est,
2139 2873 2202 2911 ea
2225 2858 2720 2927 impraesentiarum
2743 2857 2880 2913 nihil
2905 2859 3104 2914 attinet
3125 2875 3574 2918 commemorare.

321 2953 380 3006 Id
409 2965 578 3005 unum
604 2947 801 3004 addam
838 2963 851 2998 :
878 2946 924 2999 si
947 2952 1072 3014 post
1095 2944 1220 2999 illos
1242 2959 1382 3014 quos
1404 2945 1518 3000 dixi
1542 2946 1894 3014 interpretes,
1920 2943 2163 2998 Historia
2184 2945 2538 3001 Caesariensis
2557 2937 2783 3002 Eusebii
2819 2962 2966 3004 novo
2986 2949 3291 3020 interprete
3314 2966 3453 3022 opus
3475 2952 3578 3009 ha-

321 3044 461 3108 buit,
488 3041 662 3096 multo
697 3038 870 3109 magis
906 3034 1276 3090 necessariam
1309 3034 1478 3090 fuisse
1510 3049 1709 3090 novam
1734 3033 2244 3104 interpretationem
2271 3035 2524 3092 Historiae
2562 3035 2805 3092 Socratis
2829 3046 2996 3108 atque
3019 3037 3330 3096 Sozomeni.
3371 3042 3578 3099 Horum

319 3135 468 3191 enim
495 3130 736 3186 Historia
761 3123 922 3199 longe
945 3125 1262 3182 mendosior
1283 3125 1353 3182 ad
1379 3141 1480 3182 nos
1503 3126 1777 3198 pervenit,
1801 3139 1966 3196 quam
1991 3125 2082 3180 illa
2106 3125 2460 3185 Cmsariensis
2485 3129 2730 3185 Eusebii.
2771 3129 2939 3200 quue
2973 3147 3042 3187 ex
3077 3131 3324 3190 editione
3345 3136 3578 3194 Roberti

319 3227 586 3299 Stephani
615 3224 858 3296 prudens
887 3223 1064 3278 lector
1108 3221 1269 3278 facile
1307 3221 1703 3292 deprehendet.
1754 3222 1969 3294 Quippe
2019 3223 2295 3279 Robertus
2339 3222 2649 3294 Stephanus
2693 3223 2749 3276 in
2796 3222 3021 3278 Eusebii
3066 3225 3292 3296 quidem
3333 3227 3578 3285 editione

321 3323 659 3394 plures-mss.
688 3316 906 3400 codices
930 3311 1205 3380 adhibuit,
1228 3330 1298 3370 ex
1321 3313 1656 3370 bibliotheca
1683 3315 1852 3387 Regia
1877 3315 2265 3388 depromptos:
2292 3316 2348 3371 in
2373 3315 2709 3372 excudendis
2730 3324 2913 3371 autem
2935 3317 3177 3374 Socratis
3197 3333 3264 3375 ac
3286 3319 3578 3379 Sozome'ni

318 3411 683 3473 Historiarum
703 3409 881 3474 libris,
908 3405 1131 3462 unicum
1157 3407 1496 3478 singulorum
1521 3405 1715 3464 habuit
1735 3406 2002 3464 codicem.
2030 3408 2219 3479 itaque
2241 3407 2310 3464 ad
2335 3408 2539 3464 calcem
2569 3407 2828 3463 editionis
2854 3423 2988 3475 suae,
3012 3409 3070 3464 in
3093 3411 3320 3467 Eusebii
3342 3413 3566 3483 quidem

318 3507 480 3563 libris
502 3506 684 3562 varias
721 3504 990 3560 lectiones
1014 3517 1084 3558 ex
1106 3501 1516 3569 vetustissimis,
1542 3511 1605 3558 ut
1630 3502 1745 3574 ipse
1769 3501 1924 3570 dicit,
1951 3503 2363 3574 exemplaribus
2388 3502 2706 3573 desumptas
2729 3503 2959 3558 notavit.
3006 3504 3068 3559 in
3111 3503 3352 3562 Socratis
3383 3514 3574 3562 autem

316 3617 382 3656 ac
403 3598 694 3656 Sozomeni
711 3597 948 3653 Historia
971 3595 1151 3651 nullas
1172 3595 1429 3667 apposuit
1449 3596 1726 3650 variantes
1740 3595 2024 3661 lectiones,
2042 3602 2335 3667 propterea
2358 3594 2506 3666 quod
2531 3595 2752 3650 unicum
2775 3596 3062 3667 utriusque
3086 3596 3373 3668 scriptoris
3393 3614 3579 3654 exem-

316 3695 438 3763 plar
451 3699 644 3747 nactus
657 3690 854 3746 fuerat.
869 3689 938 3744 Et
961 3687 1187 3744 Eusebii
1209 3686 1434 3758 quidem
1457 3687 1815 3758 exemplaria,
1835 3687 2039 3759 quibus
2056 3702 2189 3743 usus
2210 3695 2296 3742 est
2317 3686 2648 3756 Stephanus,
2667 3686 2872 3756 optima
2897 3697 3057 3742 erant
3079 3704 3144 3744 ac
3166 3690 3564 3756 vetustissima,

318 3795 380 3844 ut
403 3788 519 3858 ipse
543 3793 795 3842 testatur.
846 3782 1088 3852 Uterque
1127 3788 1313 3836 autem
1352 3780 1546 3846 codex,
1581 3789 1692 3836 tam
1729 3781 1973 3837 Socratis
1995 3796 2161 3852 quam
2207 3779 2516 3846 Sozomeni,
2543 3796 2704 3851 quem
2747 3779 3021 3835 Robertus
3044 3780 3354 3851 Stephanus
3378 3783 3432 3838 in
3456 3784 3576 3838 edi-

318 3879 468 3933 tione
491 3893 590 3932 sua
611 3874 904 3948 expressit,
931 3872 1346 3929 recentissimus
1367 3879 1473 3938 est,
1504 3879 1566 3926 ut
1591 3873 1695 3943 ipsi
1719 3873 1979 3939 vidimus,
2003 3872 2328 3943 mendisque
2369 3872 2608 3928 refertus
2631 3873 3069 3943 quamplurimis.
3093 3875 3330 3931 Proinde
3368 3877 3568 3932 mirum

317 3990 424 4028 non
449 3980 532 4028 est
566 3973 715 4026 viros
739 3970 929 4026 doctos
953 3969 1008 4023 in
1032 3968 1120 4023 his
1145 3966 1386 4023 Socratis
1409 3982 1473 4022 ac
1498 3966 1789 4022 Sozomeni
1814 3967 1975 4023 libris
2008 3967 2436 4038 interpretandis
2457 3969 2656 4038 saepius
2679 3967 3042 4024 hallucinatos
3062 3968 3230 4024 fuisse
3252 4011 3266 4034 ,
3293 3985 3418 4025 cum
3461 3979 3570 4026 tam

323 4065 517 4118 vitiosa
541 4077 603 4118 ac
628 4061 821 4116 mutila
843 4057 1178 4129 exemplaria
1199 4072 1313 4128 prae
1336 4059 1511 4113 oculis
1545 4057 1836 4122 haberent,
1857 4066 1918 4112 et
1949 4072 2082 4111 mss.
2108 4055 2361 4111 codicum
2388 4057 2594 4112 auxilio
2620 4057 3074 4114 destituerentur.
3121 4059 3257 4115 Nam
3298 4063 3577 4120 Musculus

315 4153 539 4234 quidem
559 4157 728 4212 solam
754 4151 980 4208 Roberti
1005 4149 1270 4220 Stephani
1295 4149 1595 4204 editionem
1623 4149 1858 4204 viderat.
1883 4148 2417 4218 ChristOpborsonus
2439 4163 2592 4214 vero,
2621 4150 2844 4205 Eusebii
2881 4151 3102 4221 quidem
3139 4167 3203 4207 ac
3244 4153 3568 4212 Theodoriti

315 4269 444 4308 mss.
473 4249 692 4306 codices
714 4245 922 4314 aliquot
943 4239 1198 4312 inspexit.
1220 4239 1463 4296 Socratis
1482 4255 1616 4296 vero
1634 4255 1697 4294 ac
1721 4237 2012 4294 Sozomeni
2039 4239 2187 4293 nulla
2213 4253 2344 4293 mss.
2368 4239 2565 4294 habuit
2580 4241 2933 4311 exemplaria,
2960 4250 3022 4296 ut
3042 4242 3097 4297 in
3120 4248 3568 4302 annotationibus

314 4342 452 4397 meis
476 4355 585 4396 non
609 4336 776 4395 semel
800 4331 1107 4391 observavi.
1134 4331 1325 4386 Varias
1345 4328 1612 4389 duntaxat
1633 4327 1916 4396 lectiones,
1941 4340 1997 4384 et
2016 4329 2305 4384 doctorum
2330 4329 2615 4387 hominum
2631 4334 2997 4405 conjecturas,
3021 4335 3090 4390 ad
3115 4339 3412 4408 marginem
3439 4337 3561 4390 edi-

313 4435 480 4490 tionis
502 4430 732 4486 Roberti
774 4426 1039 4497 Stephani
1067 4434 1358 4481 annotatas
1383 4425 1596 4482 viderat
1630 4444 1642 4479 :
1674 4422 1982 4497 cujusmodi
2022 4425 2239 4482 codices
2272 4427 2666 4498 quamplurimi
2701 4427 2756 4482 in
2791 4444 2986 4484 manus
3021 4436 3240 4482 nostras
3274 4438 3561 4482 venerunt.

311 4528 516 4582 Verum
539 4521 804 4574 lectiones
826 4518 932 4570 illa:
958 4517 1166 4571 nullius
1189 4517 1304 4571 fere
1329 4525 1457 4570 sunt
1480 4517 1743 4587 ponderis
1763 4525 1940 4587 atque
1978 4521 2346 4583 auctoritatis,
2376 4535 2501 4574 cum
2528 4521 2729 4574 nullam
2757 4518 2992 4571 habeant
3034 4517 3326 4585 ascriptam
3367 4527 3552 4574 notam

309 4613 526 4684 antiqui
547 4607 877 4679 exemplaris
899 4621 966 4660 ex
991 4621 1102 4674 quo
1127 4606 1415 4675 descripta:
1439 4615 1587 4659 sunt.
1637 4607 1750 4674 Ego
1773 4623 1904 4660 vero
1928 4623 2052 4660 cum
2095 4610 2331 4676 optimos
2371 4623 2434 4660 ac
2469 4607 2870 4660 vetustissimos
2910 4605 3128 4660 codices
3165 4614 3274 4660 tam
3312 4608 3559 4668 Socratis

309 4722 475 4779 quam
501 4699 792 4758 Sozomeni
815 4707 1011 4752 nactus
1034 4697 1159 4762 sim,
1185 4710 1391 4765 eosque
1416 4711 1526 4749 non
1551 4694 1668 4749 sine
1693 4709 1908 4748 summo
1927 4695 2115 4750 labore
2141 4711 2263 4750 cum
2287 4697 2526 4766 vulgatis
2558 4696 2896 4751 editionibus
2930 4697 3282 4767 contulerim,
3310 4702 3560 4760 faciliore

309 4801 570 4868 deinceps
595 4809 660 4848 ac
680 4789 930 4865 planiore
951 4787 1041 4842 via
1064 4786 1135 4842 ad
1158 4800 1351 4841 eorum
1378 4785 1892 4854 interpretationem
1915 4785 2142 4840 accessi.
2170 4786 2367 4841 Nostra
2396 4787 2563 4858 igitur
2589 4786 2705 4842 haec
2727 4787 2898 4842 editio
2921 4788 3198 4854 omnibus,
3227 4801 3335 4848 tam
3370 4794 3559 4851 Graece

308 4890 506 4952 doctis,
531 4899 696 4956 quam
719 4883 786 4937 iis
810 4879 905 4951 qui
928 4878 1115 4934 Graeca
1133 4876 1409 4938 nesciunt,
1434 4891 1501 4930 ex
1523 4891 1700 4946 aequo,
1723 4883 1785 4930 ut
1808 4891 1990 4946 spero,
2016 4877 2332 4932 satisfaciet.
2357 4878 2492 4933 Nam
2515 4886 2570 4934 et
2589 4878 2773 4935 Graece
2801 4878 2966 4942 docti,
2995 4878 3272 4938 Socratem
3300 4903 3364 4941 ac
3387 4885 3556 4942 Sozo-

306 4998 532 5043 menum
553 4988 744 5036 nostra
766 4991 934 5048 opera
953 4972 1273 5029 emendatos
1295 4986 1359 5026 ac
1379 4977 1740 5042 perpurgatos
1762 4970 1975 5042 legent;
2001 4979 2060 5026 et
2082 4971 2174 5041 qui
2198 4970 2387 5026 Graeca
2424 4972 2608 5027 minus
2643 4971 2864 5035 callent,
2890 4969 3112 5026 eosdem
3140 4973 3328 5032 Latina
3375 4977 3554 5034 inter-

307 5075 616 5151 pretatione
637 5088 667 5126 a
689 5070 848 5126 nobis
871 5069 1102 5122 donatos
1124 5064 1338 5119 facilius
1362 5064 1694 5118 intellecturi
1718 5073 1864 5120 sunt.
3285 5061 3295 5070 '

381 5168 697 5236 Sequuntur
720 5159 1136 5216 annotationes:
1169 5156 1223 5210 in
1251 5155 1454 5226 quibus
1489 5156 1719 5226 perinde
1746 5162 1810 5210 ac
1833 5157 1890 5211 in
1912 5157 2292 5214 notationibus
2327 5157 2689 5223 Eusebiauis,
2731 5155 2840 5212 duo
2876 5152 3142 5226 perlicere
3177 5159 3404 5215 tentavi.
3446 5162 3570 5217 Pri-

305 5277 478 5324 mum,
505 5266 567 5313 ut
589 5253 1034 5312 emendationum
1057 5266 1304 5305 mearum
1329 5250 1598 5306 rationem
1622 5251 1933 5318 redderem,
1983 5260 2040 5306 et
2077 5253 2258 5308 varias
2283 5253 2550 5310 lectiones
2593 5269 2662 5309 ex
2707 5268 2838 5308 mss.
2885 5249 3169 5305 codicibus
3191 5251 3564 5327 depromptas,

304 5356 529 5414 lectoris
547 5352 752 5425 judicio
775 5363 1158 5420 proponerent.
1190 5346 1420 5413 Deinde,
1447 5356 1507 5402 ut
1533 5347 1859 5402 obscuriora
1882 5364 2112 5418 quaeque
2135 5366 2200 5404 ac
2225 5349 2534 5406 difﬁciliora
2557 5351 2696 5416 loca,
2725 5367 2847 5421 qua}
2872 5351 3107 5422 legentis
3131 5353 3413 5424 ingenium
3443 5370 3565 5410 mo-

305 5453 414 5509 rari
439 5465 598 5522 posse
627 5446 978 5507 videbantur,
1004 5458 1105 5512 pro
1129 5443 1354 5497 modulo
1377 5458 1501 5497 meo
1526 5443 1882 5496 illustrarem.
1932 5443 2044 5498 Nec
2089 5444 2282 5515 ignoro
2319 5445 2520 5500 multos
2557 5461 2676 5500 esse
2715 5445 2978 5500 delicatos
3020 5460 3084 5499 ac
3110 5445 3422 5504 fastidiosos
3461 5449 3565 5502 ho-

302 5542 500 5604 mines,
526 5537 621 5609 qui
646 5534 944 5606 exquisitas
957 5533 1222 5586 duntaxat
1245 5532 1658 5586 observationes
1683 5540 1738 5586 et
1762 5548 2084 5587 communes
2106 5549 2243 5603 quos
2268 5547 2464 5590 vocant
2489 5538 2655 5602 locos,
2682 5535 2749 5590 ad
2777 5551 3030 5606 pompam
3055 5543 3112 5590 et
3134 5540 3568 5593 ostentationem

305 5633 655 5702 compositos,
682 5629 787 5686 sibi
811 5625 1063 5682 exhiberi
1091 5626 1293 5679 velint:
1323 5625 1468 5679 illam
1493 5640 1625 5679 vero
1651 5625 2067 5680 annotationum
2098 5637 2308 5696 partem
2357 5646 2476 5699 quae
2515 5629 2929 5683 emendationes
2970 5644 3035 5682 ac
3073 5630 3252 5684 varias
3300 5631 3567 5685 lectiones

301 5724 564 5791 continet,
593 5725 768 5780 levem
791 5735 1017 5795 prorsus
1041 5736 1103 5778 ac
1129 5721 1538 5792 despiciendam
1581 5721 1914 5776 existiment.
1945 5721 2158 5788 Quibus
2191 5741 2290 5796 ego
2318 5726 2370 5782 id
2399 5741 2720 5796 reSponsum
2745 5723 2908 5780 velim
2959 5742 2970 5777 :
3011 5725 3114 5779 ctsi
3147 5725 3563 5782 exnendationes
