4046 6204
388 360 457 415 Π
1218 352 1306 410 DE
1345 354 1506 411 VITA
1544 351 1639 410 ET
1669 350 1977 408 SCRIPTIS
2014 348 2349 407 SOCRATIS
2388 348 2474 404 ET
2515 317 2875 407 SOZOMENi.
3589 343 3671 399 {8‘

383 481 496 536 illa
520 495 584 534 ac
623 476 788 533 varia
825 473 1096 534 lectiones
1132 490 1268 545 quas
1307 475 1481 531 G‘raci
1504 472 1892 544 διττογραφίας
1920 480 2136 535 vocant,
2168 471 2421 525 insuaves
2445 470 2769 541 plerumque
2796 484 2860 523 ac
2885 468 3131 522 molesta
3170 466 3288 522 sint
3323 464 3653 535 legentibus,

387 573 559 629 utiles
587 580 776 626 tamen
791 584 887 624 eas
910 583 1031 624 esse
1059 567 1349 638 imprimis,
1380 583 1445 623 ac
1464 582 1688 639 prorsus
1710 566 2071 630 necessarias,
2097 566 2153 620 in
2196 565 2283 619 his
2320 564 2626 635 prasertim
2651 563 3019 634 scriptoribus
3041 575 3277 633 quorum
3314 559 3444 614 libri
3476 558 3661 614 minus

388 661 673 719 emendati
698 661 768 716 ad
793 676 896 715 nos
917 666 1309 730 pervenerunt.
1340 659 1664 731 Hujusmodi
1688 668 1873 729 autem
1895 673 2017 714 esse
2044 657 2288 713 Socratis
2324 672 2390 712 ac
2424 655 2712 711 Sozomeni
2751 656 2925 711 libros
2955 655 3071 726 jam
3091 652 3348 723 superius
3371 649 3656 707 admonui.

384 755 461 811 Et
484 752 908 808 observationes
928 749 1153 822 quidem
1194 752 1459 824 majorem
1496 751 1735 821 speciem
1767 750 2068 821 praferunt
2092 748 2454 806 eruditionis:
2482 746 2796 803 emendatio
2821 761 2955 802 vero
2980 745 3107 816 plus
3144 743 3349 815 ingenii
3374 759 3439 799 ac
3458 741 3655 814 judicii

382 842 674 913 requirere
697 839 835 894 mihi
858 838 1102 894 videtur.
1127 838 1318 908 Neque
1356 838 1505 895 enim
1546 839 1789 909 cujusvis
1813 846 1898 894 est
1936 838 2005 893 de
2029 852 2159 893 vera
2193 852 2258 893 ac
2292 852 2551 909 germana
2575 842 2827 892 veterum
2870 835 3206 906 scriptorum
3229 833 3467 889 lectione
3510 832 3659 888 ferre

383 934 743 999 sententiam,
791 931 888 988 sed
912 933 1031 1005 ejus
1052 932 1149 1003 qui
1172 940 1230 988 et
1254 933 1542 1004 multiplici
1568 932 1819 989 doctrina
1842 933 2147 989 instructus
2168 933 2261 998 sit,
2284 939 2341 987 et
2363 933 2421 987 in
2447 931 2553 987 hac
2568 930 2853 1004 judicandi
2871 940 2989 986 arte
3010 929 3107 985 diu
3132 928 3480 998 multumque
3500 942 3661 982 exer-

392 1028 620 1083 citatus.
646 1025 820 1080 Porro
844 1023 1296 1080 annotationibus
1318 1032 1430 1081 tres
1451 1040 1482 1080 a
1505 1040 1592 1081 me
1617 1025 1894 1097 subjuncti
1928 1034 2058 1082 sunt
2099 1026 2230 1082 libri
2266 1025 2717 1083 Observationum
2755 1023 3278 1088 ecclesiasticarum,
3313 1037 3436 1092 qua
3460 1018 3529 1073 ad
3556 1017 3655 1076 So-

399 1120 573 1175 cratis
615 1135 683 1175 ac
724 1117 1019 1174 Sozomeni
1064 1117 1362 1174 Historiam
1403 1119 1784 1176 illustrandam
1827 1122 2129 1192 pertinent.
2175 1121 2311 1179 Nam
2355 1136 2483 1178 cum
2526 1120 3042 1185 animadverterem,
3089 1119 3148 1175 in
3170 1118 3335 1176 rebus
3376 1113 3661 1173 Athanasii

397 1213 761 1272 Alexandrini
785 1223 843 1271 et
864 1216 1021 1272 Pauli
1047 1215 1638 1288 Constantinopolitani
1664 1217 1989 1284 referendis,
2017 1220 2223 1275 multos
2249 1227 2309 1274 et
2345 1216 2612 1274 maximos
2645 1232 2868 1274 errores
2908 1216 3179 1273 admissos
3200 1228 3323 1270 esse
3364 1228 3397 1267 a
3434 1210 3663 1266 Socrate

382 1311 555 1376 atque
578 1304 905 1371 Sozomeno,
929 1314 988 1362 et
1007 1306 1077 1362 ab
1103 1306 1173 1362 iis
1193 1307 1289 1379 qui
1312 1308 1437 1364 illos
1457 1309 1807 1380 postmodum
1830 1310 2005 1365 secuti
2028 1317 2196 1375 sunt,
2218 1324 2340 1365 eam
2364 1307 2609 1365 historia
2644 1316 2879 1381 partem,
2910 1315 3117 1378 quanta
3154 1304 3275 1361 ﬁeri
3313 1302 3492 1375 potuit
3525 1316 3660 1356 cura

395 1415 464 1456 ac
486 1399 795 1472 diligentia,
821 1400 1042 1457 duobus
1064 1402 1348 1474 prioribus
1369 1402 1529 1459 libris
1555 1404 1834 1460 illustrare
1861 1404 2067 1460 studui.
2094 1405 2154 1459 ln
2178 1404 2383 1476 quibus
2407 1404 2585 1459 multa
2608 1403 2887 1474 reperient
2925 1401 3160 1458 studiosi
3179 1416 3217 1457 a
3238 1415 3327 1457 me
3345 1399 3660 1462 observata,

401 1509 527 1563 qua
546 1495 779 1552 aliorum
800 1494 1140 1569 diligentiam
1162 1497 1435 1570 fugerant.
1460 1499 1683 1555 Tertius
1707 1510 1891 1557 autem
1918 1500 2085 1567 liber,
2120 1501 2216 1571 qui
2251 1500 2674 1571 explicationem
2712 1498 3126 1555 continetsexti
3168 1496 3398 1553 canonis
3441 1492 3662 1551 concilii

396 1583 627 1650 Nicani,
652 1585 857 1644 idcirco
879 1602 913 1643 a
934 1601 1023 1643 me
1045 1586 1138 1643 hic
1159 1587 1440 1659 subjectus
1459 1596 1565 1654 est,
1589 1588 1737 1660 quod
1762 1590 1819 1644 in
1843 1604 1911 1645 eo
1932 1603 2142 1645 canone
2165 1589 2347 1661 agitur
2371 1588 2440 1645 de
2459 1588 2584 1659 jure
2611 1602 2676 1642 ac
2690 1664 2695 1668 ἡ
2710 1593 2979 1657 potestate
3022 1584 3481 1657 patriarcharum,
3518 1596 3662 1653 quo-

405 1692 530 1731 rum
555 1692 585 1730 a
606 1676 835 1733 Socrate
857 1686 1049 1735 nostro
1068 1680 1277 1737 mentio
1302 1678 1362 1734 fit
1384 1681 1441 1736 in
1463 1680 1609 1737 libro
1630 1684 1785 1738 sexto
1807 1696 1872 1736 ac
1892 1680 2148 1751 septimo.
2175 1680 2346 1753 Cujus
2369 1679 2594 1751 quidem
2627 1679 2708 1733 rei
2748 1677 2873 1733 ideo
2896 1678 3133 1733 lectores
3154 1674 3531 1732 admonendos
3557 1691 3664 1745 pu-

402 1771 537 1838 tavi,
561 1787 630 1828 ne
656 1774 784 1844 quis
801 1772 1146 1831 existimaret
1167 1789 1257 1830 me
1295 1776 1619 1847 cujusquam
1658 1774 2096 1846 reprehendendi
2118 1790 2282 1830 causa
2321 1758 2526 1830 librum
2571 1773 2722 1828 hunc
2745 1771 2975 1842 reliquis
3001 1770 3320 1827 attexuisse.
3355 1770 3478 1826 Non
3512 1768 3663 1823 enim

403 1864 653 1934 profecto
675 1864 733 1919 id
756 1863 893 1921 mihi
917 1847 1210 1921 consilium
1235 1865 1359 1922 fuit.
1402 1866 1513 1923 Sed
1543 1868 1725 1937 primo
1747 1867 1994 1938 quidem,
2029 1866 2281 1922 veritatis
2318 1866 2642 1938 indaganda
2672 1864 2858 1920 studio
2890 1878 3157 1920 canonem
3201 1863 3357 1919 illum
3387 1875 3667 1932 exponere

397 1971 693 2026 aggressus
717 1970 871 2023 sum;
915 1955 1116 2013 deinde
1140 1972 1292 2023 vero,
1317 1966 1380 2013 ut
1399 1959 1658 2030 scriptori
1679 1974 1804 2015 meo
1826 1960 2007 2015 lucem
2029 1960 2271 2031 aliquam
2306 1958 2586 2025 aﬂ‘errem,
2622 1973 2752 2014 eum
2777 1957 3030 2013 libellum
3052 1953 3503 2011 annotationibus
3525 1953 3667 2008 meis

404 2044 640 2116 subieci.
666 2045 728 2101 In
750 2062 862 2117 quo
885 2047 933 2103 si
958 2062 990 2103 a
1015 2047 1136 2104 viro
1156 2048 1322 2105 docto
1342 2057 1505 2121 atque
1517 2050 1696 2107 amico
1713 2050 2003 2112 dissentio.
2027 2051 2083 2106 id
2104 2050 2377 2117 modeste,
2398 2065 2503 2107 nec
2527 2050 2647 2106 sine
2670 2048 2974 2106 honoriﬁca
2993 2049 3115 2120 ejus
3138 2046 3503 2119 appellatione
3537 2044 3663 2101 feci.

397 2137 691 2194 Corollarii
717 2141 841 2196 loco
862 2140 1052 2197 addita
1073 2151 1159 2200 est
1178 2142 1482 2215 disputatio
1501 2145 1758 2203 Archelai
1783 2145 2191 2217 Mesopotamia
2212 2146 2458 2219 episcopi
2478 2146 2749 2202 adversus
2773 2145 3156 2210 Manichaum,
3175 2144 3342 2222 cujus
3374 2142 3582 2200 mentio
3607 2140 3669 2196 ﬁt

394 2243 431 2285 a
453 2230 681 2287 Socrate
703 2232 763 2287 in
786 2231 934 2288 libro
958 2234 1160 2304 primo.
1184 2235 1446 2308 Ejusdem
1467 2238 1653 2310 operis
1674 2237 1930 2294 meminit
1962 2238 2306 2310 Epiphanius
2329 2238 2384 2294 in
2408 2239 2604 2296 haresi
2625 2238 3074 2303 Manichaeorum,
3112 2245 3171 2292 et
3207 2236 3575 2309 Hieronymus
3609 2235 3666 2288 in

393 2323 548 2379 libro
569 2324 648 2380 De
667 2316 1037 2397 scriptoribus
1055 2329 1466 2397 ecclesiasticis,
1493 2333 1652 2405 cujus
1672 2332 1791 2389 hac
1815 2341 1947 2388 sunt
1964 2334 2135 2391 verba
2157 2353 2172 2390 :
2193 2335 2517 2399 Archelaus,
2531 2334 2800 2406 episwpus
2823 2332 3240 2403 Mesopotamia,
3266 2329 3459 2385 librum
3481 2328 3667 2397 dispu-

388 2415 617 2469 tationis
636 2430 768 2482 suc,
787 2432 953 2488 quam
970 2418 1155 2474 habuit
1177 2421 1457 2477 dversum
1475 2421 1827 2479 Manicheum
1851 2432 2130 2482 exeuntem
2151 2426 2216 2481 de
2237 2425 2484 2491 Perside,
2498 2423 2634 2497 Syro
2654 2439 2898 2480 sermone
2920 2423 3233 2494 composuit,
3255 2423 3354 2493 qui
3370 2417 3669 2477 translatus

391 2507 454 2560 in
475 2505 719 2564 Grecam
742 2508 965 2563 labetur
988 2526 1023 2564 α
1040 2510 1243 2566 multis.
1267 2511 1476 2569 Ciani:
1495 2515 1592 2570 sub
1613 2517 1743 2587 imp.
1766 2514 1959 2570 Probo.
1988 2515 2106 2573 Hoc
2125 2518 2408 2590 egregium
2443 2515 2789 2589 antiquitatis
2823 2513 3210 2572 ecclesiastica
3242 2520 3661 2569 monumentum

398 2596 463 2654 in
480 2597 657 2655 Italia
671 2599 1020 2659 bibliothecis
1042 2601 1313 2661 hactenus
1331 2603 1648 2661 delituerat.
1674 2605 1918 2665 Tandem
1942 2625 2087 2666 vero
2108 2604 2355 2668 Emerici
2377 2609 2578 2681 Bigotii
2613 2607 2724 2663 viri
2745 2605 3039 2664 clarissimi
3064 2604 3250 2661 studio
3270 2621 3341 2662 ac
3381 2604 3670 2676 diligentia

399 2706 438 2745 e
461 2690 710 2748 tcmbris
727 2702 962 2761 erutum,
985 2695 1043 2750 in
1065 2694 1247 2752 lucem
1269 2698 1477 2767 prodit.
1504 2697 1615 2755 Sed
1644 2698 1944 2757 dolendum
1991 2708 2083 2758 est
2101 2702 2250 2772 quod
2286 2701 2569 2771 exemplar
2598 2700 2737 2756 illud
2782 2714 2851 2754 ex
2892 2714 3005 2769 quo
3042 2698 3163 2753 hac
3197 2696 3475 2767 descripta
3515 2703 3672 2761 sunt,

403 2782 630 2840 mendis
646 2784 901 2842 refertum
920 2788 1248 2856 innumeris,
1271 2797 1331 2847 et
1351 2790 1735 2863 imperfectum
1758 2793 1985 2865 insuper
2005 2809 2071 2852 ac
2109 2795 2368 2851 mutilum
2404 2791 2474 2850 ad
2496 2808 2609 2849 nos
2623 2792 2897 2864 pervenit.
2925 2791 3241 2847 Desiderari
3261 2792 3412 2846 enim
3450 2790 3692 2845 videtur:

393 2875 706 2948 disputatio
728 2877 843 2949 ipsa
862 2878 1140 2946 Archelai,
1167 2896 1335 2952 quam
1374 2881 1577 2939 habuit
1613 2883 1881 2941 adversus
1905 2885 2263 2942 Manichaum
2289 2887 2346 2941 in
2368 2884 2613 2941 Marcelli
2634 2884 2824 2949 domo,
2852 2898 3039 2939 coram
3064 2891 3302 2953 quatuor
3329 2881 3614 2954 judicihns
3638 2899 3669 2936 a

390 2968 655 3024 Marcello
672 2968 885 3026 electis.
907 2970 1026 3027 Nisi
1048 2971 1190 3028 forte
1214 2972 1910 3047 dicamusdisputationem
1935 2976 2203 3034 Archelai.
2214 2977 2487 3034 contineri
2511 2977 2570 3032 in
2586 2975 2821 3047 epistola
2844 2974 2913 3031 ad
2929 2974 3231 3030 Diodorum
3255 2973 3663 3045 presbyterum,

388 3060 451 3115 in
470 3074 584 3130 qua
604 3059 1357 3133 Archelausdisputationem
1381 3065 1528 3123 illam
1550 3082 1717 3138 quam
1742 3068 2391 3126 adversusManichaum
2431 3069 2725 3135 habuerat,
2751 3067 3023 3141 integram
3055 3067 3246 3125 refert.
3291 3073 3353 3121 ut
3393 3065 3671 3137 colligitur

389 3167 465 3208 ex
486 3151 597 3208 line
618 3152 1064 3225 illiucepistola.

465 3244 646 3315 Atque
667 3243 941 3302 haesunt
957 3247 1029 3304 de
1051 3248 1273 3320 quibus
1298 3250 1355 3307 in
1377 3252 1653 3325 principio
1674 3255 1842 3329 hujus
1863 3255 2050 3327 operis
2068 3256 2306 3313 lectores
2327 3254 2708 3311 admonendos
2731 3267 2855 3310 esse
2877 3254 3213 3319 existimavi,
3242 3252 3453 3323 utquid
3481 3253 3538 3306 in
3565 3253 3669 3307 hac

390 3344 590 3393 nostra
629 3337 876 3395 editione
916 3341 1261 3413 pracipuum
1304 3354 1474 3412 esset,
1515 3362 1620 3403 nec
1666 3347 1723 3403 in
1766 3348 2150 3419 superioribus
2192 3347 2359 3420 hujus
2398 3346 2661 3403 Historia
2697 3345 3040 3402 editionibus
3071 3345 3438 3408 inveniretur,
3485 3344 3683 3414 primo-

389 3428 583 3485 statim
625 3428 831 3486 intuitu
871 3440 1099 3503 possent
1138 3449 1491 3506 cognoscere.
1539 3437 1737 3494 Restat
1786 3453 1938 3494 nunc
1976 3447 2039 3495 ut
2082 3438 2152 3495 de
2197 3438 2426 3494 Socrate
2481 3453 2549 3495 ac
2590 3436 2900 3494 Sozomeno
2954 3453 3131 3507 pauca
3182 3435 3402 3503 dicam;
3463 3436 3556 3505 qui
3614 3445 3672 3491 et

388 3525 590 3594 quales
602 3524 843 3595 fuerint;
864 3528 1017 3600 quod
1037 3544 1213 3603 genus
1232 3530 1597 3599 vitasectati,
1622 3548 1799 3605 quam-
1822 3534 2147 3607 religioncm
2182 3532 2421 3607 professi
2450 3532 2679 3600 fuerint,
2715 3541 2773 3589 et
2810 3539 2937 3588 uter
2957 3545 3151 3587 eorum
3173 3531 3329 3602 prior
3375 3530 3545 3585 llistoi
3561 3529 3595 3583 i:
3614 3544 3669 3583 ιη

391 3615 807 3688 conscripserit.
1586 3684 1587 3687 η

1019 3730 1121 3794 DE
1159 3733 1339 3797 VITA
1377 3736 1476 3797 ΕΤ
1518 3736 1860 3799 SCRIPTIS
1903 3737 2271 3801 SOCRATIS
2312 3738 2568 3813 ATQUE
2612 3738 3029 3801 SOZOMENI.
3104 3795 3108 3799 ,

469 3857 728 3915 Socrates
766 3856 933 3931 igitur
975 3867 1185 3925 noster,
1213 3859 1283 3915 ab
1316 3859 1423 3916 hoc
1479 3860 1641 3915 enim
1669 3860 1976 3926 ordiemur,
2007 3865 2053 3923 Α
2082 3871 2192 3918 tem
2221 3870 2471 3916 nostrum
2495 3861 2895 3917 circaexordia
2925 3859 3270 3932 principatus
3297 3861 3590 3920 Theodosii
3614 3863 3672 3921 in

393 3948 633 4020 patriam
655 3948 848 4004 habuit
865 3948 1416 4023 Constantinopolim.
1442 3950 1561 4019 Ipse
1586 3960 1738 4007 certe
1764 3952 1820 4007 in
1840 3952 1983 4007 libro

394 4041 594 4112 quinto
624 4040 880 4097 Historia
906 4041 1313 4107 ecclesiastica,
1337 4056 1458 4112 cap.
1482 4041 1573 4111 24,
1597 4058 1656 4098 se
1688 4043 1744 4098 in
1764 4059 1831 4099 ea
1847 4044 1984 4099 urbe

400 4143 588 4189 natum
629 4142 798 4205 atque
826 4134 1125 4191 educatum
1158 4133 1329 4191 fuisse
1373 4142 1639 4201 testatur,
1655 4144 1713 4191 et
1748 4136 1821 4192 ob
1860 4152 1981 4192 eam

400 4240 622 4282 causam
663 4241 757 4283 res
784 4227 908 4284 illas
941 4227 1218 4299 pracipue
1253 4242 1746 4294 commemorasse,
1771 4244 1893 4299 qua
1927 4230 1982 4285 in

398 4332 469 4372 ea
504 4317 718 4375 civitate
745 4319 1084 4376 acciderant.
1117 4318 1503 4376 Grammaticas
1532 4319 1672 4375 artis
1693 4321 1985 4392 praceptis

394 4409 689 4467 institutus
704 4419 812 4477 est,
836 4411 1136 4467 admodum
1171 4412 1514 4477 adolescens,
1544 4412 1615 4468 ab
1647 4412 1896 4469 Helladio
1927 4425 1987 4469 et

392 4497 692 4554 Ammonio
723 4500 1126 4570 grammaticis,
1161 4501 1259 4573 qui
1290 4509 1421 4558 tunc
1475 4502 1619 4559 forte
1652 4502 1985 4559 Alexandria

394 4589 641 4660 profugi,
678 4589 1211 4663 Constantinopolim
1254 4608 1312 4648 se
1358 4603 1707 4664 receperant.
1734 4592 1983 4650 Causam

396 4697 535 4737 vero
565 4696 668 4737 cur
700 4683 1040 4753 grammatici
1072 4684 1150 4738 illi
1174 4684 1505 4741 Alexandria
1540 4685 1918 4757 migraverint,
1938 4687 1982 4741 si

392 4772 526 4842 quis
561 4774 704 4828 scire
747 4773 1050 4841 desiderat,
1092 4790 1214 4830 eam
1257 4775 1498 4833 inveniet
1539 4777 1767 4832 relatam
1801 4794 1831 4832 a
1881 4777 1983 4833 So-

394 4872 553 4918 crate
587 4863 643 4918 in
668 4863 764 4919 lib.
786 4881 842 4931 v,
872 4882 992 4935 cap.
1021 4866 1109 4922 i6.
1132 4866 1269 4922 Nam
1303 4883 1430 4923 cum
1466 4868 1664 4938 templa
1696 4868 1984 4939 gentilium

392 4952 684 5010 destructa
711 4965 899 5012 essent
924 4957 1292 5023 Alexandria,
1317 4974 1451 5015 cura
1485 4975 1549 5015 ac
1586 4961 1772 5017 studio
1808 4962 1986 5019 Theo-

394 5044 562 5115 phili,
605 5046 761 5102 urbis
797 5047 944 5105 illius
975 5050 1242 5121 episcopi,
1268 5050 1552 5107 Helladius
1583 5060 1641 5106 et
1666 5052 1987 5111 Ammonius

392 5136 783 5205 grammatici,
806 5153 1042 5208 quorum
1071 5139 1210 5194 alter
1232 5139 1405 5205 Jovis,
1435 5141 1575 5196 alter
1608 5140 1763 5197 Simii
1801 5159 1984 5201 sacer-

2086 3954 2265 4009 lucem
2295 3952 2504 4008 editum
2531 3952 2724 4007 fuisse.
2762 3951 2974 4024 Quippe
2997 3954 3159 4024 pueri
3181 3969 3326 4015 anno
3354 3954 3532 4009 atatis
3559 3958 3671 4012 cir-

2086 4042 2225 4099 citer
2253 4041 2469 4097 decimo
2492 4041 2634 4097 tradi
2668 4042 2922 4098 solebant
2957 4042 3328 4114 grammaticis
3360 4044 3669 4103 erudiendi.

2087 4133 2217 4189 Post
2260 4133 2378 4190 hac
2428 4132 2685 4190 Socrates
2736 4134 3071 4189 rhetoricam
3113 4133 3307 4189 didicit
3346 4135 3451 4189 sub
3487 4135 3674 4191 Troilo

2086 4226 2354 4297 sophista,
2399 4228 2495 4298 qui
2547 4242 2647 4298 per
2700 4226 2757 4281 id
2810 4234 3028 4297 tempus
3077 4241 3290 4282 summa
3337 4242 3463 4282 cum
3509 4227 3674 4283 laude

2086 4317 2455 4386 eloquentiam
2505 4317 2739 4373 docebat
2783 4316 3288 4386 Constantinopoli.
3335 4318 3395 4371 ld
3446 4319 3673 4389 quidem

2087 4408 2293 4463 diserte
2325 4423 2437 4462 non
2476 4406 2610 4462 dicit
2654 4406 2909 4463 Socrates
2949 4414 3157 4460 noster.
3196 4407 3400 4462 Verum
3453 4425 3521 4464 ex
3552 4412 3676 4483 ejus

2087 4499 2273 4554 verbis
2301 4505 2546 4553 attentus
2582 4512 2648 4553 ac
2690 4497 2924 4569 diligens
2953 4497 3127 4553 lector
3163 4499 3310 4554 istud
3350 4501 3498 4571 quod
3535 4503 3670 4571 dixi,

2087 4589 2248 4645 facile
2273 4587 2513 4659 colliget.
2544 4587 2732 4644 Toties
2755 4587 2927 4654 enim,
2964 4597 3185 4659 tamque
3224 4589 3525 4647 honoriﬁce
3553 4594 3675 4665 ejus

2087 4680 2426 4736 mentionem
2467 4678 2620 4745 facit,
2656 4686 2717 4734 ut
2749 4680 3012 4750 magistro
3042 4680 3307 4737 Minerval
3340 4684 3551 4740 solvere
3588 4686 3671 4739 vi-

2088 4772 2304 4827 deatur.
2333 4770 2470 4825 Nam
2509 4777 2568 4826 et
2591 4771 2825 4841 patriam
2854 4772 2975 4841 ejus
3017 4772 3287 4837 nominat,
3316 4772 3485 4830 Siden
3512 4775 3672 4830 Pam-

2089 4862 2317 4934 phylia;
2343 4861 2574 4932 ejusque
2600 4859 2902 4935 discipulos
2930 4872 3327 4920 commemorat
3355 4865 3501 4919 haud
3534 4882 3672 4936 pan—

2088 4976 2204 5025 cos,
2247 4958 2549 5014 Eusebium
2588 4957 2803 5014 scilicet
2835 4955 3260 5026 Scholasticum,
3300 4967 3355 5014 et
3393 4959 3671 5015 Silvanum

2088 5061 2252 5123 atque
2272 5049 2567 5106 Ablabium
2585 5048 2894 5119 episcopos.
2914 5049 3164 5119 Denique
3184 5050 3244 5105 in
3266 5051 3411 5106 libro
3436 5051 3673 5122 septimo

2088 5142 2442 5198 Anthemium
2507 5140 2829 5211 prafectum
2887 5140 3167 5210 praetorio,
3221 5141 3316 5211 qui
3364 5142 3673 5197 Theodosio

392 5222 504 5278 dos
554 5232 681 5278 erat
721 5205 1097 5292 Alexandria,
1133 5229 1522 5285 contumeliam
1568 5231 1710 5287 hanc
1754 5232 1985 5288 deorum
2018 5205 2059 5260 Β
2090 5234 2318 5291 Juniore
2361 5205 2544 5287 adhuc
2585 5246 2759 5301 puero
2796 5205 3191 5302 rempublicam
3234 5205 3673 5295 administrabat,

391 5331 632 5370 suorum
652 5331 795 5388 agre
828 5316 1090 5385 ferentes,
1117 5319 1306 5375 relicta
1330 5321 1465 5378 urbe
1492 5322 1822 5378 Alexandria
1844 5323 1986 5379 Con-

390 5409 814 5479 stantinopolim
842 5411 1095 5482 profecti,
1117 5412 1458 5469 domicilium
1483 5430 1643 5470 suum
1679 5415 1792 5470 illic
1819 5417 1986 5472 collo-

390 5507 620 5556 carunt.
671 5501 846 5558 Porro
904 5504 1193 5575 gentilium
1241 5507 1442 5578 templa
1496 5505 1841 5562 Alexandria:
1885 5507 1985 5563 de-

388 5597 612 5647 structa
631 5600 761 5647 sunt
782 5593 1021 5650 Timasio
1040 5605 1097 5651 et
1116 5596 1377 5653 Promoto
1397 5596 1737 5667 consulibus,
1763 5605 1822 5652 ut
1846 5598 1985 5653 scri-

392 5680 480 5737 bit
510 5680 870 5739 Marcellinus
894 5685 950 5739 in
971 5684 1268 5755 Chronico,
1300 5688 1395 5758 qui
1419 5703 1597 5742 annus
1620 5696 1741 5743 erat
1765 5686 1991 5743 undeci—

389 5787 521 5828 mus
556 5770 909 5845 impcratoris
933 5772 1246 5832 Theodosii.
1280 5776 1359 5832 Ex
1393 5793 1502 5848 quo
1531 5784 1766 5852 apparet.
1796 5776 1992 5834 Socra-

2095 5326 2266 5381 Troili
2289 5323 2548 5394 sophista
2573 5320 2823 5378 consiliis
2838 5323 3115 5394 pracipue
3142 5338 3299 5378 usum
3317 5339 3438 5378 esse
3461 5323 3673 5378 scribit.

2093 5416 2197 5475 Ubi
2233 5416 2403 5473 etiam
2445 5414 2602 5469 illum
2635 5413 2741 5469 hoc
2780 5422 3011 5469 exornat
3050 5412 3261 5484 elogio:
3295 5414 3355 5476 ὃς
3398 5411 3538 5482 μετὰ
3577 5415 3677 5481 τῆς

2093 5508 2261 5581 οὔσης
2283 5506 2433 5578 αὐτῷ
2459 5505 2775 5576 φιλοσοφίας
2801 5505 2905 5578 (sic
2928 5506 3079 5561 enim
3110 5503 3467 5560 scribendum
3484 5513 3590 5569 est,
3618 5514 3678 5560 ut

2095 5600 2151 5655 in
2184 5598 2485 5671 appendice
2526 5596 2947 5653 annotationum
2987 5594 3231 5665 monui),
3263 5594 3358 5647 καὶ
3397 5594 3540 5647 κατὰ
3579 5594 3677 5665 τὴν

2092 5684 2375 5754 πολιτικὴν
2409 5683 2674 5754 φρόνησιν
2714 5682 2793 5753 τῷ
2839 5683 3106 5754 Ἀνθεμίῳ
3147 5680 3442 5752 ἐφάμιλλος
3483 5680 3574 5756 ἦν·
3620 5684 3674 5738 id

2093 5787 2208 5835 est:
2251 5778 2339 5848 qui
2366 5785 2557 5848 pra’ter
2582 5773 2965 5847 philosophiam
2992 5790 3109 5843 qua’
3132 5775 3184 5827 in
3227 5775 3336 5845 ipso
3364 5776 3563 5842 inerat,
3597 5776 3673 5830 εἰη
