4046 6204
382 242 449 297 l9
1629 243 1717 297 nr;
1757 214 1915 298 an
1954 242 2041 297 ET
2082 242 2395 299 scrupus
3560 237 3630 295 eo

379 357 565 411 vilium
591 370 791 425 quqque
814 370 997 408 rerum
1020 353 1300 426 prudentia
1323 371 1423 427 par
1449 356 1725 413 Anthemio
1745 376 1852 414 esse
1876 362 1954 415 vi—
1985 365 2026 420 Α
2060 358 2315 414 Socrates
2359 357 2655 414 Historiam
2677 370 2832 411 suam
2852 352 3240 424 conscripserit
3266 361 3390 425 post
3420 355 3631 412 obitum

378 452 616 504 dabatur.
641 448 737 503 His
755 446 1061 502 rationibus
1083 446 1373 512 adductus,
1392 446 1671 503 Socratem
1702 459 1957 505 nostrum

377 542 435 595 in
480 536 755 595 rhetorica
793 539 977 595 Troilo
1036 538 1300 610 magistro
1352 554 1510 594 usum
1556 539 1724 595 fuisse
1767 542 1955 596 existi—

375 634 541 688 mavi.
575 634 777 688 Verum
817 634 884 689 de
927 634 1031 690 hac
1070 650 1133 690 re
1168 634 1547 705 unusquisque
1584 651 1685 706 pro
1723 637 1953 692 arbitrio

377 740 476 779 suo
512 732 731 781 statuet.
756 724 1053 782 Sciendum
1074 740 1239 798 porro
1262 735 1365 791 cst,
1393 734 1609 782 veteres
1629 743 1736 782 non
1756 728 1951 799 raptim

376 830 440 869 ac
482 826 862 885 properanter,
910 817 1054 873 sicut
1098 833 1247 872 nunc
1296 815 1415 872 ﬁeri
1457 817 1617 885 solet,
1656 818 1752 874 sed
1791 819 1954 891 longo

375 906 672 961 admodum
728 917 975 980 tempore
1040 909 1368 981 eloquentia:
1430 924 1654 981 operam
1714 911 1952 967 dedisse.

375 997 541 1053 Certe
581 998 878 1072 Gregorius
916 1001 1296 1057 Nazianzenus
1342 1002 1398 1057 in
1441 1000 1698 1058 Carmine
1730 1003 1799 1059 de
1842 1002 1954 1058 vita

376 1104 473 1142 sua
492 1097 743 1152 testatur,
788 1107 846 1146 se
879 1108 1025 1147 anno
1051 1093 1228 1149 anatis
1277 1093 1555 1149 tricesimo
1578 1095 1810 1151 Athenis
1844 1096 1957 1151 dis-

376 1180 626 1244 cessisse,
658 1197 783 1235 cum
828 1182 884 1236 in
920 1198 985 1237 ea
1038 1184 1173 1237 urbe
1204 1185 1458 1239 oratoriae
1503 1185 1637 1241 artis
1683 1195 1954 1258 praecepta

376 1268 677 1324 didicisset.
733 1272 863 1327 Post
888 1272 1005 1327 haec
1037 1272 1293 1329 Socrates
1339 1275 1530 1329 relicta
1565 1275 1735 1331 Troili
1769 1277 1954 1333 schola

376 1357 445 1411 ad
473 1358 652 1413 forum
684 1374 741 1415 se
775 1362 1027 1426 contulit,
1052 1369 1109 1417 et
1140 1378 1334 1418 causas
1363 1364 1611 1419 actitavit
1645 1365 1959 1420 Constanti-

376 1447 582 1516 nopoli.
603 1449 757 1505 Unde
791 1460 1213 1522 cognomentum
1241 1454 1473 1523 adeptus
1502 1463 1587 1509 est
1607 1454 1950 1510 Scholastici.

375 1537 468 1594 Sic
500 1540 647 1594 enim
677 1541 928 1597 advocati
964 1559 1033 1599 eo
1072 1552 1317 1615 tempore
1346 1545 1695 1612 dicebantur,
1728 1556 1791 1601 ut
1817 1547 1957 1618 jam-

2053 450 2329 505 Theodori
2367 448 2756 520 Mopsuesteni.
2789 445 2896 501 Sed
2928 446 3041 516 jam
3090 453 3306 516 tempus
3348 455 3433 502 est
3466 456 3529 502 ut
3566 449 3634 505 de

2053 542 2174 612 ejus
2194 550 2342 596 secta
2372 555 2437 596 ac
2464 539 2750 613 religione,
2786 542 2931 596 sicut
2960 538 3118 597 initio
3153 542 3383 611 polliciti
3422 557 3632 609 sumus,

2055 632 2417 702 inquiramus.

2124 722 2393 778 Baronius
2409 722 2631 793 quidem
2663 722 2717 777 in
2740 722 3064 786 Annalibus,
3095 734 3151 778 et
3180 724 3468 798 Philippus
3496 724 3637 779 Lab-

2052 812 2204 869 bteus
2237 812 2294 867 in
2317 813 2460 868 libro
2490 813 2567 869 De
2605 813 2969 885 scriptoribus
2997 814 3402 879 ecclesiasticis,
3443 815 3636 872 Socra-

2055 912 2163 962 tem
2215 912 2466 961 nostrum
2511 906 2661 961 secta
2699 906 3062 962 Novatianum
3110 907 3281 963 fuisse
3337 907 3631 964 aﬂirmant.

2052 994 2201 1049 ide’m
2235 995 2398 1051 etiam
2437 1006 2563 1053 ante
2594 996 2714 1052 illos
2746 998 2962 1053 censuit
2988 997 3335 1069 Nicephorus
3370 999 3425 1053 in
3454 1016 3636 1071 prom-

2054 1087 2165 1141 mio
2192 1086 2445 1142 Historia:
2476 1087 2877 1153 ecclesiastica,
2915 1087 3001 1145 his
3021 1089 3205 1146 verbis
3231 1108 3244 1145 :
3285 1092 3314 1144 ὁ
3342 1091 3441 1162 τὴν
3469 1109 3635 1162 προσ-

2053 1177 2302 1249 ηγορίαν,
2341 1178 2404 1232 οὐ
2447 1178 2552 1248 μὴν
2579 1177 2637 1231 δέ
2670 1194 2734 1247 γε
2771 1179 2864 1232 καὶ
2894 1178 2994 1249 τὴν
3035 1180 3353 1252 προαίρεσιν
3396 1181 3632 1253 καθαρὸς

2052 1268 2368 1339 Σωκράτης.
2399 1268 2457 1323 ld
2478 1278 2594 1324 est:
2620 1277 2670 1322 et
2699 1270 2742 1323 is
2776 1270 2867 1340 qui
2888 1271 3190 1340 cognomine
3210 1272 3420 1343 quidem
3444 1273 3632 1328 Καθα-

2057 1360 2168 1430 ρός.
2188 1360 2280 1415 sed
2302 1362 2481 1414 animo
2516 1362 2691 1415 minus
2719 1377 2850 1431 puro
2888 1361 3009 1431 fuit,
3041 1359 3304 1420 Socrates.
3336 1363 3492 1430 Quod
3519 1379 3630 1419 non

2052 1448 2129 1503 ita
2153 1448 2532 1520 accipiendum
2556 1458 2660 1514 est,
2684 1451 2837 1519 quasi
2862 1450 3116 1507 Socrates
3148 1453 3406 1524 Καθαρός
3426 1469 3631 1525 cogno-

2052 1541 2293 1595 minatus
2325 1539 2416 1605 sit,
2451 1540 2549 1596 sed
2578 1548 2640 1595 ut
2674 1541 3040 1597 Novatianum
3072 1543 3227 1597 illum
3265 1543 3433 1600 fuisse
3466 1545 3639 1616 signi-

372 1631 587 1701 pridem
618 1633 687 1687 ab
719 1633 843 1689 aliis
877 1634 1230 1689 observatum
1251 1642 1367 1691 est;
1399 1651 1509 1691 non
1541 1637 1687 1707 quod
1711 1638 1766 1691 in
1792 1624 1953 1693 έοιιο-
1990 1703 2019 1707 _
2055 1629 2267 1686 ﬁcetur.
2295 1630 2433 1686 Nam
2464 1630 2751 1685 Novatiani
2787 1646 2846 1686 se
2878 1632 3132 1688 catharos
3168 1634 3531 1705 appellabant,
3570 1644 3631 1691 ut

375 1724 457 1779 las
496 1725 652 1781 relati
703 1732 922 1792 essent,
966 1727 1062 1782 sed
1115 1729 1245 1798 quia
1284 1730 1516 1799 juvenes
1555 1744 1623 1784 ex
1666 1730 1942 1786 rhetorum

2055 1717 2215 1774 docet
2231 1734 2403 1774 canon
2425 1726 2652 1775 octavus
2672 1720 2890 1776 concilii
2922 1721 3150 1777 Nicaeni.
3182 1703 3332 1778 Iidem
3361 1725 3631 1795 Nicepho-

376 1815 577 1871 scholis
606 1816 860 1887 profecti,
879 1827 1052 1873 artem
1080 1818 1223 1874 hanc
1250 1819 1669 1889 profitebantur.
1707 1820 1950 1877 Tandem

373 1920 507 1961 vero
545 1907 756 1977 abjecta
794 1908 1151 1973 causidicina,
1190 1909 1257 1963 ad
1296 1910 1642 1965 scribendam
1697 1911 1953 1967 ecclesia-

374 1996 567 2051 sticam
589 1997 883 2053 Historiam
905 1997 1147 2053 animum
1169 2015 1331 2054 suum
1353 1999 1634 2071 applicuit.
1651 2000 1767 2067 Qua
1791 2002 1847 2057 in
1868 2019 1947 2067 re,

370 2086 668 2157 et-judicio
690 2095 747 2141 et
772 2087 1054 2159 diligentia
1085 2103 1219 2144 usus
1249 2096 1335 2144 est
1378 2089 1663 2160 singulari.
1699 2091 1778 2145 Ac
1798 2091 1953 2161 judi-

377 2175 524 2234 cium
554 2178 798 2247 quidem,
824 2178 1108 2234 declarant
1137 2180 1549 2237 observationes
1571 2197 1637 2237 ae
1662 2182 1950 2238 sententiae

371 2267 574 2337 passim
614 2268 670 2323 in
702 2268 860 2327 libris
884 2272 1009 2342 ejus
1034 2271 1287 2326 intextae:
1322 2272 1545 2341 quibus,
1574 2287 1699 2328 meo
1718 2273 1947 2345 quidem

367 2356 597 2427 judicio,
623 2359 762 2414 nihil
804 2368 891 2415 est
935 2360 1226 2416 illustrius.
1253 2362 1603 2433 Diligentiam
1635 2378 1786 2427 vero,
1822 2377 1947 2418 cum

371 2446 485 2502 alia
501 2450 670 2505 multa
693 2458 984 2517 testantur,
1009 2460 1124 2506 tum
1154 2451 1287 2507 illud
1314 2452 1608 2523 imprimis,
1632 2453 1779 2523 quod
1813 2462 1948 2509 tem-

370 2553 567 2607 porum
632 2549 854 2605 notam,
896 2541 950 2595 id
995 2550 1082 2596 est
1132 2542 1457 2598 consulatus
1506 2552 1565 2598 et
1611 2543 1948 2615 olympiadas

369 2643 747 2698 saepenumero
785 2632 1029 2702 apponit,
1063 2635 1366 2702 praesertim
1394 2634 1492 2689 ubi
1543 2649 1634 2690 res
1682 2636 1946 2705 quasdam

369 2721 595 2791 majoris
622 2723 889 2778 momenti
917 2734 1328 2781 commemorat.
1364 2726 1554 2797 Neque
1589 2742 1724 2782 vero
1761 2727 1945 2784 Histo-

370 2812 507 2867 riam
529 2829 685 2869 suam
710 2816 1048 2885 negligenter
1077 2832 1145 2870 ac
1172 2818 1364 2887 supine
1387 2819 1728 2887 conscripsit,
1756 2835 1947 2887 quem-

367 2904 663 2960 admodum
712 2904 944 2964 Ruﬁnus
986 2904 1377 2973 Aquileiensis,
1426 2906 1521 2975 qui
1576 2906 1725 2961 duos‘
1770 2907 1945 2962 libros

2054 1825 2151 1865 rus
2181 1810 2239 1865 in
2282 1810 2425 1865 libro
2461 1826 2519 1874 ιι,
2563 1811 2743 1882 capite
2783 1813 2872 1877 M,
2896 1813 2973 1868 ita
3017 1813 3212 1869 scribit
3249 1815 3318 1869 de
3350 1815 3574 1871 Socrate
3611 1834 3626 1871 :

2052 1900 2179 1954 Haec
2211 1900 2310 1954 sibi
2344 1903 2649 1955 renuntiata
2677 1917 2788 1955 esse
2828 1900 3071 1957 Socrates
3103 1903 3220 1974 (qui
3260 1904 3353 1958 hoc
3383 1903 3492 1959 loco
3525 1922 3629 1960 non

2054 1991 2334 2045 abhorrere
2375 2005 2433 2044 se
2456 2006 2495 2044 α
2527 1989 2947 2045 Νουαιὶαηονιιηι
2994 1993 3248 2047 institutis
3289 1994 3471 2064 palam
3518 2012 3628 2066 pra:

2049 2099 2106 2139 se
2124 2083 2253 2153 fert)
2276 2099 2313 2136 α
2337 2098 2463 2137 sene
2484 2070 2728 2153 quodam
2749 2083 2947 2149 scribit,
2974 2092 3083 2139 etc.
3108 2083 3221 2141 Cur
3243 2093 3424 2141 autem
3453 2086 3629 2144 Nova-

2051 2176 2234 2232 tianus
2259 2189 2291 2230 ιι
2312 2175 2602 2246 plerisque
2628 2174 2852 2231 habitus
2870 2175 2949 2230 sit
2983 2174 3239 2231 Socrates
3264 2186 3470 2243 noster,
3493 2193 3625 2233 cau-

2051 2282 2125 2324 sa
2151 2283 2255 2325 nec
2278 2282 2464 2340 paucae
2486 2278 2637 2333 sunt,
2662 2283 2766 2324 nec
2782 2268 2951 2323 leves.
2972 2255 3231 2324 Primum
3252 2270 3400 2325 enim
3424 2272 3625 2328 seriem

2047 2359 2433 2429 episcoporum
2493 2356 2919 2413 Novatianon
2936 2398 2951 2421 ,
3008 2356 3104 2427 qui
3152 2357 3631 2430 Constantinopoli

2047 2448 2336 2507 ecclesiam
2375 2446 2596 2506 illorum
2637 2450 2836 2504 retere
2863 2449 2985 2519 jam
3037 2448 3164 2504 inde
3208 2462 3241 2504 ιι
3282 2448 3628 2505 Constantini

2051 2537 2411 2608 temporibus,
2440 2537 2734 2609 diligenter
2762 2532 3176 2604 commemorat,
3214 2540 3627 2596 notatis‘etiam

2049 2626 2389 2692 consulibus,
2413 2627 2617 2699 quibus
2654 2628 2858 2701 singuli
2902 2643 2970 2683 ex
3006 2625 3110 2683 hac
3144 2628 3265 2684 luce
3293 2628 3621 2701 migrarunt.

2046 2717 2253 2778 Deinde
2278 2733 2728 2789 unumquemque
2761 2735 2957 2776 eorum
2993 2720 3223 2775 suum
3255 2719 3418 2775 elert
3446 2718 3622 2776 laudi-

2048 2804 2170 2869 bus,
2204 2807 2476 2876 praecipue
2501 2805 2752 2877 Agelium
2778 2822 2844 2862 ac
2867 2807 3190 2874 Sisinnium,
3216 2807 3619 2881 Chrysantbum

2044 2909 2109 2953 ac
2136 2896 2385 2953 Paulum.
2416 2896 2589 2968 Cujus
2612 2897 2779 2953 etiam
2799 2901 3061 2969 precibus
3084 2901 3420 2958 miraculum
3444 2901 3622 2972 quod-

370 2995 627 3051 Historia:
662 2968 1084 3060 ecclesiasticae,
1131 3011 1271 3065 quos
1594 2996 1942 3055 Caesariensis

2045 2984 2170 3047 dam
2191 2996 2566 3060 perpetratum
2590 3004 2713 3045 esse
2724 2968 2925 3046 scribit
2938 2990 3433 3064 Constanﬁquoii.

368 3084 526 3147 libris
550 3084 804 3149 attexuit,
819 3084 1142 3139 memoriter
1158 3084 1294 3140 mihi
1309 3085 1529 3141 videtur
1548 3089 1940 3158 composuisse.

2047 3090 2154 3145 que
2178 3084 2375 3133 cuncta
2401 3093 2524 3149 qua!
2554 3079 2625 3139 ad
2650 3088 2855 3136 sectam
2869 3081 3298 3138 Novatianoan
3324 3085 3620 3155 pertinent,

368 3176 553 3247 Longe
588 3174 746 3230 aliter
774 3173 1027 3231 Socrates
1067 3184 1278 3250 noster,
1300 3176 1395 3245 qui
1429 3176 1754 3247 conquisitis
1776 3179 1942 3235 undi-

2048 3178 2194 3231 tanta
2220 3186 2357 3230 cura
2381 3186 2448 3230 ac
2472 3171 2755 3244 diligentia
2800 3175 3177 3245 persequitur,
3202 3183 3266 3230 ut
3294 3175 3425 3231 huic
3459 3185 3623 3232 secta;

366 3280 485 3337 que
514 3266 737 3336 optimis
774 3266 1166 3331 monumentis,
1206 3266 1261 3321 id
1298 3274 1407 3331 est,
1441 3267 1689 3337 epistolis
1723 3269 1944 3325 antisti-
2043 3266 2297 3325 addictus
2320 3266 2489 3323 fuisse
2513 3266 2786 3325 videatur.
2803 3267 3007 3323 Uerum
3034 3267 3083 3322 si
3111 3268 3374 3338 quishmc
3391 3284 3622 3325 aecum-

370 3368 508 3423 tum,
545 3357 682 3413 actis
720 3356 1107 3429 synodalibus,
1152 3364 1211 3414 et
1250 3357 1410 3414 libris
1450 3358 1943 3419 eeclesiastieorum
2046 3358 2157 3435 tius
2183 3356 2497 3417 examinare
2523 3355 2783 3424 voluerit,
2804 3355 3029 3413 nihil-in
3065 3358 3154 3415 his
3198 3358 3442 3429 reperiet
3474 3358 3621 3431 quod

370 3447 721 3517 scriptorum,
751 3461 822 3501 ex
860 3460 1057 3500 eorum
1097 3445 1204 3507 [ide
1229 3444 1525 3502 Historiam
1561 3463 1715 3505 suam
1755 3450 1947 3507 elucu-

370 3538 566 3593 bravit.
593 3537 841 3608 Cumque
866 3537 920 3591 in
947 3538 1125 3607 prima
1153 3537 1397 3598 editione
1421 3538 1606 3609 operis
1643 3540 1751 3603 sui,
1786 3539 1941 3595 Ruti-

368 3644 499 3684 num
520 3637 760 3695 secutus,
784 3629 1050 3701 synodum
1074 3629 1199 3701 Tyri
1220 3638 1278 3685 et
1298 3628 1683 3700 relegationem
1701 3630 1940 3685 Athana-

369 3720 435 3780 sii
476 3719 531 3773 in
572 3718 794 3785 Gallias,
827 3718 1137 3788 principatu
1180 3717 1485 3774 Constantii
1517 3718 1744 3790 Augusti
1795 3728 1942 3775 retu-

367 3812 539 3877 lisset,
566 3810 724 3865 lectis
762 3817 950 3881 postea
978 3809 1262 3866 Athanasii
1300 3810 1458 3867 libris
1495 3827 1739 3868 errorem
1780 3830 1939 3869 suum

368 3902 773 3959 animadvertit.
801 3902 981 3968 Quare
1013 3894 1239 3958 necesse
1277 3903 1474 3957 habuit
1503 3918 1699 3958 novam
1736 3905 1937 3961 editio-

367 4009 491 4049 nem
532 3993 787 4057 liistoriae
820 4008 932 4047 suae
961 3993 1269 4056 instituere,
1308 3991 1362 4047 in
1403 4009 1509 4063 qua
1549 4001 1666 4047 tum
1696 4004 1937 4050 erratum

367 4085 501 4141 illud
530 4085 673 4155 quod
713 4084 861 4148 dixi,
895 4082 1241 4149 emendavit;
1271 4091 1386 4138 tum
1416 4084 1521 4139 alia
1558 4084 1805 4154 quaedam
1845 4086 1940 4140 ad-

361 4178 511 4246 jecit,
556 4192 677 4245 quae
726 4175 784 4230 in
837 4176 1020 4246 priore
1071 4174 1311 4230 editione
1358 4175 1833 4243 desiderabantur,
1877 4186 1939 4232 ut

367 4266 480 4335 ipse
509 4272 738 4319 testatur
758 4264 812 4319 in
845 4263 1115 4335 principio
1142 4264 1271 4319 libri
1304 4264 1550 4319 secundi.
1601 4265 1681 4319 Ex
1704 4279 1815 4334 quo
1844 4280 1936 4334 ap-

2046 3448 2327 3505 Socratem
2387 3454 2638 3505 nostrum
2688 3446 3051 3509 Novatianum
3094 3448 3263 3511 fuisse
3310 3452 3617 3507 convincat.

2044 3537 2180 3592 Nam
2219 3546 2276 3592 et
2316 3536 2647 3597 Arianorum
2687 3538 2975 3609 episcopos
3008 3540 3104 3609 qui
3148 3540 3618 3614 Constantinopoti

2043 3626 2329 3683 ecclesiam
2381 3626 2599 3682 illorum
2643 3618 3125 3694 administramnt,
3171 3632 3289 3701 pari
3341 3631 3619 3703 diligentia

2042 3728 2370 3774 enumerat:
2412 3735 2515 3780 nec
2550 3727 2730 3774 tamen
2760 3720 2966 3776 idcirco
2999 3721 3238 3778 Arianus
3277 3722 3445 3780 fuisse
3483 3724 3621 3779 dici-

2038 3820 2152 3865 tur.
2181 3811 2390 3867 Cuncta
2435 3810 2601 3869 etiam
2646 3826 2767 3881 qua:
2808 3811 3027 3868 Arianis
3069 3822 3126 3869 et
3166 3814 3522 3871 Eunomianis
3553 3831 3618 3871 ac

2042 3901 2441 3959 Macedonianis
2468 3901 2815 3972 contigerunt
2847 3900 3341 3975 Constantinopoli,
3361 3921 3472 3962 non
3509 3906 3616 3961 mi-

2041 4006 2175 4045 norc
2208 3992 2393 4045 studio
2433 3991 2643 4055 retulit,
2669 4006 2831 4061 quam
2863 4008 2985 4062 qum
3020 3993 3341 4050 Novatianis
3370 4000 3614 4068 contige-

2040 4087 2187 4133 runt.
2211 4079 2616 4151 Cujusquidem
2650 4082 2729 4137 rei
2752 4082 2871 4152 ipse
2894 4081 3163 4138 rationem
3192 4084 3374 4147 reddit
3396 4088 3449 4140 in
3472 4085 3616 4140 libro

2039 4169 2253 4239 quinto,
2295 4185 2414 4240 cap.
2471 4170 2563 4237 24,
2610 4171 2704 4225 ubi
2761 4172 2951 4228 scribit
3002 4173 3056 4228 id
3111 4173 3216 4231 sibi
3270 4176 3613 4245 propositum

2040 4260 2228 4324 fuisse,
2260 4269 2321 4314 ut
2354 4275 2416 4315 ca
2449 4260 2795 4331 potissimum
2829 4274 3289 4321 commemoraret
3326 4278 3446 4333 quae
3472 4262 3615 4315 Con-

365 4364 518 4426 paret
542 4357 730 4426 quanti
779 4372 807 4412 a
847 4357 1007 4411 nobis
1033 4356 1278 4412 facienda
1312 4356 1382 4412 sit
1411 4356 1528 4412 hare
1566 4355 1805 4412 Socratis
1836 4357 1933 4412 Hi-
1966 4360 2011 4414 ι)
2039 4352 2401 4423 stantinopoli
2422 4354 2753 4420 acciderant,
2789 4362 2904 4410 tum
2938 4355 3086 4426 quod
3117 4356 3231 4422 ipse
3275 4353 3329 4404 in
3374 4366 3436 4403 ea
3473 4348 3615 4400 urbe

364 4448 552 4512 storia,
580 4448 667 4501 cui
701 4447 935 4516 scriptor
963 4448 1077 4515 ipse
1110 4447 1358 4502 ultimam
1397 4463 1616 4502 manum
1659 4449 1927 4505 adhibuit.

363 4539 423 4598 lu
484 4536 770 4591 scribenda
825 4541 1006 4588 autem
1076 4534 1312 4588 llistoria
1363 4551 1494 4589 usus
1545 4544 1629 4589 est
1684 4537 1934 4594 Socrates

364 4630 501 4700 stylo
526 4626 756 4696 simplici
773 4633 935 4694 atque
956 4624 1370 4694 abjecto,idque
1390 4623 1459 4677 de
1494 4623 1760 4677 industria
1778 4663 1793 4686 ,
1824 4641 1933 4693 quo

362 4714 430 4767 ab
446 4712 703 4768 omnibus
730 4710 943 4765 facilius
977 4707 1208 4778 intelligi
1231 4712 1434 4778 posset,
1452 4714 1515 4760 ut
1543 4705 1658 4774 ipse
1701 4713 1932 4761 testatur

363 4807 416 4859 in
439 4804 667 4859 exordio
686 4801 812 4856 libri
837 4799 996 4871 primi
1025 4812 1090 4853 ac
1102 4798 1271 4852 tertii.
1290 4797 1435 4852 Illud
1453 4797 1600 4853 enim
1617 4798 1847 4853 sublime
1875 4805 1933 4853 et

363 4902 614 4949 ornatum
654 4891 871 4949 dicendi
903 4905 1077 4963 genus
1108 4888 1450 4959 panegyricis
1492 4888 1677 4959 potius
1722 4888 1929 4943 oratio-

362 4987 526 5042 nibus
552 5000 714 5056 quam
754 4998 940 5039 rerum
985 4981 1479 5039 ecclesiasticarum
1529 4980 1773 5036 historia:
1795 4992 1927 5036 con—

370 5075 556 5134 venire
572 5073 922 5135 existimavit.
936 5073 1109 5131 Porro
1124 5071 1420 5126 Historiam
1431 5085 1582 5125 suam
1594 5070 1930 5140 nuncupavit

361 5164 648 5222 Theodoro
681 5165 896 5220 cuidam
915 5205 930 5229 ,
974 5178 1137 5233 quem
1171 5162 1226 5216 in
1250 5160 1519 5232 principio
1547 5159 1671 5215 libri
1705 5160 1929 5214 secundi

361 5274 576 5315 sacrum
590 5258 691 5313 Dei
730 5257 1007 5313 hominem
1029 5239 1293 5326 appellat,
1319 5253 1548 5324 perinde
1568 5267 1634 5308 ac
1659 5251 1929 5307 Eusebius

364 5361 550 5407 noster
572 5351 859 5406 Paulinum
877 5350 1195 5419 episcopum
1213 5347 1340 5419 Tyri
1357 5345 1649 5416 compellat
1682 5345 1737 5400 in
1761 5361 1924 5400 exor-

338 5442 453 5502 .dio
488 5442 617 5497 libri
650 5442 868 5498 decimi.
904 5440 1164 5507 Quisnam
1186 5448 1369 5496 autem
1390 5438 1463 5494 sit
1479 5438 1570 5492 hic
1583 5436 1927 5502 Theodorus,

363 5533 492 5593 mihi
515 5533 737 5603 quidem
758 5534 1154 5604 incompertum
1170 5539 1275 5587 est.
1298 5531 1484 5601 Neque
1506 5529 1651 5585 enim
1670 5528 1926 5585 Theodo-

362 5639 480 5678 rum
519 5625 862 5695 Mopsuestia!
904 5627 1217 5697 episcopum
1246 5641 1365 5682 esse
1408 5621 1756 5689 crediderim,
1799 5637 1922 5677 cum

2041 4444 2283 4515 degeret,
2328 4443 2383 4499 in
2415 4461 2523 4515 qua
2567 4454 2623 4499 et
2664 4453 2827 4500 natus
2869 4445 3047 4498 fuerat
3083 4449 3140 4495 et
3174 4440 3465 4502 educatus;
3492 4445 3619 4490 tum-

2037 4536 2185 4602 quod
2219 4550 2308 4587 res
2341 4535 2395 4586 in
2426 4549 2489 4587 ea
2518 4535 2741 4588 civitate
2770 4539 2936 4602 gesta:
2977 4529 3304 4585 illustriores
3344 4536 3526 4583 essent
3554 4536 3612 4581 et

2036 4622 2302 4675 memoria
2334 4621 2615 4675 hominum
2645 4621 2943 4690 digniores.
2970 4620 3130 4687 Quod
3158 4619 3203 4674 si
3238 4620 3364 4689 quis
3388 4618 3610 4689 objiciet

2030 4712 2360 4768 Arianorum
2384 4712 2670 4781 episcopos
2701 4726 2812 4766 non
2842 4712 3069 4780 perinde
3094 4710 3304 4767 laudari
3327 4726 3358 4765 a
3384 4710 3608 4765 Socrate

2031 4816 2096 4856 ac
2145 4799 2593 4864 Novatianorum,
2654 4798 2829 4854 facilis
2888 4808 2972 4855 est
3027 4800 3333 4870 responsio.
3394 4798 3608 4869 Quippe

2030 4892 2358 4948 Arianorum
2377 4892 2754 4964 episcopi,qui
2781 4900 2898 4947 tum
2934 4891 3406 4962 Constantinopoli
3440 4891 3606 4961 dege-

2031 4983 2186 5049 bant,
2227 4982 2386 5054 longe
2435 4982 2723 5039 inferiores
2751 4981 2906 5039 fuere
2953 4983 3228 5054 episcopis
3268 4982 3601 5037 Novatiano-

2028 5091 2173 5131 rum.
2210 5075 2418 5131 Horum
2444 5075 2591 5131 enim
2612 5076 2844 5131 ecclesia
2880 5092 2982 5147 per
3014 5076 3105 5131 illa
3135 5083 3384 5145 tempora
3416 5074 3608 5129 multis

2027 5184 2092 5222 ac
2133 5167 2596 5239 praestantissimis
2638 5167 3019 5223 sacerdotibus
3071 5165 3390 5221 abundavit.
3435 5165 3604 5235 [dque

2028 5258 2365 5315 Sozomenus
2407 5259 2574 5314 etiam
2622 5274 2724 5315 suo
2780 5259 3093 5314 testimonio
3148 5257 3459 5322 conﬁrmat,
3509 5253 3606 5325 qui

2027 5350 2201 5422 elogia
2237 5366 2431 5406 eorum
2465 5352 2653 5415 refert,
2693 5351 2936 5406 Socratis
2977 5349 3152 5405 nostri
3201 5349 3395 5420 elogiis
3435 5346 3606 5402 simil-

2028 5440 2175 5496 lima.
2203 5440 2471 5507 Quocirca
2495 5450 2590 5496 aut
2609 5443 2974 5497 Sozomenum
2996 5457 3218 5512 quoque
3241 5439 3601 5495 Novatianum

2028 5532 2197 5588 fuisse
2231 5533 2523 5592 dicendum
2559 5544 2662 5598 est,
2694 5544 2787 5588 aut
2818 5535 3070 5590 Socrates
3103 5544 3289 5589 noster
3318 5532 3603 5591 absolven—

2032 5625 2136 5680 dus
2185 5625 2253 5680 ab
2293 5626 2395 5681 hac
2436 5626 2726 5682 calumnia.
2769 5626 2930 5697 Atqui
2974 5634 3185 5683 constat
3236 5623 3600 5681 Sozomcnum

3056 5860 3085 5877 Χ
