4046 6204
351 282 435 339 sr
1599 267 1935 327 SOCRATIS
1970 268 2059 324 ET
2102 268 2462 327 sozonsm.
2724 248 2729 251 ’
3566 270 3649 328 2a-

347 414 473 455 non
505 393 680 451 fuisse
720 387 1108 445 Novatianum.
1149 385 1285 442 Nam
1324 392 1386 440 ut
1420 386 1672 443 omittam
1710 385 1956 441 testimo-
1982 391 2032 450 Α
2060 390 2182 443 scha
2209 390 2412 445 decima
2435 398 2630 460 quarta
2662 388 2962 457 luna,etc.,
2994 391 3111 447 hac
3130 391 3211 446 ait
3234 410 3246 445 :
3273 391 3341 447 Et
3365 393 3503 463 quod
3536 391 3638 451 So-

346 492 515 547 nium
546 483 827 543 Theodori
864 481 1146 545 Lectoris,
1183 480 1278 550 qui
1318 480 1375 535 in
1409 479 1638 549 epistola
1662 495 1827 550 quam
1856 479 1955 535 Ηί..

347 584 552 640 storire
582 594 697 634 suae
734 574 1053 645 Tripartita:
1080 572 1333 644 praefixit,
1372 587 1499 626 eum
1539 570 1956 644 μακαριώτατον

352 675 621 747 appellat,
661 670 781 739 ipse
825 668 884 721 in
933 665 1082 720 libro
1120 680 1269 719 nono
1306 663 1620 719 interfuisse
1659 680 1717 718 se
1762 660 1959 717 scribit

354 761 704 838 processioni
742 758 999 830 publica},
1034 771 1156 831 quae
1200 755 1257 809 in
1300 755 1567 811 honorem
1598 753 1961 826 quadraginta

350 834 663 927 Martyrum
692 847 1173 918 Constantinopoli
1196 846 1471 901 celebrata
1494 854 1598 908 est,
1632 844 1827 900 Proclo
1857 834 1960 900 Ec-

345 950 584 1005 clesium
611 945 768 1001 urbis
792 944 941 998 illius
970 941 1408 997 administrante.
1438 939 1517 993 Ex
1536 954 1649 1008 quo
1672 937 1958 993 manifeste

346 1038 637 1107 colligitur
684 1033 1051 1089 Sozomenum
1094 1027 1377 1099 catholica:
1426 1026 1829 1081 communionis
1856 1025 1960 1080 bo-

349 1127 565 1181 minem
596 1123 790 1183 fuisse,
817 1120 1023 1195 quippe
1061 1118 1157 1188 qui
1200 1133 1308 1172 una
1342 1132 1466 1175 cum
1500 1116 1800 1172 Catholicis
1825 1130 1961 1187 sup-

351 1212 643 1287 plicationi
666 1211 904 1283 publica:
932 1208 1264 1264 interfuerit.
1294 1207 1491 1263 Fateor
1515 1206 1735 1277 quidem
1760 1206 1959 1263 Socra—

358 1320 473 1364 tem
503 1315 761 1361 nostrum
780 1303 982 1381 favere
1012 1300 1337 1370 plerumque
1366 1297 1719 1361 Novatianis:
1748 1306 1807 1352 ut
1834 1313 1961 1353 cum

356 1400 733 1456 Novatianum
777 1403 948 1451 secta:
990 1392 1141 1447 illius
1187 1399 1468 1446 auctorem
1513 1391 1657 1445 inter
1695 1398 1962 1462 martyres

363 1499 645 1553 numerat,
683 1503 809 1543 cum
850 1485 1189 1542 Novatianos
1228 1483 1538 1539 arctissima
1580 1481 1963 1537 benevolentia

364 1583 695 1652 coniunctos
734 1578 906 1637 fuisse
936 1576 1072 1631 dicit
1106 1574 1423 1637 Catholicis,
1459 1583 1515 1628 et
1546 1590 1654 1629 una
1684 1590 1807 1628 cum
1857 1573 1964 1629 illis

372 1675 440 1727 in
479 1671 709 1726 ecclesia
736 1670 911 1725 Deum
958 1682 1183 1733 orasse;
1224 1682 1351 1721 cum
1388 1664 1611 1737 Sisinnii
1659 1666 1961 1731 orationem

384 1759 953 1828 commendat,.quam
1004 1730 1200 1813 habuit
1250 1757 1512 1813 adversus
1563 1730 1769 1815 dictum
1829 1755 1961 1810 illud
1998 1730 2037 1786 Β

372 1850 779 1921 Cbrysostomi:
817 1849 1002 1913 Etiam
1040 1851 1086 1904 si
1133 1847 1325 1904 millies
1358 1849 1721 1919 paenitentiam
1772 1849 1959 1918 egeris,

365 1944 576 1998 accede.
615 1942 819 1998 Verum
863 1941 1015 1997 aliud
1059 1949 1145 1995 est
1178 1939 1368 1995 favere
1420 1939 1761 2004 Novatianis,
1810 1938 1962 2011 aliud

361 2032 741 2091 Novatianum
785 2045 930 2085 esse.
977 2028 1171 2083 Potuit
1214 2028 1436 2098 quidem
1480 2027 1734 2083 Socrates
1776 2036 1964 2087 noster

362 2125 553 2180 favere
579 2121 924 2186 Novatianis,
960 2136 1057 2176 seu
1094 2120 1244 2190 quod
1272 2120 1682 2183 necessitudine
1709 2134 1775 2175 ac
1798 2118 1966 2185 fami-
2028 2136 2031 2139 ·

362 2216 607 2272 liaritate
644 2214 847 2271 iisdem
878 2214 1209 2283 eonjunctus
1242 2220 1415 2278 esset,
1446 2227 1543 2271 seu
1586 2210 1734 2282 quod
1764 2225 1964 2277 eorum

362 2308 716 2379 disciplinam
740 2315 907 2377 atque
923 2304 1313 2365 abstinentiam
1336 2303 1626 2373 probaret.
1639 2302 1773 2358 ‘Fuit
1793 2303 1962 2368 enim,

362 2409 639 2470 quantum
663 2398 887 2469 quidem
914 2412 983 2451 ex
1004 2397 1128 2466 ejus
1152 2394 1311 2452 libris
1346 2395 1615 2466 colligere
1650 2409 1962 2465 possumus,

367 2493 541 2563 paulo
578 2490 841 2551 severior.
883 2489 988 2547 Sed
1016 2488 1382 2553 Novatianum
1424 2489 1580 2549 illum
1606 2488 1965 2560 fuisse,,tegre

374 2584 677 2639 admodum
726 2581 861 2651 mihi
908 2581 1319 2652 persuaserim;
1364 2581 1675 2652 praesertim
1719 2597 1846 2644 cum
1896 2597 1966 2637 ex

378 2674 601 2742 aliquot
642 2671 777 2733 locis
808 2687 925 2741 qua:
957 2670 1014 2725 in
1052 2671 1175 2741 ejus
1213 2669 1456 2737 llistoria
1490 2678 1812 2735 occurrunt,
1837 2685 1968 2734 con-
1996 2658 2001 2661 ’

388 2763 624 2818 trarium
650 2762 783 2817 mihi
810 2762 990 2831 videar
1022 2760 1485 2833 deprehendisse.
1531 2760 1777 2823 Primum
1819 2759 1966 2823 enim

375 2855 439 2910 in
476 2854 629 2909 libro
644 2870 704 2917 ιι,
735 2869 848 2923 mp.
879 2853 967 2917 58,
990 2853 1119 2919 τρὺς
1146 2852 1247 2922 τῆς
1274 2849 1600 2921 Ἐκκλησίας
1640 2865 1754 2915 non
1796 2850 1966 2907 semel

370 2946 614 3016 appellat
667 2945 1010 3012 Catholicos;
1072 2959 1281 3015 eosque
1324 2943 1567 3014 opponit
1630 2942 1962 3005 Noaatianis.

2059 493 2231 538 crates
2255 483 2449 543 dicitur
2477 483 2830 546 Novatianus,
2853 480 3132 553 dupliciter
3156 485 3274 554 capi
3303 491 3486 554 potest.
3523 485 3638 541 Uno

2058 575 2198 645 quod
2225 574 2415 643 faverit
2446 575 2713 630 interdum
2741 574 3052 630 Novatianis
3079 594 3095 630 :
3120 577 3256 645 quod
3279 577 3439 631 etiam
3460 578 3639 631 scribit

2058 666 2419 721 Bellarminus
2459 668 2513 725 in
2543 666 2674 720 libro
2708 666 2787 720 De
2811 666 3153 737 scriptoribus
3189 667 3547 722 ecclesiasticis
3571 668 3640 721 ad

2061 774 2264 813 annum
2282 756 2500 812 Domini
2532 757 2658 822 440,
2689 766 2801 813 tam
2831 757 2897 810 de
2935 756 3031 812 illo
3054 773 3215 827 quam
3236 756 3301 810 de
3329 755 3635 812 Sozomeno.

2058 851 2259 916 Altero,
2287 850 2429 922 quod,
2454 852 2613 922 fuerit
2636 854 2889 906 hereseos
2912 850 3351 905 Novatianorum.
3372 850 3437 904 In
3482 853 3640 905 citato

2061 943 2270 1011 quidem
2286 942 2466 1013 capite
2504 958 2599 997 nec
2634 958 2690 997 se
2716 957 2827 997 esse
2854 940 3101 1005 ostendit,
3146 956 3240 993 nec
3278 939 3474 1010 favere.
3499 939 3641 993 Nam

2060 1042 2111 1087 et
2133 1032 2253 1088 illos
2287 1035 2574 1105 vituperat,
2600 1042 2651 1087 et
2679 1033 3027 1087 dissensiones
3064 1047 3128 1086 ac
3158 1032 3288 1085 vitia
3317 1030 3509 1100 detegit
3541 1046 3557 1083 :
3583 1038 3641 1083 ut
3668 1030 3693 1077 ς

2063 1140 2167 1178 non
2198 1125 2421 1191 amicus,
2451 1125 2543 1179 sed
2565 1125 2726 1179 hostis
2763 1123 3028 1189 videatur,
3054 1132 3147 1178 aut
3171 1133 3416 1176 neutrum
3447 1123 3640 1193 potius,

2060 1218 2155 1272 sed
2177 1220 2414 1273 ueritatis
2435 1228 2753 1272 enarrator:
2772 1216 2911 1288 quod
2927 1217 3160 1272 historici
3182 1222 3258 1271 est
3280 1232 3490 1269 munus.
3513 1215 3643 1271 Hac-

2067 1318 2228 1365 tenus
2249 1310 2318 1365 de
2349 1310 2592 1365 Socrate.
2610 1310 2769 1365 Nunc
2796 1310 2865 1366 de
2895 1309 3200 1365 Sozomeno
3220 1307 3514 1366 dicendum
3536 1316 3639 1362 est.

2133 1402 2386 1457 Hermias
2407 1401 2746 1458 Sozomenus
2779 1401 2883 1456 fuit
2920 1409 2976 1455 et
3002 1400 3117 1470 ipse
3157 1398 3468 1455 causidicus
3504 1399 3647 1457 Cou-

2064 1494 2440 1564 stantinOpoli,
2483 1494 2680 1549 iisdem
2722 1492 3066 1564 temporibus
3122 1492 3325 1562 quibus
3371 1490 3641 1546 Socrates.

2064 1584 2297 1655 Majores
2324 1585 2517 1641 habuit
2540 1601 2651 1639 non
2669 1584 2959 1655 ignobiles,
2983 1597 3135 1637 ortos
3158 1599 3225 1636 ex
3251 1580 3556 1644 Palaestina,
3578 1596 3644 1635 ex

2064 1677 2186 1731 vico
2209 1676 2447 1746 quodam
2466 1675 2845 1747 juxtaCazam
2869 1674 2963 1744 qui
2998 1672 3240 1728 Bethelia
3279 1671 3503 1728 dicitur.
3547 1672 3645 1726 llic

2064 1770 2221 1824 vicus
2266 1768 2398 1822 olim
2445 1767 2762 1825 abundabat
2812 1766 3116 1820 incolarum
3180 1764 3551 1829 multitudine,
3591 1772 3648 1817 et

2065 1862 2191 1916 fana
2238 1861 2480 1916 habebat
2532 1858 2909 1930 pulcherrima
2969 1874 3033 1913 ac
3082 1857 3475 1913 vetustissima.
3538 1855 3643 1909 Sed

2065 1968 2179 2023 prae
2203 1952 2432 2021 reliquis
2469 1951 2753 2006 Pantheon
2786 1948 3082 2014 eminebat,
3127 1948 3255 2003 colli
3296 1963 3459 2001 manu
3503 1946 3646 2012 facto

2068 2044 2410 2113 impositum,
2436 2041 2585 2112 quod
2625 2040 2776 2095 velut
2799 2056 2898 2097 arx
2921 2038 3169 2109 quaedam
3199 2046 3322 2095 erat
3366 2038 3644 2099 Betheliar,

2065 2143 2130 2189 ut
2155 2134 2353 2190 scribit
2378 2131 2718 2187 Sozomenus
2757 2129 2813 2185 iu
2836 2129 2981 2185 libro
3019 2144 3054 2183 v
3092 2126 3349 2183 Historiae
3385 2126 3641 2183 ecclesia-

2068 2226 2242 2290 sticae,
2270 2240 2391 2294 cap.
2421 2224 2507 2280 l5.
2536 2223 2618 2279 Ex
2641 2237 2709 2278 eo
2735 2222 2858 2278 vico
2888 2228 3047 2295 ortus
3068 2235 3204 2275 avus
3226 2218 3462 2274 Hermia:
3485 2217 3648 2273 Sozo—

2066 2317 2238 2383 meni,
2263 2316 2332 2371 ad
2371 2315 2579 2371 Christi
2622 2313 2786 2369 fidem
2828 2313 3096 2384 primum.
3111 2326 3411 2366 conversus
3449 2317 3534 2365 est
3578 2310 3647 2363 ab

2066 2407 2349 2463 Hilarione
2397 2405 2687 2462 monacho.
2731 2404 2868 2459 Nam
2914 2417 3038 2458 eum
3085 2400 3356 2472 Alaphion
3398 2399 3643 2470 ejusdem

2067 2501 2178 2557 vici
2202 2500 2380 2555 incola
2405 2516 2435 2553 a
2461 2498 2731 2554 daemonio
2753 2503 3048 2557 vexaretur
3068 2536 3082 2561 ,
3116 2502 3172 2549 et
3215 2494 3388 2550 Judaei
3432 2509 3495 2548 ac
3536 2510 3647 2546 tuc-

2068 2587 2176 2643 dici
2219 2587 2441 2658 quidam
2480 2601 2677 2640 sanare
2721 2584 2875 2638 illum
2921 2580 3183 2653 aggressi,
3229 2580 3650 2635 incantamentis

2069 2679 2186 2734 suis
2224 2678 2364 2732 nihil
2399 2676 2787 2747 profecissent,
2834 2673 3083 2727 Hilarion
3124 2672 3243 2727 solo
3289 2672 3386 2726 Dei
3429 2670 3650 2725 nomine

2068 2774 2326 2831 invocato
2349 2771 2652 2826 daemonem
2673 2766 2902 2838 fugavit.
2928 2764 3051 2831 Quo
3073 2764 3340 2819 miraculo
3385 2764 3645 2832 obstupe~

2068 2865 2245 2921 factus
2266 2879 2402 2918 avus
2425 2859 2736 2925 Sozomeni,
2777 2866 2833 2913 et
2867 2856 3138 2927 Alaphion
3177 2855 3313 2927 ipse,
3357 2869 3481 2909 cum
3532 2855 3651 2907 uni-

2067 2972 2229 3013 versa
2249 2954 2457 3019 familia
2479 2951 2845 3012 Christianam
2871 2948 3191 3019 religionem
3223 2946 3457 3017 amplexi
3503 2956 3648 3001 sunt.

368 3038 709 3093 Novatianos
752 3053 884 3108 ergo
929 3044 1087 3097 extra
1124 3036 1436 3102 Ecclesiae:
1481 3034 1651 3093 fuisse
1697 3034 1962 3105 agnoscit.

2069 3050 2139 3105 Et
2162 3063 2299 3103 avus
2324 3045 2549 3117 quidem
2577 3041 2869 3099 Sozomeni
2892 3041 2949 3095 in
2975 3037 3316 3109 exponendis
3351 3037 3521 3092 sacris
3545 3036 3651 3089 Vo-

352 3129 529 3195 ,ρυοά
552 3128 802 3200 profecto
820 3144 1102 3200 nunquam
1130 3127 1360 3195 faceret,
1380 3128 1431 3183 si
1452 3126 1741 3183 Novatiani
1763 3133 1966 3187 sectam

369 3221 658 3291 amplexus
682 3221 899 3277 fuisset.
933 3220 1041 3283 Sed
1067 3228 1124 3276 et
1150 3220 1208 3274 in
1238 3220 1384 3285 libro
1409 3228 1585 3284 sexto,
1610 3217 1787 3288 capite
1814 3216 1884 3272 20
1910 3225 1969 3271 et

368 3312 465 3377 25,
491 3313 826 3368 Horatianos
848 3313 994 3367 inter
1010 3312 1303 3367 haereticos
1318 3311 1585 3376 nominat,
1602 3325 1727 3365 cum
1749 3308 1969 3366 Arianis

371 3404 609 3469 scilicet,
640 3404 1053 3461 Macedonians
1096 3414 1154 3459 et
1200 3403 1576 3458 Eunomianis.
1608 3401 1866 3471 Denique
1900 3415 1970 3455 ex

371 3498 556 3568 capite
595 3497 660 3550 l9
689 3496 937 3567 ejusdem
982 3496 1109 3552 libri
1140 3505 1332 3566 aperte
1374 3495 1651 3565 colligitur
1688 3493 1968 3549 Socratem

372 3590 744 3646 Novatianum
772 3605 883 3645 non
906 3589 1096 3643 fuisse.
1127 3588 1312 3643 Primo
1335 3587 1485 3647 enim
1519 3584 1821 3641 Ecclesiam
1846 3599 1972 3654 per-

374 3691 546 3752 petuo
581 3681 830 3753 appellat
869 3680 1196 3750 simpliciter
1246 3688 1304 3735 et
1344 3678 1616 3742 absolute,
1667 3676 1969 3732 Ecclesium

369 3772 788 3829 Catholieorum
812 3789 825 3824 :
848 3786 1133 3845 opponens
1166 3785 1287 3827 eam
1331 3769 1584 3825 ecclesiis
1624 3767 1853 3822 aliarum
1887 3782 1972 3822 se-

375 3871 622 3927 ctarum,
652 3862 722 3918 de
767 3863 973 3932 quibus
1004 3862 1119 3932 agit
1152 3861 1210 3916 in
1265 3859 1625 3932 sequentibus
1674 3858 1967 3929 capitibus,

373 3955 710 4009 Arianorum
752 3954 981 4017 scilicet,
1032 3953 1466 4008 Novatianorum
1500 3958 1560 4005 et
1599 3949 1971 4005 Eunomiana-

378 4062 527 4099 rum.
548 4046 759 4107 Deinde
785 4045 1084 4109 consilium
1123 4043 1260 4107 illud
1286 4042 1529 4098 Nectarii
1560 4041 1657 4111 qui
1695 4040 1971 4111 poeniten-

387 4136 610 4190 tiarium
650 4137 1033 4207 presbyterum
1071 4135 1318 4199 sustulit,
1353 4148 1466 4189 non
1506 4131 1741 4191 obscure
1777 4147 1972 4203 repre-

391 4226 604 4280 hendit.
642 4227 732 4283 Ait
767 4228 917 4292 enim
959 4228 1064 4283 hoc
1103 4227 1249 4283 facto
1283 4226 1471 4281 datam
1515 4240 1639 4280 esse
1691 4224 1971 4281 licentiam

387 4319 763 4388 peccantibus,
794 4334 927 4379 cum
972 4334 1135 4375 nemo
1164 4326 1309 4375 esset
1344 4316 1439 4387 qui
1491 4324 1781 4386 peccantes
1819 4330 1974 4371 coar—

2069 3137 2374 3193 luminibus
2395 3132 2675 3199 excelluit,
2700 3147 2824 3187 cum
2864 3138 3011 3186 esset
3048 3128 3282 3199 eleganti
3319 3128 3559 3199 ingenio,
3599 3137 3653 3182 ct

2071 3228 2430 3301 intelligentia
2450 3227 2676 3282 valeret.
2722 3226 2855 3280 Erat
2885 3230 3150 3294 praeterea
3187 3220 3494 3295 disciplinis
3535 3237 3651 3274 me-

2071 3321 2336 3378 diocriter
2378 3318 2649 3376 eruditus.
2703 3317 2894 3386 Itaque
2957 3313 3287 3370 Christianis
3338 3312 3536 3368 Gazam
3599 3322 3656 3366 et

2071 3414 2396 3470 Ascalonem
2420 3428 2484 3467 ac
2510 3411 2742 3466 finitima
2775 3408 2893 3463 loca
2920 3404 3290 3461 incolentibus
3325 3403 3527 3459 charus
3561 3405 3654 3457 ad-

2071 3505 2297 3561 modum
2324 3504 2452 3569 fuit,
2478 3510 2668 3573 utpote
2706 3500 2859 3555 utilis
2896 3513 2960 3554 ac
2995 3496 3345 3553 necessarius
3380 3494 3652 3565 religioni,

2071 3610 2127 3657 et
2147 3601 2239 3672 qui
2257 3612 2542 3655 sacrorum
2555 3593 2911 3651 Voluminum
2937 3588 3112 3644 nodos
3131 3587 3286 3642 facile
3310 3586 3653 3641 dissolveret.

2073 3691 2396 3763 Alaphionis
2433 3695 2615 3748 autem
2661 3682 2895 3756 posteri,
2923 3680 3213 3736 sanctitate
3254 3677 3380 3732 vitre
3423 3684 3479 3731 et
3526 3693 3654 3746 erga

2073 3799 2344 3856 pauperes
2387 3778 2729 3839 humanitate
2787 3790 2850 3830 ac
2901 3772 3128 3842 reliquis
3191 3770 3489 3825 virtutibus
3542 3784 3657 3839 pra:

2073 3876 2289 3933 caeteris
2332 3875 2748 3930 inclaruerunt:
2785 3865 3063 3938 primique
3114 3863 3360 3919 omnium
3397 3860 3658 3917 ecclesias

2072 3974 2128 4022 et
2153 3964 2486 4021 monasteria
2526 3961 2640 4016 illic
2682 3954 3072 4019 condiderunt,
3115 3960 3178 4007 ut
3215 3958 3447 4007 testatur
3494 3949 3658 4006 Sozo—

2073 4070 2271 4110 menus
2298 4053 2356 4111 in
2376 4054 2497 4109 loco
2514 4052 2625 4123 jam
2666 4048 2852 4103 citato.
2893 4044 2997 4101 Ubi
3044 4043 3211 4098 etiam
3255 4042 3411 4100 addit
3448 4057 3517 4096 ex
3555 4042 3655 4095 ista

2073 4147 2394 4219 Alaphionis
2415 4144 2617 4200 familia
2638 4144 2790 4198 viros
2830 4137 3094 4210 quosdam
3139 4141 3358 4191 sanctos
3393 4133 3461 4186 ad
3502 4148 3655 4186 suam

2074 4256 2249 4312 usque
2306 4246 2522 4295 aetatem
2586 4235 2927 4307 pervenisse,
2989 4228 3318 4299 quibuscum
3376 4223 3492 4294 ipse
3558 4224 3657 4276 ad-

2075 4329 2300 4385 modum
2323 4326 2643 4382 adolescens
2665 4329 2918 4378 versatus
2937 4319 3029 4382 sit,
3068 4324 3123 4372 et
3161 4316 3229 4370 de
3270 4313 3470 4383 quibus
3516 4312 3659 4365 infra

377 4407 601 4479 μηδι-ἐι.
628 4398 767 4476 Ωιιαέ
804 4410 1031 4481 quidem
1064 4409 1335 4466 sententia
1362 4407 1637 4481 proﬁcisci
1661 4423 1771 4462 non
1792 4413 1969 4477 potest

2074 4420 2388 4475 locuturum
2411 4431 2469 4469 se
2492 4426 2613 4468 esse
2644 4411 2954 4481 pollicetur.
3004 4404 3264 4475 lntelligit
3305 4411 3487 4458 autem
3530 4418 3660 4473 pro-

377 4503 452 4557 ab
476 4502 702 4559 homine
738 4503 1065 4566 Novatiano,
1095 4517 1221 4558 cum
1252 4499 1541 4557 Novatiani
1575 4513 1679 4555 nec
1702 4496 1973 4567 paeniten-

380 4598 517 4650 tiam
544 4610 651 4651 nec
682 4597 1064 4666 presbyterum
1092 4591 1564 4665 poenitentiarium
1601 4606 1843 4660 unquam
1878 4589 1974 4644 ad-

378 4688 663 4752 miserint,
709 4697 771 4742 ut
809 4686 1013 4743 ibidem
1049 4694 1282 4742 testatur
1321 4684 1594 4741 Socrates.
1630 4681 1855 4737 Accedit
1894 4688 1975 4736 te-

378 4779 707 4836 stimonium
743 4779 1015 4835 Theodori
1055 4777 1324 4843 Lectoris,
1354 4775 1450 4846 qui
1474 4776 1527 4829 in
1550 4774 1779 4844 epistola
1807 4787 1972 4842 quam

380 4870 643 4927 Historiae
675 4869 1061 4931 ecclesiastica:
1099 4868 1357 4939 praefixit.
1402 4868 1686 4923 Socratem
1702 4874 1760 4922 et
1798 4866 1969 4921 Sozo-

381 4977 611 5016 mennm
650 4976 717 5016 ac
748 4961 1146 5016 Theodoritum
1182 4960 1380 5032 ἄνδρας
1414 4960 1676 5029 θεοφιλεῖς
1713 4958 1970 5029 appellat,

383 5054 438 5107 id
471 5062 561 5108 est
580 5053 730 5107 viros
752 5053 874 5122 pios
894 5053 1117 5124 Deoque
1145 5060 1430 5122 acceptos.-
1444 5052 1616 5107 Porro
1648 5050 1974 5105 Theodorus

380 5143 588 5200 Lector
626 5143 687 5201 in
729 5143 920 5201 eadem
969 5144 1105 5198 urbe
1141 5152 1199 5199 et
1236 5143 1432 5198 iisdem
1470 5141 1583 5197 fere
1630 5140 1972 5210 temporibus

378 5235 525 5289 vixit
556 5236 760 5304 quibus
804 5235 1076 5299 Socrates,
1118 5235 1408 5290 Anastasio
1444 5234 1653 5288 scilicet
1681 5232 1971 5302 imperium

378 5325 830 5383 administrante.
859 5327 1109 5398 Denique
1148 5328 1349 5383 Petrus
1384 5325 1687 5381 Halloixius
1722 5324 1778 5378 in
1819 5323 1976 5379 Notis

381 5418 455 5473 ad
490 5408 671 5472 Vitam
728 5419 874 5474 beati
914 5402 1129 5484 lrenaai‘,
1160 5434 1282 5489 pag.
1330 5417 1455 5482 664,
1502 5416 1646 5471 idem
1683 5414 1971 5472 nobiscum

381 5510 576 5566 sentit.
608 5510 903 5580 Disputans
929 5510 1077 5566 enim
1109 5510 1376 5566 adversus
1414 5508 1728 5572 Baronium,
1763 5506 1858 5576 qui
1904 5506 1971 5561 ad

381 5615 600 5657 annum
621 5599 828 5656 Christi
883 5600 986 5656 159
1033 5602 1110 5657 ita
1160 5601 1492 5672 scripserat:
1539 5599 1664 5655 Haec
1728 5596 1971 5656 Socrates

383 5690 751 5759 Horatianus,
791 5709 907 5748 cum
949 5694 1151 5750 Iudicis
1179 5697 1290 5765 ipse
1322 5710 1525 5766 quoque
1552 5692 1820 5747 celebrans
1859 5688 1971 5745 Pa-

2075 4507 2336 4564 culdubio
2385 4505 2751 4567 Salamanem,
2799 4501 3129 4564 Fusconem,
3176 4496 3542 4553 Malchionem
3603 4504 3659 4549 et

2073 4596 2421 4671 C'rispionem
2461 4597 2682 4661 fratres,
2709 4595 2777 4650 de
2824 4592 3028 4665 quibus
3069 4591 3316 4663 loquitur
3358 4591 3415 4645 in
3459 4589 3555 4645 lib.
3582 4607 3658 4651 vt,

2075 4707 2194 4762 cap.
2222 4689 2310 4745 '52.
2346 4689 2438 4744 Ait
2469 4687 2619 4743 enim
2661 4687 2765 4742 hos
2799 4685 3020 4750 fratres,
3063 4683 3121 4739 in
3157 4683 3456 4739 monastica
3489 4681 3657 4736 disci-

2074 4783 2221 4855 plina
2246 4782 2315 4836 ab
2339 4780 2620 4836 ililarione
2643 4778 2946 4841 institutos,
2970 4775 3215 4831 Valentis
3255 4773 3564 4844 principatu
3603 4772 3658 4824 in

2073 4875 2375 4934 Palaestinas
2412 4871 2766 4928 monasteriis
2808 4868 3108 4925 enituisse:
3157 4865 3434 4920 habitasse
3474 4871 3660 4919 autem

2070 4971 2224 5042 juxta
2248 4965 2587 5029 Betheleam,
2613 4964 2707 5034 qui
2743 4962 2900 5017 vicus
2943 4965 3028 5015 est
3060 4959 3117 5014 in
3155 4973 3287 5028 agro
3318 4956 3655 5012 Gazacorum.

2073 5062 2246 5118 Erant
2269 5059 2415 5115 enim
2443 5056 2610 5111 nobili
2640 5054 2782 5126 apud
2809 5054 2931 5108 illos
2953 5064 3154 5123 genere
3180 5049 3309 5114 orti.
3329 5046 3654 5102 Eorumdcm

2073 5147 2328 5204 meminit
2370 5145 2427 5199 in
2474 5143 2571 5198 lib.
2598 5158 2715 5207 vnt,
2740 5157 2860 5211 cap.
2910 5140 2997 5205 14,
3050 5138 3145 5193 ubi
3194 5136 3536 5218 Crispionctn
3583 5142 3660 5184 ait

2072 5235 2243 5292 fuisse
2300 5232 2753 5289 archidiaconum
2820 5227 3135 5299 Epiphanii.
3198 5225 3440 5295 Apparet
3493 5220 3658 5291 igitur

2073 5324 2274 5379 fratres
2302 5323 2436 5377 istos
2459 5335 2598 5391 quos
2620 5318 2755 5383 dixi,
2781 5333 2849 5372 ex
2884 5313 3207 5386 Alaphionis
3245 5311 3449 5366 familia
3472 5309 3660 5362 oriun-
3703 5372 3708 5387 '

2074 5412 2173 5469 dos
2212 5412 2403 5468 fuisse.
2447 5408 2573 5465 Fuit
2597 5414 2779 5462 autem
2816 5404 3046 5475 Alaphio
3089 5399 3497 5473 propinquitate
3534 5396 3663 5467 jun-
3702 5396 3713 5445 ¹,

2074 5514 2200 5561 ctus
2217 5518 2343 5559 cum
2369 5516 2471 5556 avo
2494 5497 2802 5555 Sozomeni.
2833 5495 3000 5565 quue
3035 5509 3104 5549 ex
3142 5507 3208 5547 eo
3234 5485 3485 5558 conjicio,
3513 5500 3619 5553 ψεαρ
3648 5486 3658 5533 t

2075 5607 2211 5648 avus
2236 5587 2526 5646 Sozomeni
2568 5600 2694 5641 cum
2730 5584 2987 5639 universa
3027 5580 3192 5635 domo
3236 5589 3333 5629 sua
3376 5569 3445 5624 ad
3496 5569 3662 5629 fldm

2074 5683 2278 5740 Christi
2304 5694 2607 5739 conversus
2626 5692 2749 5734 esse
2770 5675 2974 5732 dicitur
2997 5672 3067 5726 ob
3102 5662 3480 5723 admirandam
3532 5664 3661 5722 Ala-
