4046 6204
459 233 530 287 9.3
1695 245 2114 301 TESTIMONIA
2151 247 2502 306 VETERUM.
3635 249 3706 304 ‘25

459 349 680 419 phionis
717 354 1078 420 curationem,
1117 372 1278 426 quem
1324 357 1568 412 Hilarion
1615 359 1731 412 solo
1779 357 2030 425 omnipo-
2059 360 2103 414 A
2135 359 2316 413 storize
2341 360 2533 426 libros,
2560 361 2857 430 scripserat
2881 361 3215 416 Sozomenus
3251 361 3594 417 Breviarium
3617 380 3705 417 re-

458 443 623 496 tentis
665 443 758 496 Dei
797 445 1017 500 nomine
1065 447 1316 501 invocato
1365 455 1670 502 sanaverat.
1722 447 1928 502 Deinde
1962 463 2030 501 ex

453 547 521 584 eo
542 532 688 601 quod
711 533 904 587 scribit
929 535 1281 602 Sozomenus,
1307 553 1366 592 se
1391 537 1684 592 admodum
1709 538 2027 592 adolescen-

455 629 563 676 tem
609 639 734 677 cum
777 626 1082 694 grandaevis
1136 628 1418 683 monachis
1473 629 1567 699 qui
1613 637 1770 684 erant
1825 644 1894 683 ex
1939 643 2030 698 ge-

454 728 588 766 nere
627 713 949 783 Alaphionis
993 718 1159 782 illius,
1195 718 1537 774 familiariter
1575 735 1695 775 esse
1725 727 2022 775 versatum.

452 801 756 868 Postremo,
784 821 852 860 ex
875 821 942 859 eo
964 808 1111 876 quod
1143 808 1477 866 Sozomenus
1507 811 1578 866 ab
1616 810 1736 865 istis
1771 809 2026 879 Alaphio—

453 893 537 945 nis
558 894 643 946 vel
671 893 796 950 filiis
818 897 904 950 vel
939 899 1252 968 nepotibus,
1287 917 1488 957 nomen
1521 897 1748 971 accepit.
1799 900 2026 955 Diceba-

453 989 543 1034 tur
566 985 712 1038 enim
738 985 1054 1043 Salamanes
1075 990 1325 1047 Hermias
1365 992 1721 1056 Sozomenus,
1761 989 2024 1060 quemad-

452 1070 673 1124 modum
701 1079 932 1130 testatur
957 1075 1182 1131 Photius
1217 1079 1275 1132 in
1309 1078 1667 1143 Bibliotheca,
1704 1094 1770 1132 ex
1802 1077 2023 1131 nomine

453 1158 754 1218 Salamanis
778 1164 931 1221 illius
945 1183 1108 1236 quem
1132 1170 1416 1238 Fusconis,
1443 1171 1764 1226 Malchionis
1787 1177 1843 1225 et
1879 1169 2026 1224 Cris-

450 1240 633 1308 pionis
686 1244 915 1301 fratrem
958 1249 1128 1306 fuisse
1172 1254 1428 1322 superius
1474 1253 1782 1308 observavi.
1845 1250 2023 1318 Quare

450 1335 837 1394 emendandus.
861 1347 946 1394 est
990 1356 1148 1396 error
1191 1343 1487 1415 Nicephori
1525 1351 1581 1400 et
1625 1345 1881 1408 aliorum,
1928 1342 2022 1412 qui

452 1421 815 1482 Sozomenum
861 1429 1142 1488 Salaminii
1186 1451 1489 1506 cognomen
1533 1435 1791 1492 habuisse
1834 1434 2022 1488 existi-

449 1526 622 1583 mant,
661 1529 957 1591 propterea
999 1527 1151 1596 quod
1189 1544 1259 1584 ex
1297 1531 1498 1600 oppido
1543 1530 1707 1602 Cypri
1751 1528 2023 1586 Salamine

450 1607 720 1677 originem
757 1612 1008 1672 duceret.
1045 1617 1210 1688 Atqui
1246 1635 1354 1674 non
1387 1619 1668 1692 Cyprium,
1711 1621 1809 1676 sed
1851 1619 2021 1675 Palat-

452 1698 658 1755 stinum
677 1700 846 1760 fuisse
871 1705 1233 1764 Sozomenum
1258 1726 1420 1782 supra
1440 1728 1510 1769 ex
1538 1713 1712 1783 ipsius
1736 1712 2022 1768 Sozomeni

453 1791 763 1849 testimonio
787 1797 1176 1858 demonstravi.
1203 1801 1320 1856 Non
1347 1802 1500 1857 enim»
1518 1803 1695 1857 solum
1717 1818 1860 1858 avus
1877 1803 2024 1857 illius

451 1877 769 1939 Palaestinus
794 1884 916 1951 fuit,
944 1895 1006 1942 ut
1028 1889 1283 1960 superius
1304 1889 1511 1945 dictum
1521 1898 1628 1954 est,
1647 1905 1840 1944 verum
1857 1891 2023 1945 etiam

450 1965 926 2043 Sozomenusipse
962 1975 1230 2032 educatus
1261 1979 1421 2033 estin
1465 1980 1773 2044 Palaestina,
1802 1980 1858 2034 in
1901 1996 2026 2051 gre-

449 2061 588 2125 mio,
607 2071 666 2116 ut
688 2065 761 2119 ita
786 2065 1040 2134 dixerim,
1077 2071 1471 2126 monachorum
1510 2073 1724 2128 illorum
1747 2073 1842 2144 qui
1863 2081 2024 2128 erant

448 2163 518 2205 ex
559 2149 882 2225 Aiaphionis
919 2154 1148 2215 familia.
1191 2159 1309 2227 Qua
1339 2161 1562 2231 quidem
1590 2179 1659 2219 ex
1696 2164 2022 2220 educatione

449 2238 698 2300 hausisse
742 2245 878 2301 mihi
923 2249 1144 2305 videtur
1190 2250 1526 2310 Sozomenus
1574 2254 2023 2312 ardentissimum

449 2329 610 2386 illum
625 2348 868 2392 amorem
893 2341 1207 2396 monasticae
1227 2342 1352 2398 vita:
1389 2360 1455 2400 ae
1491 2345 1813 2416 disciplinae,
1858 2361 2022 2417 quem

450 2423 652 2494 passim
676 2423 732 2481 in
757 2427 998 2485 Historia
1031 2428 1138 2487 ‘sua
1181 2433 1423 2504 praefert.
1471 2437 1610 2492 Hinc
1647 2444 1732 2492 est
1772 2437 1920 2507 quod
1963 2437 2020 2492 in

451 2513 748 2574 librissuis
767 2519 1188 2592 haudquaquam
1211 2533 1502 2584 contentus
1523 2527 1628 2584 fuit
1658 2527 1867 2584 referre
1895 2528 2023 2599 qni-

450 2617 576 2660 nam
597 2613 783 2674 patres
801 2615 965 2683 atque
998 2619 1251 2670 auctores
1281 2614 1518 2673 fuissent
1551 2618 1867 2674 monasticae
1899 2617 2023 2689 phi-

450 2690 736 2765 losophia:
762 2713 957 2754 verum
982 2703 1147 2758 etiam
1171 2718 1518 2763 successores
1539 2723 1730 2762 eorum
1756 2724 1821 2764 ac
1853 2708 2024 2765 disci-

450 2784 609 2855 pulos
633 2788 877 2846 studiose
899 2798 1370 2862 commemoravit,
1393 2806 1509 2852 tum
1544 2801 1639 2868 qui
1676 2801 1733 2854 in
1768 2799 2020 2872 Egypto.

447 2883 508 2934 et.
530 2874 685 2966 Syria
722 2895 786 2934 ac
823 2881 1137 2950 Palzestina,
1155 2895 1271 2940 tum
1310 2889 1409 2966 qui
1441 2889 1497 2942 in
1537 2890 1732 2955 Ponto,
1765 2890 2022 2946 Armenia

2133 465 2253 503 rum
2280 453 2797 517 ecclesiasticarum,
2822 454 2890 508 ab
2928 469 3155 508 ascensu
3187 452 3394 508 Christi
3431 470 3604 523 usque
3637 456 3706 510 ad

2129 542 2629 596 exauctorationem
2653 541 2871 596 Licinii.
2907 541 3063 608 Quod
3107 557 3247 612 opus
3285 541 3504 596 duobus
3549 542 3706 598 libris

2129 633 2589 701 comprehensum
2614 641 2776 715 erat“
2793 644 2853 688 ut
2896 633 3012 703 ipse
3056 641 3288 688 testatur
3332 633 3389 686 in
3435 634 3710 705 procemio

2127 723 2254 776 libri
2282 725 2466 793 primi.
2492 725 2696 779 Verum
2719 725 2777 778 hi
2799 725 2908 780 duo
2949 725 3079 780 libri
3118 724 3517 794 longinquitate
3564 732 3704 778 tem-

2127 814 2279 882 poris
2322 815 2740 870 interciderunt.
2788 815 2848 869 ln
2892 813 3186 869 scribenda
3227 821 3409 868 autem
3467 813 3704 868 Historia

2126 919 2261 959 usus
2284 912 2368 959 est
2399 905 2734 961 Sozomenus
2755 906 2915 975 stylo,
2954 920 3057 959 nec
3083 904 3346 974 depresso
3391 904 3558 959 nimis
3600 920 3705 959 nec

2127 997 2364 1066 turgido,
2410 997 2506 1051 sed
2549 999 2643 1067 qui
2684 998 2828 1051 inter
2869 1004 3164 1066 utrumque
3201 996 3416 1051 medius
3476 996 3698 1052 incedit.

2123 1085 2227 1152 Qui
2251 1087 2473 1156 quidem
2510 1088 2682 1159 stylus
2714 1087 3212 1142 ecclesiasticarum
3241 1103 3423 1142 rerum
3449 1088 3698 1158 scriptori

2123 1177 2327 1245 Optime
2353 1178 2628 1232 convenit.
2658 1178 2725 1232 Et
2747 1177 2976 1231 Photius
2998 1176 3222 1246 quidem
3247 1176 3302 1229 in
3339 1175 3698 1240 Bibliotheca,

2124 1268 2416 1323 dictionem
2442 1268 2727 1323 Sozomeni
2758 1268 2980 1340 praefert
3023 1267 3251 1322 dictioni
3293 1266 3551 1322 Socratis.
3598 1267 3702 1322 Cui

2123 1373 2225 1414 nos
2243 1359 2480 1414 libenter
2505 1359 2836 1414 accedimus.
2864 1357 2970 1414 Sed
2994 1366 3262 1428 quantum
3294 1357 3553 1412 dictionis
3590 1359 3698 1412 ele-

2125 1450 2304 1518 gantia
2330 1449 2502 1505 vincit
2541 1450 2894 1514 Sozomenus,
2938 1457 3151 1504 tantum
3196 1448 3450 1504 Socrates
3490 1449 3697 1518 judicio

2123 1541 2314 1595 vincit.
2361 1541 2496 1596 Nam
2539 1541 2793 1596 Socrates
2818 1541 3042 1611 quidem
3100 1548 3215 1595 tum
3263 1540 3330 1595 de
3384 1539 3534 1605 viris,
3577 1547 3691 1593 tum

2125 1631 2194 1687 de
2239 1633 2406 1688 rebus
2440 1648 2508 1689 ac
2539 1632 2774 1703 negotiis
2813 1632 3204 1688 ecclesiasticis
3241 1631 3698 1702 optimejudicat.

2054 1689 2098 1744 Β
2125 1722 2273 1779 Nihil
2337 1729 2424 1779 est
2485 1723 2542 1778 in
2600 1689 2693 1777 illo
2754 1722 2856 1778 nisi
2914 1739 3078 1793 grave
3134 1739 3199 1778 ac
3277 1689 3504 1778 serium.
3548 1721 3699 1779 Nihil

2124 1813 2272 1884 quod
2299 1823 2558 1884 tanquam
2603 1815 2941 1884 superfluum
2981 1815 3155 1887 possis
3188 1829 3520 1884 expungere.
3549 1811 3695 1868 Con-

2124 1911 2207 1958 tra
2228 1918 2363 1959 vero
2385 1903 2442 1956 in
2473 1902 2777 1959 Sozomeno
2817 1904 3067 1974 quaedam
3107 1909 3406 1958 occurrunt
3446 1901 3589 1956 levia
3634 1917 3698 1956 ac

2122 1994 2376 2065 puerilia.
2401 1993 2718 2064 Cujusmodi
2741 2002 2824 2050 est
2848 1995 2901 2050 in
2925 1995 3069 2049 libro
3098 1993 3277 2063 primo
3309 2005 3571 2047 excessus
3606 1991 3704 2046 ille.

2123 2084 2194 2140 de
2214 2084 2442 2140 conditu
2479 2085 2632 2140 urbis
2674 2084 2952 2150 Hemonze,
2995 2092 3053 2140 et
3095 2083 3166 2140 de
3203 2081 3556 2152 Argonautis,
3599 2083 3699 2162 qui

2121 2188 2318 2229 navem
2341 2173 2494 2246 Argo.
2517 2174 2764 2230 humeris
2802 2173 2918 2228 suis
2954 2188 3056 2244 per
3089 2173 3296 2241 aliquot
3317 2170 3492 2226 stadia
3515 2176 3694 2224 trans-

2121 2272 2430 2334 portarunt.
2453 2265 2588 2320 item
2627 2264 2925 2334 descriptio
2969 2264 3060 2319 illa
3101 2262 3446 2334 Daphnensis
3493 2261 3694 2317 subur-

2123 2353 2274 2420 bani,
2310 2369 2432 2425 qua;
2464 2354 2699 2409 habetur
2740 2354 2798 2408 in
2822 2353 2965 2409 libro
3005 2352 3219 2423 quinto,
3259 2367 3384 2423 pag.
3408 2350 3531 2407 209.
3560 2352 3695 2407 Item

2122 2445 2435 2502 observatio
2458 2447 2550 2505 illa
2572 2446 2641 2502 de
2673 2444 3085 2518 pulchritudine
3127 2443 3396 2514 corporis,
3447 2443 3539 2498 ubi
3585 2444 3697 2515 agit

2122 2539 2192 2595 de
2211 2539 2425 2611 virgine
2447 2539 2537 2595 illa
2563 2540 2705 2610 apud
2729 2553 2892 2610 quam
2917 2537 3010 2592 diu
3044 2537 3280 2592 latitavit
3312 2536 3507 2591 beatus
3529 2535 3698 2590 Atha-

2123 2629 2330 2687 nasius.
2370 2629 2617 2701 Denique
2639 2628 2782 2684 liber
2816 2643 2996 2683 nonus
3016 2626 3156 2682 nihil
3177 2626 3290 2682 fere
3325 2625 3474 2680 aliud
3515 2626 3693 2681 conti~

2123 2727 2222 2775 net
2247 2735 2412 2790 quam
2450 2729 2683 2776 eventus
2717 2719 2966 2784 bellicos,
3006 2718 3211 2789 quibus
3237 2718 3372 2772 nihil
3403 2732 3698 2773 commune

2123 2819 2206 2865 est
2226 2825 2354 2865 eum
2375 2811 2615 2866 Historia
2635 2810 3026 2866 ecclesiastica.
3055 2809 3164 2865 Sed
3185 2816 3244 2864 et"
3260 2808 3426 2863 dictio
3450 2807 3566 2877 ipsa
3593 2805 3693 2861 So-

2123 2900 2358 2965 zomeni,
2375 2916 2539 2971 quam
2550 2901 2778 2956 Photius
2788 2900 3017 2956 dictioni
3039 2899 3280 2956 Socratis
3291 2896 3591 2968 anteponit,
3603 2897 3691 2951 vi-

449 2971 613 3070 at?“
636 2964 918 3070 ofqroene
937 2970 1190 3070 δοξνίίεθ
1226 2964 1406 3045 genus
1447 2979 1831 3035 CXCOIUiSSCM-
1881 2979 2021 3036 Πίηο
2046 3008 2093 3070 c
2123 2993 2215 3048 tris
2237 2964 2352 3049 suis
2371 2964 2484 3048 non
2508 3001 2678 3049 caret.
2703 2992 3002 3049 Observavi
3037 2991 3185 3048 enim
3226 2964 3482 3061 periodos
3513 3005 3546 3044 a
3588 2988 3692 3044 So-

448 3059 534 3105 est
558 3053 704 3123 quod
730 3055 786 3110 in
809 3058 988 3127 primo
1011 3059 1265 3119 Historiae
1305 3066 1470 3131 libro,
1490 3082 1610 3136 cap.
1640 3068 1726 3132 12,
1762 3068 2020 3124 ambitio-

448 3155 581 3232 sum.
601 3145 735 3204 illud
757 3149 992 3220 elogium
1015 3157 1329 3214 monasticae
1362 3159 1736 3230 philosophiae,
1764 3169 2021 3232 tanquam

451 3230 800 3291 investibulo
818 3236 1106 3308 legendum
1144 3245 1446 3314 proposuit.
1488 3245 1699 3317 Quippe
1748 3230 2021 3318 ingratum

450 3336 509 3375 se
531 3321 649 3378 fore
675 3327 1034 3396 existimavit,
1056 3333 1161 3388 nisi
1185 3334 1270 3389 his
1297 3336 1351 3390 in
1381 3352 1623 3406 quorum.
1658 3339 2026 3399 contubernio

450 3412 681 3478 vixerat,
709 3424 764 3470 et
789 3419 1188 3489 aquibustam
1231 3427 1493 3493 praeclara
1533 3427 1690 3485 bonae
1733 3445 2024 3486 conversa-

449 3503 618 3560 tionis
657 3510 902 3580 exempla
946 3523 1232 3584 acceperat
1285 3517 1624 3587 adolescens,
1672 3523 1778 3577 hoc
1830 3524 2022 3579 saltem

452 3595 616 3654 modo
657 3601 890 3670 gratiam
931 3604 1180 3660 referret.
1231 3607 1289 3662 Id
1335 3609 1482 3664 enim
1527 3611 1644 3683 ipse
1701 3613 1908 3669 indicat
1967 3615 2022 3670 in

452 3689 720 3758 prooemio
743 3692 871 3748 libri
902 3695 1086 3765 primi.
1125 3697 1396 3757 Caeterum
1433 3718 1543 3757 non
1587 3720 1655 3760 ex
1701 3705 1806 3762 hoc
1847 3707 2022 3763 solum

453 3779 572 3836 loco
595 3797 766 3852 quem.
782 3784 925 3853 dixi,
955 3787 1320 3851 Sozomenum
1365 3793 1523 3850 Gaza:
1561 3795 1856 3853 educatum
1901 3815 2023 3854 esse

452 3873 750 3945 colligitur,
769 3879 864 3934 sed
890 3881 1055 3936 etiam
1081 3897 1152 3938 ex
1171 3882 1278 3940 fine
1309 3886 1438 3943 libri
1478 3889 1680 3954 octavi,
1727 3889 1817 3943 ubi
1860 3888 2024 3946 Sozo-

453 3967 744 4021 menusait
765 3983 824 4024 se
847 3969 1049 4027 vidisse
1087 3973 1362 4031 Zenonem
1402 3978 1718 4049 episcopum
1754 3980 2018 4038 Maiumaa.

453 4055 740 4116 Estautem
757 4060 991 4119 Mainma
1003 4066 1194 4122 navale
1216 4066 1551 4124 Gazaaorum.
1574 4069 1676 4136 Qui
1704 4071 1831 4126 licet
1852 4090 2024 4130 annos

453 4159 614 4206 natus
635 4161 787 4212 esset.
804 4159 1200 4226 propemodum
1223 4168 1466 4226 centum,
1485 4177 1516 4216 a
1540 4163 2023 4225 matutinistamen

451 4258 517 4297 ac
542 4247 877 4315 vespertinis
893 4248 1110 4322 hymnis
1131 4267 1410 4322 nunquam
1433 4254 1704 4320 abfuerat,
1740 4256 1846 4311 nisi
1882 4257 2023 4313 forte

453 4334 680 4392 morbus
720 4337 902 4408 ipsum
945 4338 1288 4397 detinuisset.
1333 4341 1464 4397 Post
1518 4343 1636 4400 haec
1691 4344 2026 4403 Sozomenus
2057 4339 2101 4393 Π

453 4426 800 4483 causidicina
815 4445 1040 4498 operam
1067 4432 1237 4488 dedit.
1257 4434 1325 4487 Et
1341 4435 1432 4504 jus
1451 4436 1672 4506 quidem
1694 4439 1854 4494 civile
1879 4439 2022 4495 didi-

454 4512 528 4565 cit
568 4514 771 4585 Beryti,
799 4533 922 4586 quae
961 4520 1097 4575 urbs
1143 4530 1226 4576 est
1271 4524 1580 4591 Phoenices,
1629 4529 1777 4584 haud
1832 4533 2024 4599 procul

453 4601 662 4656 distans
683 4619 714 4657 a
739 4605 915 4673 patria
941 4605 1264 4675 Sozomeni;
1294 4609 1350 4664 in
1375 4627 1480 4680 qua
1504 4614 1740 4668 celebris
1777 4627 1898 4670 erat
1930 4620 2022 4687 ju-

455 4687 838 4763 risprudentia:
860 4693 1074 4752 schola..
1101 4694 1306 4750 Causas
1344 4706 1526 4754 autem
1567 4701 1678 4772 egit
1708 4701 2021 4758 Constanti-

453 4780 658 4848 nopoli,
683 4783 1142 4866 quemadmodum
1169 4785 1285 4860 ipse
1309 4795 1539 4844 testatur
1562 4791 1616 4846 in
1642 4792 1786 4846 libro
1809 4809 1868 4858 ιι,
1901 4810 2018 4864 cap.

454 4869 506 4923 5.
549 4870 660 4926 Nec
701 4881 884 4928 tamen
932 4875 1086 4936 valde
1128 4888 1425 4948 occupatus
1471 4880 1640 4939 fuisse
1696 4885 1912 4938 videtur
1966 4885 2022 4940 in

456 4959 634 5016 causis
657 4965 899 5034 agendis.
923 4961 1137 5023 Etenim
1163 4985 1229 5024 eo
1272 4971 1387 5042 ipso
1421 4981 1663 5044 tempore
1707 4993 1818 5046 quo
1859 4976 2023 5031 advo-

426 5060 610 5107 -eatus
653 5063 771 5109 erat
813 5056 1304 5130 Constantinopoli,
1353 5064 1776 5121 ecclesiasticam
1839 5066 2022 5123 Histo-

458 5143 594 5197 riam
618 5149 966 5218 conscripsit,
996 5159 1057 5205 ut
1076 5169 1144 5207 ex
1164 5152 1336 5223 ipsius
1359 5155 1542 5209 verbis
1581 5156 1708 5212 licet
1747 5158 2020 5229 colligere.

459 5235 548 5290 Sic
571 5237 717 5290 enim
741 5238 818 5291 ait
843 5239 898 5293 in
921 5255 1043 5312 pag.
1069 5242 1138 5297 48
1177 5242 1342 5315 hujus
1381 5245 1638 5301 editionis
1667 5264 1679 5299 :
1731 5247 1860 5313 Qme
1906 5267 2024 5303 vero

459 5327 736 5380 acciderint
775 5327 1044 5400 Aquilino,
1078 5333 1188 5387 viro
1227 5336 1317 5405 qui
1359 5335 1610 5406 hodieque
1664 5354 1865 5393 mecum
1916 5357 2025 5393 una

459 5427 718 5484 versatur,
747 5427 796 5474 et
820 5421 874 5474 in
897 5421 1073 5476 eodem
1109 5423 1221 5493 foro
1243 5426 1619 5480 causidicinam
1651 5437 1872 5495 exercet,
1903 5449 2027 5502 par-

460 5511 552 5565 tim
576 5519 630 5562 ut
653 5512 716 5565 ab
736 5512 845 5582 ipso
869 5512 1066 5579 audivi,
1096 5515 1292 5585 partim
1329 5525 1384 5570 ut
1418 5518 1526 5588 ipse
1569 5523 1832 5591 conspexi,
1855 5523 2026 5577 dicam

463 5605 770 5660 necessario.
795 5605 966 5660 Porro
992 5613 1114 5662 ante
1153 5606 1252 5667 hos
1286 5625 1478 5665 nevcm
1522 5612 1900 5670 ecclesiasticae
1937 5617 2028 5674 lli—

2125 3099 2355 3140 someno
2375 3099 2487 3140 non
2510 3085 2671 3140 aliter
2693 3085 2839 3140 inter
2860 3099 2919 3140 se
2943 3083 3196 3139 connecti
3228 3097 3392 3152 quam
3431 3096 3530 3152 per
3567 3095 3693 3151 par-

2125 3175 2319 3230 ticulas
2360 3175 2482 3231 illas
2518 3175 2577 3228 δέ
2614 3182 2671 3230 et
2711 3174 2792 3240 τέ,
2836 3175 3037 3246 quibus
3077 3173 3216 3229 nihil
3261 3181 3346 3228 est
3387 3170 3689 3226 molestius.

2123 3267 2278 3335 Quod
2311 3270 2361 3325 si
2381 3269 2519 3340 'quis
2557 3268 2844 3340 epistolam
2882 3268 3031 3322 illam
3064 3265 3327 3322 attentius
3363 3263 3560 3335 legerit
3587 3279 3700 3333 qua

2126 3361 2462 3418 Sozomenus
2507 3375 2646 3430 opus
2683 3373 2844 3416 suum
2871 3357 3084 3416 Juniori
3133 3355 3443 3412 Theodosio
3478 3369 3698 3410 nuncu-

2125 3452 2294 3523 pavit,
2319 3452 2564 3506 inveniet
2581 3451 2827 3522 profecto
2862 3450 2918 3506 id
2960 3447 3105 3520 quod
3153 3449 3286 3513 dixi,
3333 3447 3699 3504 Sozomenum

2124 3559 2235 3599 non
2257 3557 2522 3614 magnum
2536 3551 2813 3598 oratorem
2838 3541 3026 3597 fuisse.
3066 3542 3328 3612 Superest
3350 3549 3411 3595 ut
3448 3541 3694 3610 inquira-

2125 3651 2249 3689 mus
2271 3642 2394 3689 uter
2419 3634 2636 3689 illorum
2662 3633 2816 3703 prior
2839 3632 3142 3703 scripserit,
3167 3638 3223 3686 et
3247 3637 3368 3686 uter
3409 3629 3478 3685 ab
3521 3629 3696 3683 altero

2127 3732 2428 3790 mutuatus,
2457 3739 2554 3780 seu
2578 3724 2762 3794 potius
2794 3722 3008 3778 furatus
3029 3722 3128 3778 sit.
3165 3721 3327 3777 Certe
3366 3735 3492 3776 cum
3535 3717 3696 3774 ambo

2126 3814 2194 3868 de
2217 3814 2409 3869 iisdem
2437 3814 2599 3868 rebus
2616 3829 2758 3884 pene
2801 3813 2994 3870 eadem
3039 3813 3381 3883 scripserint,
3425 3810 3586 3866 ambo
3627 3809 3696 3863 ab

2124 3906 2318 3962 eodem
2341 3906 2614 3977 principio
2651 3905 2831 3962 exorsi
2875 3906 2945 3961 ad
2990 3905 3237 3961 eamdem
3282 3912 3484 3960 metam
3527 3904 3695 3957 decu-

2125 3998 2420 4062 currerint,
2450 4013 2481 4052 a
2517 3998 2830 4068 principatu
2857 3999 3069 4055 scilicet
3105 3997 3453 4055 Constantini
3497 3995 3566 4051 ad
3593 4009 3695 4050 xvii

2125 4088 2470 4143 consulatum
2493 4087 2789 4154 Theodosii
2811 4089 3078 4154 Junioris,
3107 4104 3338 4160 prorsus
3361 4101 3588 4142 necesse
3613 4094 3705 4141 est

2125 4185 2187 4232 ut
2211 4178 2350 4233 alter
2371 4178 2602 4234 alterius
2649 4181 2854 4235 scrinia
2893 4179 3289 4250 compilaverit.
3329 4176 3484 4244 Quod
3527 4190 3699 4246 genus

2127 4269 2292 4340 plagii
2333 4285 2364 4323 a
2420 4268 2608 4325 multis
2672 4269 2878 4326 Griecis
2925 4270 3286 4341 scriptoribus
3345 4264 3694 4323 commissum

2129 4359 2295 4415 fuisse
2323 4365 2554 4414 testatur
2578 4359 2918 4430 Porphyrius
2931 4359 3074 4428 apud
3095 4341 3632 4412 Eusebium'in-Tibro
3661 4361 3694 4399 x

2129 4451 2545 4522 Pratparationis
2567 4451 2910 4519 evangelicae.
2938 4449 3136 4501 Verum
3155 4455 3278 4498 uter
3293 4439 3586 4512 plagiarius
3602 4438 3694 4502 sit,

2128 4540 2447 4595 Socratesne
2469 4556 2540 4593 an
2567 4540 2920 4600 Sozomenus,
2945 4533 3161 4588 difﬁcile
3195 4541 3280 4588 est
3318 4531 3523 4594 dicere,
3567 4545 3693 4584 cum

2124 4629 2287 4680 ambo
2312 4628 2504 4682 iisdem
2529 4625 2869 4694 temporibus
2899 4624 3158 4688 vixerint,
3194 4624 3356 4679 ambo
3386 4622 3692 4694 principatu

2125 4716 2420 4771 Theodosii
2441 4715 2687 4771 Junioris
2712 4714 3005 4769 Historiam
3025 4730 3181 4769 suam
3203 4714 3546 4785 scripserint.
3582 4714 3694 4768 lta-

2124 4822 2230 4876 que
2256 4806 2313 4859 in
2334 4805 2498 4875 hujus
2522 4804 2840 4875 quaestionis
2870 4805 3272 4876 disceptatione
3306 4805 3572 4862 utendum
3611 4812 3698 4861 est

2123 4899 2460 4968 conjectura.
2487 4898 2577 4953 Sic
2598 4899 2934 4970 Porphyrius
2956 4898 3167 4953 inlihro
3186 4915 3355 4970 supra
3371 4906 3694 4962 memorato,

2125 5003 2247 5042 cum
2263 4987 2534 5043 incertum
2551 4999 2699 5045 esset
2717 4997 2901 5044 utrum
2915 4989 3217 5062 Hyperides
3229 5007 3296 5047 ex
3310 4991 3693 5054 Demosthene,

2125 5095 2194 5132 an
2218 5080 2614 5136 Demosthenes
2637 5097 2703 5135 ex
2727 5081 2998 5152 Hyperide
3021 5082 3236 5138 furatus
3257 5091 3424 5147 esset,
3441 5093 3696 5154 propter—

2124 5185 2186 5224 ea
2214 5169 2359 5238 quod
2385 5171 2557 5225 ambo.
2578 5170 2768 5226 eodem
2795 5180 3040 5242 tempore
3077 5173 3360 5239 vixissent,
3386 5175 3697 5244 conjectura

2130 5259 2392 5314 utendum
2419 5275 2540 5316 esse
2563 5261 2957 5331 pronuntiavit.
2986 5263 3281 5318 Videamus
3301 5267 3433 5335 ergo
3459 5265 3514 5318 in
3538 5278 3699 5332 quem

2128 5349 2286 5404 cadat
2324 5350 2563 5420 suspicio
2607 5351 2761 5405 furti.
2804 5353 3070 5422 Equidem
3116 5356 3198 5410 sic
3239 5356 3514 5418 existimo,
3565 5352 3702 5406 info-

2131 5439 2330 5494 riorem
2365 5441 2685 5510 plerumque
2721 5440 2890 5496 furari
2915 5458 2947 5496 a
2990 5445 3392 5512 praestantiore,
3425 5453 3481 5500 et
3511 5442 3698 5513 junio-

2131 5545 2245 5583 rem
2267 5545 2296 5584 a
2323 5532 2554 5586 seniore.
2581 5531 2746 5602 Atqui
2770 5531 3104 5589 Sozomenus
3142 5552 3265 5592 meo
3307 5535 3525 5606 quidem
3554 5532 3700 5602 judi-

2131 5620 2216 5674 cio
2256 5619 2412 5692 longe
2441 5620 2664 5679 inferior
2698 5631 2781 5679 cst
2817 5623 3082 5681 Socrate:
3129 5627 3311 5699 junior
3357 5628 3489 5682 item
3535 5636 3697 5693 quam
