4046 6204
468 278 543 335 39
1081 329 1086 334 ,
1925 265 2261 324 NUCRATIS
3666 273 3733 326 to

1111 390 1263 456 CAP.
1323 387 1410 444 lll.

474 481 744 555 Quomodo
787 484 912 555 dunt
951 480 1330 555 Constantinus
1357 496 1456 555 res
1490 478 1906 555 Christianorum
1932 499 2049 534 am-

542 554 825 625 pliﬁcaret,
852 553 1081 608 Licinius
1128 553 1240 622 ejus
1286 550 1484 621 collega
1513 551 1714 604 eosdem
1755 561 2050 622 persecutus

539 624 632 680 ait.

541 717 613 770 Et
650 712 1044 770 Constantinus
1075 711 1298 783 quidem
1332 711 1462 780 imp.
1493 708 1697 765 Christi
1732 709 2051 779 religionem

473 803 776 873 amplexus,
802 809 999 856 cuncta
1025 799 1220 870 agebat
1255 809 1511 868 tanquam
1537 797 1884 852 Christianus
1908 815 1920 850 :
1957 813 2052 852 ec-

475 895 675 950 clesias
729 901 1098 957 construens,
1148 907 1353 961 easque
1416 889 1724 960 magniﬁcis
1778 904 2053 946 exornans

474 987 750 1042 donariis:
785 985 1079 1055 gentilium
1107 990 1297 1036 autem
1333 981 1534 1050 templa
1570 979 1832 1035 claudens
1869 995 1934 1035 ac
1965 979 2052 1034 di-

475 1094 663 1144 ruens,
687 1086 743 1132 et
765 1084 975 1132 statuas
1013 1076 1071 1131 in
1100 1075 1206 1130 illis
1233 1074 1440 1144 positas
1469 1073 1776 1143 publicans.
1809 1072 2055 1128 Licinius

471 1187 606 1226 vero
646 1172 766 1241 ejus
815 1169 1044 1238 collega,
1076 1167 1360 1237 gentilium
1399 1164 1684 1219 erroribus
1721 1164 2052 1234 implicatus,

471 1259 666 1314 oderat
691 1257 1055 1313 Christianos.
1089 1255 1354 1325 Etpalam
1377 1253 1599 1324 quidem
1616 1254 2054 1323 persecutionem

471 1351 737 1406 adversus
761 1366 858 1405 eos
884 1349 1163 1405 concitare
1192 1348 1419 1402 minime
1445 1345 1704 1412 audebat,
1732 1353 1880 1400 metu
1900 1345 2054 1416 prin-

473 1443 614 1512 cipis
641 1441 1009 1499 Constantini.
1037 1440 1222 1494 Multis
1242 1446 1426 1492 tamen
1451 1439 1666 1492 occulte
1693 1437 1943 1504 struebat
1967 1437 2054 1492 in-

473 1537 662 1591 sidias.
713 1533 958 1589 Tandem
998 1545 1133 1585 vero
1191 1544 1288 1583 eos
1331 1535 1522 1599 aperto
1576 1535 1751 1582 marte
1798 1526 2057 1598 persequi

472 1641 760 1697 aggressus
783 1632 886 1679 est.
920 1624 1098 1693 Atque
1122 1621 1242 1676 haec
1273 1620 1496 1690 quidem
1525 1619 1838 1692 persecutio
1864 1619 2059 1677 localis

473 1717 595 1770 fuit.
620 1717 680 1771 In
704 1717 771 1771 iis
809 1715 958 1771 enim
983 1711 1524 1782 duntaxatgpartibus
1543 1717 1788 1783 grassata
1814 1718 1900 1766 est
1937 1726 2060 1782 quae

2773 383 3024 436 ΚΕΦΛΛ.
3059 383 3131 436 Γ.

2161 474 2292 540 Πῶς
2344 475 2802 526 Κωνστιιντιίνόυ
2871 472 2943 525 τὰ
2997 471 3368 541 Χριστιανῶν
3421 473 3734 539 αὔξοντος,

2231 546 2533 664 ἒὲξιίννιος
2579 547 2611 596 ό
2654 545 3119 612 συμϐασιλεύειν
3143 543 3305 607 αὐτῷ
3343 544 3737 613 Χριστιανοὺς

2303 631 2500 664 (amr.

2303 631 2500 667 ιωκεν.

2243 705 2403 757 Ἀλλά
2431 707 2836 769 Κωνσταντῖνος
2890 706 2987 774 μὲν
3030 706 3060 759 ό
3093 703 3344 775 βασιλεὺς
3374 704 3444 758 τὰ
3474 705 3569 758 τοῦ
3604 708 3739 778 Χρι-

2162 796 2287 849 στοῦ
2333 797 2566 868 φρονῶν,
2609 799 2787 852 πάντα
2834 796 2908 862 ὼς
2951 797 3275 868 Χριστιανὸς
3318 796 3609 868 ἔπραττεν,
3649 801 3740 852 ἀν-

2159 885 2388 956 εγείρων
2431 888 2530 952 τὰς
2567 887 2881 955 ἐκκλησίας,
2923 888 3017 940 καὶ
3045 887 3360 941 πολυτελέσι
3407 887 3583 958 τιμῶν
3609 889 3740 941 ἁνα-

2161 977 2398 1048 θήμασιν
2421 995 2435 1009 ⁸
2463 979 2544 1032 ἔτι
2569 979 2626 1032 δὲ
2654 980 2895 1042 καὶτοὺς
2934 978 3202 1050 Ἑλλήνων
3229 979 3392 1043 ναοὺς
3426 979 3622 1032 κλείων
3650 975 3743 1032 καὶ

2160 1066 2460 1139 καθαιρῶν,
2503 1068 2597 1122 καὶ
2625 1068 2962 1139 δημοσιεύων
2993 1069 3061 1123 τὰ
3093 1071 3150 1122 ἐν
3194 1069 3380 1132 αὐτοῖς
3421 1067 3738 1138 ἀγάλματα.

2159 1159 2432 1223 Λικίννιος
2473 1159 2531 1213 δὲ
2574 1160 2604 1212 ὁ
2645 1159 3061 1231 συμϐασιλεύων
3103 1159 3274 1232 αὐτῷ,
3320 1161 3418 1224 τὰς
3456 1159 3746 1230 suum;

2161 1248 2301 1320 ἔχων
2340 1248 2516 1316 δόξας,
2568 1250 2750 1320 ἐμίσει
2794 1250 3172 1322 Χριστιανούς.
3205 1252 3313 1304 Καὶ
3355 1248 3596 1322 διωγμὸν
3645 1251 3745 1321 μὲν

2162 1344 2436 1415 προφανῆ,
2467 1343 2618 1414 φόϐῳ
2653 1343 2748 1396 τοῦ
2785 1343 3052 1414 βασιλέως
3090 1340 3524 1406 Κωνσταντίνου,
3571 1342 3746 1395 κινεῖν

2163 1435 2544 1492 ὑπεστέλλετο.
2596 1436 2912 1508 Δεληθότως
2972 1434 3030 1489 δέ
3078 1435 3306 1498 πολλοὺς
3361 1437 3744 1506 ἐσκευωρεῖτο.

2162 1529 2376 1600 Προϊὼν
2400 1528 2477 1597 δέ,
2503 1529 2600 1582 καὶ
2637 1529 2887 1600 φανερῶς
2917 1529 3116 1590 αὐτοὺς
3159 1526 3418 1598 βλάπτειν
3445 1527 3744 1598 ἐπεχείρει.

2163 1621 2273 1674 Ka‘t
2316 1621 2425 1693 γὰρ
2471 1615 2626 1686 οὗτος
2677 1623 2705 1675 ὁ
2736 1619 2976 1692 διωγμὸς
3025 1621 3268 1686 τοπικός.
3305 1619 3473 1674 Ἔνθα
3525 1621 3634 1692 γὰρ
3673 1616 3748 1690 ἦν

2163 1711 2457 1778 Λικίννιος,
2492 1713 2610 1766 ἐκεῖ
2638 1711 2798 1784 μόνον
2825 1710 3056 1781 ἐγένετο.
3097 1712 3250 1766 Ἐπεὶ
3279 1711 3336 1765 δὲ
3368 1711 3542 1765 ταῦτά
3565 1722 3625 1764 τε
3650 1711 3748 1764 καὶ

472 1809 579 1865 sub
632 1809 844 1863 ditione
887 1814 1050 1862 erant
1097 1804 1318 1861 Licinii.
1365 1804 1493 1860 Haec
1529 1811 1587 1859 et
1626 1803 1898 1875 ejusmodi
1951 1804 2059 1861 alia

2167 1803 2300 1859 ἄλλα
2363 1801 2704 1878 τυραννικῶς
2768 1802 2957 1871 ποιῶν,
3019 1803 3274 1876 οὐδαμῶς
3337 1803 3749 1858 Κωνσταντῖνον

473 1901 762 1974 tyrannice
785 1914 985 1971 gerens
1015 1897 1285 1961 Licinius,
1310 1894 1733 1963 Constantinum
1769 1894 2060 1967 haudqua-

473 2006 640 2063 quam
668 1991 847 2046 latuit.
872 1988 1045 2057 Quem
1076 2002 1203 2043 cum
1227 1986 1436 2043 idcirco
1461 1985 1780 2058 gravissime
1812 2001 2059 2042 commo-

473 2093 592 2139 tum
625 2098 747 2139 esse
772 2082 1123 2152 intelligeret,
1146 2093 1380 2151 purgare
1418 2093 1479 2134 se
1509 2077 1654 2149 apud
1693 2077 1848 2133 illum
1894 2077 2059 2134 insti-

474 2175 602 2230 tuit.
639 2175 708 2229 Et
728 2173 948 2229 blandis
981 2169 1454 2228 assentationibus
1486 2184 1614 2225 eum
1648 2167 1952 2237 deliniens,
1986 2171 2067 2226 si-

471 2267 698 2322 mulatae
729 2263 987 2320 amicitiae
1014 2279 1142 2319 cum
1177 2277 1245 2318 eo
1279 2260 1460 2316 fmdus
1494 2261 1723 2332 pepigit,
1763 2260 2066 2318 identidem

471 2361 666 2433 jurans
708 2374 767 2414 se
801 2357 942 2412 nihil
970 2371 1214 2426 unquam
1250 2353 1538 2427 tyrannica
1581 2353 1924 2410 moliturum.
1959 2353 2069 2410 Sed

471 2453 806 2528 iuramentis
843 2451 1200 2522 conjunctum
1245 2457 1369 2504 erat
1405 2446 1733 2520 perjurium.
1773 2447 2068 2520 Nunquam

473 2545 627 2601 enim
664 2559 770 2600 nec
799 2558 831 2598 a
860 2541 1164 2615 tyrannicis
1200 2541 1470 2596 adversus
1501 2539 1925 2596 Constantinum
1948 2555 2069 2595 ma-

475 2635 922 2699 chinationibus,
965 2647 1071 2688 nec
1107 2648 1140 2687 a
1187 2631 1576 2702 persecutione
1624 2629 2069 2687 Christianorum

476 2726 763 2782 abstinuit.
786 2723 1000 2794 Quippe
1029 2722 1149 2794 lege
1181 2722 1292 2777 lata
1314 2762 1329 2787 ,
1369 2722 1658 2794 episcopos
1690 2718 1760 2776 ad
1782 2721 2069 2793 gentilium

474 2815 622 2871 aedes
649 2814 826 2870 vetuit
850 2812 1138 2879 accedere,
1166 2828 1237 2867 ne
1264 2810 1479 2866 scilicet
1508 2810 1954 2866 Christianorum
1977 2825 2070 2866 re-

473 2905 610 2979 ligio
631 2904 950 2978 huiusmodi
983 2904 1216 2958 obtentu
1234 2908 1654 2973 propagaretur.
1689 2897 1931 2970 Eratque
1955 2900 2072 2956 hinc

2165 1894 2477 1951 ἐλάνθανεν.
2511 1897 2694 1965 Ἔγνω
2719 1909 2777 1950 τε
2809 1895 2905 1951 ἐπὶ
2929 1894 3141 1960 τούτοις
3163 1894 3580 1967 χαλεπαίνοντα,
3609 1895 3749 1965 πρὸς

2165 1984 2466 2057 ἀπολογίαν
2497 1987 2779 2059 ἐτρέπετο.
2815 1989 2926 2042 Καὶ
2955 1987 3274 2060 θεραπεύων
3297 1987 3479 2055 αὑτὸν,
3502 1987 3751 2060 πλαστὴν

2166 2080 2349 2152 φιλίαν
2382 2080 2690 2147 ἐσπένδετο,
2724 2079 2954 2145 πολλοὺς
2995 2081 3193 2154 ὅρκους
3223 2083 3413 2152 ὀμνὺς,
3450 2081 3616 2152 μηδὲν
3650 2097 3750 2133 τυ-

2169 2170 2423 2243 ραννικὸν
2483 2172 2775 2244 φρονήσειν
2837 2171 3001 2226 ποτέο
3061 2171 3182 2243 ἅμα
3247 2186 3344 2225 τεΔ
3387 2173 3582 2244 ὀμνὺς.
3651 2172 3749 2226 καὶ

2165 2262 2460 2333 ἐπιορκῶν.
2493 2263 2569 2315 Ού
2593 2261 2702 2335 γὰρ
2737 2260 3045 2332 μετετίθετο
3076 2261 3172 2316 τοῦ
3222 2264 3438 2334 φρονεῖν
3474 2280 3532 2316 τε
3561 2261 3631 2317 τὰ
3657 2280 3751 2316 τυ-

2171 2351 2424 2426 ραννικὰ,
2444 2351 2540 2409 καὶ
2566 2353 2710 2408 κατά
2729 2354 3071 2424 Χριστιανῶν
3093 2358 3264 2410 κινεῖν
3289 2355 3550 2427 διωγμόν,
3578 2355 3750 2427 Νόμῳ

2166 2445 2278 2518 γὰρ
2309 2444 2582 2511 ἐκέλευσε,
2608 2446 2736 2511 τοὺς
2767 2448 3099 2512 ἐπισκόπους
3130 2448 3206 2519 μὴ
3237 2450 3426 2520 φοιτᾷν
3455 2449 3586 2520 παρ’
3620 2448 3752 2502 Ἕλο

2167 2538 2345 2610 λησιν,
2380 2539 2456 2602 ὡς
2482 2539 2550 2594 ἂν
2574 2539 2649 2610 μὴ
2676 2537 2792 2608 ἔχοι
2821 2539 3092 2609 πρόφασιν
3121 2539 3380 2605 αῠξεσθαι
3407 2543 3475 2596 τὰ
3490 2543 3752 2615 Χριστιαο

2169 2619 2296 2681 νῶν.
2324 2621 2434 2680 Ἦν
2461 2627 2518 2680 δὲ
2561 2628 2590 2680 ὁ
2617 2626 2854 2698 διωγμὸς
2889 2627 3286 2701 θρυλλούμενος
3334 2631 3394 2684 ἐν
3429 2632 3610 2704 ταύτῷ
3654 2633 3750 2688 καὶ

2170 2719 2501 2792 ἀπόρρητος.
2549 2717 2880 2791 Ἐκρύπτετό
2925 2738 2986 2774 τε
3029 2720 3107 2792 τῷ
3151 2721 3314 2792 λόγῳ,
3367 2722 3461 2776 καὶ
3492 2722 3640 2795 ἔργῳ
3681 2720 3750 2796 ἦν

2173 2809 2427 2881 φανερός.
2498 2810 2799 2880 Ἀνήκεστα
2853 2809 2961 2882 γὰρ
2985 2807 3032 2863 οἱ
3085 2809 3424 2881 διωκόμενοι,
3469 2810 3550 2874 είς
3583 2826 3644 2862 τε
3683 2808 3746 2865 τὸ

2174 2897 2355 2972 σῶμα,
2382 2900 2477 2954 καὶ
2501 2901 2580 2965 είς
2603 2898 2672 2954 τὰ
2701 2901 2958 2973 χρήματα
2988 2901 3243 2973 ἔπασχον.

475 2997 790 3070 persecutio
814 3000 1006 3065 aperta
1031 2991 1194 3047 simul
1219 2999 1276 3048 et
1300 2991 1536 3047 occulta.
1564 2988 1704 3044 Nam
1725 2989 1914 3045 verbis
1937 2988 2161 3060 quidem
2203 2990 2659 3048 dissimulabatur
2686 3009 2701 3048 :
2748 2994 2930 3066 reipsa
2961 3010 3091 3052 vero
3123 3002 3244 3050 erat
3279 2991 3745 3051 manifestissima.

474 3086 520 3141 li
542 3085 694 3141 enim
721 3085 818 3156 qui
848 3079 1224 3154 persecutioni
1261 3077 1643 3152 subjacebant,
1683 3077 2056 3135 intolerabilia
2094 3083 2237 3138 mala
2276 3090 2393 3138 tum
2424 3084 2484 3140 in
2515 3081 2699 3152 bonis,
2731 3093 2850 3143 tum
2885 3088 2942 3144 in
2977 3087 3300 3161 corporibus
3333 3089 3448 3145 suis
3465 3089 3747 3161 perpetie-

477 3176 702 3233 bantur.

1132 3274 1286 3332 CAP.
1345 3275 1437 3334 IV.

552 3360 800 3430 Qualiter
836 3363 978 3421 inter
1019 3363 1430 3424 Constantinum
1485 3377 1536 3424 et
1575 3367 1836 3424 Licinium
1872 3363 2068 3422 bellum

792 3446 1008 3508 prapter
1033 3436 1363 3494 Christianos
1387 3448 1631 3494 exortum
1659 3448 1758 3493 est.

553 3526 664 3584 Has
690 3527 763 3583 ob
792 3543 1011 3596 causas,
1034 3529 1431 3588 Constantinus
1461 3531 1593 3603 imp.
1631 3531 1896 3588 adversus
1917 3527 2069 3586 Lici-

479 3617 635 3673 nium
683 3619 1008 3690 gravissima
1068 3621 1447 3695 indignatione
1497 3623 1732 3678 exarsit:
1794 3629 2069 3693 ruptoque

481 3709 752 3766 simulatae
779 3711 1035 3768 amicitia:
1071 3711 1304 3780 foedere,
1338 3713 1526 3768 hostes
1564 3713 1672 3768 sibi
1703 3720 1897 3768 mutuo
1939 3711 2070 3767 facti

481 3808 630 3858 sunt.
655 3802 769 3858 Nec
792 3803 956 3874 longo
975 3812 1100 3873 post
1120 3811 1366 3874 tempore
1389 3805 1536 3860 bello
1558 3819 1617 3860 se
1641 3804 1878 3861 invicem
1899 3818 2070 3875 appe-

485 3892 715 3948 tierunt.
754 3893 1048 3965 Multisque
1072 3895 1277 3966 praeliis
1301 3903 1449 3951 terra
1487 3895 1736 3965 marique
1775 3893 2068 3959 consertis,

484 3981 710 4038 tandem
755 3983 825 4038 ad
852 3983 1236 4056 Chrysopolim
1262 3986 1530 4057 Bithyniae
1549 4026 1564 4050 ,
1589 3985 1738 4056 quod
1772 3984 1966 4040 navale
1985 3992 2072 4040 est

483 4075 1038 4143 Chalcedonensium,
1064 4077 1316 4134 devictus
1338 4077 1606 4142 Licinius,
1625 4077 1989 4133 Constantino
2012 4095 2072 4136 se

485 4165 716 4221 dedidit.
750 4167 922 4220 Porro
956 4165 1355 4222 Constantinus
1403 4173 1624 4236 captum
1670 4167 1927 4221 tractavit
1964 4167 2072 4222 hu-

485 4257 836 4312 manissime:
867 4273 971 4314 nec
1002 4258 1114 4313 ullo
1144 4257 1405 4314 allectum
1446 4258 1718 4328 supplicio
1737 4298 1752 4322 ,
1775 4256 2071 4314 Thessalo-

485 4350 626 4406 nicae
653 4350 839 4420 quiete
888 4357 945 4406 et
983 4357 1178 4421 pacate
1221 4349 1279 4420 9
1321 4349 1521 4421 degere
1553 4349 1830 4420 praecepit.
1871 4347 1941 4405 At
1981 4350 2071 4405 ille

2789 3273 3048 3333 ΚΕΦΑΛ.
3075 3279 3151 3334 Δ¹.

2169 3367 2301 3425 Ὅτι
2321 3369 2580 3441 πόλεμος
2597 3369 2826 3441 μεταξὺ
2844 3373 3308 3429 Κωνσταντίνου
3323 3373 3422 3429 καί
3446 3374 3755 3432 ΔικιννΙσυ

2557 3440 2658 3494 διὰ
2679 3441 3076 3510 Χριστιανοὺς
3099 3442 3362 3512 ἐγένετο.

2249 3528 2347 3586 Ἐκ
2367 3531 2424 3587 δὲ
2451 3532 2668 3599 τούτου,
2695 3533 2834 3603 πρὸς
2862 3533 3161 3604 ἀπέχθειαν
3187 3537 3453 3609 μεγίστην
3473 3535 3565 3592 τὸν
3596 3537 3754 3610 βασι-

2169 3622 2268 3678 λέα
2294 3625 2704 3679 Κωνσταντῖνον
2732 3623 3002 3695 ἐκίνησεν.
3032 3621 3214 3681 Ἦσάν
3239 3644 3300 3680 τε
3343 3627 3612 3701 πολέμιοι,
3642 3631 3755 3684 δια-

2169 3713 2432 3786 κοπείσης
2483 3715 2668 3779 αὐτοῖς
2716 3715 2818 3787 τῆς
2878 3714 3215 3771 ἐπιπλάστου
3264 3717 3463 3788 φιλίας.
3517 3719 3631 3774 Ούκ
3672 3720 3757 3784 είς

2175 3807 2394 3877 μακράν
2432 3822 2492 3859 τε
2543 3808 2626 3870 είς
2678 3805 2739 3860 τὺ
2790 3806 3050 3877 πολεμεῖν
3100 3807 3259 3879 ἁλλή’·
3315 3827 3364 3874 λς
3409 3811 3753 3883 ἐτράπησαν.

2171 3899 2284 3952 Καὶ
2317 3896 2528 3953 πολλῶν
2559 3898 2866 3970 γενομένων
2910 3898 3198 3970 συμϐολῶν
3223 3903 3317 3954 καὶ
3351 3902 3494 3956 κατὰ
3525 3903 3627 3975 γῆν
3657 3903 3756 3958 καὶ

2171 3989 2316 4045 κατὰ
2340 3989 2628 4057 θάλατταν,
2659 3990 2812 4054 τέλος
2831 3990 2968 4063 πρὸς
2986 3992 3325 4063 Χρυσόπολιν
3347 3994 3448 4064 τῆς
3477 3995 3750 4061 Βιθυνίας,

2172 4077 2407 4132 ἐπίνειον
2449 4078 2507 4130 δὲ
2552 4077 2707 4132 τοῦτο
2757 4079 2856 4150 τῆς
2895 4080 3238 4152 Χαλκηδόνος
3289 4084 3459 4147 ἐστὶν,
3499 4071 3754 4156 ἠττήθεὶς

2172 4167 2432 4234 ἐξέδωκεν
2456 4170 2665 4224 ἑαυτόν.
2696 4170 2883 4225 Ζῶντα
2903 4166 2995 4225 οὖν
3016 4171 3294 4227 συλλαϐὼν
3318 4175 3750 4247 φιλανθρωπεύε-

2172 4277 2298 4314 ται’
2335 4262 2431 4314 καὶ
2459 4260 2658 4316 κτείνει
2709 4262 2807 4332 μὲν
2849 4263 3124 4334 οὐδαμῶς,
3165 4267 3334 4320 οίκεῖν
3379 4267 3436 4320 δὲ
3477 4269 3578 4340 τὴν
3613 4269 3750 4319 Θεσ-

2176 4352 2463 4424 σαλονίκην
2488 4353 2820 4424 προσέταξεν
2843 4355 3202 4427 ἡσυχάζοντα.
3242 4358 3304 4414 Ὀ
3323 4359 3378 4412 δὲ
3407 4359 3539 4428 πρὸς
3570 4357 3746 4422 ὀλίγον

487 4455 613 4496 cum
654 4439 1054 4509 aliquantisper
1088 4439 1414 4509 quievisset,
1447 4439 1694 4495 collectis
1729 4447 1917 4510 postea
1944 4443 2070 4511 qui-

486 4531 718 4586 busdam
741 4528 1015 4593 barbaris,
1041 4528 1253 4583 cladem
1293 4544 1446 4583 suam
1481 4529 1750 4584 resarcire
1781 4546 1844 4585 ac
1867 4530 2069 4585 bellum

2173 4443 2477 4512 ἠσυχάσας,
2537 4442 2763 4515 ὕστερον
2831 4445 3139 4516 βαρϐάρους
3195 4447 3347 4507 τινὰς
3403 4444 3744 4512 συναγαγὼν,

2174 4533 2624 4604 ἀναμαχέσασθαι
2658 4534 2756 4606 τὴν
2791 4529 2961 4605 ἧτταν
3001 4534 3347 4598 ἐσπούδαζεν.
3379 4534 3547 4588 Τοῦτο
3591 4538 3750 4602 γνοὺς

375 4615 378 4618 ’
488 4637 744 4693 reparare
781 4629 1013 4677 conatus
1036 4630 1140 4676 est.
1173 4621 1292 4687 Quo
1335 4630 1638 4691 comperto,
1675 4620 2063 4679 Constantinus

2173 4627 2201 4677 ὁ
2236 4625 2507 4694 βασιλεὺς,
2560 4625 2912 4695 ἀναιρεθῆναι
2963 4625 3123 4679 αὐτὸν
3167 4625 3484 4697 προσέταξε.
3516 4625 3625 4679 Καὶ
3655 4644 3750 4680 κε-

487 4731 612 4769 cum
648 4714 836 4769 necari
873 4713 1193 4768 mandavit:
1233 4713 1462 4783 ejusque
1490 4714 1644 4783 jussu
1695 4712 1942 4768 Licinius
1983 4721 2063 4768 est

2176 4716 2463 4779 λεύσαντος
2490 4715 2653 4769 αὑτοῦ
2677 4715 2936 4786 ἀνῃρέθη.
2966 4717 3371 4780 Κωνσταντῖνος
3399 4718 3576 4769 τοίνυν
3618 4719 3753 4771 πάνυ

487 4802 722 4856 occisus.
749 4803 826 4857 ιω
849 4802 1244 4857 Constantinus
1267 4803 1435 4856 totius
1456 4802 1608 4856 orbis
1635 4803 1865 4857 Romani
1892 4804 2063 4874 impc—

2175 4826 2282 4862 των
2303 4809 2590 4877 γενόμενος
2609 4806 2900 4878 ἐγκρατὴς,
2919 4807 3276 4878 αὐτοκράτωρ
3291 4825 3346 4860 τε
3369 4809 3623 4878 βασιλεὺς
3637 4819 3655 4880 (
3669 4813 3681 4861 1
3695 4810 3752 4877 4)

490 4894 631 4948 rium
671 4893 922 4964 adeptus,
947 4904 1004 4948 et
1042 4895 1172 4965 imp.
1217 4903 1381 4964 atque
1419 4893 1698 4964 Augustus
1740 4900 2063 4968 appellatus,

2175 4897 2528 4968 ἀναδειχθεὶς,
2556 4898 2623 4952 τὰ
2650 4898 2989 4969 Χριστιανῶν
3012 4894 3168 4962 αὖθις
3191 4899 3374 4963 αὔξειν
3402 4897 3749 4963 ἐσπούδαζεν.

490 4984 673 5039 denuo
704 4985 771 5038 ad
798 5000 887 5040 res
911 4985 1352 5041 Christianorum
1389 4984 1797 5053 ampliﬁcandas
1825 4991 2063 5044 studium

2190 4989 2392 5042 Ἐποίει
2421 5006 2479 5041 τε
2509 4988 2666 5042 τοῦτο
2701 4989 2970 5060 διαφόρως
2997 5006 3009 5020 ·
3044 4990 3139 5043 xal.
3166 4987 3232 5061 ἦν
3263 4993 3320 5043 ἐν
3346 4992 3537 5064 βαθείᾳ
3563 4993 3755 5064 εἰρήνῃ

492 5091 652 5131 suum
696 5077 949 5132 contulit.
993 5076 1149 5143 Quod
1195 5077 1419 5146 quidem
1454 5078 1625 5132 variis
1651 5080 1830 5135 modis
1868 5081 1937 5136 ab
1978 5081 2063 5135 illo

2178 5079 2245 5132 τὰ
2287 5078 2376 5130 τοῦ
2419 5077 2849 5148 Χριστιανισμοῦ
2901 5078 2970 5132 δι’
3001 5079 3184 5133 αὐτόν.
3238 5080 3398 5135 Ἀλλὰ
3433 5082 3495 5151 δὴ
3527 5083 3625 5152 τὴν
3653 5100 3752 5152 τη-

492 5175 577 5224 est
598 5168 902 5238 praestitum
923 5187 935 5222 :
959 5169 1097 5224 adeo
1123 5177 1184 5223 ut
1212 5169 1331 5240 ejus
1348 5185 1515 5240 opera
1531 5186 1618 5225 res
1634 5169 2063 5226 Christianorum

2179 5170 2440 5239 λικαύτην
2465 5170 2690 5240 εἰρήνην
2725 5170 2984 5240 ἐμφύλιος
3005 5170 3112 5224 τῶν
3145 5172 3490 5242 Χριστιανῶν
3522 5174 3752 5243 πόλεμος

1697 5306 1781 5362 VA
1793 5306 1971 5362 LESll
2007 5305 2451 5364 ANNOTATION
2459 5304 2563 5360 ES.

570 5423 682 5504 (lg)
708 5421 1109 5504 Αὐτοκράτωρ,
1136 5421 1234 5476 καί
1260 5422 1579 5504 gae},wa
1605 5423 1664 5478 ln
1692 5425 1878 5480 codice
1905 5425 2063 5504 [tegit

2179 5425 2512 5504 phorsonus,
2538 5405 2726 5504 regem
2794 5424 3004 5504 Alludit
3029 5425 3497 5504 autemSocrates
3520 5425 3587 5480 ad
3616 5423 3754 5504 mili-

497 5503 557 5566 et
584 5493 919 5566 Flerentino
963 5494 1432 5566 deesthparticula
1472 5496 1584 5566 καὶ,
1610 5510 1772 5566 quam
1799 5493 2076 5564 supplevit
2179 5493 2292 5566 tum
2338 5493 2781 5560 acclamationes,
2822 5497 2917 5564 qui
2960 5504 3084 5565 post
3131 5496 3402 5566 insignem
3446 5495 3750 5566 victoriam,

499 5563 1044 5639 Christophprsonus.
1090 5562 1221 5617 Mihi
1269 5578 1382 5639 non
1424 5562 1716 5639 admodum
1760 5562 2070 5639 necessaria
2176 5565 2477 5639 principem
2511 5579 2672 5618 suum
2717 5562 3108 5639 imperatorem
3143 5576 3200 5622 et
3229 5562 3531 5639 Augustum
3564 5563 3752 5639 appel-

497 5633 736 5708 videtur]
763 5634 917 5701 Quod
945 5635 990 5688 si
1027 5633 1418 5708 eamAretinere
1443 5634 1800 5708 voluerimus,
1829 5645 1943 5708 tum
1970 5635 2068 5703 βα-
2171 5633 2285 5686 lare
2310 5645 2729 5708 consueverant.
2758 5633 2904 5691 Idem
2930 5637 3206 5692 faciebant
3229 5633 3398 5707 civés,
3436 5652 3558 5693 cum
3599 5633 3756 5708 prin-

504 5701 1006 5776 otitahaAugustum
1031 5702 1376 5776 signiﬁcabit,
1401 5719 1512 5762 non
1550 5715 1608 5760 ut
1631 5707 1796 5761 vertit
1817 5701 2064 5762 Christo-
2171 5717 2297 5773 ceps
2321 5703 2496 5758 victor
2522 5705 2578 5761 in
2618 5707 2811 5764 urbem
2839 5709 3114 5766 introiret.
